PokerStars Hand #254721997610:  Hold'em No Limit ($0.50/$1.00 USD) - 2025/02/05 18:33:52 WET [2025/02/05 13:33:52 ET]
Table 'Ilsebill II' 6-max Seat #2 is the button
Seat 1: Fusto2861 ($41.20 in chips) 
Seat 2: KarP93 ($100 in chips) 
KarP93: posts small blind $0.50
Fusto2861: posts big blind $1
*** HOLE CARDS ***
KarP93: folds 
Uncalled bet ($0.50) returned to Fusto2861
Fusto2861 collected $1 from pot
z00mba joins the table at seat #3 
*** SUMMARY ***
Total pot $1 | Rake $0 
Seat 1: Fusto2861 (big blind) collected ($1)
Seat 2: KarP93 (button) (small blind) folded before Flop



PokerStars Hand #254721999530:  Hold'em No Limit ($0.50/$1.00 USD) - 2025/02/05 18:33:59 WET [2025/02/05 13:33:59 ET]
Table 'Ilsebill II' 6-max Seat #1 is the button
Seat 3: z00mba ($100 in chips) is sitting out
Seat 1: Fusto2861 ($41.70 in chips) 
Seat 2: KarP93 ($100 in chips) 
paramourx joins the table at seat #4 
Fusto2861: posts small blind $0.50
KarP93: posts big blind $1
*** HOLE CARDS ***
Fusto2861: folds 
Uncalled bet ($0.50) returned to KarP93
KarP93 collected $1 from pot
KarP93: doesn't show hand 
*** SUMMARY ***
Total pot $1 | Rake $0 
Seat 3: z00mba
Seat 1: Fusto2861 (button) (small blind) folded before Flop
Seat 2: KarP93 (big blind) collected ($1)



PokerStars Hand #254722001335:  Hold'em No Limit ($0.50/$1.00 USD) - 2025/02/05 18:34:06 WET [2025/02/05 13:34:06 ET]
Table 'Ilsebill II' 6-max Seat #1 is the button
Seat 4: paramourx ($100 in chips) is sitting out
Seat 1: Fusto2861 ($41.20 in chips) 
Seat 2: KarP93 ($100.50 in chips) 
Seat 3: z00mba ($100 in chips) 
KarP93: posts small blind $0.50
z00mba: posts big blind $1
paramourx: sits out 
*** HOLE CARDS ***
Fusto2861: folds 
KarP93: folds 
Uncalled bet ($0.50) returned to z00mba
z00mba collected $1 from pot
z00mba: doesn't show hand 
Tieschum joins the table at seat #5 
*** SUMMARY ***
Total pot $1 | Rake $0 
Seat 4: paramourx
Seat 1: Fusto2861 (button) folded before Flop (didn't bet)
Seat 2: KarP93 (small blind) folded before Flop
Seat 3: z00mba (big blind) collected ($1)



PokerStars Hand #254722005019:  Hold'em No Limit ($0.50/$1.00 USD) - 2025/02/05 18:34:19 WET [2025/02/05 13:34:19 ET]
Table 'Ilsebill II' 6-max Seat #2 is the button
Seat 5: Tieschum ($40 in chips) is sitting out
Seat 1: Fusto2861 ($41.20 in chips) 
Seat 2: KarP93 ($100 in chips) 
Seat 3: z00mba ($100.50 in chips) 
Seat 4: paramourx ($100 in chips) 
z00mba: posts small blind $0.50
paramourx: posts big blind $1
Tieschum: sits out 
*** HOLE CARDS ***
Fusto2861: raises $2.50 to $3.50
KarP93: folds 
z00mba: folds 
paramourx: folds 
Uncalled bet ($2.50) returned to Fusto2861
Fusto2861 collected $2.50 from pot
*** SUMMARY ***
Total pot $2.50 | Rake $0 
Seat 5: Tieschum
Seat 1: Fusto2861 collected ($2.50)
Seat 2: KarP93 (button) folded before Flop (didn't bet)
Seat 3: z00mba (small blind) folded before Flop
Seat 4: paramourx (big blind) folded before Flop



PokerStars Hand #254722010162:  Hold'em No Limit ($0.50/$1.00 USD) - 2025/02/05 18:34:37 WET [2025/02/05 13:34:37 ET]
Table 'Ilsebill II' 6-max Seat #3 is the button
Seat 1: Fusto2861 ($42.70 in chips) 
Seat 2: KarP93 ($100 in chips) 
Seat 3: z00mba ($100 in chips) 
Seat 4: paramourx ($100 in chips) 
Seat 5: Tieschum ($40 in chips) 
paramourx: posts small blind $0.50
Tieschum: posts big blind $1
*** HOLE CARDS ***
Fusto2861: folds 
KarP93: folds 
z00mba: folds 
paramourx: raises $2 to $3
Tieschum: calls $2
*** FLOP *** [2s 8c 7d]
Rdalonso joins the table at seat #6 
paramourx: bets $2.85
Tieschum: calls $2.85
*** TURN *** [2s 8c 7d] [Jh]
paramourx: checks 
Tieschum: bets $6.50
paramourx: folds 
Uncalled bet ($6.50) returned to Tieschum
Tieschum collected $11.12 from pot
Tieschum: doesn't show hand 
*** SUMMARY ***
Total pot $11.70 | Rake $0.58 
Board [2s 8c 7d Jh]
Seat 1: Fusto2861 folded before Flop (didn't bet)
Seat 2: KarP93 folded before Flop (didn't bet)
Seat 3: z00mba (button) folded before Flop (didn't bet)
Seat 4: paramourx (small blind) folded on the Turn
Seat 5: Tieschum (big blind) collected ($11.12)



PokerStars Hand #254722021522:  Hold'em No Limit ($0.50/$1.00 USD) - 2025/02/05 18:35:18 WET [2025/02/05 13:35:18 ET]
Table 'Ilsebill II' 6-max Seat #4 is the button
Seat 1: Fusto2861 ($42.70 in chips) 
Seat 2: KarP93 ($100 in chips) 
Seat 3: z00mba ($100 in chips) 
Seat 4: paramourx ($100 in chips) 
Seat 5: Tieschum ($45.27 in chips) 
Seat 6: Rdalonso ($100 in chips) 
Tieschum: posts small blind $0.50
Rdalonso: posts big blind $1
*** HOLE CARDS ***
Fusto2861: folds 
KarP93: folds 
z00mba: raises $1.50 to $2.50
paramourx: folds 
Tieschum: calls $2
Rdalonso: folds 
*** FLOP *** [7c 9d Tc]
Tieschum: checks 
z00mba: bets $3
Tieschum: calls $3
*** TURN *** [7c 9d Tc] [Qh]
Tieschum: checks 
z00mba: checks 
*** RIVER *** [7c 9d Tc Qh] [4c]
Tieschum: bets $3.99
z00mba: folds 
Uncalled bet ($3.99) returned to Tieschum
Tieschum collected $11.40 from pot
Tieschum: doesn't show hand 
*** SUMMARY ***
Total pot $12 | Rake $0.60 
Board [7c 9d Tc Qh 4c]
Seat 1: Fusto2861 folded before Flop (didn't bet)
Seat 2: KarP93 folded before Flop (didn't bet)
Seat 3: z00mba folded on the River
Seat 4: paramourx (button) folded before Flop (didn't bet)
Seat 5: Tieschum (small blind) collected ($11.40)
Seat 6: Rdalonso (big blind) folded before Flop



PokerStars Hand #254722035142:  Hold'em No Limit ($0.50/$1.00 USD) - 2025/02/05 18:36:06 WET [2025/02/05 13:36:06 ET]
Table 'Ilsebill II' 6-max Seat #5 is the button
Seat 1: Fusto2861 ($42.70 in chips) 
Seat 2: KarP93 ($100 in chips) 
Seat 3: z00mba ($100 in chips) 
Seat 4: paramourx ($100 in chips) 
Seat 5: Tieschum ($51.17 in chips) 
Seat 6: Rdalonso ($100 in chips) 
Rdalonso: posts small blind $0.50
Fusto2861: posts big blind $1
*** HOLE CARDS ***
KarP93: folds 
z00mba: folds 
paramourx: folds 
Tieschum: raises $1.50 to $2.50
Rdalonso: folds 
Fusto2861: calls $1.50
*** FLOP *** [7s 8c Th]
Fusto2861: checks 
Tieschum: checks 
*** TURN *** [7s 8c Th] [3c]
Fusto2861: bets $5.22
Tieschum: folds 
Uncalled bet ($5.22) returned to Fusto2861
Fusto2861 collected $5.22 from pot
*** SUMMARY ***
Total pot $5.50 | Rake $0.28 
Board [7s 8c Th 3c]
Seat 1: Fusto2861 (big blind) collected ($5.22)
Seat 2: KarP93 folded before Flop (didn't bet)
Seat 3: z00mba folded before Flop (didn't bet)
Seat 4: paramourx folded before Flop (didn't bet)
Seat 5: Tieschum (button) folded on the Turn
Seat 6: Rdalonso (small blind) folded before Flop



PokerStars Hand #254722042740:  Hold'em No Limit ($0.50/$1.00 USD) - 2025/02/05 18:36:33 WET [2025/02/05 13:36:33 ET]
Table 'Ilsebill II' 6-max Seat #6 is the button
Seat 2: KarP93 ($100 in chips) is sitting out
Seat 1: Fusto2861 ($45.42 in chips) 
Seat 3: z00mba ($100 in chips) 
Seat 4: paramourx ($100 in chips) 
Seat 5: Tieschum ($48.67 in chips) 
Seat 6: Rdalonso ($100 in chips) 
Fusto2861: posts small blind $0.50
KarP93: is sitting out 
z00mba: posts big blind $1
*** HOLE CARDS ***
KarP93 leaves the table
paramourx: folds 
Tieschum: raises $1.50 to $2.50
Rdalonso: folds 
Fusto2861: folds 
z00mba: calls $1.50
*** FLOP *** [6c 9h 8h]
z00mba: checks 
michasia joins the table at seat #2 
Tieschum: checks 
*** TURN *** [6c 9h 8h] [7s]
z00mba: bets $2.56
Tieschum: calls $2.56
*** RIVER *** [6c 9h 8h 7s] [Qc]
z00mba: checks 
Tieschum: bets $5.05
z00mba: folds 
Uncalled bet ($5.05) returned to Tieschum
Tieschum collected $10.09 from pot
Tieschum: doesn't show hand 
*** SUMMARY ***
Total pot $10.62 | Rake $0.53 
Board [6c 9h 8h 7s Qc]
Seat 2: KarP93
Seat 1: Fusto2861 (small blind) folded before Flop
Seat 3: z00mba (big blind) folded on the River
Seat 4: paramourx folded before Flop (didn't bet)
Seat 5: Tieschum collected ($10.09)
Seat 6: Rdalonso (button) folded before Flop (didn't bet)



PokerStars Hand #254722053212:  Hold'em No Limit ($0.50/$1.00 USD) - 2025/02/05 18:37:10 WET [2025/02/05 13:37:10 ET]
Table 'Ilsebill II' 6-max Seat #1 is the button
Seat 2: michasia ($100 in chips) is sitting out
Seat 1: Fusto2861 ($44.92 in chips) 
Seat 3: z00mba ($100 in chips) 
Seat 4: paramourx ($100 in chips) 
Seat 5: Tieschum ($53.70 in chips) 
Seat 6: Rdalonso ($100 in chips) 
z00mba: posts small blind $0.50
paramourx: posts big blind $1
*** HOLE CARDS ***
Tieschum: raises $1.50 to $2.50
Rdalonso: folds 
Fusto2861: folds 
z00mba: folds 
paramourx: calls $1.50
*** FLOP *** [6c As Js]
paramourx: checks 
Tieschum: checks 
*** TURN *** [6c As Js] [9h]
paramourx: bets $4.07
Tieschum: calls $4.07
*** RIVER *** [6c As Js 9h] [6s]
paramourx: checks 
Tieschum: checks 
*** SHOW DOWN ***
paramourx: shows [Jc Kd] (two pair, Jacks and Sixes)
Tieschum: shows [8s Ah] (two pair, Aces and Sixes)
Tieschum collected $12.96 from pot
*** SUMMARY ***
Total pot $13.64 | Rake $0.68 
Board [6c As Js 9h 6s]
Seat 2: michasia
Seat 1: Fusto2861 (button) folded before Flop (didn't bet)
Seat 3: z00mba (small blind) folded before Flop
Seat 4: paramourx (big blind) showed [Jc Kd] and lost with two pair, Jacks and Sixes
Seat 5: Tieschum showed [8s Ah] and won ($12.96) with two pair, Aces and Sixes
Seat 6: Rdalonso folded before Flop (didn't bet)



PokerStars Hand #254722062750:  Hold'em No Limit ($0.50/$1.00 USD) - 2025/02/05 18:37:44 WET [2025/02/05 13:37:44 ET]
Table 'Ilsebill II' 6-max Seat #3 is the button
Seat 2: michasia ($100 in chips) is sitting out
Seat 1: Fusto2861 ($44.92 in chips) 
Seat 3: z00mba ($100 in chips) 
Seat 4: paramourx ($100 in chips) 
Seat 5: Tieschum ($60.09 in chips) 
Seat 6: Rdalonso ($100 in chips) 
paramourx: posts small blind $0.50
Tieschum: posts big blind $1
michasia: sits out 
*** HOLE CARDS ***
Rdalonso: folds 
Fusto2861: calls $1
z00mba: folds 
paramourx: folds 
Tieschum: checks 
*** FLOP *** [3c 3h 8c]
Tieschum: checks 
Fusto2861: checks 
*** TURN *** [3c 3h 8c] [4c]
Tieschum: bets $2.50
Fusto2861: calls $2.50
*** RIVER *** [3c 3h 8c 4c] [Ts]
Tieschum: checks 
Fusto2861: bets $7.12
Tieschum: raises $49.47 to $56.59 and is all-in
Fusto2861: calls $34.30 and is all-in
Uncalled bet ($15.17) returned to Tieschum
*** SHOW DOWN ***
Tieschum: shows [8d 3d] (a full house, Threes full of Eights)
Fusto2861: shows [Tc As] (two pair, Tens and Threes)
Tieschum collected $87.84 from pot
*** SUMMARY ***
Total pot $90.34 | Rake $2.50 
Board [3c 3h 8c 4c Ts]
Seat 2: michasia
Seat 1: Fusto2861 showed [Tc As] and lost with two pair, Tens and Threes
Seat 3: z00mba (button) folded before Flop (didn't bet)
Seat 4: paramourx (small blind) folded before Flop
Seat 5: Tieschum (big blind) showed [8d 3d] and won ($87.84) with a full house, Threes full of Eights
Seat 6: Rdalonso folded before Flop (didn't bet)



PokerStars Hand #254722077828:  Hold'em No Limit ($0.50/$1.00 USD) - 2025/02/05 18:38:38 WET [2025/02/05 13:38:38 ET]
Table 'Ilsebill II' 6-max Seat #4 is the button
Seat 1: Fusto2861 ($0 in chips) is sitting out
Seat 2: michasia ($100 in chips) is sitting out
Seat 3: z00mba ($100 in chips) 
Seat 4: paramourx ($100 in chips) 
Seat 5: Tieschum ($103.01 in chips) 
Seat 6: Rdalonso ($100 in chips) 
Tieschum: posts small blind $0.50
Rdalonso: posts big blind $1
michasia: sits out 
*** HOLE CARDS ***
z00mba: raises $1.50 to $2.50
paramourx: folds 
Tieschum: folds 
Rdalonso: raises $9.50 to $12
Fusto2861 leaves the table
z00mba: calls $9.50
*** FLOP *** [Qc Jd Kc]
Rdalonso: bets $7.76
z00mba: calls $7.76
*** TURN *** [Qc Jd Kc] [As]
Rdalonso: checks 
z00mba: checks 
*** RIVER *** [Qc Jd Kc As] [9s]
Rdalonso: bets $12.88
z00mba: calls $12.88
*** SHOW DOWN ***
Rdalonso: shows [Ad Kd] (two pair, Aces and Kings)
z00mba: mucks hand 
Rdalonso collected $64.78 from pot
*** SUMMARY ***
Total pot $65.78 | Rake $1 
Board [Qc Jd Kc As 9s]
Seat 1: Fusto2861
Seat 2: michasia
Seat 3: z00mba mucked
Seat 4: paramourx (button) folded before Flop (didn't bet)
Seat 5: Tieschum (small blind) folded before Flop
Seat 6: Rdalonso (big blind) showed [Ad Kd] and won ($64.78) with two pair, Aces and Kings



PokerStars Hand #254722095204:  Hold'em No Limit ($0.50/$1.00 USD) - 2025/02/05 18:39:39 WET [2025/02/05 13:39:39 ET]
Table 'Ilsebill II' 6-max Seat #5 is the button
Seat 2: michasia ($100 in chips) 
Seat 3: z00mba ($100 in chips) 
Seat 4: paramourx ($100 in chips) 
Seat 5: Tieschum ($102.51 in chips) 
Seat 6: Rdalonso ($132.14 in chips) 
Rdalonso: posts small blind $0.50
michasia: posts big blind $1
*** HOLE CARDS ***
z00mba: folds 
paramourx: folds 
Tieschum: raises $1.50 to $2.50
Rdalonso: folds 
michasia: folds 
Uncalled bet ($1.50) returned to Tieschum
Tieschum collected $2.50 from pot
Tieschum: doesn't show hand 
*** SUMMARY ***
Total pot $2.50 | Rake $0 
Seat 2: michasia (big blind) folded before Flop
Seat 3: z00mba folded before Flop (didn't bet)
Seat 4: paramourx folded before Flop (didn't bet)
Seat 5: Tieschum (button) collected ($2.50)
Seat 6: Rdalonso (small blind) folded before Flop



PokerStars Hand #254722099376:  Hold'em No Limit ($0.50/$1.00 USD) - 2025/02/05 18:39:54 WET [2025/02/05 13:39:54 ET]
Table 'Ilsebill II' 6-max Seat #6 is the button
Seat 2: michasia ($100 in chips) 
Seat 3: z00mba ($100 in chips) 
Seat 4: paramourx ($100 in chips) 
Seat 5: Tieschum ($104.01 in chips) 
Seat 6: Rdalonso ($131.64 in chips) 
michasia: posts small blind $0.50
z00mba: posts big blind $1
*** HOLE CARDS ***
paramourx: folds 
Tieschum: folds 
Rdalonso: folds 
michasia: folds 
Uncalled bet ($0.50) returned to z00mba
z00mba collected $1 from pot
z00mba: doesn't show hand 
*** SUMMARY ***
Total pot $1 | Rake $0 
Seat 2: michasia (small blind) folded before Flop
Seat 3: z00mba (big blind) collected ($1)
Seat 4: paramourx folded before Flop (didn't bet)
Seat 5: Tieschum folded before Flop (didn't bet)
Seat 6: Rdalonso (button) folded before Flop (didn't bet)



PokerStars Hand #254722102064:  Hold'em No Limit ($0.50/$1.00 USD) - 2025/02/05 18:40:04 WET [2025/02/05 13:40:04 ET]
Table 'Ilsebill II' 6-max Seat #2 is the button
Seat 2: michasia ($100 in chips) 
Seat 3: z00mba ($100.50 in chips) 
Seat 4: paramourx ($100 in chips) 
Seat 5: Tieschum ($104.01 in chips) 
Seat 6: Rdalonso ($131.64 in chips) 
z00mba: posts small blind $0.50
paramourx: posts big blind $1
*** HOLE CARDS ***
Tieschum: raises $1.50 to $2.50
Rdalonso: raises $5 to $7.50
michasia: folds 
z00mba: folds 
paramourx: folds 
Tieschum: calls $5
*** FLOP *** [3c 9h 2d]
Tieschum: checks 
Rdalonso: bets $7.84
Tieschum: raises $16.16 to $24
Fusto2861 joins the table at seat #1 
Fusto2861 is disconnected 
Rdalonso: calls $16.16
*** TURN *** [3c 9h 2d] [3d]
Tieschum: bets $72.51 and is all-in
Rdalonso: calls $72.51
*** RIVER *** [3c 9h 2d 3d] [2c]
*** SHOW DOWN ***
Tieschum: shows [9s 9c] (a full house, Nines full of Threes)
Rdalonso: shows [5d Ad] (two pair, Threes and Deuces)
Tieschum cashed out the hand for $198.27 | Cash Out Fee $4.05
*** SUMMARY ***
Total pot $209.52 | Rake $2.50 
Board [3c 9h 2d 3d 2c]
Seat 2: michasia (button) folded before Flop (didn't bet)
Seat 3: z00mba (small blind) folded before Flop
Seat 4: paramourx (big blind) folded before Flop
Seat 5: Tieschum showed [9s 9c] and won ($207.02) with a full house, Nines full of Threes (pot not awarded as player cashed out)
Seat 6: Rdalonso showed [5d Ad] and lost with two pair, Threes and Deuces



PokerStars Hand #254722122586:  Hold'em No Limit ($0.50/$1.00 USD) - 2025/02/05 18:41:17 WET [2025/02/05 13:41:17 ET]
Table 'Ilsebill II' 6-max Seat #3 is the button
Seat 2: michasia ($100 in chips) is sitting out
Seat 5: Tieschum ($198.27 in chips) is sitting out
Seat 1: Fusto2861 ($30.21 in chips) 
Seat 3: z00mba ($100 in chips) 
Seat 4: paramourx ($100 in chips) 
Seat 6: Rdalonso ($100 in chips) 
paramourx: posts small blind $0.50
Tieschum: is sitting out 
Rdalonso: posts big blind $1
Fusto2861: posts big blind $1
*** HOLE CARDS ***
Fusto2861: checks 
z00mba: folds 
Tieschum leaves the table
paramourx: folds 
Rdalonso: checks 
*** FLOP *** [5c Jc Qd]
Rdalonso: checks 
Fusto2861: checks 
*** TURN *** [5c Jc Qd] [3s]
Rdalonso: checks 
Fusto2861: checks 
*** RIVER *** [5c Jc Qd 3s] [8d]
niahbabe05 joins the table at seat #5 
niahbabe05 is disconnected 
Rdalonso: checks 
Fusto2861: checks 
*** SHOW DOWN ***
Rdalonso: shows [5d 7h] (a pair of Fives)
Fusto2861: shows [5h Kd] (a pair of Fives - King kicker)
Fusto2861 collected $2.38 from pot
*** SUMMARY ***
Total pot $2.50 | Rake $0.12 
Board [5c Jc Qd 3s 8d]
Seat 2: michasia
Seat 5: Tieschum
Seat 1: Fusto2861 showed [5h Kd] and won ($2.38) with a pair of Fives
Seat 3: z00mba (button) folded before Flop (didn't bet)
Seat 4: paramourx (small blind) folded before Flop
Seat 6: Rdalonso (big blind) showed [5d 7h] and lost with a pair of Fives



PokerStars Hand #254722138298:  Hold'em No Limit ($0.50/$1.00 USD) - 2025/02/05 18:42:12 WET [2025/02/05 13:42:12 ET]
Table 'Ilsebill II' 6-max Seat #4 is the button
Seat 2: michasia ($100 in chips) is sitting out
Seat 5: niahbabe05 ($10 in chips) is sitting out
Seat 1: Fusto2861 ($31.59 in chips) 
Seat 3: z00mba ($100 in chips) 
Seat 4: paramourx ($100 in chips) 
Seat 6: Rdalonso ($100 in chips) 
Rdalonso: posts small blind $0.50
Fusto2861: posts big blind $1
*** HOLE CARDS ***
z00mba: folds 
paramourx: folds 
Rdalonso: folds 
Uncalled bet ($0.50) returned to Fusto2861
Fusto2861 collected $1 from pot
*** SUMMARY ***
Total pot $1 | Rake $0 
Seat 2: michasia
Seat 5: niahbabe05
Seat 1: Fusto2861 (big blind) collected ($1)
Seat 3: z00mba folded before Flop (didn't bet)
Seat 4: paramourx (button) folded before Flop (didn't bet)
Seat 6: Rdalonso (small blind) folded before Flop



PokerStars Hand #254722140637:  Hold'em No Limit ($0.50/$1.00 USD) - 2025/02/05 18:42:21 WET [2025/02/05 13:42:21 ET]
Table 'Ilsebill II' 6-max Seat #6 is the button
Seat 2: michasia ($100 in chips) is sitting out
Seat 1: Fusto2861 ($32.09 in chips) 
Seat 3: z00mba ($100 in chips) 
Seat 4: paramourx ($100 in chips) 
Seat 5: niahbabe05 ($10 in chips) 
Seat 6: Rdalonso ($100 in chips) 
Fusto2861: posts small blind $0.50
z00mba: posts big blind $1
niahbabe05: posts big blind $1
*** HOLE CARDS ***
paramourx: folds 
niahbabe05: checks 
Rdalonso: folds 
Fusto2861: folds 
z00mba: checks 
*** FLOP *** [2c 4c Kh]
z00mba: checks 
niahbabe05: checks 
*** TURN *** [2c 4c Kh] [8d]
z00mba: checks 
niahbabe05: bets $1
z00mba: folds 
Uncalled bet ($1) returned to niahbabe05
niahbabe05 collected $2.38 from pot
*** SUMMARY ***
Total pot $2.50 | Rake $0.12 
Board [2c 4c Kh 8d]
Seat 2: michasia
Seat 1: Fusto2861 (small blind) folded before Flop
Seat 3: z00mba (big blind) folded on the Turn
Seat 4: paramourx folded before Flop (didn't bet)
Seat 5: niahbabe05 collected ($2.38)
Seat 6: Rdalonso (button) folded before Flop (didn't bet)



PokerStars Hand #254722157465:  Hold'em No Limit ($0.50/$1.00 USD) - 2025/02/05 18:43:21 WET [2025/02/05 13:43:21 ET]
Table 'Ilsebill II' 6-max Seat #1 is the button
Seat 2: michasia ($100 in chips) is sitting out
Seat 1: Fusto2861 ($31.59 in chips) 
Seat 3: z00mba ($100 in chips) 
Seat 4: paramourx ($100 in chips) 
Seat 5: niahbabe05 ($11.38 in chips) 
Seat 6: Rdalonso ($100 in chips) 
z00mba: posts small blind $0.50
paramourx: posts big blind $1
*** HOLE CARDS ***
niahbabe05: folds 
Rdalonso: raises $1.50 to $2.50
Fusto2861: folds 
z00mba: folds 
paramourx: folds 
Uncalled bet ($1.50) returned to Rdalonso
Rdalonso collected $2.50 from pot
Rdalonso: doesn't show hand 
*** SUMMARY ***
Total pot $2.50 | Rake $0 
Seat 2: michasia
Seat 1: Fusto2861 (button) folded before Flop (didn't bet)
Seat 3: z00mba (small blind) folded before Flop
Seat 4: paramourx (big blind) folded before Flop
Seat 5: niahbabe05 folded before Flop (didn't bet)
Seat 6: Rdalonso collected ($2.50)



PokerStars Hand #254722162056:  Hold'em No Limit ($0.50/$1.00 USD) - 2025/02/05 18:43:37 WET [2025/02/05 13:43:37 ET]
Table 'Ilsebill II' 6-max Seat #3 is the button
Seat 2: michasia ($100 in chips) is sitting out
Seat 1: Fusto2861 ($31.59 in chips) 
Seat 3: z00mba ($100 in chips) 
Seat 4: paramourx ($100 in chips) 
Seat 5: niahbabe05 ($11.38 in chips) 
Seat 6: Rdalonso ($101.50 in chips) 
paramourx: posts small blind $0.50
niahbabe05: posts big blind $1
*** HOLE CARDS ***
Rdalonso: folds 
Fusto2861: calls $1
z00mba: raises $2.50 to $3.50
paramourx: folds 
niahbabe05: folds 
Fusto2861: calls $2.50
*** FLOP *** [Qs 9s 3h]
Fusto2861: checks 
z00mba: checks 
*** TURN *** [Qs 9s 3h] [Kd]
Fusto2861: checks 
z00mba: checks 
*** RIVER *** [Qs 9s 3h Kd] [Ks]
Fusto2861: checks 
z00mba: checks 
*** SHOW DOWN ***
Fusto2861: shows [6d 9d] (two pair, Kings and Nines)
z00mba: mucks hand 
Fusto2861 collected $8.08 from pot
*** SUMMARY ***
Total pot $8.50 | Rake $0.42 
Board [Qs 9s 3h Kd Ks]
Seat 2: michasia
Seat 1: Fusto2861 showed [6d 9d] and won ($8.08) with two pair, Kings and Nines
Seat 3: z00mba (button) mucked
Seat 4: paramourx (small blind) folded before Flop
Seat 5: niahbabe05 (big blind) folded before Flop
Seat 6: Rdalonso folded before Flop (didn't bet)



PokerStars Hand #254722174071:  Hold'em No Limit ($0.50/$1.00 USD) - 2025/02/05 18:44:21 WET [2025/02/05 13:44:21 ET]
Table 'Ilsebill II' 6-max Seat #4 is the button
Seat 2: michasia ($100 in chips) is sitting out
Seat 1: Fusto2861 ($36.17 in chips) 
Seat 3: z00mba ($100 in chips) 
Seat 4: paramourx ($100 in chips) 
Seat 5: niahbabe05 ($10.38 in chips) 
Seat 6: Rdalonso ($101.50 in chips) 
niahbabe05: posts small blind $0.50
Rdalonso: posts big blind $1
*** HOLE CARDS ***
Fusto2861: folds 
z00mba: raises $1.50 to $2.50
paramourx: folds 
niahbabe05: raises $7.88 to $10.38 and is all-in
Rdalonso: folds 
z00mba: calls $7.88
*** FLOP *** [Kc 8d Kd]
*** TURN *** [Kc 8d Kd] [As]
*** RIVER *** [Kc 8d Kd As] [7s]
*** SHOW DOWN ***
niahbabe05: shows [Ad 5h] (two pair, Aces and Kings)
z00mba: shows [Jc Jh] (two pair, Kings and Jacks)
niahbabe05 collected $20.67 from pot
*** SUMMARY ***
Total pot $21.76 | Rake $1.09 
Board [Kc 8d Kd As 7s]
Seat 2: michasia
Seat 1: Fusto2861 folded before Flop (didn't bet)
Seat 3: z00mba showed [Jc Jh] and lost with two pair, Kings and Jacks
Seat 4: paramourx (button) folded before Flop (didn't bet)
Seat 5: niahbabe05 (small blind) showed [Ad 5h] and won ($20.67) with two pair, Aces and Kings
Seat 6: Rdalonso (big blind) folded before Flop



PokerStars Hand #254722182960:  Hold'em No Limit ($0.50/$1.00 USD) - 2025/02/05 18:44:53 WET [2025/02/05 13:44:53 ET]
Table 'Ilsebill II' 6-max Seat #5 is the button
Seat 2: michasia ($100 in chips) is sitting out
Seat 1: Fusto2861 ($36.17 in chips) 
Seat 3: z00mba ($100 in chips) 
Seat 4: paramourx ($100 in chips) 
Seat 5: niahbabe05 ($20.67 in chips) 
Seat 6: Rdalonso ($100.50 in chips) 
Rdalonso: posts small blind $0.50
Fusto2861: posts big blind $1
*** HOLE CARDS ***
z00mba: raises $1.50 to $2.50
paramourx: folds 
niahbabe05: raises $18.17 to $20.67 and is all-in
Rdalonso: folds 
Fusto2861: folds 
z00mba: calls $18.17
*** FLOP *** [2d 9d 7c]
*** TURN *** [2d 9d 7c] [Qs]
*** RIVER *** [2d 9d 7c Qs] [As]
*** SHOW DOWN ***
z00mba: shows [Ac Ah] (three of a kind, Aces)
niahbabe05: shows [7h 7s] (three of a kind, Sevens)
z00mba collected $40.70 from pot
*** SUMMARY ***
Total pot $42.84 | Rake $2.14 
Board [2d 9d 7c Qs As]
Seat 2: michasia
Seat 1: Fusto2861 (big blind) folded before Flop
Seat 3: z00mba showed [Ac Ah] and won ($40.70) with three of a kind, Aces
Seat 4: paramourx folded before Flop (didn't bet)
Seat 5: niahbabe05 (button) showed [7h 7s] and lost with three of a kind, Sevens
Seat 6: Rdalonso (small blind) folded before Flop



PokerStars Hand #254722192026:  Hold'em No Limit ($0.50/$1.00 USD) - 2025/02/05 18:45:25 WET [2025/02/05 13:45:25 ET]
Table 'Ilsebill II' 6-max Seat #6 is the button
Seat 2: michasia ($100 in chips) is sitting out
Seat 5: niahbabe05 ($0 in chips) is sitting out
Seat 1: Fusto2861 ($35.17 in chips) 
Seat 3: z00mba ($120.03 in chips) 
Seat 4: paramourx ($100 in chips) 
Seat 6: Rdalonso ($100 in chips) 
Fusto2861: posts small blind $0.50
z00mba: posts big blind $1
*** HOLE CARDS ***
paramourx: folds 
Rdalonso: folds 
Fusto2861: raises $2 to $3
z00mba: calls $2
*** FLOP *** [Td 3d Ah]
niahbabe05 leaves the table
Fusto2861: bets $5.70
z00mba: folds 
Uncalled bet ($5.70) returned to Fusto2861
Fusto2861 collected $5.70 from pot
*** SUMMARY ***
Total pot $6 | Rake $0.30 
Board [Td 3d Ah]
Seat 2: michasia
Seat 5: niahbabe05
Seat 1: Fusto2861 (small blind) collected ($5.70)
Seat 3: z00mba (big blind) folded on the Flop
Seat 4: paramourx folded before Flop (didn't bet)
Seat 6: Rdalonso (button) folded before Flop (didn't bet)



PokerStars Hand #254722200055:  Hold'em No Limit ($0.50/$1.00 USD) - 2025/02/05 18:45:54 WET [2025/02/05 13:45:54 ET]
Table 'Ilsebill II' 6-max Seat #1 is the button
Seat 2: michasia ($100 in chips) is sitting out
Seat 1: Fusto2861 ($37.87 in chips) 
Seat 3: z00mba ($117.03 in chips) 
Seat 4: paramourx ($100 in chips) 
Seat 6: Rdalonso ($100 in chips) 
z00mba: posts small blind $0.50
paramourx: posts big blind $1
*** HOLE CARDS ***
Rdalonso: raises $1.50 to $2.50
Fusto2861: calls $2.50
z00mba: folds 
BGS013 joins the table at seat #5 
paramourx: folds 
*** FLOP *** [Jd 8c 3s]
Rdalonso: checks 
Fusto2861: checks 
*** TURN *** [Jd 8c 3s] [2s]
Rdalonso: checks 
Fusto2861: checks 
*** RIVER *** [Jd 8c 3s 2s] [Jc]
Rdalonso: checks 
Fusto2861: checks 
*** SHOW DOWN ***
Rdalonso: shows [6d Ad] (a pair of Jacks)
Fusto2861: mucks hand 
Rdalonso collected $6.18 from pot
*** SUMMARY ***
Total pot $6.50 | Rake $0.32 
Board [Jd 8c 3s 2s Jc]
Seat 2: michasia
Seat 1: Fusto2861 (button) mucked
Seat 3: z00mba (small blind) folded before Flop
Seat 4: paramourx (big blind) folded before Flop
Seat 6: Rdalonso showed [6d Ad] and won ($6.18) with a pair of Jacks



PokerStars Hand #254722212140:  Hold'em No Limit ($0.50/$1.00 USD) - 2025/02/05 18:46:37 WET [2025/02/05 13:46:37 ET]
Table 'Ilsebill II' 6-max Seat #3 is the button
Seat 2: michasia ($100 in chips) is sitting out
Seat 1: Fusto2861 ($35.37 in chips) 
Seat 3: z00mba ($116.53 in chips) 
Seat 4: paramourx ($100 in chips) 
Seat 5: BGS013 ($100 in chips) 
Seat 6: Rdalonso ($103.68 in chips) 
paramourx: posts small blind $0.50
BGS013: posts big blind $1
michasia: sits out 
*** HOLE CARDS ***
Rdalonso: folds 
Fusto2861: raises $2 to $3
z00mba: folds 
paramourx: folds 
BGS013: folds 
Uncalled bet ($2) returned to Fusto2861
Fusto2861 collected $2.50 from pot
*** SUMMARY ***
Total pot $2.50 | Rake $0 
Seat 2: michasia
Seat 1: Fusto2861 collected ($2.50)
Seat 3: z00mba (button) folded before Flop (didn't bet)
Seat 4: paramourx (small blind) folded before Flop
Seat 5: BGS013 (big blind) folded before Flop
Seat 6: Rdalonso folded before Flop (didn't bet)



PokerStars Hand #254722215708:  Hold'em No Limit ($0.50/$1.00 USD) - 2025/02/05 18:46:50 WET [2025/02/05 13:46:50 ET]
Table 'Ilsebill II' 6-max Seat #4 is the button
Seat 2: michasia ($100 in chips) is sitting out
Seat 1: Fusto2861 ($36.87 in chips) 
Seat 3: z00mba ($116.53 in chips) 
Seat 4: paramourx ($100 in chips) 
Seat 5: BGS013 ($100 in chips) 
Seat 6: Rdalonso ($103.68 in chips) 
BGS013: posts small blind $0.50
Rdalonso: posts big blind $1
michasia: sits out 
*** HOLE CARDS ***
Fusto2861: folds 
z00mba: folds 
paramourx: raises $2 to $3
BGS013: folds 
Rdalonso: folds 
Uncalled bet ($2) returned to paramourx
paramourx collected $2.50 from pot
paramourx: doesn't show hand 
*** SUMMARY ***
Total pot $2.50 | Rake $0 
Seat 2: michasia
Seat 1: Fusto2861 folded before Flop (didn't bet)
Seat 3: z00mba folded before Flop (didn't bet)
Seat 4: paramourx (button) collected ($2.50)
Seat 5: BGS013 (small blind) folded before Flop
Seat 6: Rdalonso (big blind) folded before Flop



PokerStars Hand #254722222017:  Hold'em No Limit ($0.50/$1.00 USD) - 2025/02/05 18:47:13 WET [2025/02/05 13:47:13 ET]
Table 'Ilsebill II' 6-max Seat #5 is the button
Seat 2: michasia ($100 in chips) is sitting out
Seat 1: Fusto2861 ($36.87 in chips) 
Seat 3: z00mba ($116.53 in chips) 
Seat 4: paramourx ($101.50 in chips) 
Seat 5: BGS013 ($100 in chips) 
Seat 6: Rdalonso ($102.68 in chips) 
Rdalonso: posts small blind $0.50
Fusto2861: posts big blind $1
michasia: sits out 
*** HOLE CARDS ***
z00mba: folds 
paramourx: folds 
BGS013: raises $1.50 to $2.50
Rdalonso: folds 
Fusto2861: calls $1.50
*** FLOP *** [2d 3d 5s]
Fusto2861: checks 
BGS013: bets $1.36
Fusto2861: calls $1.36
*** TURN *** [2d 3d 5s] [9d]
Fusto2861: checks 
BGS013: bets $4.30
Fusto2861: calls $4.30
*** RIVER *** [2d 3d 5s 9d] [Kh]
Fusto2861: checks 
BGS013: checks 
*** SHOW DOWN ***
Fusto2861: shows [Ts 9h] (a pair of Nines)
BGS013: shows [Qc 9s] (a pair of Nines - King+Queen kicker)
BGS013 collected $15.98 from pot
*** SUMMARY ***
Total pot $16.82 | Rake $0.84 
Board [2d 3d 5s 9d Kh]
Seat 2: michasia
Seat 1: Fusto2861 (big blind) showed [Ts 9h] and lost with a pair of Nines
Seat 3: z00mba folded before Flop (didn't bet)
Seat 4: paramourx folded before Flop (didn't bet)
Seat 5: BGS013 (button) showed [Qc 9s] and won ($15.98) with a pair of Nines
Seat 6: Rdalonso (small blind) folded before Flop



PokerStars Hand #254722241078:  Hold'em No Limit ($0.50/$1.00 USD) - 2025/02/05 18:48:22 WET [2025/02/05 13:48:22 ET]
Table 'Ilsebill II' 6-max Seat #6 is the button
Seat 1: Fusto2861 ($28.71 in chips) 
Seat 2: michasia ($100 in chips) 
Seat 3: z00mba ($116.53 in chips) 
Seat 4: paramourx ($101.50 in chips) 
Seat 5: BGS013 ($107.82 in chips) 
Seat 6: Rdalonso ($102.18 in chips) 
Fusto2861: posts small blind $0.50
michasia: posts big blind $1
*** HOLE CARDS ***
z00mba: folds 
paramourx: folds 
BGS013: raises $1.50 to $2.50
Rdalonso: folds 
Fusto2861: calls $2
michasia: calls $1.50
*** FLOP *** [Qd 8c Jd]
Fusto2861: checks 
michasia: checks 
BGS013: bets $1.85
Fusto2861: folds 
michasia: folds 
Uncalled bet ($1.85) returned to BGS013
BGS013 collected $7.12 from pot
BGS013: doesn't show hand 
*** SUMMARY ***
Total pot $7.50 | Rake $0.38 
Board [Qd 8c Jd]
Seat 1: Fusto2861 (small blind) folded on the Flop
Seat 2: michasia (big blind) folded on the Flop
Seat 3: z00mba folded before Flop (didn't bet)
Seat 4: paramourx folded before Flop (didn't bet)
Seat 5: BGS013 collected ($7.12)
Seat 6: Rdalonso (button) folded before Flop (didn't bet)



PokerStars Hand #254722252569:  Hold'em No Limit ($0.50/$1.00 USD) - 2025/02/05 18:49:04 WET [2025/02/05 13:49:04 ET]
Table 'Ilsebill II' 6-max Seat #1 is the button
Seat 1: Fusto2861 ($26.21 in chips) 
Seat 2: michasia ($100 in chips) 
Seat 3: z00mba ($116.53 in chips) 
Seat 4: paramourx ($101.50 in chips) 
Seat 5: BGS013 ($112.44 in chips) 
Seat 6: Rdalonso ($102.18 in chips) 
michasia: posts small blind $0.50
z00mba: posts big blind $1
*** HOLE CARDS ***
paramourx: folds 
BGS013: folds 
Rdalonso: raises $1.50 to $2.50
Fusto2861: folds 
michasia: folds 
z00mba: folds 
Uncalled bet ($1.50) returned to Rdalonso
Rdalonso collected $2.50 from pot
Rdalonso: doesn't show hand 
*** SUMMARY ***
Total pot $2.50 | Rake $0 
Seat 1: Fusto2861 (button) folded before Flop (didn't bet)
Seat 2: michasia (small blind) folded before Flop
Seat 3: z00mba (big blind) folded before Flop
Seat 4: paramourx folded before Flop (didn't bet)
Seat 5: BGS013 folded before Flop (didn't bet)
Seat 6: Rdalonso collected ($2.50)



PokerStars Hand #254722257777:  Hold'em No Limit ($0.50/$1.00 USD) - 2025/02/05 18:49:23 WET [2025/02/05 13:49:23 ET]
Table 'Ilsebill II' 6-max Seat #2 is the button
Seat 1: Fusto2861 ($26.21 in chips) 
Seat 2: michasia ($100 in chips) 
Seat 3: z00mba ($115.53 in chips) 
Seat 4: paramourx ($101.50 in chips) 
Seat 5: BGS013 ($112.44 in chips) 
Seat 6: Rdalonso ($103.68 in chips) 
z00mba: posts small blind $0.50
paramourx: posts big blind $1
*** HOLE CARDS ***
BGS013: folds 
Rdalonso: raises $1.50 to $2.50
Fusto2861: folds 
michasia: folds 
z00mba: folds 
paramourx: folds 
Uncalled bet ($1.50) returned to Rdalonso
Rdalonso collected $2.50 from pot
Rdalonso: doesn't show hand 
*** SUMMARY ***
Total pot $2.50 | Rake $0 
Seat 1: Fusto2861 folded before Flop (didn't bet)
Seat 2: michasia (button) folded before Flop (didn't bet)
Seat 3: z00mba (small blind) folded before Flop
Seat 4: paramourx (big blind) folded before Flop
Seat 5: BGS013 folded before Flop (didn't bet)
Seat 6: Rdalonso collected ($2.50)



PokerStars Hand #254722265221:  Hold'em No Limit ($0.50/$1.00 USD) - 2025/02/05 18:49:50 WET [2025/02/05 13:49:50 ET]
Table 'Ilsebill II' 6-max Seat #3 is the button
Seat 1: Fusto2861 ($26.21 in chips) 
Seat 2: michasia ($100 in chips) 
Seat 3: z00mba ($115.03 in chips) 
Seat 4: paramourx ($100.50 in chips) 
Seat 5: BGS013 ($112.44 in chips) 
Seat 6: Rdalonso ($105.18 in chips) 
paramourx: posts small blind $0.50
BGS013: posts big blind $1
*** HOLE CARDS ***
Rdalonso: folds 
Fusto2861: calls $1
michasia: folds 
z00mba: raises $2.50 to $3.50
paramourx: folds 
BGS013: calls $2.50
Fusto2861: calls $2.50
*** FLOP *** [Js 6s Jh]
BGS013: checks 
Fusto2861: checks 
z00mba: checks 
*** TURN *** [Js 6s Jh] [6d]
BGS013: bets $8.15
Fusto2861: raises $14.56 to $22.71 and is all-in
z00mba: folds 
BGS013: folds 
Uncalled bet ($14.56) returned to Fusto2861
Fusto2861 collected $25.94 from pot
*** SUMMARY ***
Total pot $27.30 | Rake $1.36 
Board [Js 6s Jh 6d]
Seat 1: Fusto2861 collected ($25.94)
Seat 2: michasia folded before Flop (didn't bet)
Seat 3: z00mba (button) folded on the Turn
Seat 4: paramourx (small blind) folded before Flop
Seat 5: BGS013 (big blind) folded on the Turn
Seat 6: Rdalonso folded before Flop (didn't bet)



PokerStars Hand #254722283062:  Hold'em No Limit ($0.50/$1.00 USD) - 2025/02/05 18:50:54 WET [2025/02/05 13:50:54 ET]
Table 'Ilsebill II' 6-max Seat #4 is the button
Seat 1: Fusto2861 ($40.50 in chips) 
Seat 2: michasia ($100 in chips) 
Seat 3: z00mba ($111.53 in chips) 
Seat 4: paramourx ($100 in chips) 
Seat 5: BGS013 ($100.79 in chips) 
Seat 6: Rdalonso ($105.18 in chips) 
BGS013: posts small blind $0.50
Rdalonso: posts big blind $1
*** HOLE CARDS ***
Fusto2861: folds 
michasia: folds 
z00mba: folds 
paramourx: folds 
BGS013: raises $2 to $3
Rdalonso: folds 
Uncalled bet ($2) returned to BGS013
BGS013 collected $2 from pot
BGS013: doesn't show hand 
*** SUMMARY ***
Total pot $2 | Rake $0 
Seat 1: Fusto2861 folded before Flop (didn't bet)
Seat 2: michasia folded before Flop (didn't bet)
Seat 3: z00mba folded before Flop (didn't bet)
Seat 4: paramourx (button) folded before Flop (didn't bet)
Seat 5: BGS013 (small blind) collected ($2)
Seat 6: Rdalonso (big blind) folded before Flop



PokerStars Hand #254722287267:  Hold'em No Limit ($0.50/$1.00 USD) - 2025/02/05 18:51:10 WET [2025/02/05 13:51:10 ET]
Table 'Ilsebill II' 6-max Seat #5 is the button
Seat 1: Fusto2861 ($40.50 in chips) 
Seat 2: michasia ($100 in chips) 
Seat 3: z00mba ($111.53 in chips) 
Seat 4: paramourx ($100 in chips) 
Seat 5: BGS013 ($101.79 in chips) 
Seat 6: Rdalonso ($104.18 in chips) 
Rdalonso: posts small blind $0.50
Fusto2861: posts big blind $1
*** HOLE CARDS ***
michasia: folds 
z00mba: folds 
paramourx: folds 
BGS013: raises $1.50 to $2.50
Rdalonso: folds 
Fusto2861: folds 
Uncalled bet ($1.50) returned to BGS013
BGS013 collected $2.50 from pot
BGS013: doesn't show hand 
*** SUMMARY ***
Total pot $2.50 | Rake $0 
Seat 1: Fusto2861 (big blind) folded before Flop
Seat 2: michasia folded before Flop (didn't bet)
Seat 3: z00mba folded before Flop (didn't bet)
Seat 4: paramourx folded before Flop (didn't bet)
Seat 5: BGS013 (button) collected ($2.50)
Seat 6: Rdalonso (small blind) folded before Flop



PokerStars Hand #254722291269:  Hold'em No Limit ($0.50/$1.00 USD) - 2025/02/05 18:51:24 WET [2025/02/05 13:51:24 ET]
Table 'Ilsebill II' 6-max Seat #6 is the button
Seat 1: Fusto2861 ($39.50 in chips) 
Seat 2: michasia ($100 in chips) 
Seat 3: z00mba ($111.53 in chips) 
Seat 4: paramourx ($100 in chips) 
Seat 5: BGS013 ($103.29 in chips) 
Seat 6: Rdalonso ($103.68 in chips) 
Fusto2861: posts small blind $0.50
michasia: posts big blind $1
*** HOLE CARDS ***
z00mba: raises $1.50 to $2.50
paramourx: folds 
BGS013: folds 
Rdalonso: folds 
Fusto2861: raises $5 to $7.50
michasia: folds 
z00mba: calls $5
*** FLOP *** [3d 9h Qc]
Fusto2861: bets $32 and is all-in
z00mba: folds 
Uncalled bet ($32) returned to Fusto2861
Fusto2861 collected $15.20 from pot
*** SUMMARY ***
Total pot $16 | Rake $0.80 
Board [3d 9h Qc]
Seat 1: Fusto2861 (small blind) collected ($15.20)
Seat 2: michasia (big blind) folded before Flop
Seat 3: z00mba folded on the Flop
Seat 4: paramourx folded before Flop (didn't bet)
Seat 5: BGS013 folded before Flop (didn't bet)
Seat 6: Rdalonso (button) folded before Flop (didn't bet)



PokerStars Hand #254722301953:  Hold'em No Limit ($0.50/$1.00 USD) - 2025/02/05 18:52:02 WET [2025/02/05 13:52:02 ET]
Table 'Ilsebill II' 6-max Seat #1 is the button
Seat 1: Fusto2861 ($47.20 in chips) 
Seat 2: michasia ($100 in chips) 
Seat 3: z00mba ($104.03 in chips) 
Seat 4: paramourx ($100 in chips) 
Seat 5: BGS013 ($103.29 in chips) 
Seat 6: Rdalonso ($103.68 in chips) 
michasia: posts small blind $0.50
z00mba: posts big blind $1
*** HOLE CARDS ***
paramourx: folds 
BGS013: folds 
Rdalonso: raises $1.50 to $2.50
Fusto2861: folds 
michasia: folds 
z00mba: calls $1.50
*** FLOP *** [Jh Ac Qd]
z00mba: checks 
Rdalonso: bets $1.72
z00mba: calls $1.72
*** TURN *** [Jh Ac Qd] [4h]
z00mba: checks 
Rdalonso: bets $6.37
z00mba: folds 
Uncalled bet ($6.37) returned to Rdalonso
Rdalonso collected $8.49 from pot
Rdalonso: doesn't show hand 
*** SUMMARY ***
Total pot $8.94 | Rake $0.45 
Board [Jh Ac Qd 4h]
Seat 1: Fusto2861 (button) folded before Flop (didn't bet)
Seat 2: michasia (small blind) folded before Flop
Seat 3: z00mba (big blind) folded on the Turn
Seat 4: paramourx folded before Flop (didn't bet)
Seat 5: BGS013 folded before Flop (didn't bet)
Seat 6: Rdalonso collected ($8.49)



PokerStars Hand #254722317858:  Hold'em No Limit ($0.50/$1.00 USD) - 2025/02/05 18:52:59 WET [2025/02/05 13:52:59 ET]
Table 'Ilsebill II' 6-max Seat #2 is the button
Seat 1: Fusto2861 ($47.20 in chips) 
Seat 2: michasia ($100 in chips) 
Seat 3: z00mba ($100 in chips) 
Seat 4: paramourx ($100 in chips) 
Seat 5: BGS013 ($103.29 in chips) 
Seat 6: Rdalonso ($107.95 in chips) 
z00mba: posts small blind $0.50
paramourx: posts big blind $1
*** HOLE CARDS ***
BGS013: folds 
Rdalonso: folds 
Fusto2861: folds 
michasia: raises $1.80 to $2.80
z00mba: folds 
paramourx: folds 
Uncalled bet ($1.80) returned to michasia
michasia collected $2.50 from pot
michasia: doesn't show hand 
*** SUMMARY ***
Total pot $2.50 | Rake $0 
Seat 1: Fusto2861 folded before Flop (didn't bet)
Seat 2: michasia (button) collected ($2.50)
Seat 3: z00mba (small blind) folded before Flop
Seat 4: paramourx (big blind) folded before Flop
Seat 5: BGS013 folded before Flop (didn't bet)
Seat 6: Rdalonso folded before Flop (didn't bet)



PokerStars Hand #254722351758:  Hold'em No Limit ($0.50/$1.00 USD) - 2025/02/05 18:55:00 WET [2025/02/05 13:55:00 ET]
Table 'Ilsebill II' 6-max Seat #6 is the button
Seat 1: Fusto2861 ($46.20 in chips) 
Seat 2: michasia ($104.32 in chips) 
Seat 3: z00mba ($101.50 in chips) 
Seat 4: paramourx ($100 in chips) 
Seat 5: BGS013 ($103.29 in chips) 
Seat 6: Rdalonso ($104.85 in chips) 
Fusto2861: posts small blind $0.50
michasia: posts big blind $1
*** HOLE CARDS ***
z00mba: folds 
paramourx: folds 
BGS013: folds 
Rdalonso: folds 
Fusto2861: raises $1 to $2
michasia: raises $4 to $6
Fusto2861: calls $4
*** FLOP *** [6h 8s 2s]
Fusto2861: checks 
michasia: checks 
*** TURN *** [6h 8s 2s] [7h]
Fusto2861: bets $5.70
michasia: folds 
Uncalled bet ($5.70) returned to Fusto2861
Fusto2861 collected $11.40 from pot
*** SUMMARY ***
Total pot $12 | Rake $0.60 
Board [6h 8s 2s 7h]
Seat 1: Fusto2861 (small blind) collected ($11.40)
Seat 2: michasia (big blind) folded on the Turn
Seat 3: z00mba folded before Flop (didn't bet)
Seat 4: paramourx folded before Flop (didn't bet)
Seat 5: BGS013 folded before Flop (didn't bet)
Seat 6: Rdalonso (button) folded before Flop (didn't bet)



PokerStars Hand #254722359369:  Hold'em No Limit ($0.50/$1.00 USD) - 2025/02/05 18:55:35 WET [2025/02/05 13:55:35 ET]
Table 'Ilsebill II' 6-max Seat #1 is the button
Seat 3: z00mba ($101.50 in chips) is sitting out
Seat 1: Fusto2861 ($51.60 in chips) 
Seat 2: michasia ($100 in chips) 
Seat 4: paramourx ($100 in chips) 
Seat 5: BGS013 ($103.29 in chips) 
Seat 6: Rdalonso ($104.85 in chips) 
michasia: posts small blind $0.50
z00mba: is sitting out 
paramourx: posts big blind $1
*** HOLE CARDS ***
BGS013: folds 
Rdalonso: folds 
Fusto2861: folds 
michasia: raises $2 to $3
paramourx: folds 
Uncalled bet ($2) returned to michasia
michasia collected $2 from pot
michasia: doesn't show hand 
*** SUMMARY ***
Total pot $2 | Rake $0 
Seat 3: z00mba
Seat 1: Fusto2861 (button) folded before Flop (didn't bet)
Seat 2: michasia (small blind) collected ($2)
Seat 4: paramourx (big blind) folded before Flop
Seat 5: BGS013 folded before Flop (didn't bet)
Seat 6: Rdalonso folded before Flop (didn't bet)



PokerStars Hand #254722362784:  Hold'em No Limit ($0.50/$1.00 USD) - 2025/02/05 18:55:52 WET [2025/02/05 13:55:52 ET]
Table 'Ilsebill II' 6-max Seat #2 is the button
Seat 3: z00mba ($101.50 in chips) is sitting out
Seat 1: Fusto2861 ($51.60 in chips) 
Seat 2: michasia ($101 in chips) 
Seat 4: paramourx ($100 in chips) 
Seat 5: BGS013 ($103.29 in chips) 
Seat 6: Rdalonso ($104.85 in chips) 
paramourx: posts small blind $0.50
BGS013: posts big blind $1
*** HOLE CARDS ***
Rdalonso: folds 
Fusto2861: raises $1 to $2
michasia: folds 
paramourx: folds 
BGS013: calls $1
*** FLOP *** [Ts Kh 4s]
BGS013: checks 
Fusto2861: bets $2.14
BGS013: folds 
Uncalled bet ($2.14) returned to Fusto2861
Fusto2861 collected $4.28 from pot
*** SUMMARY ***
Total pot $4.50 | Rake $0.22 
Board [Ts Kh 4s]
Seat 3: z00mba
Seat 1: Fusto2861 collected ($4.28)
Seat 2: michasia (button) folded before Flop (didn't bet)
Seat 4: paramourx (small blind) folded before Flop
Seat 5: BGS013 (big blind) folded on the Flop
Seat 6: Rdalonso folded before Flop (didn't bet)



PokerStars Hand #254722370283:  Hold'em No Limit ($0.50/$1.00 USD) - 2025/02/05 18:56:29 WET [2025/02/05 13:56:29 ET]
Table 'Ilsebill II' 6-max Seat #4 is the button
Seat 3: z00mba ($101.50 in chips) is sitting out
Seat 1: Fusto2861 ($53.88 in chips) 
Seat 2: michasia ($101 in chips) 
Seat 4: paramourx ($100 in chips) 
Seat 5: BGS013 ($101.29 in chips) 
Seat 6: Rdalonso ($104.85 in chips) 
BGS013: posts small blind $0.50
Rdalonso: posts big blind $1
*** HOLE CARDS ***
Fusto2861: calls $1
michasia: raises $2.50 to $3.50
paramourx: folds 
BGS013: folds 
Rdalonso: folds 
Fusto2861: calls $2.50
*** FLOP *** [Jd Ah 2c]
Fusto2861: checks 
michasia: bets $5.39
Fusto2861: folds 
Uncalled bet ($5.39) returned to michasia
michasia collected $8.08 from pot
michasia: doesn't show hand 
*** SUMMARY ***
Total pot $8.50 | Rake $0.42 
Board [Jd Ah 2c]
Seat 3: z00mba
Seat 1: Fusto2861 folded on the Flop
Seat 2: michasia collected ($8.08)
Seat 4: paramourx (button) folded before Flop (didn't bet)
Seat 5: BGS013 (small blind) folded before Flop
Seat 6: Rdalonso (big blind) folded before Flop



PokerStars Hand #254722375484:  Hold'em No Limit ($0.50/$1.00 USD) - 2025/02/05 18:56:55 WET [2025/02/05 13:56:55 ET]
Table 'Ilsebill II' 6-max Seat #5 is the button
Seat 3: z00mba ($101.50 in chips) is sitting out
Seat 1: Fusto2861 ($50.38 in chips) 
Seat 2: michasia ($105.58 in chips) 
Seat 4: paramourx ($100 in chips) 
Seat 5: BGS013 ($100.79 in chips) 
Seat 6: Rdalonso ($103.85 in chips) 
Rdalonso: posts small blind $0.50
Fusto2861: posts big blind $1
*** HOLE CARDS ***
michasia: raises $1.60 to $2.60
paramourx: folds 
BGS013: folds 
Rdalonso: folds 
Fusto2861: calls $1.60
*** FLOP *** [6h Js Kc]
Fusto2861: checks 
michasia: bets $3.61
Fusto2861: calls $3.61
*** TURN *** [6h Js Kc] [Ts]
Fusto2861: checks 
michasia: checks 
*** RIVER *** [6h Js Kc Ts] [8d]
Fusto2861: checks 
michasia: bets $15.34
Fusto2861: calls $15.34
*** SHOW DOWN ***
michasia: shows [3c 3s] (a pair of Threes)
Fusto2861: shows [6c 6s] (three of a kind, Sixes)
Fusto2861 collected $41.42 from pot
*** SUMMARY ***
Total pot $43.60 | Rake $2.18 
Board [6h Js Kc Ts 8d]
Seat 3: z00mba
Seat 1: Fusto2861 (big blind) showed [6c 6s] and won ($41.42) with three of a kind, Sixes
Seat 2: michasia showed [3c 3s] and lost with a pair of Threes
Seat 4: paramourx folded before Flop (didn't bet)
Seat 5: BGS013 (button) folded before Flop (didn't bet)
Seat 6: Rdalonso (small blind) folded before Flop



PokerStars Hand #254722383467:  Hold'em No Limit ($0.50/$1.00 USD) - 2025/02/05 18:57:34 WET [2025/02/05 13:57:34 ET]
Table 'Ilsebill II' 6-max Seat #6 is the button
Seat 3: z00mba ($101.50 in chips) is sitting out
Seat 1: Fusto2861 ($70.25 in chips) 
Seat 2: michasia ($100 in chips) 
Seat 4: paramourx ($100 in chips) 
Seat 5: BGS013 ($100.79 in chips) 
Seat 6: Rdalonso ($103.35 in chips) 
Fusto2861: posts small blind $0.50
michasia: posts big blind $1
*** HOLE CARDS ***
paramourx: folds 
BGS013: folds 
Rdalonso: folds 
Fusto2861: folds 
Uncalled bet ($0.50) returned to michasia
michasia collected $1 from pot
michasia: doesn't show hand 
*** SUMMARY ***
Total pot $1 | Rake $0 
Seat 3: z00mba
Seat 1: Fusto2861 (small blind) folded before Flop
Seat 2: michasia (big blind) collected ($1)
Seat 4: paramourx folded before Flop (didn't bet)
Seat 5: BGS013 folded before Flop (didn't bet)
Seat 6: Rdalonso (button) folded before Flop (didn't bet)



PokerStars Hand #254722385826:  Hold'em No Limit ($0.50/$1.00 USD) - 2025/02/05 18:57:46 WET [2025/02/05 13:57:46 ET]
Table 'Ilsebill II' 6-max Seat #1 is the button
Seat 3: z00mba ($101.50 in chips) is sitting out
Seat 1: Fusto2861 ($69.75 in chips) 
Seat 2: michasia ($100.50 in chips) 
Seat 4: paramourx ($100 in chips) 
Seat 5: BGS013 ($100.79 in chips) 
Seat 6: Rdalonso ($103.35 in chips) 
michasia: posts small blind $0.50
paramourx: posts big blind $1
*** HOLE CARDS ***
BGS013: folds 
Rdalonso: folds 
Fusto2861: calls $1
michasia: folds 
paramourx: checks 
*** FLOP *** [7d 8s 2h]
paramourx: bets $1.19
Fusto2861: calls $1.19
*** TURN *** [7d 8s 2h] [Th]
paramourx: checks 
Fusto2861: bets $4.64
paramourx: raises $14.86 to $19.50
Fusto2861: folds 
Uncalled bet ($14.86) returned to paramourx
paramourx collected $13.45 from pot
paramourx: doesn't show hand 
*** SUMMARY ***
Total pot $14.16 | Rake $0.71 
Board [7d 8s 2h Th]
Seat 3: z00mba
Seat 1: Fusto2861 (button) folded on the Turn
Seat 2: michasia (small blind) folded before Flop
Seat 4: paramourx (big blind) collected ($13.45)
Seat 5: BGS013 folded before Flop (didn't bet)
Seat 6: Rdalonso folded before Flop (didn't bet)



PokerStars Hand #254722397919:  Hold'em No Limit ($0.50/$1.00 USD) - 2025/02/05 18:58:46 WET [2025/02/05 13:58:46 ET]
Table 'Ilsebill II' 6-max Seat #2 is the button
Seat 3: z00mba ($101.50 in chips) is sitting out
Seat 1: Fusto2861 ($62.92 in chips) 
Seat 2: michasia ($100 in chips) 
Seat 4: paramourx ($106.62 in chips) 
Seat 5: BGS013 ($100.79 in chips) 
Seat 6: Rdalonso ($103.35 in chips) 
paramourx: posts small blind $0.50
BGS013: posts big blind $1
*** HOLE CARDS ***
Rdalonso: folds 
Fusto2861: folds 
michasia: folds 
paramourx: folds 
Uncalled bet ($0.50) returned to BGS013
BGS013 collected $1 from pot
BGS013: doesn't show hand 
*** SUMMARY ***
Total pot $1 | Rake $0 
Seat 3: z00mba
Seat 1: Fusto2861 folded before Flop (didn't bet)
Seat 2: michasia (button) folded before Flop (didn't bet)
Seat 4: paramourx (small blind) folded before Flop
Seat 5: BGS013 (big blind) collected ($1)
Seat 6: Rdalonso folded before Flop (didn't bet)



PokerStars Hand #254722399743:  Hold'em No Limit ($0.50/$1.00 USD) - 2025/02/05 18:58:56 WET [2025/02/05 13:58:56 ET]
Table 'Ilsebill II' 6-max Seat #4 is the button
Seat 3: z00mba ($101.50 in chips) is sitting out
Seat 1: Fusto2861 ($62.92 in chips) 
Seat 2: michasia ($100 in chips) 
Seat 4: paramourx ($106.12 in chips) 
Seat 5: BGS013 ($101.29 in chips) 
Seat 6: Rdalonso ($103.35 in chips) 
BGS013: posts small blind $0.50
Rdalonso: posts big blind $1
z00mba: sits out 
*** HOLE CARDS ***
Fusto2861: folds 
michasia: raises $1.80 to $2.80
paramourx: folds 
BGS013: folds 
Rdalonso: calls $1.80
*** FLOP *** [4d 7d Kh]
Rdalonso: checks 
michasia: bets $1.91
Rdalonso: folds 
Uncalled bet ($1.91) returned to michasia
michasia collected $5.80 from pot
michasia: doesn't show hand 
*** SUMMARY ***
Total pot $6.10 | Rake $0.30 
Board [4d 7d Kh]
Seat 3: z00mba
Seat 1: Fusto2861 folded before Flop (didn't bet)
Seat 2: michasia collected ($5.80)
Seat 4: paramourx (button) folded before Flop (didn't bet)
Seat 5: BGS013 (small blind) folded before Flop
Seat 6: Rdalonso (big blind) folded on the Flop



PokerStars Hand #254722404561:  Hold'em No Limit ($0.50/$1.00 USD) - 2025/02/05 18:59:20 WET [2025/02/05 13:59:20 ET]
Table 'Ilsebill II' 6-max Seat #5 is the button
Seat 3: z00mba ($101.50 in chips) is sitting out
Seat 1: Fusto2861 ($62.92 in chips) 
Seat 2: michasia ($103 in chips) 
Seat 4: paramourx ($106.12 in chips) 
Seat 5: BGS013 ($100.79 in chips) 
Seat 6: Rdalonso ($100.55 in chips) 
Rdalonso: posts small blind $0.50
Fusto2861: posts big blind $1
z00mba: sits out 
*** HOLE CARDS ***
michasia: folds 
paramourx: folds 
BGS013 has timed out
BGS013: folds 
Rdalonso: folds 
Uncalled bet ($0.50) returned to Fusto2861
Fusto2861 collected $1 from pot
*** SUMMARY ***
Total pot $1 | Rake $0 
Seat 3: z00mba
Seat 1: Fusto2861 (big blind) collected ($1)
Seat 2: michasia folded before Flop (didn't bet)
Seat 4: paramourx folded before Flop (didn't bet)
Seat 5: BGS013 (button) folded before Flop (didn't bet)
Seat 6: Rdalonso (small blind) folded before Flop



PokerStars Hand #254722409427:  Hold'em No Limit ($0.50/$1.00 USD) - 2025/02/05 18:59:45 WET [2025/02/05 13:59:45 ET]
Table 'Ilsebill II' 6-max Seat #6 is the button
Seat 3: z00mba ($101.50 in chips) is sitting out
Seat 1: Fusto2861 ($63.42 in chips) 
Seat 2: michasia ($103 in chips) 
Seat 4: paramourx ($106.12 in chips) 
Seat 5: BGS013 ($100.79 in chips) 
Seat 6: Rdalonso ($100.05 in chips) 
Fusto2861: posts small blind $0.50
michasia: posts big blind $1
z00mba: sits out 
*** HOLE CARDS ***
paramourx: folds 
BGS013: raises $1 to $2
Rdalonso: folds 
Fusto2861: folds 
michasia: calls $1
*** FLOP *** [Ks Qd Js]
michasia: checks 
BGS013: checks 
*** TURN *** [Ks Qd Js] [6c]
michasia: bets $2.85
BGS013: folds 
Uncalled bet ($2.85) returned to michasia
michasia collected $4.28 from pot
michasia: doesn't show hand 
*** SUMMARY ***
Total pot $4.50 | Rake $0.22 
Board [Ks Qd Js 6c]
Seat 3: z00mba
Seat 1: Fusto2861 (small blind) folded before Flop
Seat 2: michasia (big blind) collected ($4.28)
Seat 4: paramourx folded before Flop (didn't bet)
Seat 5: BGS013 folded on the Turn
Seat 6: Rdalonso (button) folded before Flop (didn't bet)



PokerStars Hand #254722418068:  Hold'em No Limit ($0.50/$1.00 USD) - 2025/02/05 19:00:26 WET [2025/02/05 14:00:26 ET]
Table 'Ilsebill II' 6-max Seat #1 is the button
Seat 1: Fusto2861 ($62.92 in chips) 
Seat 2: michasia ($105.28 in chips) 
Seat 3: z00mba ($101.50 in chips) 
Seat 4: paramourx ($106.12 in chips) 
Seat 5: BGS013 ($100 in chips) 
Seat 6: Rdalonso ($100.05 in chips) 
michasia: posts small blind $0.50
z00mba: posts big blind $1
*** HOLE CARDS ***
paramourx: folds 
BGS013: folds 
Rdalonso: folds 
Fusto2861: folds 
michasia: raises $2 to $3
z00mba: calls $2
*** FLOP *** [6h 8d 5s]
michasia: bets $3.80
z00mba: calls $3.80
*** TURN *** [6h 8d 5s] [6d]
michasia: bets $8.61
z00mba: calls $8.61
*** RIVER *** [6h 8d 5s 6d] [9h]
michasia: checks 
z00mba: checks 
*** SHOW DOWN ***
michasia: shows [9c Qc] (two pair, Nines and Sixes)
z00mba: shows [6s As] (three of a kind, Sixes)
z00mba collected $29.28 from pot
*** SUMMARY ***
Total pot $30.82 | Rake $1.54 
Board [6h 8d 5s 6d 9h]
Seat 1: Fusto2861 (button) folded before Flop (didn't bet)
Seat 2: michasia (small blind) showed [9c Qc] and lost with two pair, Nines and Sixes
Seat 3: z00mba (big blind) showed [6s As] and won ($29.28) with three of a kind, Sixes
Seat 4: paramourx folded before Flop (didn't bet)
Seat 5: BGS013 folded before Flop (didn't bet)
Seat 6: Rdalonso folded before Flop (didn't bet)



PokerStars Hand #254722428709:  Hold'em No Limit ($0.50/$1.00 USD) - 2025/02/05 19:01:11 WET [2025/02/05 14:01:11 ET]
Table 'Ilsebill II' 6-max Seat #2 is the button
Seat 1: Fusto2861 ($62.92 in chips) 
Seat 2: michasia ($100 in chips) 
Seat 3: z00mba ($115.37 in chips) 
Seat 4: paramourx ($106.12 in chips) 
Seat 5: BGS013 ($100 in chips) 
Seat 6: Rdalonso ($100.05 in chips) 
z00mba: posts small blind $0.50
paramourx: posts big blind $1
*** HOLE CARDS ***
BGS013: folds 
Rdalonso: folds 
Fusto2861: folds 
michasia: raises $1.80 to $2.80
z00mba: folds 
paramourx: folds 
Uncalled bet ($1.80) returned to michasia
michasia collected $2.50 from pot
michasia: doesn't show hand 
*** SUMMARY ***
Total pot $2.50 | Rake $0 
Seat 1: Fusto2861 folded before Flop (didn't bet)
Seat 2: michasia (button) collected ($2.50)
Seat 3: z00mba (small blind) folded before Flop
Seat 4: paramourx (big blind) folded before Flop
Seat 5: BGS013 folded before Flop (didn't bet)
Seat 6: Rdalonso folded before Flop (didn't bet)



PokerStars Hand #254722431551:  Hold'em No Limit ($0.50/$1.00 USD) - 2025/02/05 19:01:23 WET [2025/02/05 14:01:23 ET]
Table 'Ilsebill II' 6-max Seat #3 is the button
Seat 1: Fusto2861 ($62.92 in chips) 
Seat 2: michasia ($101.50 in chips) 
Seat 3: z00mba ($114.87 in chips) 
Seat 4: paramourx ($105.12 in chips) 
Seat 5: BGS013 ($100 in chips) 
Seat 6: Rdalonso ($100.05 in chips) 
paramourx: posts small blind $0.50
BGS013: posts big blind $1
*** HOLE CARDS ***
Rdalonso: folds 
Fusto2861: folds 
michasia: folds 
z00mba: folds 
paramourx: folds 
Uncalled bet ($0.50) returned to BGS013
BGS013 collected $1 from pot
BGS013: doesn't show hand 
*** SUMMARY ***
Total pot $1 | Rake $0 
Seat 1: Fusto2861 folded before Flop (didn't bet)
Seat 2: michasia folded before Flop (didn't bet)
Seat 3: z00mba (button) folded before Flop (didn't bet)
Seat 4: paramourx (small blind) folded before Flop
Seat 5: BGS013 (big blind) collected ($1)
Seat 6: Rdalonso folded before Flop (didn't bet)



PokerStars Hand #254722433892:  Hold'em No Limit ($0.50/$1.00 USD) - 2025/02/05 19:01:33 WET [2025/02/05 14:01:33 ET]
Table 'Ilsebill II' 6-max Seat #4 is the button
Seat 1: Fusto2861 ($62.92 in chips) 
Seat 2: michasia ($101.50 in chips) 
Seat 3: z00mba ($114.87 in chips) 
Seat 4: paramourx ($104.62 in chips) 
Seat 5: BGS013 ($100.50 in chips) 
Seat 6: Rdalonso ($100.05 in chips) 
BGS013: posts small blind $0.50
Rdalonso: posts big blind $1
*** HOLE CARDS ***
Fusto2861: raises $2 to $3
michasia: raises $6 to $9
z00mba: folds 
paramourx: folds 
BGS013: folds 
Rdalonso: folds 
Fusto2861: calls $6
*** FLOP *** [Th 2d Kd]
Fusto2861: checks 
michasia: bets $6.11
Fusto2861: raises $47.81 to $53.92 and is all-in
michasia: calls $47.81
*** TURN *** [Th 2d Kd] [2s]
*** RIVER *** [Th 2d Kd 2s] [Td]
*** SHOW DOWN ***
Fusto2861: shows [Kh Ah] (two pair, Kings and Tens)
michasia: shows [Qd Jc] (two pair, Tens and Deuces)
Fusto2861 cashed out the hand for $84.91 | Cash Out Fee $1.73
*** SUMMARY ***
Total pot $127.34 | Rake $2.50 
Board [Th 2d Kd 2s Td]
Seat 1: Fusto2861 showed [Kh Ah] and won ($124.84) with two pair, Kings and Tens (pot not awarded as player cashed out)
Seat 2: michasia showed [Qd Jc] and lost with two pair, Tens and Deuces
Seat 3: z00mba folded before Flop (didn't bet)
Seat 4: paramourx (button) folded before Flop (didn't bet)
Seat 5: BGS013 (small blind) folded before Flop
Seat 6: Rdalonso (big blind) folded before Flop



PokerStars Hand #254722446630:  Hold'em No Limit ($0.50/$1.00 USD) - 2025/02/05 19:02:19 WET [2025/02/05 14:02:19 ET]
Table 'Ilsebill II' 6-max Seat #5 is the button
Seat 1: Fusto2861 ($84.91 in chips) 
Seat 2: michasia ($100 in chips) 
Seat 3: z00mba ($114.87 in chips) 
Seat 4: paramourx ($104.62 in chips) 
Seat 5: BGS013 ($100 in chips) 
Seat 6: Rdalonso ($100 in chips) 
Rdalonso: posts small blind $0.50
Fusto2861: posts big blind $1
*** HOLE CARDS ***
michasia: raises $1.60 to $2.60
z00mba: folds 
paramourx: raises $5.40 to $8
BGS013: folds 
Rdalonso: folds 
Fusto2861: folds 
michasia: raises $14 to $22
paramourx: folds 
Uncalled bet ($14) returned to michasia
michasia collected $17.50 from pot
michasia: doesn't show hand 
*** SUMMARY ***
Total pot $17.50 | Rake $0 
Seat 1: Fusto2861 (big blind) folded before Flop
Seat 2: michasia collected ($17.50)
Seat 3: z00mba folded before Flop (didn't bet)
Seat 4: paramourx folded before Flop
Seat 5: BGS013 (button) folded before Flop (didn't bet)
Seat 6: Rdalonso (small blind) folded before Flop



PokerStars Hand #254722455880:  Hold'em No Limit ($0.50/$1.00 USD) - 2025/02/05 19:02:54 WET [2025/02/05 14:02:54 ET]
Table 'Ilsebill II' 6-max Seat #6 is the button
Seat 1: Fusto2861 ($83.91 in chips) 
Seat 2: michasia ($109.50 in chips) 
Seat 3: z00mba ($114.87 in chips) 
Seat 4: paramourx ($100 in chips) 
Seat 5: BGS013 ($100 in chips) 
Seat 6: Rdalonso ($100 in chips) 
Fusto2861: posts small blind $0.50
michasia: posts big blind $1
*** HOLE CARDS ***
z00mba: folds 
paramourx: folds 
BGS013: raises $1.50 to $2.50
Rdalonso: raises $5 to $7.50
Fusto2861: folds 
michasia: folds 
BGS013: calls $5
*** FLOP *** [Qd 2s Ks]
BGS013: checks 
Rdalonso: bets $5.17
BGS013: folds 
Uncalled bet ($5.17) returned to Rdalonso
Rdalonso collected $15.68 from pot
Rdalonso: doesn't show hand 
*** SUMMARY ***
Total pot $16.50 | Rake $0.82 
Board [Qd 2s Ks]
Seat 1: Fusto2861 (small blind) folded before Flop
Seat 2: michasia (big blind) folded before Flop
Seat 3: z00mba folded before Flop (didn't bet)
Seat 4: paramourx folded before Flop (didn't bet)
Seat 5: BGS013 folded on the Flop
Seat 6: Rdalonso (button) collected ($15.68)



PokerStars Hand #254722467681:  Hold'em No Limit ($0.50/$1.00 USD) - 2025/02/05 19:03:36 WET [2025/02/05 14:03:36 ET]
Table 'Ilsebill II' 6-max Seat #1 is the button
Seat 1: Fusto2861 ($83.41 in chips) 
Seat 2: michasia ($108.50 in chips) 
Seat 3: z00mba ($114.87 in chips) 
Seat 4: paramourx ($100 in chips) 
Seat 5: BGS013 ($100 in chips) 
Seat 6: Rdalonso ($108.18 in chips) 
michasia: posts small blind $0.50
z00mba: posts big blind $1
*** HOLE CARDS ***
paramourx: folds 
BGS013: folds 
Rdalonso: folds 
Fusto2861: folds 
michasia: raises $2 to $3
z00mba: calls $2
*** FLOP *** [8c Jd 6c]
michasia: checks 
z00mba: checks 
*** TURN *** [8c Jd 6c] [7c]
michasia: checks 
z00mba: checks 
*** RIVER *** [8c Jd 6c 7c] [Ad]
michasia: checks 
z00mba: checks 
*** SHOW DOWN ***
michasia: shows [3h 3d] (a pair of Threes)
z00mba: mucks hand 
michasia collected $5.70 from pot
*** SUMMARY ***
Total pot $6 | Rake $0.30 
Board [8c Jd 6c 7c Ad]
Seat 1: Fusto2861 (button) folded before Flop (didn't bet)
Seat 2: michasia (small blind) showed [3h 3d] and won ($5.70) with a pair of Threes
Seat 3: z00mba (big blind) mucked
Seat 4: paramourx folded before Flop (didn't bet)
Seat 5: BGS013 folded before Flop (didn't bet)
Seat 6: Rdalonso folded before Flop (didn't bet)



PokerStars Hand #254722479577:  Hold'em No Limit ($0.50/$1.00 USD) - 2025/02/05 19:04:18 WET [2025/02/05 14:04:18 ET]
Table 'Ilsebill II' 6-max Seat #2 is the button
Seat 1: Fusto2861 ($83.41 in chips) 
Seat 2: michasia ($111.20 in chips) 
Seat 3: z00mba ($111.87 in chips) 
Seat 4: paramourx ($100 in chips) 
Seat 5: BGS013 ($100 in chips) 
Seat 6: Rdalonso ($108.18 in chips) 
z00mba: posts small blind $0.50
paramourx: posts big blind $1
*** HOLE CARDS ***
BGS013: folds 
Rdalonso: folds 
Fusto2861: folds 
michasia: raises $1.80 to $2.80
z00mba: folds 
paramourx: calls $1.80
*** FLOP *** [2c Js 9s]
paramourx: checks 
michasia: checks 
*** TURN *** [2c Js 9s] [Tc]
paramourx: checks 
michasia: checks 
*** RIVER *** [2c Js 9s Tc] [4d]
paramourx: bets $4.52
michasia: folds 
Uncalled bet ($4.52) returned to paramourx
paramourx collected $5.80 from pot
paramourx: doesn't show hand 
*** SUMMARY ***
Total pot $6.10 | Rake $0.30 
Board [2c Js 9s Tc 4d]
Seat 1: Fusto2861 folded before Flop (didn't bet)
Seat 2: michasia (button) folded on the River
Seat 3: z00mba (small blind) folded before Flop
Seat 4: paramourx (big blind) collected ($5.80)
Seat 5: BGS013 folded before Flop (didn't bet)
Seat 6: Rdalonso folded before Flop (didn't bet)



PokerStars Hand #254722492124:  Hold'em No Limit ($0.50/$1.00 USD) - 2025/02/05 19:05:03 WET [2025/02/05 14:05:03 ET]
Table 'Ilsebill II' 6-max Seat #3 is the button
Seat 1: Fusto2861 ($83.41 in chips) 
Seat 2: michasia ($108.40 in chips) 
Seat 3: z00mba ($111.37 in chips) 
Seat 4: paramourx ($103 in chips) 
Seat 5: BGS013 ($100 in chips) 
Seat 6: Rdalonso ($108.18 in chips) 
paramourx: posts small blind $0.50
BGS013: posts big blind $1
*** HOLE CARDS ***
Rdalonso: folds 
Fusto2861: raises $2 to $3
michasia: folds 
z00mba: folds 
paramourx: folds 
BGS013: calls $2
*** FLOP *** [3h 6s 7d]
BGS013: checks 
Fusto2861: bets $4.09
BGS013: folds 
Uncalled bet ($4.09) returned to Fusto2861
Fusto2861 collected $6.18 from pot
*** SUMMARY ***
Total pot $6.50 | Rake $0.32 
Board [3h 6s 7d]
Seat 1: Fusto2861 collected ($6.18)
Seat 2: michasia folded before Flop (didn't bet)
Seat 3: z00mba (button) folded before Flop (didn't bet)
Seat 4: paramourx (small blind) folded before Flop
Seat 5: BGS013 (big blind) folded on the Flop
Seat 6: Rdalonso folded before Flop (didn't bet)



PokerStars Hand #254722501995:  Hold'em No Limit ($0.50/$1.00 USD) - 2025/02/05 19:05:38 WET [2025/02/05 14:05:38 ET]
Table 'Ilsebill II' 6-max Seat #4 is the button
Seat 1: Fusto2861 ($86.59 in chips) 
Seat 2: michasia ($108.40 in chips) 
Seat 3: z00mba ($111.37 in chips) 
Seat 4: paramourx ($102.50 in chips) 
Seat 5: BGS013 ($100 in chips) 
Seat 6: Rdalonso ($108.18 in chips) 
BGS013: posts small blind $0.50
Rdalonso: posts big blind $1
*** HOLE CARDS ***
Fusto2861: folds 
michasia: folds 
z00mba: folds 
paramourx: folds 
BGS013: raises $2 to $3
Rdalonso: folds 
Uncalled bet ($2) returned to BGS013
BGS013 collected $2 from pot
BGS013: doesn't show hand 
*** SUMMARY ***
Total pot $2 | Rake $0 
Seat 1: Fusto2861 folded before Flop (didn't bet)
Seat 2: michasia folded before Flop (didn't bet)
Seat 3: z00mba folded before Flop (didn't bet)
Seat 4: paramourx (button) folded before Flop (didn't bet)
Seat 5: BGS013 (small blind) collected ($2)
Seat 6: Rdalonso (big blind) folded before Flop



PokerStars Hand #254722507258:  Hold'em No Limit ($0.50/$1.00 USD) - 2025/02/05 19:05:56 WET [2025/02/05 14:05:56 ET]
Table 'Ilsebill II' 6-max Seat #5 is the button
Seat 1: Fusto2861 ($86.59 in chips) 
Seat 2: michasia ($108.40 in chips) 
Seat 3: z00mba ($111.37 in chips) 
Seat 4: paramourx ($102.50 in chips) 
Seat 5: BGS013 ($101 in chips) 
Seat 6: Rdalonso ($107.18 in chips) 
Rdalonso: posts small blind $0.50
Fusto2861: posts big blind $1
*** HOLE CARDS ***
michasia: folds 
z00mba: folds 
paramourx: folds 
BGS013: folds 
Rdalonso: folds 
Uncalled bet ($0.50) returned to Fusto2861
Fusto2861 collected $1 from pot
*** SUMMARY ***
Total pot $1 | Rake $0 
Seat 1: Fusto2861 (big blind) collected ($1)
Seat 2: michasia folded before Flop (didn't bet)
Seat 3: z00mba folded before Flop (didn't bet)
Seat 4: paramourx folded before Flop (didn't bet)
Seat 5: BGS013 (button) folded before Flop (didn't bet)
Seat 6: Rdalonso (small blind) folded before Flop



PokerStars Hand #254722510126:  Hold'em No Limit ($0.50/$1.00 USD) - 2025/02/05 19:06:05 WET [2025/02/05 14:06:05 ET]
Table 'Ilsebill II' 6-max Seat #6 is the button
Seat 1: Fusto2861 ($87.09 in chips) 
Seat 2: michasia ($108.40 in chips) 
Seat 3: z00mba ($111.37 in chips) 
Seat 4: paramourx ($102.50 in chips) 
Seat 5: BGS013 ($101 in chips) 
Seat 6: Rdalonso ($106.68 in chips) 
Fusto2861: posts small blind $0.50
michasia: posts big blind $1
*** HOLE CARDS ***
z00mba: folds 
paramourx: folds 
BGS013: folds 
Rdalonso: raises $1.50 to $2.50
Fusto2861: folds 
michasia: calls $1.50
*** FLOP *** [Jh As Jd]
michasia: checks 
Rdalonso: bets $1.72
michasia: folds 
Uncalled bet ($1.72) returned to Rdalonso
Rdalonso collected $5.22 from pot
Rdalonso: doesn't show hand 
*** SUMMARY ***
Total pot $5.50 | Rake $0.28 
Board [Jh As Jd]
Seat 1: Fusto2861 (small blind) folded before Flop
Seat 2: michasia (big blind) folded on the Flop
Seat 3: z00mba folded before Flop (didn't bet)
Seat 4: paramourx folded before Flop (didn't bet)
Seat 5: BGS013 folded before Flop (didn't bet)
Seat 6: Rdalonso (button) collected ($5.22)



PokerStars Hand #254722519791:  Hold'em No Limit ($0.50/$1.00 USD) - 2025/02/05 19:06:39 WET [2025/02/05 14:06:39 ET]
Table 'Ilsebill II' 6-max Seat #1 is the button
Seat 3: z00mba ($111.37 in chips) is sitting out
Seat 1: Fusto2861 ($86.59 in chips) 
Seat 2: michasia ($105.90 in chips) 
Seat 4: paramourx ($102.50 in chips) 
Seat 5: BGS013 ($101 in chips) 
Seat 6: Rdalonso ($109.40 in chips) 
michasia: posts small blind $0.50
z00mba: is sitting out 
paramourx: posts big blind $1
*** HOLE CARDS ***
BGS013: raises $1 to $2
Rdalonso: folds 
Fusto2861: calls $2
michasia: folds 
paramourx: folds 
*** FLOP *** [Jc 8d Qd]
BGS013: checks 
Fusto2861: checks 
*** TURN *** [Jc 8d Qd] [Td]
BGS013: bets $1.36
Fusto2861: calls $1.36
*** RIVER *** [Jc 8d Qd Td] [9h]
BGS013: checks 
Fusto2861: checks 
*** SHOW DOWN ***
BGS013: shows [Ac 9c] (a straight, Eight to Queen)
Fusto2861: shows [9d 8c] (a straight, Eight to Queen)
BGS013 collected $3.91 from pot
Fusto2861 collected $3.90 from pot
*** SUMMARY ***
Total pot $8.22 | Rake $0.41 
Board [Jc 8d Qd Td 9h]
Seat 3: z00mba
Seat 1: Fusto2861 (button) showed [9d 8c] and won ($3.90) with a straight, Eight to Queen
Seat 2: michasia (small blind) folded before Flop
Seat 4: paramourx (big blind) folded before Flop
Seat 5: BGS013 showed [Ac 9c] and won ($3.91) with a straight, Eight to Queen
Seat 6: Rdalonso folded before Flop (didn't bet)



PokerStars Hand #254722532209:  Hold'em No Limit ($0.50/$1.00 USD) - 2025/02/05 19:07:23 WET [2025/02/05 14:07:23 ET]
Table 'Ilsebill II' 6-max Seat #2 is the button
Seat 3: z00mba ($111.37 in chips) is sitting out
Seat 1: Fusto2861 ($87.13 in chips) 
Seat 2: michasia ($105.40 in chips) 
Seat 4: paramourx ($101.50 in chips) 
Seat 5: BGS013 ($101.55 in chips) 
Seat 6: Rdalonso ($109.40 in chips) 
paramourx: posts small blind $0.50
BGS013: posts big blind $1
*** HOLE CARDS ***
Rdalonso: folds 
Fusto2861: folds 
michasia: folds 
paramourx: raises $2 to $3
BGS013: folds 
Uncalled bet ($2) returned to paramourx
paramourx collected $2 from pot
paramourx: doesn't show hand 
*** SUMMARY ***
Total pot $2 | Rake $0 
Seat 3: z00mba
Seat 1: Fusto2861 folded before Flop (didn't bet)
Seat 2: michasia (button) folded before Flop (didn't bet)
Seat 4: paramourx (small blind) collected ($2)
Seat 5: BGS013 (big blind) folded before Flop
Seat 6: Rdalonso folded before Flop (didn't bet)



PokerStars Hand #254722535250:  Hold'em No Limit ($0.50/$1.00 USD) - 2025/02/05 19:07:33 WET [2025/02/05 14:07:33 ET]
Table 'Ilsebill II' 6-max Seat #4 is the button
Seat 3: z00mba ($111.37 in chips) is sitting out
Seat 1: Fusto2861 ($87.13 in chips) 
Seat 2: michasia ($105.40 in chips) 
Seat 4: paramourx ($102.50 in chips) 
Seat 5: BGS013 ($100.55 in chips) 
Seat 6: Rdalonso ($109.40 in chips) 
BGS013: posts small blind $0.50
Rdalonso: posts big blind $1
*** HOLE CARDS ***
Fusto2861: folds 
michasia: folds 
paramourx: folds 
BGS013: folds 
Uncalled bet ($0.50) returned to Rdalonso
Rdalonso collected $1 from pot
Rdalonso: doesn't show hand 
*** SUMMARY ***
Total pot $1 | Rake $0 
Seat 3: z00mba
Seat 1: Fusto2861 folded before Flop (didn't bet)
Seat 2: michasia folded before Flop (didn't bet)
Seat 4: paramourx (button) folded before Flop (didn't bet)
Seat 5: BGS013 (small blind) folded before Flop
Seat 6: Rdalonso (big blind) collected ($1)



PokerStars Hand #254722537672:  Hold'em No Limit ($0.50/$1.00 USD) - 2025/02/05 19:07:42 WET [2025/02/05 14:07:42 ET]
Table 'Ilsebill II' 6-max Seat #5 is the button
Seat 3: z00mba ($111.37 in chips) is sitting out
Seat 1: Fusto2861 ($87.13 in chips) 
Seat 2: michasia ($105.40 in chips) 
Seat 4: paramourx ($102.50 in chips) 
Seat 5: BGS013 ($100.05 in chips) 
Seat 6: Rdalonso ($109.90 in chips) 
Rdalonso: posts small blind $0.50
Fusto2861: posts big blind $1
*** HOLE CARDS ***
michasia: raises $1.60 to $2.60
paramourx: folds 
BGS013: folds 
Rdalonso: folds 
Fusto2861: folds 
Uncalled bet ($1.60) returned to michasia
michasia collected $2.50 from pot
michasia: doesn't show hand 
*** SUMMARY ***
Total pot $2.50 | Rake $0 
Seat 3: z00mba
Seat 1: Fusto2861 (big blind) folded before Flop
Seat 2: michasia collected ($2.50)
Seat 4: paramourx folded before Flop (didn't bet)
Seat 5: BGS013 (button) folded before Flop (didn't bet)
Seat 6: Rdalonso (small blind) folded before Flop



PokerStars Hand #254722541691:  Hold'em No Limit ($0.50/$1.00 USD) - 2025/02/05 19:07:56 WET [2025/02/05 14:07:56 ET]
Table 'Ilsebill II' 6-max Seat #6 is the button
Seat 3: z00mba ($111.37 in chips) is sitting out
Seat 1: Fusto2861 ($86.13 in chips) 
Seat 2: michasia ($106.90 in chips) 
Seat 4: paramourx ($102.50 in chips) 
Seat 5: BGS013 ($100.05 in chips) 
Seat 6: Rdalonso ($109.40 in chips) 
Fusto2861: posts small blind $0.50
michasia: posts big blind $1
*** HOLE CARDS ***
paramourx: folds 
BGS013: raises $1.50 to $2.50
Rdalonso: folds 
Fusto2861: folds 
michasia: calls $1.50
*** FLOP *** [5s Tc As]
michasia: checks 
paramourx leaves the table
BGS013: bets $4.07
michasia: calls $4.07
*** TURN *** [5s Tc As] [3d]
michasia: checks 
reiyser joins the table at seat #4 
BGS013: checks 
*** RIVER *** [5s Tc As 3d] [3c]
michasia: checks 
BGS013: checks 
*** SHOW DOWN ***
michasia: shows [8s Ts] (two pair, Tens and Threes)
BGS013: mucks hand 
michasia collected $12.96 from pot
*** SUMMARY ***
Total pot $13.64 | Rake $0.68 
Board [5s Tc As 3d 3c]
Seat 3: z00mba
Seat 1: Fusto2861 (small blind) folded before Flop
Seat 2: michasia (big blind) showed [8s Ts] and won ($12.96) with two pair, Tens and Threes
Seat 4: paramourx folded before Flop (didn't bet)
Seat 5: BGS013 mucked
Seat 6: Rdalonso (button) folded before Flop (didn't bet)



PokerStars Hand #254722557843:  Hold'em No Limit ($0.50/$1.00 USD) - 2025/02/05 19:08:52 WET [2025/02/05 14:08:52 ET]
Table 'Ilsebill II' 6-max Seat #1 is the button
Seat 3: z00mba ($111.37 in chips) is sitting out
Seat 1: Fusto2861 ($85.63 in chips) 
Seat 2: michasia ($113.29 in chips) 
Seat 4: reiyser ($100 in chips) 
Seat 5: BGS013 ($100 in chips) 
Seat 6: Rdalonso ($109.40 in chips) 
michasia: posts small blind $0.50
reiyser: posts big blind $1
*** HOLE CARDS ***
BGS013: folds 
Rdalonso: raises $1.50 to $2.50
Fusto2861: folds 
michasia: raises $9.50 to $12
reiyser: folds 
Rdalonso: folds 
Uncalled bet ($9.50) returned to michasia
michasia collected $6 from pot
michasia: doesn't show hand 
*** SUMMARY ***
Total pot $6 | Rake $0 
Seat 3: z00mba
Seat 1: Fusto2861 (button) folded before Flop (didn't bet)
Seat 2: michasia (small blind) collected ($6)
Seat 4: reiyser (big blind) folded before Flop
Seat 5: BGS013 folded before Flop (didn't bet)
Seat 6: Rdalonso folded before Flop



PokerStars Hand #254722563363:  Hold'em No Limit ($0.50/$1.00 USD) - 2025/02/05 19:09:12 WET [2025/02/05 14:09:12 ET]
Table 'Ilsebill II' 6-max Seat #2 is the button
Seat 3: z00mba ($111.37 in chips) is sitting out
Seat 1: Fusto2861 ($85.63 in chips) 
Seat 2: michasia ($116.79 in chips) 
Seat 4: reiyser ($100 in chips) 
Seat 5: BGS013 ($100 in chips) 
Seat 6: Rdalonso ($106.90 in chips) 
reiyser: posts small blind $0.50
BGS013: posts big blind $1
*** HOLE CARDS ***
Rdalonso: folds 
Fusto2861: folds 
michasia: folds 
reiyser: folds 
Uncalled bet ($0.50) returned to BGS013
BGS013 collected $1 from pot
BGS013: doesn't show hand 
*** SUMMARY ***
Total pot $1 | Rake $0 
Seat 3: z00mba
Seat 1: Fusto2861 folded before Flop (didn't bet)
Seat 2: michasia (button) folded before Flop (didn't bet)
Seat 4: reiyser (small blind) folded before Flop
Seat 5: BGS013 (big blind) collected ($1)
Seat 6: Rdalonso folded before Flop (didn't bet)



PokerStars Hand #254722565985:  Hold'em No Limit ($0.50/$1.00 USD) - 2025/02/05 19:09:21 WET [2025/02/05 14:09:21 ET]
Table 'Ilsebill II' 6-max Seat #4 is the button
Seat 3: z00mba ($111.37 in chips) is sitting out
Seat 1: Fusto2861 ($85.63 in chips) 
Seat 2: michasia ($116.79 in chips) 
Seat 4: reiyser ($100 in chips) 
Seat 5: BGS013 ($100.50 in chips) 
Seat 6: Rdalonso ($106.90 in chips) 
BGS013: posts small blind $0.50
Rdalonso: posts big blind $1
*** HOLE CARDS ***
Fusto2861: raises $3 to $4
michasia: folds 
reiyser: folds 
BGS013: folds 
Rdalonso: folds 
Uncalled bet ($3) returned to Fusto2861
Fusto2861 collected $2.50 from pot
*** SUMMARY ***
Total pot $2.50 | Rake $0 
Seat 3: z00mba
Seat 1: Fusto2861 collected ($2.50)
Seat 2: michasia folded before Flop (didn't bet)
Seat 4: reiyser (button) folded before Flop (didn't bet)
Seat 5: BGS013 (small blind) folded before Flop
Seat 6: Rdalonso (big blind) folded before Flop



PokerStars Hand #254722570839:  Hold'em No Limit ($0.50/$1.00 USD) - 2025/02/05 19:09:37 WET [2025/02/05 14:09:37 ET]
Table 'Ilsebill II' 6-max Seat #5 is the button
Seat 3: z00mba ($111.37 in chips) is sitting out
Seat 1: Fusto2861 ($87.13 in chips) 
Seat 2: michasia ($116.79 in chips) 
Seat 4: reiyser ($100 in chips) 
Seat 5: BGS013 ($100 in chips) 
Seat 6: Rdalonso ($105.90 in chips) 
Rdalonso: posts small blind $0.50
Fusto2861: posts big blind $1
*** HOLE CARDS ***
michasia: folds 
reiyser: folds 
BGS013: folds 
Rdalonso: raises $2 to $3
Fusto2861: calls $2
*** FLOP *** [4s 8d 2d]
Rdalonso: bets $1.88
Fusto2861: calls $1.88
*** TURN *** [4s 8d 2d] [Jh]
Rdalonso: bets $6.95
Fusto2861: folds 
Uncalled bet ($6.95) returned to Rdalonso
Rdalonso collected $9.27 from pot
Rdalonso: doesn't show hand 
*** SUMMARY ***
Total pot $9.76 | Rake $0.49 
Board [4s 8d 2d Jh]
Seat 3: z00mba
Seat 1: Fusto2861 (big blind) folded on the Turn
Seat 2: michasia folded before Flop (didn't bet)
Seat 4: reiyser folded before Flop (didn't bet)
Seat 5: BGS013 (button) folded before Flop (didn't bet)
Seat 6: Rdalonso (small blind) collected ($9.27)



PokerStars Hand #254722581989:  Hold'em No Limit ($0.50/$1.00 USD) - 2025/02/05 19:10:17 WET [2025/02/05 14:10:17 ET]
Table 'Ilsebill II' 6-max Seat #6 is the button
Seat 3: z00mba ($111.37 in chips) is sitting out
Seat 1: Fusto2861 ($82.25 in chips) 
Seat 2: michasia ($116.79 in chips) 
Seat 4: reiyser ($100 in chips) 
Seat 5: BGS013 ($100 in chips) 
Seat 6: Rdalonso ($110.29 in chips) 
Fusto2861: posts small blind $0.50
michasia: posts big blind $1
*** HOLE CARDS ***
reiyser: folds 
BGS013: raises $1.50 to $2.50
Rdalonso: folds 
Fusto2861: calls $2
michasia: folds 
*** FLOP *** [Ah Jc 7h]
Fusto2861: checks 
BGS013: bets $1.48
Fusto2861: calls $1.48
*** TURN *** [Ah Jc 7h] [Kd]
Fusto2861: checks 
BGS013: checks 
*** RIVER *** [Ah Jc 7h Kd] [8c]
Fusto2861: checks 
BGS013: bets $4.68
Fusto2861: calls $4.68
*** SHOW DOWN ***
BGS013: shows [9d As] (a pair of Aces)
Fusto2861: mucks hand 
BGS013 collected $17.40 from pot
*** SUMMARY ***
Total pot $18.32 | Rake $0.92 
Board [Ah Jc 7h Kd 8c]
Seat 3: z00mba
Seat 1: Fusto2861 (small blind) mucked
Seat 2: michasia (big blind) folded before Flop
Seat 4: reiyser folded before Flop (didn't bet)
Seat 5: BGS013 showed [9d As] and won ($17.40) with a pair of Aces
Seat 6: Rdalonso (button) folded before Flop (didn't bet)



PokerStars Hand #254722595279:  Hold'em No Limit ($0.50/$1.00 USD) - 2025/02/05 19:11:03 WET [2025/02/05 14:11:03 ET]
Table 'Ilsebill II' 6-max Seat #1 is the button
Seat 3: z00mba ($111.37 in chips) is sitting out
Seat 1: Fusto2861 ($73.59 in chips) 
Seat 2: michasia ($115.79 in chips) 
Seat 4: reiyser ($100 in chips) 
Seat 5: BGS013 ($108.74 in chips) 
Seat 6: Rdalonso ($110.29 in chips) 
michasia: posts small blind $0.50
reiyser: posts big blind $1
*** HOLE CARDS ***
BGS013: folds 
Rdalonso: raises $1.50 to $2.50
Fusto2861: folds 
michasia: folds 
reiyser: folds 
Uncalled bet ($1.50) returned to Rdalonso
Rdalonso collected $2.50 from pot
Rdalonso: doesn't show hand 
*** SUMMARY ***
Total pot $2.50 | Rake $0 
Seat 3: z00mba
Seat 1: Fusto2861 (button) folded before Flop (didn't bet)
Seat 2: michasia (small blind) folded before Flop
Seat 4: reiyser (big blind) folded before Flop
Seat 5: BGS013 folded before Flop (didn't bet)
Seat 6: Rdalonso collected ($2.50)



PokerStars Hand #254722599954:  Hold'em No Limit ($0.50/$1.00 USD) - 2025/02/05 19:11:20 WET [2025/02/05 14:11:20 ET]
Table 'Ilsebill II' 6-max Seat #2 is the button
Seat 3: z00mba ($111.37 in chips) is sitting out
Seat 1: Fusto2861 ($73.59 in chips) 
Seat 2: michasia ($115.29 in chips) 
Seat 4: reiyser ($100 in chips) 
Seat 5: BGS013 ($108.74 in chips) 
Seat 6: Rdalonso ($111.79 in chips) 
reiyser: posts small blind $0.50
BGS013: posts big blind $1
*** HOLE CARDS ***
Rdalonso: raises $1.50 to $2.50
Fusto2861: raises $5.50 to $8
michasia: folds 
reiyser: folds 
BGS013: folds 
Rdalonso: folds 
Uncalled bet ($5.50) returned to Fusto2861
Fusto2861 collected $6.50 from pot
*** SUMMARY ***
Total pot $6.50 | Rake $0 
Seat 3: z00mba
Seat 1: Fusto2861 collected ($6.50)
Seat 2: michasia (button) folded before Flop (didn't bet)
Seat 4: reiyser (small blind) folded before Flop
Seat 5: BGS013 (big blind) folded before Flop
Seat 6: Rdalonso folded before Flop



PokerStars Hand #254722606347:  Hold'em No Limit ($0.50/$1.00 USD) - 2025/02/05 19:11:42 WET [2025/02/05 14:11:42 ET]
Table 'Ilsebill II' 6-max Seat #4 is the button
Seat 3: z00mba ($111.37 in chips) is sitting out
Seat 1: Fusto2861 ($77.59 in chips) 
Seat 2: michasia ($115.29 in chips) 
Seat 4: reiyser ($100 in chips) 
Seat 5: BGS013 ($107.74 in chips) 
Seat 6: Rdalonso ($109.29 in chips) 
BGS013: posts small blind $0.50
Rdalonso: posts big blind $1
*** HOLE CARDS ***
Fusto2861: folds 
michasia: folds 
reiyser: folds 
BGS013: folds 
Uncalled bet ($0.50) returned to Rdalonso
Rdalonso collected $1 from pot
Rdalonso: doesn't show hand 
*** SUMMARY ***
Total pot $1 | Rake $0 
Seat 3: z00mba
Seat 1: Fusto2861 folded before Flop (didn't bet)
Seat 2: michasia folded before Flop (didn't bet)
Seat 4: reiyser (button) folded before Flop (didn't bet)
Seat 5: BGS013 (small blind) folded before Flop
Seat 6: Rdalonso (big blind) collected ($1)



PokerStars Hand #254722613845:  Hold'em No Limit ($0.50/$1.00 USD) - 2025/02/05 19:12:09 WET [2025/02/05 14:12:09 ET]
Table 'Ilsebill II' 6-max Seat #5 is the button
Seat 3: z00mba ($111.37 in chips) is sitting out
Seat 1: Fusto2861 ($77.59 in chips) 
Seat 2: michasia ($115.29 in chips) 
Seat 4: reiyser ($100 in chips) 
Seat 5: BGS013 ($107.24 in chips) 
Seat 6: Rdalonso ($109.79 in chips) 
Rdalonso: posts small blind $0.50
Fusto2861: posts big blind $1
*** HOLE CARDS ***
michasia: folds 
reiyser: folds 
BGS013: raises $1.50 to $2.50
Rdalonso: raises $8.50 to $11
Fusto2861: folds 
BGS013: folds 
Uncalled bet ($8.50) returned to Rdalonso
Rdalonso collected $6 from pot
Rdalonso: doesn't show hand 
*** SUMMARY ***
Total pot $6 | Rake $0 
Seat 3: z00mba
Seat 1: Fusto2861 (big blind) folded before Flop
Seat 2: michasia folded before Flop (didn't bet)
Seat 4: reiyser folded before Flop (didn't bet)
Seat 5: BGS013 (button) folded before Flop
Seat 6: Rdalonso (small blind) collected ($6)



PokerStars Hand #254722618669:  Hold'em No Limit ($0.50/$1.00 USD) - 2025/02/05 19:12:26 WET [2025/02/05 14:12:26 ET]
Table 'Ilsebill II' 6-max Seat #6 is the button
Seat 3: z00mba ($111.37 in chips) is sitting out
Seat 1: Fusto2861 ($76.59 in chips) 
Seat 2: michasia ($115.29 in chips) 
Seat 4: reiyser ($100 in chips) 
Seat 5: BGS013 ($104.74 in chips) 
Seat 6: Rdalonso ($113.29 in chips) 
Fusto2861: posts small blind $0.50
michasia: posts big blind $1
*** HOLE CARDS ***
reiyser: folds 
BGS013: raises $1.50 to $2.50
Rdalonso: folds 
Fusto2861: folds 
michasia: calls $1.50
*** FLOP *** [6h 5d 6s]
michasia: checks 
BGS013: checks 
*** TURN *** [6h 5d 6s] [4d]
michasia: bets $3.48
BGS013: calls $3.48
*** RIVER *** [6h 5d 6s 4d] [5c]
michasia: checks 
BGS013: checks 
*** SHOW DOWN ***
michasia: shows [6c 6d] (four of a kind, Sixes)
BGS013: mucks hand 
michasia collected $11.84 from pot
*** SUMMARY ***
Total pot $12.46 | Rake $0.62 
Board [6h 5d 6s 4d 5c]
Seat 3: z00mba
Seat 1: Fusto2861 (small blind) folded before Flop
Seat 2: michasia (big blind) showed [6c 6d] and won ($11.84) with four of a kind, Sixes
Seat 4: reiyser folded before Flop (didn't bet)
Seat 5: BGS013 mucked
Seat 6: Rdalonso (button) folded before Flop (didn't bet)



PokerStars Hand #254722632919:  Hold'em No Limit ($0.50/$1.00 USD) - 2025/02/05 19:13:15 WET [2025/02/05 14:13:15 ET]
Table 'Ilsebill II' 6-max Seat #1 is the button
Seat 3: z00mba ($111.37 in chips) is sitting out
Seat 1: Fusto2861 ($76.09 in chips) 
Seat 2: michasia ($121.15 in chips) 
Seat 4: reiyser ($100 in chips) 
Seat 5: BGS013 ($100 in chips) 
Seat 6: Rdalonso ($113.29 in chips) 
michasia: posts small blind $0.50
reiyser: posts big blind $1
*** HOLE CARDS ***
BGS013: folds 
Rdalonso: folds 
Fusto2861: folds 
michasia: raises $2 to $3
reiyser: folds 
Uncalled bet ($2) returned to michasia
michasia collected $2 from pot
z00mba leaves the table
michasia: doesn't show hand 
*** SUMMARY ***
Total pot $2 | Rake $0 
Seat 3: z00mba
Seat 1: Fusto2861 (button) folded before Flop (didn't bet)
Seat 2: michasia (small blind) collected ($2)
Seat 4: reiyser (big blind) folded before Flop
Seat 5: BGS013 folded before Flop (didn't bet)
Seat 6: Rdalonso folded before Flop (didn't bet)



PokerStars Hand #254722636533:  Hold'em No Limit ($0.50/$1.00 USD) - 2025/02/05 19:13:28 WET [2025/02/05 14:13:28 ET]
Table 'Ilsebill II' 6-max Seat #2 is the button
Seat 1: Fusto2861 ($76.09 in chips) 
Seat 2: michasia ($122.15 in chips) 
Seat 4: reiyser ($100 in chips) 
Seat 5: BGS013 ($100 in chips) 
Seat 6: Rdalonso ($113.29 in chips) 
reiyser: posts small blind $0.50
BGS013: posts big blind $1
*** HOLE CARDS ***
Rdalonso: folds 
Fusto2861: folds 
michasia: raises $1.80 to $2.80
BumHuntKing joins the table at seat #3 
reiyser: raises $9.70 to $12.50
BGS013: raises $87.50 to $100 and is all-in
michasia: folds 
reiyser: folds 
Uncalled bet ($87.50) returned to BGS013
BGS013 collected $27.80 from pot
BGS013: doesn't show hand 
*** SUMMARY ***
Total pot $27.80 | Rake $0 
Seat 1: Fusto2861 folded before Flop (didn't bet)
Seat 2: michasia (button) folded before Flop
Seat 4: reiyser (small blind) folded before Flop
Seat 5: BGS013 (big blind) collected ($27.80)
Seat 6: Rdalonso folded before Flop (didn't bet)



PokerStars Hand #254722645946:  Hold'em No Limit ($0.50/$1.00 USD) - 2025/02/05 19:14:01 WET [2025/02/05 14:14:01 ET]
Table 'Ilsebill II' 6-max Seat #4 is the button
Seat 3: BumHuntKing ($100 in chips) is sitting out
Seat 1: Fusto2861 ($76.09 in chips) 
Seat 2: michasia ($119.35 in chips) 
Seat 4: reiyser ($100 in chips) 
Seat 5: BGS013 ($115.30 in chips) 
Seat 6: Rdalonso ($113.29 in chips) 
BGS013: posts small blind $0.50
Rdalonso: posts big blind $1
BumHuntKing: sits out 
*** HOLE CARDS ***
Fusto2861: folds 
michasia: folds 
reiyser: folds 
BGS013: folds 
Uncalled bet ($0.50) returned to Rdalonso
Rdalonso collected $1 from pot
Rdalonso: doesn't show hand 
*** SUMMARY ***
Total pot $1 | Rake $0 
Seat 3: BumHuntKing
Seat 1: Fusto2861 folded before Flop (didn't bet)
Seat 2: michasia folded before Flop (didn't bet)
Seat 4: reiyser (button) folded before Flop (didn't bet)
Seat 5: BGS013 (small blind) folded before Flop
Seat 6: Rdalonso (big blind) collected ($1)



PokerStars Hand #254722649471:  Hold'em No Limit ($0.50/$1.00 USD) - 2025/02/05 19:14:13 WET [2025/02/05 14:14:13 ET]
Table 'Ilsebill II' 6-max Seat #5 is the button
Seat 3: BumHuntKing ($100 in chips) is sitting out
Seat 1: Fusto2861 ($76.09 in chips) 
Seat 2: michasia ($119.35 in chips) 
Seat 4: reiyser ($100 in chips) 
Seat 5: BGS013 ($114.80 in chips) 
Seat 6: Rdalonso ($113.79 in chips) 
Rdalonso: posts small blind $0.50
Fusto2861: posts big blind $1
BumHuntKing: sits out 
*** HOLE CARDS ***
michasia: folds 
reiyser: folds 
BGS013: raises $1.50 to $2.50
Rdalonso: raises $8.50 to $11
Fusto2861: folds 
BGS013: calls $8.50
*** FLOP *** [5h Jh Jc]
Rdalonso: bets $7.21
BGS013: calls $7.21
*** TURN *** [5h Jh Jc] [4c]
Rdalonso: bets $23.46
BGS013: calls $23.46
*** RIVER *** [5h Jh Jc 4c] [9d]
Rdalonso: bets $72.12 and is all-in
BGS013: folds 
Uncalled bet ($72.12) returned to Rdalonso
Rdalonso collected $81.84 from pot
Rdalonso: doesn't show hand 
*** SUMMARY ***
Total pot $84.34 | Rake $2.50 
Board [5h Jh Jc 4c 9d]
Seat 3: BumHuntKing
Seat 1: Fusto2861 (big blind) folded before Flop
Seat 2: michasia folded before Flop (didn't bet)
Seat 4: reiyser folded before Flop (didn't bet)
Seat 5: BGS013 (button) folded on the River
Seat 6: Rdalonso (small blind) collected ($81.84)



PokerStars Hand #254722679353:  Hold'em No Limit ($0.50/$1.00 USD) - 2025/02/05 19:15:56 WET [2025/02/05 14:15:56 ET]
Table 'Ilsebill II' 6-max Seat #6 is the button
Seat 3: BumHuntKing ($100 in chips) is sitting out
Seat 1: Fusto2861 ($75.09 in chips) 
Seat 2: michasia ($119.35 in chips) 
Seat 4: reiyser ($100 in chips) 
Seat 5: BGS013 ($100 in chips) 
Seat 6: Rdalonso ($153.96 in chips) 
Fusto2861: posts small blind $0.50
michasia: posts big blind $1
BumHuntKing: sits out 
*** HOLE CARDS ***
reiyser: folds 
BGS013: folds 
Rdalonso: folds 
Fusto2861: calls $0.50
michasia: raises $2 to $3
Fusto2861: calls $2
*** FLOP *** [Qd Js Td]
Fusto2861: checks 
michasia: bets $3.80
Fusto2861: calls $3.80
*** TURN *** [Qd Js Td] [3c]
Fusto2861: checks 
michasia: bets $8.61
Fusto2861: calls $8.61
*** RIVER *** [Qd Js Td 3c] [6h]
Fusto2861: checks 
michasia: bets $19.52
Fusto2861: folds 
Uncalled bet ($19.52) returned to michasia
michasia collected $29.28 from pot
michasia: doesn't show hand 
*** SUMMARY ***
Total pot $30.82 | Rake $1.54 
Board [Qd Js Td 3c 6h]
Seat 3: BumHuntKing
Seat 1: Fusto2861 (small blind) folded on the River
Seat 2: michasia (big blind) collected ($29.28)
Seat 4: reiyser folded before Flop (didn't bet)
Seat 5: BGS013 folded before Flop (didn't bet)
Seat 6: Rdalonso (button) folded before Flop (didn't bet)



PokerStars Hand #254722694827:  Hold'em No Limit ($0.50/$1.00 USD) - 2025/02/05 19:16:50 WET [2025/02/05 14:16:50 ET]
Table 'Ilsebill II' 6-max Seat #1 is the button
Seat 1: Fusto2861 ($59.68 in chips) 
Seat 2: michasia ($133.22 in chips) 
Seat 3: BumHuntKing ($100 in chips) 
Seat 4: reiyser ($100 in chips) 
Seat 5: BGS013 ($100 in chips) 
Seat 6: Rdalonso ($153.96 in chips) 
michasia: posts small blind $0.50
BumHuntKing: posts big blind $1
*** HOLE CARDS ***
reiyser: folds 
BGS013: folds 
Rdalonso: folds 
Fusto2861: folds 
michasia: folds 
Uncalled bet ($0.50) returned to BumHuntKing
BumHuntKing collected $1 from pot
BumHuntKing: doesn't show hand 
*** SUMMARY ***
Total pot $1 | Rake $0 
Seat 1: Fusto2861 (button) folded before Flop (didn't bet)
Seat 2: michasia (small blind) folded before Flop
Seat 3: BumHuntKing (big blind) collected ($1)
Seat 4: reiyser folded before Flop (didn't bet)
Seat 5: BGS013 folded before Flop (didn't bet)
Seat 6: Rdalonso folded before Flop (didn't bet)



PokerStars Hand #254722700087:  Hold'em No Limit ($0.50/$1.00 USD) - 2025/02/05 19:17:08 WET [2025/02/05 14:17:08 ET]
Table 'Ilsebill II' 6-max Seat #2 is the button
Seat 1: Fusto2861 ($59.68 in chips) 
Seat 2: michasia ($132.72 in chips) 
Seat 3: BumHuntKing ($100.50 in chips) 
Seat 4: reiyser ($100 in chips) 
Seat 5: BGS013 ($100 in chips) 
Seat 6: Rdalonso ($153.96 in chips) 
BumHuntKing: posts small blind $0.50
reiyser: posts big blind $1
*** HOLE CARDS ***
BGS013: raises $1 to $2
Rdalonso: folds 
Fusto2861: folds 
michasia: folds 
BumHuntKing: folds 
reiyser: calls $1
*** FLOP *** [3d 4h 7d]
reiyser: checks 
BGS013: bets $2.35
reiyser: raises $4.67 to $7.02
BGS013: calls $4.67
*** TURN *** [3d 4h 7d] [9s]
reiyser: bets $13.38
BGS013: calls $13.38
*** RIVER *** [3d 4h 7d 9s] [6h]
reiyser: bets $12.40
BGS013: folds 
Uncalled bet ($12.40) returned to reiyser
reiyser collected $43.04 from pot
reiyser: doesn't show hand 
*** SUMMARY ***
Total pot $45.30 | Rake $2.26 
Board [3d 4h 7d 9s 6h]
Seat 1: Fusto2861 folded before Flop (didn't bet)
Seat 2: michasia (button) folded before Flop (didn't bet)
Seat 3: BumHuntKing (small blind) folded before Flop
Seat 4: reiyser (big blind) collected ($43.04)
Seat 5: BGS013 folded on the River
Seat 6: Rdalonso folded before Flop (didn't bet)



PokerStars Hand #254722716429:  Hold'em No Limit ($0.50/$1.00 USD) - 2025/02/05 19:18:05 WET [2025/02/05 14:18:05 ET]
Table 'Ilsebill II' 6-max Seat #3 is the button
Seat 1: Fusto2861 ($59.68 in chips) 
Seat 2: michasia ($132.72 in chips) 
Seat 3: BumHuntKing ($100 in chips) 
Seat 4: reiyser ($120.64 in chips) 
Seat 5: BGS013 ($100 in chips) 
Seat 6: Rdalonso ($153.96 in chips) 
reiyser: posts small blind $0.50
BGS013: posts big blind $1
*** HOLE CARDS ***
Rdalonso: folds 
Fusto2861: folds 
michasia: folds 
BumHuntKing: folds 
reiyser: folds 
Uncalled bet ($0.50) returned to BGS013
BGS013 collected $1 from pot
BGS013: doesn't show hand 
*** SUMMARY ***
Total pot $1 | Rake $0 
Seat 1: Fusto2861 folded before Flop (didn't bet)
Seat 2: michasia folded before Flop (didn't bet)
Seat 3: BumHuntKing (button) folded before Flop (didn't bet)
Seat 4: reiyser (small blind) folded before Flop
Seat 5: BGS013 (big blind) collected ($1)
Seat 6: Rdalonso folded before Flop (didn't bet)



PokerStars Hand #254722720157:  Hold'em No Limit ($0.50/$1.00 USD) - 2025/02/05 19:18:17 WET [2025/02/05 14:18:17 ET]
Table 'Ilsebill II' 6-max Seat #4 is the button
Seat 1: Fusto2861 ($59.68 in chips) 
Seat 2: michasia ($132.72 in chips) 
Seat 3: BumHuntKing ($100 in chips) 
Seat 4: reiyser ($120.14 in chips) 
Seat 5: BGS013 ($100.50 in chips) 
Seat 6: Rdalonso ($153.96 in chips) 
BGS013: posts small blind $0.50
Rdalonso: posts big blind $1
*** HOLE CARDS ***
Fusto2861: folds 
michasia: folds 
BumHuntKing: folds 
reiyser: folds 
BGS013: raises $2 to $3
Rdalonso: folds 
Uncalled bet ($2) returned to BGS013
BGS013 collected $2 from pot
BGS013: doesn't show hand 
*** SUMMARY ***
Total pot $2 | Rake $0 
Seat 1: Fusto2861 folded before Flop (didn't bet)
Seat 2: michasia folded before Flop (didn't bet)
Seat 3: BumHuntKing folded before Flop (didn't bet)
Seat 4: reiyser (button) folded before Flop (didn't bet)
Seat 5: BGS013 (small blind) collected ($2)
Seat 6: Rdalonso (big blind) folded before Flop



PokerStars Hand #254722725744:  Hold'em No Limit ($0.50/$1.00 USD) - 2025/02/05 19:18:37 WET [2025/02/05 14:18:37 ET]
Table 'Ilsebill II' 6-max Seat #5 is the button
Seat 1: Fusto2861 ($59.68 in chips) 
Seat 2: michasia ($132.72 in chips) 
Seat 3: BumHuntKing ($100 in chips) 
Seat 4: reiyser ($120.14 in chips) 
Seat 5: BGS013 ($101.50 in chips) 
Seat 6: Rdalonso ($152.96 in chips) 
Rdalonso: posts small blind $0.50
Fusto2861: posts big blind $1
*** HOLE CARDS ***
michasia: folds 
BumHuntKing: raises $1.20 to $2.20
reiyser: folds 
BGS013: folds 
Rdalonso: folds 
Fusto2861: raises $4.20 to $6.40
BumHuntKing: folds 
Uncalled bet ($4.20) returned to Fusto2861
Fusto2861 collected $4.90 from pot
*** SUMMARY ***
Total pot $4.90 | Rake $0 
Seat 1: Fusto2861 (big blind) collected ($4.90)
Seat 2: michasia folded before Flop (didn't bet)
Seat 3: BumHuntKing folded before Flop
Seat 4: reiyser folded before Flop (didn't bet)
Seat 5: BGS013 (button) folded before Flop (didn't bet)
Seat 6: Rdalonso (small blind) folded before Flop



PokerStars Hand #254722731768:  Hold'em No Limit ($0.50/$1.00 USD) - 2025/02/05 19:18:57 WET [2025/02/05 14:18:57 ET]
Table 'Ilsebill II' 6-max Seat #6 is the button
Seat 1: Fusto2861 ($62.38 in chips) 
Seat 2: michasia ($132.72 in chips) 
Seat 3: BumHuntKing ($100 in chips) 
Seat 4: reiyser ($120.14 in chips) 
Seat 5: BGS013 ($101.50 in chips) 
Seat 6: Rdalonso ($152.46 in chips) 
Fusto2861: posts small blind $0.50
michasia: posts big blind $1
*** HOLE CARDS ***
BumHuntKing: folds 
reiyser: folds 
BGS013: folds 
Rdalonso: raises $1.50 to $2.50
Fusto2861: folds 
michasia: raises $9.50 to $12
Rdalonso: raises $13 to $25
michasia: calls $13
*** FLOP *** [4h Jd Ts]
michasia: checks 
Rdalonso: bets $12
michasia: calls $12
*** TURN *** [4h Jd Ts] [9c]
michasia: checks 
Rdalonso: checks 
*** RIVER *** [4h Jd Ts 9c] [9h]
michasia: bets $95.72 and is all-in
Rdalonso: folds 
Uncalled bet ($95.72) returned to michasia
michasia collected $72 from pot
michasia: doesn't show hand 
*** SUMMARY ***
Total pot $74.50 | Rake $2.50 
Board [4h Jd Ts 9c 9h]
Seat 1: Fusto2861 (small blind) folded before Flop
Seat 2: michasia (big blind) collected ($72)
Seat 3: BumHuntKing folded before Flop (didn't bet)
Seat 4: reiyser folded before Flop (didn't bet)
Seat 5: BGS013 folded before Flop (didn't bet)
Seat 6: Rdalonso (button) folded on the River



PokerStars Hand #254722756162:  Hold'em No Limit ($0.50/$1.00 USD) - 2025/02/05 19:20:21 WET [2025/02/05 14:20:21 ET]
Table 'Ilsebill II' 6-max Seat #1 is the button
Seat 1: Fusto2861 ($61.88 in chips) 
Seat 2: michasia ($167.72 in chips) 
Seat 3: BumHuntKing ($100 in chips) 
Seat 4: reiyser ($120.14 in chips) 
Seat 5: BGS013 ($101.50 in chips) 
Seat 6: Rdalonso ($115.46 in chips) 
michasia: posts small blind $0.50
BumHuntKing: posts big blind $1
*** HOLE CARDS ***
reiyser: raises $1.23 to $2.23
BGS013: folds 
Rdalonso: raises $5.27 to $7.50
Fusto2861: calls $7.50
michasia: folds 
BumHuntKing: folds 
reiyser: calls $5.27
*** FLOP *** [Jh 3d As]
reiyser: checks 
Rdalonso: checks 
Fusto2861: bets $11.40
reiyser: folds 
Rdalonso: calls $11.40
*** TURN *** [Jh 3d As] [Ad]
Rdalonso: checks 
Fusto2861: checks 
*** RIVER *** [Jh 3d As Ad] [4c]
Rdalonso: checks 
Fusto2861: bets $42.98 and is all-in
Rdalonso: calls $42.98
*** SHOW DOWN ***
Fusto2861: shows [Ac 2c] (three of a kind, Aces)
Rdalonso: shows [Qc Qd] (two pair, Aces and Queens)
Fusto2861 collected $130.26 from pot
*** SUMMARY ***
Total pot $132.76 | Rake $2.50 
Board [Jh 3d As Ad 4c]
Seat 1: Fusto2861 (button) showed [Ac 2c] and won ($130.26) with three of a kind, Aces
Seat 2: michasia (small blind) folded before Flop
Seat 3: BumHuntKing (big blind) folded before Flop
Seat 4: reiyser folded on the Flop
Seat 5: BGS013 folded before Flop (didn't bet)
Seat 6: Rdalonso showed [Qc Qd] and lost with two pair, Aces and Queens



PokerStars Hand #254722780292:  Hold'em No Limit ($0.50/$1.00 USD) - 2025/02/05 19:21:44 WET [2025/02/05 14:21:44 ET]
Table 'Ilsebill II' 6-max Seat #2 is the button
Seat 1: Fusto2861 ($130.26 in chips) 
Seat 2: michasia ($167.22 in chips) 
Seat 3: BumHuntKing ($100 in chips) 
Seat 4: reiyser ($112.64 in chips) 
Seat 5: BGS013 ($101.50 in chips) 
Seat 6: Rdalonso ($100 in chips) 
BumHuntKing: posts small blind $0.50
reiyser: posts big blind $1
*** HOLE CARDS ***
BGS013: folds 
Rdalonso: raises $1.50 to $2.50
Fusto2861: calls $2.50
michasia: folds 
BumHuntKing: folds 
reiyser: folds 
*** FLOP *** [6h Jh As]
Rdalonso: checks 
Fusto2861: checks 
*** TURN *** [6h Jh As] [2h]
Rdalonso: bets $3.09
Fusto2861: folds 
Uncalled bet ($3.09) returned to Rdalonso
Rdalonso collected $6.18 from pot
Rdalonso: doesn't show hand 
*** SUMMARY ***
Total pot $6.50 | Rake $0.32 
Board [6h Jh As 2h]
Seat 1: Fusto2861 folded on the Turn
Seat 2: michasia (button) folded before Flop (didn't bet)
Seat 3: BumHuntKing (small blind) folded before Flop
Seat 4: reiyser (big blind) folded before Flop
Seat 5: BGS013 folded before Flop (didn't bet)
Seat 6: Rdalonso collected ($6.18)



PokerStars Hand #254722790411:  Hold'em No Limit ($0.50/$1.00 USD) - 2025/02/05 19:22:20 WET [2025/02/05 14:22:20 ET]
Table 'Ilsebill II' 6-max Seat #3 is the button
Seat 1: Fusto2861 ($127.76 in chips) 
Seat 2: michasia ($167.22 in chips) 
Seat 3: BumHuntKing ($100 in chips) 
Seat 4: reiyser ($111.64 in chips) 
Seat 5: BGS013 ($101.50 in chips) 
Seat 6: Rdalonso ($103.68 in chips) 
reiyser: posts small blind $0.50
BGS013: posts big blind $1
*** HOLE CARDS ***
Rdalonso: folds 
Fusto2861: folds 
michasia: folds 
BumHuntKing: raises $1.50 to $2.50
reiyser: folds 
BGS013: folds 
Uncalled bet ($1.50) returned to BumHuntKing
BumHuntKing collected $2.50 from pot
BumHuntKing: doesn't show hand 
*** SUMMARY ***
Total pot $2.50 | Rake $0 
Seat 1: Fusto2861 folded before Flop (didn't bet)
Seat 2: michasia folded before Flop (didn't bet)
Seat 3: BumHuntKing (button) collected ($2.50)
Seat 4: reiyser (small blind) folded before Flop
Seat 5: BGS013 (big blind) folded before Flop
Seat 6: Rdalonso folded before Flop (didn't bet)



PokerStars Hand #254722796288:  Hold'em No Limit ($0.50/$1.00 USD) - 2025/02/05 19:22:40 WET [2025/02/05 14:22:40 ET]
Table 'Ilsebill II' 6-max Seat #4 is the button
Seat 1: Fusto2861 ($127.76 in chips) 
Seat 2: michasia ($167.22 in chips) 
Seat 3: BumHuntKing ($101.50 in chips) 
Seat 4: reiyser ($111.14 in chips) 
Seat 5: BGS013 ($100.50 in chips) 
Seat 6: Rdalonso ($103.68 in chips) 
BGS013: posts small blind $0.50
Rdalonso: posts big blind $1
*** HOLE CARDS ***
Fusto2861: raises $2 to $3
michasia: folds 
BumHuntKing: folds 
reiyser: folds 
BGS013: raises $8 to $11
Rdalonso: folds 
Fusto2861: calls $8
*** FLOP *** [Jh Ah 4c]
BGS013: bets $5.68
Fusto2861: calls $5.68
*** TURN *** [Jh Ah 4c] [8c]
BGS013: checks 
Fusto2861: checks 
*** RIVER *** [Jh Ah 4c 8c] [4d]
BGS013: bets $25.46
Fusto2861: folds 
Uncalled bet ($25.46) returned to BGS013
BGS013 collected $32.64 from pot
BGS013: doesn't show hand 
*** SUMMARY ***
Total pot $34.36 | Rake $1.72 
Board [Jh Ah 4c 8c 4d]
Seat 1: Fusto2861 folded on the River
Seat 2: michasia folded before Flop (didn't bet)
Seat 3: BumHuntKing folded before Flop (didn't bet)
Seat 4: reiyser (button) folded before Flop (didn't bet)
Seat 5: BGS013 (small blind) collected ($32.64)
Seat 6: Rdalonso (big blind) folded before Flop



PokerStars Hand #254722816767:  Hold'em No Limit ($0.50/$1.00 USD) - 2025/02/05 19:23:51 WET [2025/02/05 14:23:51 ET]
Table 'Ilsebill II' 6-max Seat #5 is the button
Seat 1: Fusto2861 ($111.08 in chips) 
Seat 2: michasia ($167.22 in chips) 
Seat 3: BumHuntKing ($101.50 in chips) 
Seat 4: reiyser ($111.14 in chips) 
Seat 5: BGS013 ($116.46 in chips) 
Seat 6: Rdalonso ($102.68 in chips) 
Rdalonso: posts small blind $0.50
Fusto2861: posts big blind $1
*** HOLE CARDS ***
michasia: folds 
BumHuntKing: folds 
reiyser: folds 
BGS013: folds 
Rdalonso: folds 
Uncalled bet ($0.50) returned to Fusto2861
Fusto2861 collected $1 from pot
*** SUMMARY ***
Total pot $1 | Rake $0 
Seat 1: Fusto2861 (big blind) collected ($1)
Seat 2: michasia folded before Flop (didn't bet)
Seat 3: BumHuntKing folded before Flop (didn't bet)
Seat 4: reiyser folded before Flop (didn't bet)
Seat 5: BGS013 (button) folded before Flop (didn't bet)
Seat 6: Rdalonso (small blind) folded before Flop



PokerStars Hand #254722821667:  Hold'em No Limit ($0.50/$1.00 USD) - 2025/02/05 19:24:08 WET [2025/02/05 14:24:08 ET]
Table 'Ilsebill II' 6-max Seat #6 is the button
Seat 1: Fusto2861 ($111.58 in chips) 
Seat 2: michasia ($167.22 in chips) 
Seat 3: BumHuntKing ($101.50 in chips) 
Seat 4: reiyser ($111.14 in chips) 
Seat 5: BGS013 ($116.46 in chips) 
Seat 6: Rdalonso ($102.18 in chips) 
Fusto2861: posts small blind $0.50
michasia: posts big blind $1
*** HOLE CARDS ***
BumHuntKing: folds 
reiyser: folds 
BGS013: raises $1.50 to $2.50
Rdalonso: raises $5 to $7.50
Fusto2861: folds 
michasia: folds 
BGS013: folds 
Uncalled bet ($5) returned to Rdalonso
Rdalonso collected $6.50 from pot
Rdalonso: doesn't show hand 
*** SUMMARY ***
Total pot $6.50 | Rake $0 
Seat 1: Fusto2861 (small blind) folded before Flop
Seat 2: michasia (big blind) folded before Flop
Seat 3: BumHuntKing folded before Flop (didn't bet)
Seat 4: reiyser folded before Flop (didn't bet)
Seat 5: BGS013 folded before Flop
Seat 6: Rdalonso (button) collected ($6.50)



PokerStars Hand #254722832894:  Hold'em No Limit ($0.50/$1.00 USD) - 2025/02/05 19:24:46 WET [2025/02/05 14:24:46 ET]
Table 'Ilsebill II' 6-max Seat #1 is the button
Seat 1: Fusto2861 ($111.08 in chips) 
Seat 2: michasia ($166.22 in chips) 
Seat 3: BumHuntKing ($101.50 in chips) 
Seat 4: reiyser ($111.14 in chips) 
Seat 5: BGS013 ($113.96 in chips) 
Seat 6: Rdalonso ($106.18 in chips) 
michasia: posts small blind $0.50
BumHuntKing: posts big blind $1
*** HOLE CARDS ***
reiyser: folds 
BGS013: raises $1 to $2
Rdalonso: raises $5.50 to $7.50
Fusto2861: folds 
michasia: folds 
BumHuntKing: folds 
BGS013: calls $5.50
*** FLOP *** [9h 3c 7d]
BGS013: checks 
Rdalonso: bets $7.84
BGS013: calls $7.84
*** TURN *** [9h 3c 7d] [9d]
BGS013: checks 
Rdalonso: checks 
*** RIVER *** [9h 3c 7d 9d] [Ad]
BGS013: checks 
Rdalonso: bets $25.20
BGS013: raises $73.42 to $98.62 and is all-in
Rdalonso: folds 
Uncalled bet ($73.42) returned to BGS013
BGS013 collected $80.08 from pot
BGS013: doesn't show hand 
*** SUMMARY ***
Total pot $82.58 | Rake $2.50 
Board [9h 3c 7d 9d Ad]
Seat 1: Fusto2861 (button) folded before Flop (didn't bet)
Seat 2: michasia (small blind) folded before Flop
Seat 3: BumHuntKing (big blind) folded before Flop
Seat 4: reiyser folded before Flop (didn't bet)
Seat 5: BGS013 collected ($80.08)
Seat 6: Rdalonso folded on the River



PokerStars Hand #254722863409:  Hold'em No Limit ($0.50/$1.00 USD) - 2025/02/05 19:26:31 WET [2025/02/05 14:26:31 ET]
Table 'Ilsebill II' 6-max Seat #2 is the button
Seat 1: Fusto2861 ($111.08 in chips) 
Seat 2: michasia ($165.72 in chips) 
Seat 3: BumHuntKing ($100.50 in chips) 
Seat 4: reiyser ($111.14 in chips) 
Seat 5: BGS013 ($153.50 in chips) 
Seat 6: Rdalonso ($100 in chips) 
BumHuntKing: posts small blind $0.50
reiyser: posts big blind $1
*** HOLE CARDS ***
BGS013: raises $1 to $2
Rdalonso: folds 
Fusto2861: raises $6 to $8
michasia: folds 
BumHuntKing: folds 
reiyser: folds 
BGS013: folds 
Uncalled bet ($6) returned to Fusto2861
Fusto2861 collected $5.50 from pot
*** SUMMARY ***
Total pot $5.50 | Rake $0 
Seat 1: Fusto2861 collected ($5.50)
Seat 2: michasia (button) folded before Flop (didn't bet)
Seat 3: BumHuntKing (small blind) folded before Flop
Seat 4: reiyser (big blind) folded before Flop
Seat 5: BGS013 folded before Flop
Seat 6: Rdalonso folded before Flop (didn't bet)



PokerStars Hand #254722869109:  Hold'em No Limit ($0.50/$1.00 USD) - 2025/02/05 19:26:51 WET [2025/02/05 14:26:51 ET]
Table 'Ilsebill II' 6-max Seat #3 is the button
Seat 1: Fusto2861 ($114.58 in chips) 
Seat 2: michasia ($165.72 in chips) 
Seat 3: BumHuntKing ($100 in chips) 
Seat 4: reiyser ($110.14 in chips) 
Seat 5: BGS013 ($151.50 in chips) 
Seat 6: Rdalonso ($100 in chips) 
reiyser: posts small blind $0.50
BGS013: posts big blind $1
*** HOLE CARDS ***
Rdalonso: folds 
Fusto2861: folds 
michasia: raises $1.80 to $2.80
BumHuntKing: folds 
reiyser: folds 
BGS013: calls $1.80
*** FLOP *** [2c 4d 4s]
BGS013: checks 
michasia: checks 
*** TURN *** [2c 4d 4s] [8s]
BGS013: bets $1.51
michasia: calls $1.51
*** RIVER *** [2c 4d 4s 8s] [Ks]
BGS013: bets $2.25
michasia: calls $2.25
*** SHOW DOWN ***
BGS013: shows [6d 6h] (two pair, Sixes and Fours)
michasia: shows [8h Th] (two pair, Eights and Fours)
michasia collected $12.94 from pot
*** SUMMARY ***
Total pot $13.62 | Rake $0.68 
Board [2c 4d 4s 8s Ks]
Seat 1: Fusto2861 folded before Flop (didn't bet)
Seat 2: michasia showed [8h Th] and won ($12.94) with two pair, Eights and Fours
Seat 3: BumHuntKing (button) folded before Flop (didn't bet)
Seat 4: reiyser (small blind) folded before Flop
Seat 5: BGS013 (big blind) showed [6d 6h] and lost with two pair, Sixes and Fours
Seat 6: Rdalonso folded before Flop (didn't bet)



PokerStars Hand #254722879587:  Hold'em No Limit ($0.50/$1.00 USD) - 2025/02/05 19:27:27 WET [2025/02/05 14:27:27 ET]
Table 'Ilsebill II' 6-max Seat #4 is the button
Seat 1: Fusto2861 ($114.58 in chips) 
Seat 2: michasia ($172.10 in chips) 
Seat 3: BumHuntKing ($100 in chips) 
Seat 4: reiyser ($109.64 in chips) 
Seat 5: BGS013 ($144.94 in chips) 
Seat 6: Rdalonso ($100 in chips) 
BGS013: posts small blind $0.50
Rdalonso: posts big blind $1
*** HOLE CARDS ***
Fusto2861: calls $1
michasia: folds 
BumHuntKing: folds 
reiyser: folds 
BGS013: folds 
Rdalonso: checks 
*** FLOP *** [Jh 2d 6s]
Rdalonso: bets $1.78
Fusto2861: calls $1.78
*** TURN *** [Jh 2d 6s] [6d]
Rdalonso: checks 
Fusto2861: checks 
*** RIVER *** [Jh 2d 6s 6d] [Td]
Rdalonso: bets $3.80
Fusto2861: raises $15.36 to $19.16
Rdalonso: folds 
Uncalled bet ($15.36) returned to Fusto2861
Fusto2861 collected $12.98 from pot
*** SUMMARY ***
Total pot $13.66 | Rake $0.68 
Board [Jh 2d 6s 6d Td]
Seat 1: Fusto2861 collected ($12.98)
Seat 2: michasia folded before Flop (didn't bet)
Seat 3: BumHuntKing folded before Flop (didn't bet)
Seat 4: reiyser (button) folded before Flop (didn't bet)
Seat 5: BGS013 (small blind) folded before Flop
Seat 6: Rdalonso (big blind) folded on the River



PokerStars Hand #254722896341:  Hold'em No Limit ($0.50/$1.00 USD) - 2025/02/05 19:28:24 WET [2025/02/05 14:28:24 ET]
Table 'Ilsebill II' 6-max Seat #5 is the button
Seat 1: Fusto2861 ($120.98 in chips) 
Seat 2: michasia ($172.10 in chips) 
Seat 3: BumHuntKing ($100 in chips) 
Seat 4: reiyser ($109.64 in chips) 
Seat 5: BGS013 ($144.44 in chips) 
Seat 6: Rdalonso ($100 in chips) 
Rdalonso: posts small blind $0.50
Fusto2861: posts big blind $1
*** HOLE CARDS ***
michasia: folds 
BumHuntKing: folds 
reiyser: raises $1.23 to $2.23
BGS013: folds 
Rdalonso: folds 
Fusto2861: folds 
Uncalled bet ($1.23) returned to reiyser
reiyser collected $2.50 from pot
reiyser: doesn't show hand 
*** SUMMARY ***
Total pot $2.50 | Rake $0 
Seat 1: Fusto2861 (big blind) folded before Flop
Seat 2: michasia folded before Flop (didn't bet)
Seat 3: BumHuntKing folded before Flop (didn't bet)
Seat 4: reiyser collected ($2.50)
Seat 5: BGS013 (button) folded before Flop (didn't bet)
Seat 6: Rdalonso (small blind) folded before Flop



PokerStars Hand #254722900634:  Hold'em No Limit ($0.50/$1.00 USD) - 2025/02/05 19:28:39 WET [2025/02/05 14:28:39 ET]
Table 'Ilsebill II' 6-max Seat #6 is the button
Seat 1: Fusto2861 ($119.98 in chips) 
Seat 2: michasia ($172.10 in chips) 
Seat 3: BumHuntKing ($100 in chips) 
Seat 4: reiyser ($111.14 in chips) 
Seat 5: BGS013 ($144.44 in chips) 
Seat 6: Rdalonso ($100 in chips) 
Fusto2861: posts small blind $0.50
michasia: posts big blind $1
*** HOLE CARDS ***
BumHuntKing: folds 
reiyser: folds 
BGS013: folds 
Rdalonso: raises $1.50 to $2.50
Fusto2861: folds 
michasia: folds 
Uncalled bet ($1.50) returned to Rdalonso
Rdalonso collected $2.50 from pot
Rdalonso: doesn't show hand 
*** SUMMARY ***
Total pot $2.50 | Rake $0 
Seat 1: Fusto2861 (small blind) folded before Flop
Seat 2: michasia (big blind) folded before Flop
Seat 3: BumHuntKing folded before Flop (didn't bet)
Seat 4: reiyser folded before Flop (didn't bet)
Seat 5: BGS013 folded before Flop (didn't bet)
Seat 6: Rdalonso (button) collected ($2.50)



PokerStars Hand #254722904118:  Hold'em No Limit ($0.50/$1.00 USD) - 2025/02/05 19:28:51 WET [2025/02/05 14:28:51 ET]
Table 'Ilsebill II' 6-max Seat #1 is the button
Seat 1: Fusto2861 ($119.48 in chips) 
Seat 2: michasia ($171.10 in chips) 
Seat 3: BumHuntKing ($100 in chips) 
Seat 4: reiyser ($111.14 in chips) 
Seat 5: BGS013 ($144.44 in chips) 
Seat 6: Rdalonso ($101.50 in chips) 
michasia: posts small blind $0.50
BumHuntKing: posts big blind $1
*** HOLE CARDS ***
reiyser: raises $1.23 to $2.23
BGS013: folds 
Rdalonso: folds 
Fusto2861: raises $5.23 to $7.46
michasia: folds 
BumHuntKing: folds 
reiyser: raises $15.04 to $22.50
Fusto2861: calls $15.04
*** FLOP *** [3d 3h 7c]
reiyser: checks 
Fusto2861: checks 
*** TURN *** [3d 3h 7c] [Ah]
reiyser: bets $22.97
Fusto2861: raises $74.01 to $96.98 and is all-in
reiyser: calls $65.67 and is all-in
Uncalled bet ($8.34) returned to Fusto2861
*** RIVER *** [3d 3h 7c Ah] [6d]
*** SHOW DOWN ***
reiyser: shows [Kd Ad] (two pair, Aces and Threes)
Fusto2861: shows [Ks Ac] (two pair, Aces and Threes)
reiyser collected $110.64 from pot
Fusto2861 collected $110.64 from pot
*** SUMMARY ***
Total pot $223.78 | Rake $2.50 
Board [3d 3h 7c Ah 6d]
Seat 1: Fusto2861 (button) showed [Ks Ac] and won ($110.64) with two pair, Aces and Threes
Seat 2: michasia (small blind) folded before Flop
Seat 3: BumHuntKing (big blind) folded before Flop
Seat 4: reiyser showed [Kd Ad] and won ($110.64) with two pair, Aces and Threes
Seat 5: BGS013 folded before Flop (didn't bet)
Seat 6: Rdalonso folded before Flop (didn't bet)



PokerStars Hand #254722928464:  Hold'em No Limit ($0.50/$1.00 USD) - 2025/02/05 19:30:15 WET [2025/02/05 14:30:15 ET]
Table 'Ilsebill II' 6-max Seat #2 is the button
Seat 1: Fusto2861 ($118.98 in chips) 
Seat 2: michasia ($170.60 in chips) 
Seat 3: BumHuntKing ($100 in chips) 
Seat 4: reiyser ($110.64 in chips) 
Seat 5: BGS013 ($144.44 in chips) 
Seat 6: Rdalonso ($101.50 in chips) 
BumHuntKing: posts small blind $0.50
reiyser: posts big blind $1
*** HOLE CARDS ***
BGS013: raises $1 to $2
Rdalonso: folds 
Fusto2861: folds 
michasia: folds 
BumHuntKing: folds 
reiyser: raises $9 to $11
BGS013: folds 
Uncalled bet ($9) returned to reiyser
reiyser collected $4.50 from pot
reiyser: doesn't show hand 
*** SUMMARY ***
Total pot $4.50 | Rake $0 
Seat 1: Fusto2861 folded before Flop (didn't bet)
Seat 2: michasia (button) folded before Flop (didn't bet)
Seat 3: BumHuntKing (small blind) folded before Flop
Seat 4: reiyser (big blind) collected ($4.50)
Seat 5: BGS013 folded before Flop
Seat 6: Rdalonso folded before Flop (didn't bet)



PokerStars Hand #254722937012:  Hold'em No Limit ($0.50/$1.00 USD) - 2025/02/05 19:30:44 WET [2025/02/05 14:30:44 ET]
Table 'Ilsebill II' 6-max Seat #3 is the button
Seat 1: Fusto2861 ($118.98 in chips) 
Seat 2: michasia ($170.60 in chips) 
Seat 3: BumHuntKing ($100 in chips) 
Seat 4: reiyser ($113.14 in chips) 
Seat 5: BGS013 ($142.44 in chips) 
Seat 6: Rdalonso ($101.50 in chips) 
reiyser: posts small blind $0.50
BGS013: posts big blind $1
*** HOLE CARDS ***
Rdalonso: folds 
Fusto2861: folds 
michasia: raises $1.80 to $2.80
BumHuntKing: folds 
reiyser: folds 
BGS013: folds 
Uncalled bet ($1.80) returned to michasia
michasia collected $2.50 from pot
michasia: doesn't show hand 
*** SUMMARY ***
Total pot $2.50 | Rake $0 
Seat 1: Fusto2861 folded before Flop (didn't bet)
Seat 2: michasia collected ($2.50)
Seat 3: BumHuntKing (button) folded before Flop (didn't bet)
Seat 4: reiyser (small blind) folded before Flop
Seat 5: BGS013 (big blind) folded before Flop
Seat 6: Rdalonso folded before Flop (didn't bet)



PokerStars Hand #254722941583:  Hold'em No Limit ($0.50/$1.00 USD) - 2025/02/05 19:31:00 WET [2025/02/05 14:31:00 ET]
Table 'Ilsebill II' 6-max Seat #4 is the button
Seat 1: Fusto2861 ($118.98 in chips) 
Seat 2: michasia ($172.10 in chips) 
Seat 3: BumHuntKing ($100 in chips) 
Seat 4: reiyser ($112.64 in chips) 
Seat 5: BGS013 ($141.44 in chips) 
Seat 6: Rdalonso ($101.50 in chips) 
BGS013: posts small blind $0.50
Rdalonso: posts big blind $1
*** HOLE CARDS ***
Fusto2861: folds 
michasia: folds 
BumHuntKing: folds 
reiyser: raises $1.23 to $2.23
BGS013: folds 
Rdalonso: calls $1.23
*** FLOP *** [4c 6s Kc]
Rdalonso: checks 
reiyser: bets $2.45
Rdalonso: calls $2.45
*** TURN *** [4c 6s Kc] [3d]
Rdalonso: checks 
reiyser: checks 
*** RIVER *** [4c 6s Kc 3d] [Qs]
Rdalonso: bets $7.03
reiyser: folds 
Uncalled bet ($7.03) returned to Rdalonso
Rdalonso collected $9.37 from pot
Rdalonso: doesn't show hand 
*** SUMMARY ***
Total pot $9.86 | Rake $0.49 
Board [4c 6s Kc 3d Qs]
Seat 1: Fusto2861 folded before Flop (didn't bet)
Seat 2: michasia folded before Flop (didn't bet)
Seat 3: BumHuntKing folded before Flop (didn't bet)
Seat 4: reiyser (button) folded on the River
Seat 5: BGS013 (small blind) folded before Flop
Seat 6: Rdalonso (big blind) collected ($9.37)



PokerStars Hand #254722960799:  Hold'em No Limit ($0.50/$1.00 USD) - 2025/02/05 19:32:06 WET [2025/02/05 14:32:06 ET]
Table 'Ilsebill II' 6-max Seat #5 is the button
Seat 1: Fusto2861 ($118.98 in chips) 
Seat 2: michasia ($172.10 in chips) 
Seat 3: BumHuntKing ($100 in chips) 
Seat 4: reiyser ($107.96 in chips) 
Seat 5: BGS013 ($140.94 in chips) 
Seat 6: Rdalonso ($106.19 in chips) 
Rdalonso: posts small blind $0.50
Fusto2861: posts big blind $1
*** HOLE CARDS ***
michasia: folds 
BumHuntKing: raises $1.20 to $2.20
reiyser: folds 
BGS013: raises $5.80 to $8
Rdalonso: folds 
Fusto2861: calls $7
BumHuntKing: raises $21 to $29
BGS013: folds 
Fusto2861: folds 
Uncalled bet ($21) returned to BumHuntKing
BumHuntKing collected $24.50 from pot
BumHuntKing: doesn't show hand 
*** SUMMARY ***
Total pot $24.50 | Rake $0 
Seat 1: Fusto2861 (big blind) folded before Flop
Seat 2: michasia folded before Flop (didn't bet)
Seat 3: BumHuntKing collected ($24.50)
Seat 4: reiyser folded before Flop (didn't bet)
Seat 5: BGS013 (button) folded before Flop
Seat 6: Rdalonso (small blind) folded before Flop



PokerStars Hand #254722973496:  Hold'em No Limit ($0.50/$1.00 USD) - 2025/02/05 19:32:49 WET [2025/02/05 14:32:49 ET]
Table 'Ilsebill II' 6-max Seat #6 is the button
Seat 1: Fusto2861 ($110.98 in chips) 
Seat 2: michasia ($172.10 in chips) 
Seat 3: BumHuntKing ($116.50 in chips) 
Seat 4: reiyser ($107.96 in chips) 
Seat 5: BGS013 ($132.94 in chips) 
Seat 6: Rdalonso ($105.69 in chips) 
Fusto2861: posts small blind $0.50
michasia: posts big blind $1
*** HOLE CARDS ***
BumHuntKing: folds 
reiyser: folds 
BGS013: folds 
Rdalonso: raises $1.50 to $2.50
Fusto2861: calls $2
michasia: folds 
*** FLOP *** [5h 8h 7h]
Fusto2861: checks 
Rdalonso: bets $1.88
Fusto2861: calls $1.88
*** TURN *** [5h 8h 7h] [9c]
Fusto2861: checks 
Rdalonso: checks 
*** RIVER *** [5h 8h 7h 9c] [3h]
Fusto2861: checks 
Rdalonso: checks 
*** SHOW DOWN ***
Fusto2861: shows [Td Ah] (a flush, Ace high)
Rdalonso: mucks hand 
Fusto2861 collected $9.27 from pot
*** SUMMARY ***
Total pot $9.76 | Rake $0.49 
Board [5h 8h 7h 9c 3h]
Seat 1: Fusto2861 (small blind) showed [Td Ah] and won ($9.27) with a flush, Ace high
Seat 2: michasia (big blind) folded before Flop
Seat 3: BumHuntKing folded before Flop (didn't bet)
Seat 4: reiyser folded before Flop (didn't bet)
Seat 5: BGS013 folded before Flop (didn't bet)
Seat 6: Rdalonso (button) mucked



PokerStars Hand #254722987987:  Hold'em No Limit ($0.50/$1.00 USD) - 2025/02/05 19:33:39 WET [2025/02/05 14:33:39 ET]
Table 'Ilsebill II' 6-max Seat #1 is the button
Seat 1: Fusto2861 ($115.87 in chips) 
Seat 2: michasia ($171.10 in chips) 
Seat 3: BumHuntKing ($116.50 in chips) 
Seat 4: reiyser ($107.96 in chips) 
Seat 5: BGS013 ($132.94 in chips) 
Seat 6: Rdalonso ($101.31 in chips) 
michasia: posts small blind $0.50
BumHuntKing: posts big blind $1
*** HOLE CARDS ***
reiyser: folds 
BGS013: folds 
Rdalonso: raises $1.50 to $2.50
Fusto2861: folds 
michasia: raises $9.50 to $12
BumHuntKing: folds 
Rdalonso: folds 
Uncalled bet ($9.50) returned to michasia
michasia collected $6 from pot
michasia: doesn't show hand 
*** SUMMARY ***
Total pot $6 | Rake $0 
Seat 1: Fusto2861 (button) folded before Flop (didn't bet)
Seat 2: michasia (small blind) collected ($6)
Seat 3: BumHuntKing (big blind) folded before Flop
Seat 4: reiyser folded before Flop (didn't bet)
Seat 5: BGS013 folded before Flop (didn't bet)
Seat 6: Rdalonso folded before Flop



PokerStars Hand #254722998655:  Hold'em No Limit ($0.50/$1.00 USD) - 2025/02/05 19:34:16 WET [2025/02/05 14:34:16 ET]
Table 'Ilsebill II' 6-max Seat #3 is the button
Seat 2: michasia ($174.60 in chips) is sitting out
Seat 1: Fusto2861 ($115.87 in chips) 
Seat 3: BumHuntKing ($115.50 in chips) 
Seat 4: reiyser ($107.96 in chips) 
Seat 5: BGS013 ($132.94 in chips) 
Seat 6: Rdalonso ($100 in chips) 
reiyser: posts small blind $0.50
BGS013: posts big blind $1
*** HOLE CARDS ***
Rdalonso: folds 
Fusto2861: folds 
BumHuntKing: folds 
reiyser: raises $1.80 to $2.80
BGS013: calls $1.80
*** FLOP *** [Qd Tc Kc]
reiyser: bets $1.54
BGS013: folds 
Uncalled bet ($1.54) returned to reiyser
reiyser collected $5.32 from pot
reiyser: doesn't show hand 
*** SUMMARY ***
Total pot $5.60 | Rake $0.28 
Board [Qd Tc Kc]
Seat 2: michasia
Seat 1: Fusto2861 folded before Flop (didn't bet)
Seat 3: BumHuntKing (button) folded before Flop (didn't bet)
Seat 4: reiyser (small blind) collected ($5.32)
Seat 5: BGS013 (big blind) folded on the Flop
Seat 6: Rdalonso folded before Flop (didn't bet)



PokerStars Hand #254723006586:  Hold'em No Limit ($0.50/$1.00 USD) - 2025/02/05 19:34:43 WET [2025/02/05 14:34:43 ET]
Table 'Ilsebill II' 6-max Seat #4 is the button
Seat 2: michasia ($174.60 in chips) is sitting out
Seat 1: Fusto2861 ($115.87 in chips) 
Seat 3: BumHuntKing ($115.50 in chips) 
Seat 4: reiyser ($110.48 in chips) 
Seat 5: BGS013 ($130.14 in chips) 
Seat 6: Rdalonso ($100 in chips) 
BGS013: posts small blind $0.50
Rdalonso: posts big blind $1
*** HOLE CARDS ***
Fusto2861: folds 
BumHuntKing: folds 
reiyser: folds 
BGS013: folds 
Uncalled bet ($0.50) returned to Rdalonso
Rdalonso collected $1 from pot
Rdalonso: doesn't show hand 
*** SUMMARY ***
Total pot $1 | Rake $0 
Seat 2: michasia
Seat 1: Fusto2861 folded before Flop (didn't bet)
Seat 3: BumHuntKing folded before Flop (didn't bet)
Seat 4: reiyser (button) folded before Flop (didn't bet)
Seat 5: BGS013 (small blind) folded before Flop
Seat 6: Rdalonso (big blind) collected ($1)



PokerStars Hand #254723011410:  Hold'em No Limit ($0.50/$1.00 USD) - 2025/02/05 19:35:00 WET [2025/02/05 14:35:00 ET]
Table 'Ilsebill II' 6-max Seat #5 is the button
Seat 2: michasia ($174.60 in chips) is sitting out
Seat 1: Fusto2861 ($115.87 in chips) 
Seat 3: BumHuntKing ($115.50 in chips) 
Seat 4: reiyser ($110.48 in chips) 
Seat 5: BGS013 ($129.64 in chips) 
Seat 6: Rdalonso ($100.50 in chips) 
Rdalonso: posts small blind $0.50
Fusto2861: posts big blind $1
*** HOLE CARDS ***
BumHuntKing: folds 
reiyser: raises $1.23 to $2.23
BGS013: folds 
Rdalonso: folds 
Fusto2861: calls $1.23
*** FLOP *** [Jc Jh 6c]
Fusto2861: checks 
reiyser: bets $1.37
Fusto2861: folds 
Uncalled bet ($1.37) returned to reiyser
reiyser collected $4.71 from pot
reiyser: doesn't show hand 
*** SUMMARY ***
Total pot $4.96 | Rake $0.25 
Board [Jc Jh 6c]
Seat 2: michasia
Seat 1: Fusto2861 (big blind) folded on the Flop
Seat 3: BumHuntKing folded before Flop (didn't bet)
Seat 4: reiyser collected ($4.71)
Seat 5: BGS013 (button) folded before Flop (didn't bet)
Seat 6: Rdalonso (small blind) folded before Flop



PokerStars Hand #254723020737:  Hold'em No Limit ($0.50/$1.00 USD) - 2025/02/05 19:35:32 WET [2025/02/05 14:35:32 ET]
Table 'Ilsebill II' 6-max Seat #6 is the button
Seat 2: michasia ($174.60 in chips) is sitting out
Seat 1: Fusto2861 ($113.64 in chips) 
Seat 3: BumHuntKing ($115.50 in chips) 
Seat 4: reiyser ($112.96 in chips) 
Seat 5: BGS013 ($129.64 in chips) 
Seat 6: Rdalonso ($100 in chips) 
Fusto2861: posts small blind $0.50
BumHuntKing: posts big blind $1
*** HOLE CARDS ***
reiyser: folds 
BGS013: raises $1.50 to $2.50
Rdalonso: folds 
Fusto2861: folds 
BumHuntKing: folds 
Uncalled bet ($1.50) returned to BGS013
BGS013 collected $2.50 from pot
BGS013: doesn't show hand 
*** SUMMARY ***
Total pot $2.50 | Rake $0 
Seat 2: michasia
Seat 1: Fusto2861 (small blind) folded before Flop
Seat 3: BumHuntKing (big blind) folded before Flop
Seat 4: reiyser folded before Flop (didn't bet)
Seat 5: BGS013 collected ($2.50)
Seat 6: Rdalonso (button) folded before Flop (didn't bet)



PokerStars Hand #254723028161:  Hold'em No Limit ($0.50/$1.00 USD) - 2025/02/05 19:35:57 WET [2025/02/05 14:35:57 ET]
Table 'Ilsebill II' 6-max Seat #1 is the button
Seat 2: michasia ($174.60 in chips) is sitting out
Seat 1: Fusto2861 ($113.14 in chips) 
Seat 3: BumHuntKing ($114.50 in chips) 
Seat 4: reiyser ($112.96 in chips) 
Seat 5: BGS013 ($131.14 in chips) 
Seat 6: Rdalonso ($100 in chips) 
BumHuntKing: posts small blind $0.50
reiyser: posts big blind $1
*** HOLE CARDS ***
BGS013: raises $1 to $2
Rdalonso: folds 
Fusto2861: folds 
BumHuntKing: folds 
reiyser: folds 
Uncalled bet ($1) returned to BGS013
BGS013 collected $2.50 from pot
BGS013: doesn't show hand 
*** SUMMARY ***
Total pot $2.50 | Rake $0 
Seat 2: michasia
Seat 1: Fusto2861 (button) folded before Flop (didn't bet)
Seat 3: BumHuntKing (small blind) folded before Flop
Seat 4: reiyser (big blind) folded before Flop
Seat 5: BGS013 collected ($2.50)
Seat 6: Rdalonso folded before Flop (didn't bet)



PokerStars Hand #254723036147:  Hold'em No Limit ($0.50/$1.00 USD) - 2025/02/05 19:36:25 WET [2025/02/05 14:36:25 ET]
Table 'Ilsebill II' 6-max Seat #3 is the button
Seat 2: michasia ($174.60 in chips) is sitting out
Seat 1: Fusto2861 ($113.14 in chips) 
Seat 3: BumHuntKing ($114 in chips) 
Seat 4: reiyser ($111.96 in chips) 
Seat 5: BGS013 ($132.64 in chips) 
Seat 6: Rdalonso ($100 in chips) 
reiyser: posts small blind $0.50
BGS013: posts big blind $1
*** HOLE CARDS ***
Rdalonso: folds 
Fusto2861: folds 
BumHuntKing: folds 
reiyser: raises $1.80 to $2.80
BGS013: raises $6.70 to $9.50
reiyser: folds 
Uncalled bet ($6.70) returned to BGS013
BGS013 collected $5.60 from pot
BGS013: doesn't show hand 
*** SUMMARY ***
Total pot $5.60 | Rake $0 
Seat 2: michasia
Seat 1: Fusto2861 folded before Flop (didn't bet)
Seat 3: BumHuntKing (button) folded before Flop (didn't bet)
Seat 4: reiyser (small blind) folded before Flop
Seat 5: BGS013 (big blind) collected ($5.60)
Seat 6: Rdalonso folded before Flop (didn't bet)



PokerStars Hand #254723044080:  Hold'em No Limit ($0.50/$1.00 USD) - 2025/02/05 19:36:52 WET [2025/02/05 14:36:52 ET]
Table 'Ilsebill II' 6-max Seat #4 is the button
Seat 2: michasia ($174.60 in chips) is sitting out
Seat 1: Fusto2861 ($113.14 in chips) 
Seat 3: BumHuntKing ($114 in chips) 
Seat 4: reiyser ($109.16 in chips) 
Seat 5: BGS013 ($135.44 in chips) 
Seat 6: Rdalonso ($100 in chips) 
BGS013: posts small blind $0.50
Rdalonso: posts big blind $1
*** HOLE CARDS ***
Fusto2861: folds 
BumHuntKing: raises $1.20 to $2.20
reiyser: folds 
BGS013: folds 
Rdalonso: folds 
Uncalled bet ($1.20) returned to BumHuntKing
BumHuntKing collected $2.50 from pot
BumHuntKing: doesn't show hand 
*** SUMMARY ***
Total pot $2.50 | Rake $0 
Seat 2: michasia
Seat 1: Fusto2861 folded before Flop (didn't bet)
Seat 3: BumHuntKing collected ($2.50)
Seat 4: reiyser (button) folded before Flop (didn't bet)
Seat 5: BGS013 (small blind) folded before Flop
Seat 6: Rdalonso (big blind) folded before Flop



