PokerStars Hand #254726054810:  Hold'em No Limit ($0.50/$1.00 USD) - 2025/02/05 22:25:20 WET [2025/02/05 17:25:20 ET]
Table 'Tugela II' 6-max Seat #4 is the button
Seat 2: CichiChanMarian ($100 in chips) 
Seat 3: mr.Jckpot ($100 in chips) 
Seat 4: tintin641 ($100 in chips) 
Seat 5: LuckyShikari ($10 in chips) 
Seat 6: blackclan7 ($100 in chips) 
LuckyShikari: posts small blind $0.50
blackclan7: posts big blind $1
*** HOLE CARDS ***
CichiChanMarian: folds 
mr.Jckpot: folds 
tintin641: folds 
LuckyShikari: raises $9 to $10 and is all-in
blackclan7: calls $9
*** FLOP *** [8h 8c Qd]
*** TURN *** [8h 8c Qd] [2d]
*** RIVER *** [8h 8c Qd 2d] [Kh]
*** SHOW DOWN ***
LuckyShikari: shows [9c Tc] (a pair of Eights)
blackclan7: shows [Ad Js] (a pair of Eights - Ace kicker)
blackclan7 cashed out the hand for $11.03 | Cash Out Fee $0.23
*** SUMMARY ***
Total pot $20 | Rake $1 
Board [8h 8c Qd 2d Kh]
Seat 2: CichiChanMarian folded before Flop (didn't bet)
Seat 3: mr.Jckpot folded before Flop (didn't bet)
Seat 4: tintin641 (button) folded before Flop (didn't bet)
Seat 5: LuckyShikari (small blind) showed [9c Tc] and lost with a pair of Eights
Seat 6: blackclan7 (big blind) showed [Ad Js] and won ($19) with a pair of Eights (pot not awarded as player cashed out)



PokerStars Hand #254726063011:  Hold'em No Limit ($0.50/$1.00 USD) - 2025/02/05 22:25:47 WET [2025/02/05 17:25:47 ET]
Table 'Tugela II' 6-max Seat #5 is the button
Seat 2: CichiChanMarian ($100 in chips) 
Seat 3: mr.Jckpot ($100 in chips) 
Seat 4: tintin641 ($100 in chips) 
Seat 5: LuckyShikari ($100 in chips) 
Seat 6: blackclan7 ($101.03 in chips) 
blackclan7: posts small blind $0.50
CichiChanMarian: posts big blind $1
*** HOLE CARDS ***
mr.Jckpot: folds 
tintin641: folds 
LuckyShikari: raises $1 to $2
blackclan7: folds 
CichiChanMarian: raises $8.80 to $10.80
LuckyShikari: folds 
Uncalled bet ($8.80) returned to CichiChanMarian
CichiChanMarian collected $4.50 from pot
CichiChanMarian: doesn't show hand 
*** SUMMARY ***
Total pot $4.50 | Rake $0 
Seat 2: CichiChanMarian (big blind) collected ($4.50)
Seat 3: mr.Jckpot folded before Flop (didn't bet)
Seat 4: tintin641 folded before Flop (didn't bet)
Seat 5: LuckyShikari (button) folded before Flop
Seat 6: blackclan7 (small blind) folded before Flop



PokerStars Hand #254726068975:  Hold'em No Limit ($0.50/$1.00 USD) - 2025/02/05 22:26:08 WET [2025/02/05 17:26:08 ET]
Table 'Tugela II' 6-max Seat #6 is the button
Seat 2: CichiChanMarian ($102.50 in chips) 
Seat 3: mr.Jckpot ($100 in chips) 
Seat 4: tintin641 ($100 in chips) 
Seat 5: LuckyShikari ($100 in chips) 
Seat 6: blackclan7 ($100.53 in chips) 
CichiChanMarian: posts small blind $0.50
mr.Jckpot: posts big blind $1
*** HOLE CARDS ***
tintin641: folds 
LuckyShikari: raises $1 to $2
blackclan7: raises $4.95 to $6.95
CichiChanMarian: folds 
mr.Jckpot: folds 
LuckyShikari: raises $16.05 to $23
blackclan7: folds 
Uncalled bet ($16.05) returned to LuckyShikari
LuckyShikari collected $15.40 from pot
LuckyShikari: doesn't show hand 
*** SUMMARY ***
Total pot $15.40 | Rake $0 
Seat 2: CichiChanMarian (small blind) folded before Flop
Seat 3: mr.Jckpot (big blind) folded before Flop
Seat 4: tintin641 folded before Flop (didn't bet)
Seat 5: LuckyShikari collected ($15.40)
Seat 6: blackclan7 (button) folded before Flop



PokerStars Hand #254726083032:  Hold'em No Limit ($0.50/$1.00 USD) - 2025/02/05 22:26:55 WET [2025/02/05 17:26:55 ET]
Table 'Tugela II' 6-max Seat #2 is the button
Seat 2: CichiChanMarian ($102 in chips) 
Seat 3: mr.Jckpot ($100 in chips) 
Seat 4: tintin641 ($100 in chips) 
Seat 5: LuckyShikari ($108.45 in chips) 
Seat 6: blackclan7 ($100 in chips) 
mr.Jckpot: posts small blind $0.50
tintin641: posts big blind $1
*** HOLE CARDS ***
LuckyShikari: folds 
blackclan7: folds 
CichiChanMarian: raises $1.50 to $2.50
mr.Jckpot: folds 
tintin641: folds 
Uncalled bet ($1.50) returned to CichiChanMarian
CichiChanMarian collected $2.50 from pot
CichiChanMarian: doesn't show hand 
*** SUMMARY ***
Total pot $2.50 | Rake $0 
Seat 2: CichiChanMarian (button) collected ($2.50)
Seat 3: mr.Jckpot (small blind) folded before Flop
Seat 4: tintin641 (big blind) folded before Flop
Seat 5: LuckyShikari folded before Flop (didn't bet)
Seat 6: blackclan7 folded before Flop (didn't bet)



PokerStars Hand #254726088507:  Hold'em No Limit ($0.50/$1.00 USD) - 2025/02/05 22:27:13 WET [2025/02/05 17:27:13 ET]
Table 'Tugela II' 6-max Seat #3 is the button
Seat 2: CichiChanMarian ($103.50 in chips) 
Seat 3: mr.Jckpot ($100 in chips) 
Seat 4: tintin641 ($100 in chips) 
Seat 5: LuckyShikari ($108.45 in chips) 
Seat 6: blackclan7 ($100 in chips) 
tintin641: posts small blind $0.50
LuckyShikari: posts big blind $1
*** HOLE CARDS ***
blackclan7: folds 
CichiChanMarian: raises $1.50 to $2.50
mr.Jckpot: folds 
tintin641: folds 
LuckyShikari: folds 
Uncalled bet ($1.50) returned to CichiChanMarian
CichiChanMarian collected $2.50 from pot
CichiChanMarian: doesn't show hand 
*** SUMMARY ***
Total pot $2.50 | Rake $0 
Seat 2: CichiChanMarian collected ($2.50)
Seat 3: mr.Jckpot (button) folded before Flop (didn't bet)
Seat 4: tintin641 (small blind) folded before Flop
Seat 5: LuckyShikari (big blind) folded before Flop
Seat 6: blackclan7 folded before Flop (didn't bet)



PokerStars Hand #254726096095:  Hold'em No Limit ($0.50/$1.00 USD) - 2025/02/05 22:27:39 WET [2025/02/05 17:27:39 ET]
Table 'Tugela II' 6-max Seat #4 is the button
Seat 2: CichiChanMarian ($105 in chips) is sitting out
Seat 6: blackclan7 ($100 in chips) is sitting out
Seat 3: mr.Jckpot ($100 in chips) 
Seat 4: tintin641 ($100 in chips) 
Seat 5: LuckyShikari ($107.45 in chips) 
LuckyShikari: posts small blind $0.50
blackclan7: is sitting out 
CichiChanMarian: is sitting out 
mr.Jckpot: posts big blind $1
*** HOLE CARDS ***
CichiChanMarian leaves the table
blackclan7 leaves the table
tintin641: folds 
tintin641 leaves the table
LuckyShikari: raises $1.50 to $2.50
mr.Jckpot: calls $1.50
*** FLOP *** [5d Js 7c]
LuckyShikari: checks 
mr.Jckpot: bets $3.14
LuckyShikari: raises $6.36 to $9.50
mr.Jckpot: calls $6.36
*** TURN *** [5d Js 7c] [5s]
LuckyShikari: checks 
mr.Jckpot: checks 
*** RIVER *** [5d Js 7c 5s] [7d]
LuckyShikari: checks 
mr.Jckpot: bets $17.50
LuckyShikari: folds 
Uncalled bet ($17.50) returned to mr.Jckpot
mr.Jckpot collected $23 from pot
mr.Jckpot: doesn't show hand 
*** SUMMARY ***
Total pot $24 | Rake $1 
Board [5d Js 7c 5s 7d]
Seat 2: CichiChanMarian
Seat 6: blackclan7
Seat 3: mr.Jckpot (big blind) collected ($23)
Seat 4: tintin641 (button) folded before Flop (didn't bet)
Seat 5: LuckyShikari (small blind) folded on the River



PokerStars Hand #254726108510:  Hold'em No Limit ($0.50/$1.00 USD) - 2025/02/05 22:28:21 WET [2025/02/05 17:28:21 ET]
Table 'Tugela II' 6-max Seat #3 is the button
Seat 3: mr.Jckpot ($111 in chips) 
Seat 5: LuckyShikari ($100 in chips) 
mr.Jckpot: posts small blind $0.50
LuckyShikari: posts big blind $1
*** HOLE CARDS ***
mr.Jckpot: raises $1 to $2
LuckyShikari: folds 
Uncalled bet ($1) returned to mr.Jckpot
mr.Jckpot collected $2 from pot
mr.Jckpot: doesn't show hand 
*** SUMMARY ***
Total pot $2 | Rake $0 
Seat 3: mr.Jckpot (button) (small blind) collected ($2)
Seat 5: LuckyShikari (big blind) folded before Flop



PokerStars Hand #254726111502:  Hold'em No Limit ($0.50/$1.00 USD) - 2025/02/05 22:28:31 WET [2025/02/05 17:28:31 ET]
Table 'Tugela II' 6-max Seat #5 is the button
Seat 3: mr.Jckpot ($112 in chips) 
Seat 5: LuckyShikari ($100 in chips) 
LuckyShikari: posts small blind $0.50
mr.Jckpot: posts big blind $1
*** HOLE CARDS ***
LuckyShikari: raises $1 to $2
mr.Jckpot: folds 
Uncalled bet ($1) returned to LuckyShikari
LuckyShikari collected $2 from pot
LuckyShikari: doesn't show hand 
*** SUMMARY ***
Total pot $2 | Rake $0 
Seat 3: mr.Jckpot (big blind) folded before Flop
Seat 5: LuckyShikari (button) (small blind) collected ($2)



PokerStars Hand #254726114811:  Hold'em No Limit ($0.50/$1.00 USD) - 2025/02/05 22:28:42 WET [2025/02/05 17:28:42 ET]
Table 'Tugela II' 6-max Seat #3 is the button
Seat 3: mr.Jckpot ($111 in chips) 
Seat 5: LuckyShikari ($101 in chips) 
mr.Jckpot: posts small blind $0.50
LuckyShikari: posts big blind $1
*** HOLE CARDS ***
mr.Jckpot: raises $1 to $2
LuckyShikari: folds 
Uncalled bet ($1) returned to mr.Jckpot
mr.Jckpot collected $2 from pot
mr.Jckpot: doesn't show hand 
*** SUMMARY ***
Total pot $2 | Rake $0 
Seat 3: mr.Jckpot (button) (small blind) collected ($2)
Seat 5: LuckyShikari (big blind) folded before Flop



PokerStars Hand #254726120066:  Hold'em No Limit ($0.50/$1.00 USD) - 2025/02/05 22:29:00 WET [2025/02/05 17:29:00 ET]
Table 'Tugela II' 6-max Seat #5 is the button
Seat 3: mr.Jckpot ($112 in chips) 
Seat 5: LuckyShikari ($100 in chips) 
LuckyShikari: posts small blind $0.50
mr.Jckpot: posts big blind $1
*** HOLE CARDS ***
LuckyShikari: raises $1 to $2
mr.Jckpot: calls $1
*** FLOP *** [6s 3s Tc]
mr.Jckpot: checks 
LuckyShikari: bets $4.50
mr.Jckpot: calls $4.50
*** TURN *** [6s 3s Tc] [Ad]
mr.Jckpot: checks 
LuckyShikari: bets $8
mr.Jckpot: folds 
Uncalled bet ($8) returned to LuckyShikari
LuckyShikari collected $12.35 from pot
LuckyShikari: doesn't show hand 
*** SUMMARY ***
Total pot $13 | Rake $0.65 
Board [6s 3s Tc Ad]
Seat 3: mr.Jckpot (big blind) folded on the Turn
Seat 5: LuckyShikari (button) (small blind) collected ($12.35)



PokerStars Hand #254726127855:  Hold'em No Limit ($0.50/$1.00 USD) - 2025/02/05 22:29:26 WET [2025/02/05 17:29:26 ET]
Table 'Tugela II' 6-max Seat #3 is the button
Seat 3: mr.Jckpot ($105.50 in chips) 
Seat 5: LuckyShikari ($105.85 in chips) 
mr.Jckpot: posts small blind $0.50
LuckyShikari: posts big blind $1
*** HOLE CARDS ***
mr.Jckpot: raises $1 to $2
LuckyShikari: raises $9 to $11
mr.Jckpot: folds 
Uncalled bet ($9) returned to LuckyShikari
LuckyShikari collected $4 from pot
LuckyShikari: doesn't show hand 
*** SUMMARY ***
Total pot $4 | Rake $0 
Seat 3: mr.Jckpot (button) (small blind) folded before Flop
Seat 5: LuckyShikari (big blind) collected ($4)



PokerStars Hand #254726529937:  Hold'em No Limit ($0.50/$1.00 USD) - 2025/02/05 22:52:47 WET [2025/02/05 17:52:47 ET]
Table 'Tugela II' 6-max Seat #4 is the button
Seat 1: nikalas22 ($100 in chips) 
Seat 2: kekoccc ($100 in chips) 
Seat 3: IShowMeat69 ($97.98 in chips) 
Seat 4: YeeesMan ($100 in chips) 
Seat 5: G.Andrei95 ($100 in chips) 
Seat 6: IREQO ($77.45 in chips) 
G.Andrei95: posts small blind $0.50
IREQO: posts big blind $1
*** HOLE CARDS ***
nikalas22: folds 
kekoccc: folds 
IShowMeat69: folds 
YeeesMan: folds 
G.Andrei95: folds 
Uncalled bet ($0.50) returned to IREQO
IREQO collected $1 from pot
IREQO: doesn't show hand 
*** SUMMARY ***
Total pot $1 | Rake $0 
Seat 1: nikalas22 folded before Flop (didn't bet)
Seat 2: kekoccc folded before Flop (didn't bet)
Seat 3: IShowMeat69 folded before Flop (didn't bet)
Seat 4: YeeesMan (button) folded before Flop (didn't bet)
Seat 5: G.Andrei95 (small blind) folded before Flop
Seat 6: IREQO (big blind) collected ($1)



PokerStars Hand #254726532705:  Hold'em No Limit ($0.50/$1.00 USD) - 2025/02/05 22:52:57 WET [2025/02/05 17:52:57 ET]
Table 'Tugela II' 6-max Seat #5 is the button
Seat 1: nikalas22 ($100 in chips) 
Seat 2: kekoccc ($100 in chips) 
Seat 3: IShowMeat69 ($97.98 in chips) 
Seat 4: YeeesMan ($100 in chips) 
Seat 5: G.Andrei95 ($100 in chips) 
Seat 6: IREQO ($77.95 in chips) 
IREQO: posts small blind $0.50
nikalas22: posts big blind $1
*** HOLE CARDS ***
kekoccc: folds 
IShowMeat69 has timed out
IShowMeat69: folds 
YeeesMan: raises $1.50 to $2.50
G.Andrei95: folds 
IREQO: folds 
nikalas22: folds 
Uncalled bet ($1.50) returned to YeeesMan
YeeesMan collected $2.50 from pot
YeeesMan: doesn't show hand 
*** SUMMARY ***
Total pot $2.50 | Rake $0 
Seat 1: nikalas22 (big blind) folded before Flop
Seat 2: kekoccc folded before Flop (didn't bet)
Seat 3: IShowMeat69 folded before Flop (didn't bet)
Seat 4: YeeesMan collected ($2.50)
Seat 5: G.Andrei95 (button) folded before Flop (didn't bet)
Seat 6: IREQO (small blind) folded before Flop



PokerStars Hand #254726545584:  Hold'em No Limit ($0.50/$1.00 USD) - 2025/02/05 22:53:43 WET [2025/02/05 17:53:43 ET]
Table 'Tugela II' 6-max Seat #6 is the button
Seat 3: IShowMeat69 ($97.98 in chips) is sitting out
Seat 1: nikalas22 ($100 in chips) 
Seat 2: kekoccc ($100 in chips) 
Seat 4: YeeesMan ($101.50 in chips) 
Seat 5: G.Andrei95 ($100 in chips) 
Seat 6: IREQO ($100 in chips) 
nikalas22: posts small blind $0.50
kekoccc: posts big blind $1
*** HOLE CARDS ***
YeeesMan: folds 
G.Andrei95: folds 
IREQO: raises $1.50 to $2.50
nikalas22: folds 
kekoccc: calls $1.50
*** FLOP *** [8c As Js]
kekoccc: checks 
IREQO: checks 
*** TURN *** [8c As Js] [Ac]
kekoccc: bets $3.92
IREQO: folds 
Uncalled bet ($3.92) returned to kekoccc
kekoccc collected $5.22 from pot
kekoccc: doesn't show hand 
*** SUMMARY ***
Total pot $5.50 | Rake $0.28 
Board [8c As Js Ac]
Seat 3: IShowMeat69
Seat 1: nikalas22 (small blind) folded before Flop
Seat 2: kekoccc (big blind) collected ($5.22)
Seat 4: YeeesMan folded before Flop (didn't bet)
Seat 5: G.Andrei95 folded before Flop (didn't bet)
Seat 6: IREQO (button) folded on the Turn



PokerStars Hand #254726563601:  Hold'em No Limit ($0.50/$1.00 USD) - 2025/02/05 22:54:49 WET [2025/02/05 17:54:49 ET]
Table 'Tugela II' 6-max Seat #1 is the button
Seat 1: nikalas22 ($100 in chips) 
Seat 2: kekoccc ($102.72 in chips) 
Seat 3: IShowMeat69 ($97.98 in chips) 
Seat 4: YeeesMan ($101.50 in chips) 
Seat 5: G.Andrei95 ($100 in chips) 
Seat 6: IREQO ($97.50 in chips) 
kekoccc: posts small blind $0.50
IShowMeat69: posts big blind $1
*** HOLE CARDS ***
YeeesMan: raises $1.50 to $2.50
G.Andrei95: raises $5 to $7.50
IREQO: folds 
nikalas22: folds 
kekoccc: folds 
IShowMeat69: folds 
YeeesMan: raises $15.50 to $23
G.Andrei95: folds 
Uncalled bet ($15.50) returned to YeeesMan
YeeesMan collected $16.50 from pot
YeeesMan: doesn't show hand 
*** SUMMARY ***
Total pot $16.50 | Rake $0 
Seat 1: nikalas22 (button) folded before Flop (didn't bet)
Seat 2: kekoccc (small blind) folded before Flop
Seat 3: IShowMeat69 (big blind) folded before Flop
Seat 4: YeeesMan collected ($16.50)
Seat 5: G.Andrei95 folded before Flop
Seat 6: IREQO folded before Flop (didn't bet)



PokerStars Hand #254726574243:  Hold'em No Limit ($0.50/$1.00 USD) - 2025/02/05 22:55:36 WET [2025/02/05 17:55:36 ET]
Table 'Tugela II' 6-max Seat #2 is the button
Seat 4: YeeesMan ($110.50 in chips) is sitting out
Seat 1: nikalas22 ($100 in chips) 
Seat 2: kekoccc ($102.22 in chips) 
Seat 3: IShowMeat69 ($96.98 in chips) 
Seat 5: G.Andrei95 ($100 in chips) 
Seat 6: IREQO ($97.50 in chips) 
IShowMeat69: posts small blind $0.50
YeeesMan: is sitting out 
G.Andrei95: posts big blind $1
*** HOLE CARDS ***
IREQO: folds 
YeeesMan leaves the table
nikalas22: folds 
kekoccc: folds 
IShowMeat69: calls $0.50
G.Andrei95: checks 
*** FLOP *** [Kd Th Tc]
IShowMeat69: checks 
G.Andrei95: checks 
*** TURN *** [Kd Th Tc] [9c]
IShowMeat69: checks 
G.Andrei95: bets $1.35
IShowMeat69: calls $1.35
*** RIVER *** [Kd Th Tc 9c] [7s]
IShowMeat69: checks 
G.Andrei95: checks 
*** SHOW DOWN ***
IShowMeat69: shows [8c 8s] (two pair, Tens and Eights)
G.Andrei95: mucks hand 
IShowMeat69 collected $4.46 from pot
*** SUMMARY ***
Total pot $4.70 | Rake $0.24 
Board [Kd Th Tc 9c 7s]
Seat 4: YeeesMan
Seat 1: nikalas22 folded before Flop (didn't bet)
Seat 2: kekoccc (button) folded before Flop (didn't bet)
Seat 3: IShowMeat69 (small blind) showed [8c 8s] and won ($4.46) with two pair, Tens and Eights
Seat 5: G.Andrei95 (big blind) mucked
Seat 6: IREQO folded before Flop (didn't bet)



PokerStars Hand #254726579751:  Hold'em No Limit ($0.50/$1.00 USD) - 2025/02/05 22:56:05 WET [2025/02/05 17:56:05 ET]
Table 'Tugela II' 6-max Seat #3 is the button
Seat 1: nikalas22 ($100 in chips) 
Seat 2: kekoccc ($102.22 in chips) 
Seat 3: IShowMeat69 ($99.09 in chips) 
Seat 5: G.Andrei95 ($100 in chips) 
Seat 6: IREQO ($97.50 in chips) 
G.Andrei95: posts small blind $0.50
IREQO: posts big blind $1
*** HOLE CARDS ***
LuckyShikari joins the table at seat #4 
nikalas22: folds 
kekoccc: folds 
IShowMeat69: folds 
G.Andrei95: folds 
Uncalled bet ($0.50) returned to IREQO
IREQO collected $1 from pot
IREQO: doesn't show hand 
*** SUMMARY ***
Total pot $1 | Rake $0 
Seat 1: nikalas22 folded before Flop (didn't bet)
Seat 2: kekoccc folded before Flop (didn't bet)
Seat 3: IShowMeat69 (button) folded before Flop (didn't bet)
Seat 5: G.Andrei95 (small blind) folded before Flop
Seat 6: IREQO (big blind) collected ($1)



PokerStars Hand #254726582055:  Hold'em No Limit ($0.50/$1.00 USD) - 2025/02/05 22:56:16 WET [2025/02/05 17:56:16 ET]
Table 'Tugela II' 6-max Seat #5 is the button
Seat 1: nikalas22 ($100 in chips) is sitting out
Seat 2: kekoccc ($102.22 in chips) is sitting out
Seat 4: LuckyShikari ($107.85 in chips) is sitting out
Seat 3: IShowMeat69 ($99.09 in chips) 
Seat 5: G.Andrei95 ($100 in chips) 
Seat 6: IREQO ($98 in chips) 
IREQO: posts small blind $0.50
nikalas22: is sitting out 
kekoccc: is sitting out 
IShowMeat69: posts big blind $1
LuckyShikari: sits out 
*** HOLE CARDS ***
kekoccc leaves the table
nikalas22 leaves the table
G.Andrei95: raises $1.50 to $2.50
IREQO: raises $8.50 to $11
IShowMeat69: folds 
Bejondeiala joins the table at seat #1 
G.Andrei95: folds 
Uncalled bet ($8.50) returned to IREQO
IShowMeat69 leaves the table
avstero joins the table at seat #2 
IREQO collected $6 from pot
IREQO: doesn't show hand 
*** SUMMARY ***
Total pot $6 | Rake $0 
Seat 1: nikalas22
Seat 2: kekoccc
Seat 4: LuckyShikari
Seat 3: IShowMeat69 (big blind) folded before Flop
Seat 5: G.Andrei95 (button) folded before Flop
Seat 6: IREQO (small blind) collected ($6)



