PokerStars Hand #254721883349:  Hold'em No Limit ($0.50/$1.00 USD) - 2025/02/05 18:27:03 WET [2025/02/05 13:27:03 ET]
Table 'Johanna II' 6-max Seat #2 is the button
Seat 1: CichiChanMarian ($100 in chips) 
Seat 2: IREQO ($85.99 in chips) 
Seat 3: frangaray3164 ($100 in chips) 
Seat 4: KadeDr1ver ($40.91 in chips) 
Seat 5: magzi777 ($100 in chips) 
Seat 6: antey89 ($108.44 in chips) 
frangaray3164: posts small blind $0.50
KadeDr1ver: posts big blind $1
*** HOLE CARDS ***
magzi777: folds 
antey89: folds 
CichiChanMarian: folds 
IREQO: folds 
frangaray3164: folds 
Uncalled bet ($0.50) returned to KadeDr1ver
KadeDr1ver collected $1 from pot
*** SUMMARY ***
Total pot $1 | Rake $0 
Seat 1: CichiChanMarian folded before Flop (didn't bet)
Seat 2: IREQO (button) folded before Flop (didn't bet)
Seat 3: frangaray3164 (small blind) folded before Flop
Seat 4: KadeDr1ver (big blind) collected ($1)
Seat 5: magzi777 folded before Flop (didn't bet)
Seat 6: antey89 folded before Flop (didn't bet)



PokerStars Hand #254721888906:  Hold'em No Limit ($0.50/$1.00 USD) - 2025/02/05 18:27:22 WET [2025/02/05 13:27:22 ET]
Table 'Johanna II' 6-max Seat #3 is the button
Seat 1: CichiChanMarian ($100 in chips) 
Seat 2: IREQO ($85.99 in chips) 
Seat 3: frangaray3164 ($100 in chips) 
Seat 4: KadeDr1ver ($41.41 in chips) 
Seat 5: magzi777 ($100 in chips) 
Seat 6: antey89 ($108.44 in chips) 
KadeDr1ver: posts small blind $0.50
magzi777: posts big blind $1
*** HOLE CARDS ***
antey89: raises $1.50 to $2.50
CichiChanMarian: folds 
IREQO: calls $2.50
frangaray3164: folds 
KadeDr1ver: folds 
magzi777: folds 
*** FLOP *** [Ks Qc 9s]
antey89: checks 
IREQO: checks 
*** TURN *** [Ks Qc 9s] [4d]
antey89: checks 
IREQO: checks 
*** RIVER *** [Ks Qc 9s 4d] [9c]
antey89: bets $4.02
IREQO: folds 
Uncalled bet ($4.02) returned to antey89
antey89 collected $6.18 from pot
antey89: doesn't show hand 
*** SUMMARY ***
Total pot $6.50 | Rake $0.32 
Board [Ks Qc 9s 4d 9c]
Seat 1: CichiChanMarian folded before Flop (didn't bet)
Seat 2: IREQO folded on the River
Seat 3: frangaray3164 (button) folded before Flop (didn't bet)
Seat 4: KadeDr1ver (small blind) folded before Flop
Seat 5: magzi777 (big blind) folded before Flop
Seat 6: antey89 collected ($6.18)



PokerStars Hand #254721918494:  Hold'em No Limit ($0.50/$1.00 USD) - 2025/02/05 18:29:10 WET [2025/02/05 13:29:10 ET]
Table 'Johanna II' 6-max Seat #4 is the button
Seat 6: antey89 ($112.12 in chips) is sitting out
Seat 1: CichiChanMarian ($100 in chips) 
Seat 2: IREQO ($83.49 in chips) 
Seat 3: frangaray3164 ($100 in chips) 
Seat 4: KadeDr1ver ($40.91 in chips) 
Seat 5: magzi777 ($100 in chips) 
magzi777: posts small blind $0.50
CichiChanMarian: posts big blind $1
*** HOLE CARDS ***
IREQO: raises $1.50 to $2.50
frangaray3164: folds 
KadeDr1ver: calls $2.50
magzi777: folds 
CichiChanMarian: folds 
*** FLOP *** [Qd 7d 5h]
IREQO: checks 
KadeDr1ver: bets $3
IREQO: raises $9 to $12
KadeDr1ver: folds 
Uncalled bet ($9) returned to IREQO
IREQO collected $11.88 from pot
IREQO: doesn't show hand 
*** SUMMARY ***
Total pot $12.50 | Rake $0.62 
Board [Qd 7d 5h]
Seat 6: antey89
Seat 1: CichiChanMarian (big blind) folded before Flop
Seat 2: IREQO collected ($11.88)
Seat 3: frangaray3164 folded before Flop (didn't bet)
Seat 4: KadeDr1ver (button) folded on the Flop
Seat 5: magzi777 (small blind) folded before Flop



PokerStars Hand #254721950886:  Hold'em No Limit ($0.50/$1.00 USD) - 2025/02/05 18:31:05 WET [2025/02/05 13:31:05 ET]
Table 'Johanna II' 6-max Seat #5 is the button
Seat 6: antey89 ($112.12 in chips) is sitting out
Seat 1: CichiChanMarian ($100 in chips) 
Seat 2: IREQO ($89.87 in chips) 
Seat 3: frangaray3164 ($100 in chips) 
Seat 4: KadeDr1ver ($35.41 in chips) 
Seat 5: magzi777 ($100 in chips) 
CichiChanMarian: posts small blind $0.50
IREQO: posts big blind $1
*** HOLE CARDS ***
frangaray3164: raises $1.25 to $2.25
KadeDr1ver: folds 
magzi777: folds 
CichiChanMarian: folds 
IREQO: folds 
Uncalled bet ($1.25) returned to frangaray3164
frangaray3164 collected $2.50 from pot
frangaray3164: doesn't show hand 
*** SUMMARY ***
Total pot $2.50 | Rake $0 
Seat 6: antey89
Seat 1: CichiChanMarian (small blind) folded before Flop
Seat 2: IREQO (big blind) folded before Flop
Seat 3: frangaray3164 collected ($2.50)
Seat 4: KadeDr1ver folded before Flop (didn't bet)
Seat 5: magzi777 (button) folded before Flop (didn't bet)



PokerStars Hand #254721955677:  Hold'em No Limit ($0.50/$1.00 USD) - 2025/02/05 18:31:22 WET [2025/02/05 13:31:22 ET]
Table 'Johanna II' 6-max Seat #1 is the button
Seat 6: antey89 ($112.12 in chips) is sitting out
Seat 1: CichiChanMarian ($100 in chips) 
Seat 2: IREQO ($88.87 in chips) 
Seat 3: frangaray3164 ($101.50 in chips) 
Seat 4: KadeDr1ver ($35.41 in chips) 
Seat 5: magzi777 ($100 in chips) 
IREQO: posts small blind $0.50
frangaray3164: posts big blind $1
antey89: sits out 
*** HOLE CARDS ***
KadeDr1ver: folds 
magzi777: folds 
CichiChanMarian: folds 
IREQO: raises $1.50 to $2.50
frangaray3164: folds 
Uncalled bet ($1.50) returned to IREQO
IREQO collected $2 from pot
IREQO: doesn't show hand 
*** SUMMARY ***
Total pot $2 | Rake $0 
Seat 6: antey89
Seat 1: CichiChanMarian (button) folded before Flop (didn't bet)
Seat 2: IREQO (small blind) collected ($2)
Seat 3: frangaray3164 (big blind) folded before Flop
Seat 4: KadeDr1ver folded before Flop (didn't bet)
Seat 5: magzi777 folded before Flop (didn't bet)



PokerStars Hand #254721968783:  Hold'em No Limit ($0.50/$1.00 USD) - 2025/02/05 18:32:08 WET [2025/02/05 13:32:08 ET]
Table 'Johanna II' 6-max Seat #2 is the button
Seat 6: antey89 ($112.12 in chips) is sitting out
Seat 1: CichiChanMarian ($100 in chips) 
Seat 2: IREQO ($89.87 in chips) 
Seat 3: frangaray3164 ($100.50 in chips) 
Seat 4: KadeDr1ver ($35.41 in chips) 
Seat 5: magzi777 ($100 in chips) 
frangaray3164: posts small blind $0.50
KadeDr1ver: posts big blind $1
antey89: sits out 
*** HOLE CARDS ***
magzi777: folds 
CichiChanMarian: folds 
IREQO: raises $1.50 to $2.50
frangaray3164: raises $7.50 to $10
KadeDr1ver: folds 
IREQO: folds 
Uncalled bet ($7.50) returned to frangaray3164
frangaray3164 collected $6 from pot
*** SUMMARY ***
Total pot $6 | Rake $0 
Seat 6: antey89
Seat 1: CichiChanMarian folded before Flop (didn't bet)
Seat 2: IREQO (button) folded before Flop
Seat 3: frangaray3164 (small blind) collected ($6)
Seat 4: KadeDr1ver (big blind) folded before Flop
Seat 5: magzi777 folded before Flop (didn't bet)



PokerStars Hand #254721980523:  Hold'em No Limit ($0.50/$1.00 USD) - 2025/02/05 18:32:50 WET [2025/02/05 13:32:50 ET]
Table 'Johanna II' 6-max Seat #3 is the button
Seat 6: antey89 ($112.12 in chips) is sitting out
Seat 1: CichiChanMarian ($100 in chips) 
Seat 2: IREQO ($87.37 in chips) 
Seat 3: frangaray3164 ($104 in chips) 
Seat 4: KadeDr1ver ($34.41 in chips) 
Seat 5: magzi777 ($100 in chips) 
KadeDr1ver: posts small blind $0.50
magzi777: posts big blind $1
antey89: sits out 
*** HOLE CARDS ***
CichiChanMarian: folds 
IREQO: folds 
frangaray3164: raises $1.50 to $2.50
KadeDr1ver: calls $2
magzi777: folds 
*** FLOP *** [9h 3c 2h]
KadeDr1ver: bets $2
frangaray3164: calls $2
*** TURN *** [9h 3c 2h] [Qd]
KadeDr1ver: bets $4
frangaray3164: folds 
Uncalled bet ($4) returned to KadeDr1ver
KadeDr1ver collected $9.50 from pot
*** SUMMARY ***
Total pot $10 | Rake $0.50 
Board [9h 3c 2h Qd]
Seat 6: antey89
Seat 1: CichiChanMarian folded before Flop (didn't bet)
Seat 2: IREQO folded before Flop (didn't bet)
Seat 3: frangaray3164 (button) folded on the Turn
Seat 4: KadeDr1ver (small blind) collected ($9.50)
Seat 5: magzi777 (big blind) folded before Flop



PokerStars Hand #254721998386:  Hold'em No Limit ($0.50/$1.00 USD) - 2025/02/05 18:33:55 WET [2025/02/05 13:33:55 ET]
Table 'Johanna II' 6-max Seat #4 is the button
Seat 1: CichiChanMarian ($100 in chips) 
Seat 2: IREQO ($87.37 in chips) 
Seat 3: frangaray3164 ($100 in chips) 
Seat 4: KadeDr1ver ($39.41 in chips) 
Seat 5: magzi777 ($100 in chips) 
Seat 6: antey89 ($112.12 in chips) 
magzi777: posts small blind $0.50
antey89: posts big blind $1
*** HOLE CARDS ***
CichiChanMarian: folds 
IREQO: folds 
frangaray3164: folds 
KadeDr1ver: folds 
magzi777: folds 
Uncalled bet ($0.50) returned to antey89
antey89 collected $1 from pot
antey89: doesn't show hand 
*** SUMMARY ***
Total pot $1 | Rake $0 
Seat 1: CichiChanMarian folded before Flop (didn't bet)
Seat 2: IREQO folded before Flop (didn't bet)
Seat 3: frangaray3164 folded before Flop (didn't bet)
Seat 4: KadeDr1ver (button) folded before Flop (didn't bet)
Seat 5: magzi777 (small blind) folded before Flop
Seat 6: antey89 (big blind) collected ($1)



PokerStars Hand #254722002365:  Hold'em No Limit ($0.50/$1.00 USD) - 2025/02/05 18:34:09 WET [2025/02/05 13:34:09 ET]
Table 'Johanna II' 6-max Seat #5 is the button
Seat 1: CichiChanMarian ($100 in chips) 
Seat 2: IREQO ($87.37 in chips) 
Seat 3: frangaray3164 ($100 in chips) 
Seat 4: KadeDr1ver ($39.41 in chips) 
Seat 5: magzi777 ($100 in chips) 
Seat 6: antey89 ($112.62 in chips) 
antey89: posts small blind $0.50
CichiChanMarian: posts big blind $1
*** HOLE CARDS ***
IREQO: folds 
frangaray3164: folds 
KadeDr1ver: folds 
magzi777: folds 
antey89: folds 
Uncalled bet ($0.50) returned to CichiChanMarian
CichiChanMarian collected $1 from pot
CichiChanMarian: doesn't show hand 
*** SUMMARY ***
Total pot $1 | Rake $0 
Seat 1: CichiChanMarian (big blind) collected ($1)
Seat 2: IREQO folded before Flop (didn't bet)
Seat 3: frangaray3164 folded before Flop (didn't bet)
Seat 4: KadeDr1ver folded before Flop (didn't bet)
Seat 5: magzi777 (button) folded before Flop (didn't bet)
Seat 6: antey89 (small blind) folded before Flop



PokerStars Hand #254722006971:  Hold'em No Limit ($0.50/$1.00 USD) - 2025/02/05 18:34:26 WET [2025/02/05 13:34:26 ET]
Table 'Johanna II' 6-max Seat #6 is the button
Seat 1: CichiChanMarian ($100.50 in chips) 
Seat 2: IREQO ($87.37 in chips) 
Seat 3: frangaray3164 ($100 in chips) 
Seat 4: KadeDr1ver ($39.41 in chips) 
Seat 5: magzi777 ($100 in chips) 
Seat 6: antey89 ($112.12 in chips) 
CichiChanMarian: posts small blind $0.50
IREQO: posts big blind $1
*** HOLE CARDS ***
frangaray3164: folds 
KadeDr1ver: folds 
magzi777: raises $1.50 to $2.50
antey89: folds 
CichiChanMarian: folds 
IREQO: folds 
Uncalled bet ($1.50) returned to magzi777
magzi777 collected $2.50 from pot
*** SUMMARY ***
Total pot $2.50 | Rake $0 
Seat 1: CichiChanMarian (small blind) folded before Flop
Seat 2: IREQO (big blind) folded before Flop
Seat 3: frangaray3164 folded before Flop (didn't bet)
Seat 4: KadeDr1ver folded before Flop (didn't bet)
Seat 5: magzi777 collected ($2.50)
Seat 6: antey89 (button) folded before Flop (didn't bet)



PokerStars Hand #254722015713:  Hold'em No Limit ($0.50/$1.00 USD) - 2025/02/05 18:34:57 WET [2025/02/05 13:34:57 ET]
Table 'Johanna II' 6-max Seat #1 is the button
Seat 1: CichiChanMarian ($100 in chips) 
Seat 2: IREQO ($86.37 in chips) 
Seat 3: frangaray3164 ($100 in chips) 
Seat 4: KadeDr1ver ($39.41 in chips) 
Seat 5: magzi777 ($101.50 in chips) 
Seat 6: antey89 ($112.12 in chips) 
IREQO: posts small blind $0.50
frangaray3164: posts big blind $1
*** HOLE CARDS ***
KadeDr1ver: folds 
magzi777: folds 
antey89: raises $1.50 to $2.50
CichiChanMarian: raises $5.50 to $8
IREQO: folds 
frangaray3164: folds 
antey89: folds 
Uncalled bet ($5.50) returned to CichiChanMarian
CichiChanMarian collected $6.50 from pot
CichiChanMarian: doesn't show hand 
*** SUMMARY ***
Total pot $6.50 | Rake $0 
Seat 1: CichiChanMarian (button) collected ($6.50)
Seat 2: IREQO (small blind) folded before Flop
Seat 3: frangaray3164 (big blind) folded before Flop
Seat 4: KadeDr1ver folded before Flop (didn't bet)
Seat 5: magzi777 folded before Flop (didn't bet)
Seat 6: antey89 folded before Flop



PokerStars Hand #254722027285:  Hold'em No Limit ($0.50/$1.00 USD) - 2025/02/05 18:35:38 WET [2025/02/05 13:35:38 ET]
Table 'Johanna II' 6-max Seat #2 is the button
Seat 1: CichiChanMarian ($104 in chips) 
Seat 2: IREQO ($85.87 in chips) 
Seat 3: frangaray3164 ($100 in chips) 
Seat 4: KadeDr1ver ($39.41 in chips) 
Seat 5: magzi777 ($101.50 in chips) 
Seat 6: antey89 ($109.62 in chips) 
frangaray3164: posts small blind $0.50
KadeDr1ver: posts big blind $1
*** HOLE CARDS ***
magzi777: folds 
antey89: raises $1.50 to $2.50
CichiChanMarian: folds 
IREQO: folds 
frangaray3164: folds 
KadeDr1ver: calls $1.50
*** FLOP *** [Ah 3s Qc]
KadeDr1ver: checks 
antey89: checks 
*** TURN *** [Ah 3s Qc] [5h]
KadeDr1ver: checks 
antey89: bets $3.39
KadeDr1ver: folds 
Uncalled bet ($3.39) returned to antey89
antey89 collected $5.22 from pot
antey89: doesn't show hand 
*** SUMMARY ***
Total pot $5.50 | Rake $0.28 
Board [Ah 3s Qc 5h]
Seat 1: CichiChanMarian folded before Flop (didn't bet)
Seat 2: IREQO (button) folded before Flop (didn't bet)
Seat 3: frangaray3164 (small blind) folded before Flop
Seat 4: KadeDr1ver (big blind) folded on the Turn
Seat 5: magzi777 folded before Flop (didn't bet)
Seat 6: antey89 collected ($5.22)



PokerStars Hand #254722044787:  Hold'em No Limit ($0.50/$1.00 USD) - 2025/02/05 18:36:40 WET [2025/02/05 13:36:40 ET]
Table 'Johanna II' 6-max Seat #3 is the button
Seat 1: CichiChanMarian ($104 in chips) 
Seat 2: IREQO ($85.87 in chips) 
Seat 3: frangaray3164 ($100 in chips) 
Seat 4: KadeDr1ver ($36.91 in chips) 
Seat 5: magzi777 ($101.50 in chips) 
Seat 6: antey89 ($112.34 in chips) 
KadeDr1ver: posts small blind $0.50
magzi777: posts big blind $1
*** HOLE CARDS ***
antey89: folds 
CichiChanMarian: folds 
IREQO: folds 
frangaray3164: folds 
KadeDr1ver: folds 
Uncalled bet ($0.50) returned to magzi777
magzi777 collected $1 from pot
*** SUMMARY ***
Total pot $1 | Rake $0 
Seat 1: CichiChanMarian folded before Flop (didn't bet)
Seat 2: IREQO folded before Flop (didn't bet)
Seat 3: frangaray3164 (button) folded before Flop (didn't bet)
Seat 4: KadeDr1ver (small blind) folded before Flop
Seat 5: magzi777 (big blind) collected ($1)
Seat 6: antey89 folded before Flop (didn't bet)



PokerStars Hand #254722049469:  Hold'em No Limit ($0.50/$1.00 USD) - 2025/02/05 18:36:57 WET [2025/02/05 13:36:57 ET]
Table 'Johanna II' 6-max Seat #4 is the button
Seat 1: CichiChanMarian ($104 in chips) 
Seat 2: IREQO ($85.87 in chips) 
Seat 3: frangaray3164 ($100 in chips) 
Seat 4: KadeDr1ver ($36.41 in chips) 
Seat 5: magzi777 ($102 in chips) 
Seat 6: antey89 ($112.34 in chips) 
magzi777: posts small blind $0.50
antey89: posts big blind $1
*** HOLE CARDS ***
CichiChanMarian: raises $1.50 to $2.50
IREQO: folds 
frangaray3164: folds 
KadeDr1ver: calls $2.50
magzi777: folds 
antey89: folds 
*** FLOP *** [9s 2c Th]
CichiChanMarian: checks 
KadeDr1ver: bets $3
CichiChanMarian: calls $3
*** TURN *** [9s 2c Th] [Td]
CichiChanMarian: checks 
KadeDr1ver: bets $7.88
CichiChanMarian: calls $7.88
*** RIVER *** [9s 2c Th Td] [9d]
CichiChanMarian: checks 
KadeDr1ver: bets $16.43
CichiChanMarian: calls $16.43
*** SHOW DOWN ***
KadeDr1ver: shows [4h 7h] (two pair, Tens and Nines)
CichiChanMarian: shows [Ad Kd] (two pair, Tens and Nines - Ace kicker)
CichiChanMarian collected $58.62 from pot
*** SUMMARY ***
Total pot $61.12 | Rake $2.50 
Board [9s 2c Th Td 9d]
Seat 1: CichiChanMarian showed [Ad Kd] and won ($58.62) with two pair, Tens and Nines
Seat 2: IREQO folded before Flop (didn't bet)
Seat 3: frangaray3164 folded before Flop (didn't bet)
Seat 4: KadeDr1ver (button) showed [4h 7h] and lost with two pair, Tens and Nines
Seat 5: magzi777 (small blind) folded before Flop
Seat 6: antey89 (big blind) folded before Flop



PokerStars Hand #254722077797:  Hold'em No Limit ($0.50/$1.00 USD) - 2025/02/05 18:38:37 WET [2025/02/05 13:38:37 ET]
Table 'Johanna II' 6-max Seat #5 is the button
Seat 1: CichiChanMarian ($132.81 in chips) 
Seat 2: IREQO ($85.87 in chips) 
Seat 3: frangaray3164 ($100 in chips) 
Seat 4: KadeDr1ver ($6.60 in chips) 
Seat 5: magzi777 ($101.50 in chips) 
Seat 6: antey89 ($111.34 in chips) 
antey89: posts small blind $0.50
CichiChanMarian: posts big blind $1
*** HOLE CARDS ***
IREQO: folds 
frangaray3164: raises $1.20 to $2.20
KadeDr1ver: raises $4.40 to $6.60 and is all-in
magzi777: folds 
antey89: folds 
CichiChanMarian: folds 
frangaray3164: calls $4.40
*** FLOP *** [8d Kc Ah]
*** TURN *** [8d Kc Ah] [3s]
*** RIVER *** [8d Kc Ah 3s] [5d]
*** SHOW DOWN ***
frangaray3164: shows [9s Ac] (a pair of Aces)
KadeDr1ver: shows [2d Js] (high card Ace)
frangaray3164 collected $13.96 from pot
*** SUMMARY ***
Total pot $14.70 | Rake $0.74 
Board [8d Kc Ah 3s 5d]
Seat 1: CichiChanMarian (big blind) folded before Flop
Seat 2: IREQO folded before Flop (didn't bet)
Seat 3: frangaray3164 showed [9s Ac] and won ($13.96) with a pair of Aces
Seat 4: KadeDr1ver showed [2d Js] and lost with high card Ace
Seat 5: magzi777 (button) folded before Flop (didn't bet)
Seat 6: antey89 (small blind) folded before Flop



PokerStars Hand #254722090217:  Hold'em No Limit ($0.50/$1.00 USD) - 2025/02/05 18:39:21 WET [2025/02/05 13:39:21 ET]
Table 'Johanna II' 6-max Seat #6 is the button
Seat 4: KadeDr1ver ($0 in chips) is sitting out
Seat 1: CichiChanMarian ($131.81 in chips) 
Seat 2: IREQO ($85.87 in chips) 
Seat 3: frangaray3164 ($107.36 in chips) 
Seat 5: magzi777 ($101.50 in chips) 
Seat 6: antey89 ($110.84 in chips) 
CichiChanMarian: posts small blind $0.50
IREQO: posts big blind $1
*** HOLE CARDS ***
KadeDr1ver leaves the table
frangaray3164: raises $1.25 to $2.25
magzi777: folds 
antey89: folds 
CichiChanMarian: folds 
IREQO: folds 
Uncalled bet ($1.25) returned to frangaray3164
frangaray3164 collected $2.50 from pot
frangaray3164: doesn't show hand 
*** SUMMARY ***
Total pot $2.50 | Rake $0 
Seat 4: KadeDr1ver
Seat 1: CichiChanMarian (small blind) folded before Flop
Seat 2: IREQO (big blind) folded before Flop
Seat 3: frangaray3164 collected ($2.50)
Seat 5: magzi777 folded before Flop (didn't bet)
Seat 6: antey89 (button) folded before Flop (didn't bet)



