PokerStars Hand #254723951903:  Hold'em No Limit ($0.50/$1.00 USD) - 2025/02/05 20:29:01 WET [2025/02/05 15:29:01 ET]
Table 'Arethusa II' 6-max Seat #6 is the button
Seat 1: Iseedora ($100 in chips) is sitting out
Seat 4: XneferX ($100 in chips) 
Seat 6: vadjkeee ($100 in chips) 
vadjkeee: posts small blind $0.50
XneferX: posts big blind $1
*** HOLE CARDS ***
vadjkeee: raises $1.50 to $2.50
XneferX: folds 
Uncalled bet ($1.50) returned to vadjkeee
vadjkeee collected $2 from pot
vadjkeee: doesn't show hand 
*** SUMMARY ***
Total pot $2 | Rake $0 
Seat 1: Iseedora
Seat 4: XneferX (big blind) folded before Flop
Seat 6: vadjkeee (button) (small blind) collected ($2)



PokerStars Hand #254723959581:  Hold'em No Limit ($0.50/$1.00 USD) - 2025/02/05 20:29:26 WET [2025/02/05 15:29:26 ET]
Table 'Arethusa II' 6-max Seat #4 is the button
Seat 1: Iseedora ($100 in chips) is sitting out
Seat 4: XneferX ($100 in chips) 
Seat 6: vadjkeee ($101 in chips) 
XneferX: posts small blind $0.50
vadjkeee: posts big blind $1
*** HOLE CARDS ***
XneferX: folds 
Uncalled bet ($0.50) returned to vadjkeee
vadjkeee collected $1 from pot
vadjkeee: doesn't show hand 
*** SUMMARY ***
Total pot $1 | Rake $0 
Seat 1: Iseedora
Seat 4: XneferX (button) (small blind) folded before Flop
Seat 6: vadjkeee (big blind) collected ($1)



PokerStars Hand #254724110112:  Hold'em No Limit ($0.50/$1.00 USD) - 2025/02/05 20:37:27 WET [2025/02/05 15:37:27 ET]
Table 'Arethusa II' 6-max Seat #5 is the button
Seat 1: Iseedora ($100 in chips) is sitting out
Seat 2: blackclan7 ($100 in chips) 
Seat 3: EasyGamerrr ($100 in chips) 
Seat 4: XneferX ($100 in chips) 
Seat 5: heidi1874 ($100 in chips) 
blackclan7: posts small blind $0.50
EasyGamerrr: posts big blind $1
*** HOLE CARDS ***
XneferX: raises $1.30 to $2.30
heidi1874: folds 
blistein joins the table at seat #6 
blackclan7: raises $8.40 to $10.70
EasyGamerrr: folds 
XneferX: folds 
Uncalled bet ($8.40) returned to blackclan7
blackclan7 collected $5.60 from pot
blackclan7: doesn't show hand 
*** SUMMARY ***
Total pot $5.60 | Rake $0 
Seat 1: Iseedora
Seat 2: blackclan7 (small blind) collected ($5.60)
Seat 3: EasyGamerrr (big blind) folded before Flop
Seat 4: XneferX folded before Flop
Seat 5: heidi1874 (button) folded before Flop (didn't bet)



PokerStars Hand #254724125012:  Hold'em No Limit ($0.50/$1.00 USD) - 2025/02/05 20:38:15 WET [2025/02/05 15:38:15 ET]
Table 'Arethusa II' 6-max Seat #2 is the button
Seat 1: Iseedora ($100 in chips) is sitting out
Seat 6: blistein ($100 in chips) is sitting out
Seat 2: blackclan7 ($103.30 in chips) 
Seat 3: EasyGamerrr ($100 in chips) 
Seat 4: XneferX ($100 in chips) 
Seat 5: heidi1874 ($100 in chips) 
EasyGamerrr: posts small blind $0.50
XneferX: posts big blind $1
blistein: sits out 
Iseedora: sits out 
*** HOLE CARDS ***
heidi1874: folds 
blackclan7: folds 
EasyGamerrr: folds 
Uncalled bet ($0.50) returned to XneferX
XneferX collected $1 from pot
XneferX: doesn't show hand 
*** SUMMARY ***
Total pot $1 | Rake $0 
Seat 1: Iseedora
Seat 6: blistein
Seat 2: blackclan7 (button) folded before Flop (didn't bet)
Seat 3: EasyGamerrr (small blind) folded before Flop
Seat 4: XneferX (big blind) collected ($1)
Seat 5: heidi1874 folded before Flop (didn't bet)



PokerStars Hand #254724292319:  Hold'em No Limit ($0.50/$1.00 USD) - 2025/02/05 20:47:13 WET [2025/02/05 15:47:13 ET]
Table 'Arethusa II' 6-max Seat #1 is the button
Seat 2: BumHuntKing ($100 in chips) is sitting out
Seat 1: Iseedora ($126.89 in chips) 
Seat 3: LuckyShikari ($100 in chips) 
Seat 4: XneferX ($100 in chips) 
Seat 5: heidi1874 ($80.68 in chips) 
Seat 6: J0SHB0SH ($104.90 in chips) 
LuckyShikari: posts small blind $0.50
XneferX: posts big blind $1
*** HOLE CARDS ***
heidi1874: folds 
J0SHB0SH: folds 
Iseedora: raises $1.50 to $2.50
LuckyShikari: folds 
XneferX: folds 
Uncalled bet ($1.50) returned to Iseedora
Iseedora collected $2.50 from pot
Iseedora: doesn't show hand 
*** SUMMARY ***
Total pot $2.50 | Rake $0 
Seat 2: BumHuntKing
Seat 1: Iseedora (button) collected ($2.50)
Seat 3: LuckyShikari (small blind) folded before Flop
Seat 4: XneferX (big blind) folded before Flop
Seat 5: heidi1874 folded before Flop (didn't bet)
Seat 6: J0SHB0SH folded before Flop (didn't bet)



PokerStars Hand #254724300315:  Hold'em No Limit ($0.50/$1.00 USD) - 2025/02/05 20:47:39 WET [2025/02/05 15:47:39 ET]
Table 'Arethusa II' 6-max Seat #3 is the button
Seat 2: BumHuntKing ($100 in chips) is sitting out
Seat 1: Iseedora ($128.39 in chips) 
Seat 3: LuckyShikari ($100 in chips) 
Seat 4: XneferX ($100 in chips) 
Seat 5: heidi1874 ($80.68 in chips) 
Seat 6: J0SHB0SH ($104.90 in chips) 
XneferX: posts small blind $0.50
heidi1874: posts big blind $1
BumHuntKing: sits out 
*** HOLE CARDS ***
J0SHB0SH: raises $1 to $2
Iseedora: folds 
LuckyShikari: folds 
XneferX: folds 
heidi1874: calls $1
*** FLOP *** [Ah 6h 5d]
heidi1874: checks 
J0SHB0SH: checks 
*** TURN *** [Ah 6h 5d] [5h]
heidi1874: checks 
J0SHB0SH: checks 
*** RIVER *** [Ah 6h 5d 5h] [Jc]
heidi1874: checks 
J0SHB0SH: bets $2.82
heidi1874: folds 
Uncalled bet ($2.82) returned to J0SHB0SH
J0SHB0SH collected $4.28 from pot
J0SHB0SH: doesn't show hand 
*** SUMMARY ***
Total pot $4.50 | Rake $0.22 
Board [Ah 6h 5d 5h Jc]
Seat 2: BumHuntKing
Seat 1: Iseedora folded before Flop (didn't bet)
Seat 3: LuckyShikari (button) folded before Flop (didn't bet)
Seat 4: XneferX (small blind) folded before Flop
Seat 5: heidi1874 (big blind) folded on the River
Seat 6: J0SHB0SH collected ($4.28)



PokerStars Hand #254724318070:  Hold'em No Limit ($0.50/$1.00 USD) - 2025/02/05 20:48:36 WET [2025/02/05 15:48:36 ET]
Table 'Arethusa II' 6-max Seat #4 is the button
Seat 2: BumHuntKing ($100 in chips) is sitting out
Seat 1: Iseedora ($128.39 in chips) 
Seat 3: LuckyShikari ($100 in chips) 
Seat 4: XneferX ($100 in chips) 
Seat 5: heidi1874 ($78.68 in chips) 
Seat 6: J0SHB0SH ($107.18 in chips) 
heidi1874: posts small blind $0.50
J0SHB0SH: posts big blind $1
BumHuntKing: sits out 
*** HOLE CARDS ***
Iseedora: folds 
LuckyShikari: raises $1 to $2
XneferX: folds 
heidi1874: folds 
J0SHB0SH: folds 
Uncalled bet ($1) returned to LuckyShikari
LuckyShikari collected $2.50 from pot
LuckyShikari: doesn't show hand 
*** SUMMARY ***
Total pot $2.50 | Rake $0 
Seat 2: BumHuntKing
Seat 1: Iseedora folded before Flop (didn't bet)
Seat 3: LuckyShikari collected ($2.50)
Seat 4: XneferX (button) folded before Flop (didn't bet)
Seat 5: heidi1874 (small blind) folded before Flop
Seat 6: J0SHB0SH (big blind) folded before Flop



PokerStars Hand #254724325854:  Hold'em No Limit ($0.50/$1.00 USD) - 2025/02/05 20:49:02 WET [2025/02/05 15:49:02 ET]
Table 'Arethusa II' 6-max Seat #5 is the button
Seat 2: BumHuntKing ($100 in chips) is sitting out
Seat 1: Iseedora ($128.39 in chips) 
Seat 3: LuckyShikari ($101.50 in chips) 
Seat 4: XneferX ($100 in chips) 
Seat 5: heidi1874 ($78.18 in chips) 
Seat 6: J0SHB0SH ($106.18 in chips) 
J0SHB0SH: posts small blind $0.50
Iseedora: posts big blind $1
BumHuntKing: sits out 
*** HOLE CARDS ***
LuckyShikari: raises $1.50 to $2.50
XneferX: folds 
heidi1874: folds 
J0SHB0SH: folds 
Iseedora: folds 
Uncalled bet ($1.50) returned to LuckyShikari
LuckyShikari collected $2.50 from pot
LuckyShikari: doesn't show hand 
*** SUMMARY ***
Total pot $2.50 | Rake $0 
Seat 2: BumHuntKing
Seat 1: Iseedora (big blind) folded before Flop
Seat 3: LuckyShikari collected ($2.50)
Seat 4: XneferX folded before Flop (didn't bet)
Seat 5: heidi1874 (button) folded before Flop (didn't bet)
Seat 6: J0SHB0SH (small blind) folded before Flop



PokerStars Hand #254724333311:  Hold'em No Limit ($0.50/$1.00 USD) - 2025/02/05 20:49:26 WET [2025/02/05 15:49:26 ET]
Table 'Arethusa II' 6-max Seat #6 is the button
Seat 1: Iseedora ($127.39 in chips) 
Seat 2: BumHuntKing ($100 in chips) 
Seat 3: LuckyShikari ($103 in chips) 
Seat 4: XneferX ($100 in chips) 
Seat 5: heidi1874 ($78.18 in chips) 
Seat 6: J0SHB0SH ($105.68 in chips) 
Iseedora: posts small blind $0.50
BumHuntKing: posts big blind $1
*** HOLE CARDS ***
LuckyShikari: folds 
XneferX: folds 
heidi1874: folds 
J0SHB0SH: raises $1.50 to $2.50
Iseedora: folds 
BumHuntKing: folds 
Uncalled bet ($1.50) returned to J0SHB0SH
J0SHB0SH collected $2.50 from pot
J0SHB0SH: doesn't show hand 
*** SUMMARY ***
Total pot $2.50 | Rake $0 
Seat 1: Iseedora (small blind) folded before Flop
Seat 2: BumHuntKing (big blind) folded before Flop
Seat 3: LuckyShikari folded before Flop (didn't bet)
Seat 4: XneferX folded before Flop (didn't bet)
Seat 5: heidi1874 folded before Flop (didn't bet)
Seat 6: J0SHB0SH (button) collected ($2.50)



PokerStars Hand #254724342348:  Hold'em No Limit ($0.50/$1.00 USD) - 2025/02/05 20:49:55 WET [2025/02/05 15:49:55 ET]
Table 'Arethusa II' 6-max Seat #1 is the button
Seat 1: Iseedora ($126.89 in chips) 
Seat 2: BumHuntKing ($100 in chips) 
Seat 3: LuckyShikari ($103 in chips) 
Seat 4: XneferX ($100 in chips) 
Seat 5: heidi1874 ($78.18 in chips) 
Seat 6: J0SHB0SH ($107.18 in chips) 
BumHuntKing: posts small blind $0.50
LuckyShikari: posts big blind $1
*** HOLE CARDS ***
XneferX: folds 
heidi1874: folds 
J0SHB0SH: folds 
Iseedora: folds 
BumHuntKing: folds 
Uncalled bet ($0.50) returned to LuckyShikari
LuckyShikari collected $1 from pot
LuckyShikari: doesn't show hand 
*** SUMMARY ***
Total pot $1 | Rake $0 
Seat 1: Iseedora (button) folded before Flop (didn't bet)
Seat 2: BumHuntKing (small blind) folded before Flop
Seat 3: LuckyShikari (big blind) collected ($1)
Seat 4: XneferX folded before Flop (didn't bet)
Seat 5: heidi1874 folded before Flop (didn't bet)
Seat 6: J0SHB0SH folded before Flop (didn't bet)



PokerStars Hand #254724349768:  Hold'em No Limit ($0.50/$1.00 USD) - 2025/02/05 20:50:19 WET [2025/02/05 15:50:19 ET]
Table 'Arethusa II' 6-max Seat #2 is the button
Seat 1: Iseedora ($126.89 in chips) 
Seat 2: BumHuntKing ($100 in chips) 
Seat 3: LuckyShikari ($103.50 in chips) 
Seat 4: XneferX ($100 in chips) 
Seat 5: heidi1874 ($78.18 in chips) 
Seat 6: J0SHB0SH ($107.18 in chips) 
LuckyShikari: posts small blind $0.50
XneferX: posts big blind $1
*** HOLE CARDS ***
heidi1874: folds 
J0SHB0SH: raises $1 to $2
Iseedora: folds 
BumHuntKing: folds 
LuckyShikari: folds 
XneferX: folds 
Uncalled bet ($1) returned to J0SHB0SH
J0SHB0SH collected $2.50 from pot
J0SHB0SH: doesn't show hand 
*** SUMMARY ***
Total pot $2.50 | Rake $0 
Seat 1: Iseedora folded before Flop (didn't bet)
Seat 2: BumHuntKing (button) folded before Flop (didn't bet)
Seat 3: LuckyShikari (small blind) folded before Flop
Seat 4: XneferX (big blind) folded before Flop
Seat 5: heidi1874 folded before Flop (didn't bet)
Seat 6: J0SHB0SH collected ($2.50)



PokerStars Hand #254724360116:  Hold'em No Limit ($0.50/$1.00 USD) - 2025/02/05 20:50:53 WET [2025/02/05 15:50:53 ET]
Table 'Arethusa II' 6-max Seat #3 is the button
Seat 1: Iseedora ($126.89 in chips) 
Seat 2: BumHuntKing ($100 in chips) 
Seat 3: LuckyShikari ($103 in chips) 
Seat 4: XneferX ($100 in chips) 
Seat 5: heidi1874 ($78.18 in chips) 
Seat 6: J0SHB0SH ($108.68 in chips) 
XneferX: posts small blind $0.50
heidi1874: posts big blind $1
*** HOLE CARDS ***
J0SHB0SH: folds 
Iseedora: folds 
BumHuntKing: folds 
LuckyShikari: raises $1 to $2
XneferX: folds 
heidi1874: calls $1
*** FLOP *** [Ac Qh 6c]
heidi1874: checks 
LuckyShikari: bets $1.30
heidi1874: calls $1.30
*** TURN *** [Ac Qh 6c] [7d]
heidi1874: checks 
LuckyShikari: checks 
*** RIVER *** [Ac Qh 6c 7d] [2c]
heidi1874: checks 
LuckyShikari: bets $5
heidi1874: folds 
Uncalled bet ($5) returned to LuckyShikari
LuckyShikari collected $6.74 from pot
LuckyShikari: doesn't show hand 
*** SUMMARY ***
Total pot $7.10 | Rake $0.36 
Board [Ac Qh 6c 7d 2c]
Seat 1: Iseedora folded before Flop (didn't bet)
Seat 2: BumHuntKing folded before Flop (didn't bet)
Seat 3: LuckyShikari (button) collected ($6.74)
Seat 4: XneferX (small blind) folded before Flop
Seat 5: heidi1874 (big blind) folded on the River
Seat 6: J0SHB0SH folded before Flop (didn't bet)



PokerStars Hand #254724379186:  Hold'em No Limit ($0.50/$1.00 USD) - 2025/02/05 20:51:53 WET [2025/02/05 15:51:53 ET]
Table 'Arethusa II' 6-max Seat #4 is the button
Seat 1: Iseedora ($126.89 in chips) 
Seat 2: BumHuntKing ($100 in chips) 
Seat 3: LuckyShikari ($106.44 in chips) 
Seat 4: XneferX ($100 in chips) 
Seat 5: heidi1874 ($74.88 in chips) 
Seat 6: J0SHB0SH ($108.68 in chips) 
heidi1874: posts small blind $0.50
J0SHB0SH: posts big blind $1
*** HOLE CARDS ***
Iseedora: raises $1.20 to $2.20
BumHuntKing: folds 
LuckyShikari: folds 
XneferX: folds 
heidi1874: folds 
J0SHB0SH: folds 
Uncalled bet ($1.20) returned to Iseedora
Iseedora collected $2.50 from pot
Iseedora: doesn't show hand 
*** SUMMARY ***
Total pot $2.50 | Rake $0 
Seat 1: Iseedora collected ($2.50)
Seat 2: BumHuntKing folded before Flop (didn't bet)
Seat 3: LuckyShikari folded before Flop (didn't bet)
Seat 4: XneferX (button) folded before Flop (didn't bet)
Seat 5: heidi1874 (small blind) folded before Flop
Seat 6: J0SHB0SH (big blind) folded before Flop



PokerStars Hand #254724385601:  Hold'em No Limit ($0.50/$1.00 USD) - 2025/02/05 20:52:13 WET [2025/02/05 15:52:13 ET]
Table 'Arethusa II' 6-max Seat #5 is the button
Seat 1: Iseedora ($128.39 in chips) 
Seat 2: BumHuntKing ($100 in chips) 
Seat 3: LuckyShikari ($106.44 in chips) 
Seat 4: XneferX ($100 in chips) 
Seat 5: heidi1874 ($74.38 in chips) 
Seat 6: J0SHB0SH ($107.68 in chips) 
J0SHB0SH: posts small blind $0.50
Iseedora: posts big blind $1
*** HOLE CARDS ***
BumHuntKing: folds 
LuckyShikari: raises $1 to $2
XneferX: folds 
heidi1874: folds 
J0SHB0SH: raises $8 to $10
Iseedora: folds 
LuckyShikari: folds 
Uncalled bet ($8) returned to J0SHB0SH
J0SHB0SH collected $5 from pot
J0SHB0SH: doesn't show hand 
*** SUMMARY ***
Total pot $5 | Rake $0 
Seat 1: Iseedora (big blind) folded before Flop
Seat 2: BumHuntKing folded before Flop (didn't bet)
Seat 3: LuckyShikari folded before Flop
Seat 4: XneferX folded before Flop (didn't bet)
Seat 5: heidi1874 (button) folded before Flop (didn't bet)
Seat 6: J0SHB0SH (small blind) collected ($5)



PokerStars Hand #254724393128:  Hold'em No Limit ($0.50/$1.00 USD) - 2025/02/05 20:52:38 WET [2025/02/05 15:52:38 ET]
Table 'Arethusa II' 6-max Seat #6 is the button
Seat 1: Iseedora ($127.39 in chips) 
Seat 2: BumHuntKing ($100 in chips) 
Seat 3: LuckyShikari ($104.44 in chips) 
Seat 4: XneferX ($100 in chips) 
Seat 5: heidi1874 ($74.38 in chips) 
Seat 6: J0SHB0SH ($110.68 in chips) 
Iseedora: posts small blind $0.50
BumHuntKing: posts big blind $1
*** HOLE CARDS ***
LuckyShikari: folds 
XneferX: folds 
heidi1874: folds 
J0SHB0SH: raises $1.50 to $2.50
Iseedora: folds 
BumHuntKing: calls $1.50
*** FLOP *** [Th Tc 2h]
BumHuntKing: checks 
J0SHB0SH: checks 
*** TURN *** [Th Tc 2h] [4s]
BumHuntKing: checks 
J0SHB0SH: bets $1.72
BumHuntKing: raises $6.02 to $7.74
J0SHB0SH: folds 
Uncalled bet ($6.02) returned to BumHuntKing
BumHuntKing collected $8.49 from pot
BumHuntKing: doesn't show hand 
*** SUMMARY ***
Total pot $8.94 | Rake $0.45 
Board [Th Tc 2h 4s]
Seat 1: Iseedora (small blind) folded before Flop
Seat 2: BumHuntKing (big blind) collected ($8.49)
Seat 3: LuckyShikari folded before Flop (didn't bet)
Seat 4: XneferX folded before Flop (didn't bet)
Seat 5: heidi1874 folded before Flop (didn't bet)
Seat 6: J0SHB0SH (button) folded on the Turn



PokerStars Hand #254724409250:  Hold'em No Limit ($0.50/$1.00 USD) - 2025/02/05 20:53:29 WET [2025/02/05 15:53:29 ET]
Table 'Arethusa II' 6-max Seat #1 is the button
Seat 1: Iseedora ($126.89 in chips) 
Seat 2: BumHuntKing ($104.27 in chips) 
Seat 3: LuckyShikari ($104.44 in chips) 
Seat 4: XneferX ($100 in chips) 
Seat 5: heidi1874 ($74.38 in chips) 
Seat 6: J0SHB0SH ($106.46 in chips) 
BumHuntKing: posts small blind $0.50
LuckyShikari: posts big blind $1
*** HOLE CARDS ***
XneferX: folds 
heidi1874: folds 
J0SHB0SH: raises $1.50 to $2.50
Iseedora: folds 
BumHuntKing: folds 
LuckyShikari: raises $9.50 to $12
J0SHB0SH: calls $9.50
*** FLOP *** [Td Jh 3d]
LuckyShikari: checks 
J0SHB0SH: checks 
*** TURN *** [Td Jh 3d] [5h]
LuckyShikari: bets $7
J0SHB0SH: calls $7
*** RIVER *** [Td Jh 3d 5h] [6d]
LuckyShikari: checks 
J0SHB0SH: checks 
*** SHOW DOWN ***
LuckyShikari: shows [4h Ks] (high card King)
J0SHB0SH: shows [Qs Ah] (high card Ace)
J0SHB0SH collected $36.58 from pot
*** SUMMARY ***
Total pot $38.50 | Rake $1.92 
Board [Td Jh 3d 5h 6d]
Seat 1: Iseedora (button) folded before Flop (didn't bet)
Seat 2: BumHuntKing (small blind) folded before Flop
Seat 3: LuckyShikari (big blind) showed [4h Ks] and lost with high card King
Seat 4: XneferX folded before Flop (didn't bet)
Seat 5: heidi1874 folded before Flop (didn't bet)
Seat 6: J0SHB0SH showed [Qs Ah] and won ($36.58) with high card Ace



PokerStars Hand #254724426611:  Hold'em No Limit ($0.50/$1.00 USD) - 2025/02/05 20:54:24 WET [2025/02/05 15:54:24 ET]
Table 'Arethusa II' 6-max Seat #2 is the button
Seat 1: Iseedora ($126.89 in chips) 
Seat 2: BumHuntKing ($103.77 in chips) 
Seat 3: LuckyShikari ($100 in chips) 
Seat 4: XneferX ($100 in chips) 
Seat 5: heidi1874 ($74.38 in chips) 
Seat 6: J0SHB0SH ($124.04 in chips) 
LuckyShikari: posts small blind $0.50
XneferX: posts big blind $1
*** HOLE CARDS ***
heidi1874: folds 
J0SHB0SH: folds 
Iseedora: folds 
BumHuntKing: folds 
LuckyShikari: raises $2 to $3
XneferX: calls $2
*** FLOP *** [5h 2h 6h]
LuckyShikari: bets $1.70
XneferX: folds 
Uncalled bet ($1.70) returned to LuckyShikari
LuckyShikari collected $5.70 from pot
LuckyShikari: doesn't show hand 
*** SUMMARY ***
Total pot $6 | Rake $0.30 
Board [5h 2h 6h]
Seat 1: Iseedora folded before Flop (didn't bet)
Seat 2: BumHuntKing (button) folded before Flop (didn't bet)
Seat 3: LuckyShikari (small blind) collected ($5.70)
Seat 4: XneferX (big blind) folded on the Flop
Seat 5: heidi1874 folded before Flop (didn't bet)
Seat 6: J0SHB0SH folded before Flop (didn't bet)



PokerStars Hand #254724438927:  Hold'em No Limit ($0.50/$1.00 USD) - 2025/02/05 20:55:04 WET [2025/02/05 15:55:04 ET]
Table 'Arethusa II' 6-max Seat #3 is the button
Seat 1: Iseedora ($126.89 in chips) 
Seat 2: BumHuntKing ($103.77 in chips) 
Seat 3: LuckyShikari ($102.70 in chips) 
Seat 4: XneferX ($100 in chips) 
Seat 5: heidi1874 ($74.38 in chips) 
Seat 6: J0SHB0SH ($124.04 in chips) 
XneferX: posts small blind $0.50
heidi1874: posts big blind $1
*** HOLE CARDS ***
J0SHB0SH: folds 
Iseedora: folds 
BumHuntKing: raises $1.20 to $2.20
LuckyShikari: folds 
XneferX: folds 
heidi1874: raises $2.20 to $4.40
BumHuntKing: folds 
Uncalled bet ($2.20) returned to heidi1874
heidi1874 collected $4.90 from pot
heidi1874: doesn't show hand 
*** SUMMARY ***
Total pot $4.90 | Rake $0 
Seat 1: Iseedora folded before Flop (didn't bet)
Seat 2: BumHuntKing folded before Flop
Seat 3: LuckyShikari (button) folded before Flop (didn't bet)
Seat 4: XneferX (small blind) folded before Flop
Seat 5: heidi1874 (big blind) collected ($4.90)
Seat 6: J0SHB0SH folded before Flop (didn't bet)



PokerStars Hand #254724446101:  Hold'em No Limit ($0.50/$1.00 USD) - 2025/02/05 20:55:35 WET [2025/02/05 15:55:35 ET]
Table 'Arethusa II' 6-max Seat #4 is the button
Seat 1: Iseedora ($126.89 in chips) 
Seat 2: BumHuntKing ($101.57 in chips) 
Seat 3: LuckyShikari ($102.70 in chips) 
Seat 4: XneferX ($100 in chips) 
Seat 5: heidi1874 ($77.08 in chips) 
Seat 6: J0SHB0SH ($124.04 in chips) 
heidi1874: posts small blind $0.50
J0SHB0SH: posts big blind $1
*** HOLE CARDS ***
Iseedora: folds 
BumHuntKing: folds 
LuckyShikari: raises $1 to $2
XneferX: folds 
heidi1874: folds 
J0SHB0SH: calls $1
*** FLOP *** [4h 8h 3d]
J0SHB0SH: checks 
LuckyShikari: bets $5.50
J0SHB0SH: folds 
Uncalled bet ($5.50) returned to LuckyShikari
LuckyShikari collected $4.28 from pot
LuckyShikari: doesn't show hand 
*** SUMMARY ***
Total pot $4.50 | Rake $0.22 
Board [4h 8h 3d]
Seat 1: Iseedora folded before Flop (didn't bet)
Seat 2: BumHuntKing folded before Flop (didn't bet)
Seat 3: LuckyShikari collected ($4.28)
Seat 4: XneferX (button) folded before Flop (didn't bet)
Seat 5: heidi1874 (small blind) folded before Flop
Seat 6: J0SHB0SH (big blind) folded on the Flop



PokerStars Hand #254724456204:  Hold'em No Limit ($0.50/$1.00 USD) - 2025/02/05 20:56:21 WET [2025/02/05 15:56:21 ET]
Table 'Arethusa II' 6-max Seat #5 is the button
Seat 1: Iseedora ($126.89 in chips) 
Seat 2: BumHuntKing ($101.57 in chips) 
Seat 3: LuckyShikari ($104.98 in chips) 
Seat 4: XneferX ($100 in chips) 
Seat 5: heidi1874 ($76.58 in chips) 
Seat 6: J0SHB0SH ($122.04 in chips) 
J0SHB0SH: posts small blind $0.50
Iseedora: posts big blind $1
*** HOLE CARDS ***
BumHuntKing: folds 
LuckyShikari: folds 
XneferX: folds 
heidi1874: calls $1
J0SHB0SH: raises $3 to $4
Iseedora: raises $9 to $13
heidi1874: folds 
J0SHB0SH: folds 
Uncalled bet ($9) returned to Iseedora
Iseedora collected $9 from pot
Iseedora: doesn't show hand 
*** SUMMARY ***
Total pot $9 | Rake $0 
Seat 1: Iseedora (big blind) collected ($9)
Seat 2: BumHuntKing folded before Flop (didn't bet)
Seat 3: LuckyShikari folded before Flop (didn't bet)
Seat 4: XneferX folded before Flop (didn't bet)
Seat 5: heidi1874 (button) folded before Flop
Seat 6: J0SHB0SH (small blind) folded before Flop



PokerStars Hand #254724465149:  Hold'em No Limit ($0.50/$1.00 USD) - 2025/02/05 20:57:01 WET [2025/02/05 15:57:01 ET]
Table 'Arethusa II' 6-max Seat #6 is the button
Seat 1: Iseedora ($131.89 in chips) 
Seat 2: BumHuntKing ($101.57 in chips) 
Seat 3: LuckyShikari ($104.98 in chips) 
Seat 4: XneferX ($100 in chips) 
Seat 5: heidi1874 ($75.58 in chips) 
Seat 6: J0SHB0SH ($118.04 in chips) 
Iseedora: posts small blind $0.50
BumHuntKing: posts big blind $1
*** HOLE CARDS ***
LuckyShikari: raises $1.50 to $2.50
XneferX: folds 
heidi1874: folds 
J0SHB0SH: folds 
Iseedora: folds 
BumHuntKing: folds 
Uncalled bet ($1.50) returned to LuckyShikari
LuckyShikari collected $2.50 from pot
LuckyShikari: doesn't show hand 
*** SUMMARY ***
Total pot $2.50 | Rake $0 
Seat 1: Iseedora (small blind) folded before Flop
Seat 2: BumHuntKing (big blind) folded before Flop
Seat 3: LuckyShikari collected ($2.50)
Seat 4: XneferX folded before Flop (didn't bet)
Seat 5: heidi1874 folded before Flop (didn't bet)
Seat 6: J0SHB0SH (button) folded before Flop (didn't bet)



PokerStars Hand #254724471963:  Hold'em No Limit ($0.50/$1.00 USD) - 2025/02/05 20:57:32 WET [2025/02/05 15:57:32 ET]
Table 'Arethusa II' 6-max Seat #1 is the button
Seat 1: Iseedora ($131.39 in chips) 
Seat 2: BumHuntKing ($100.57 in chips) 
Seat 3: LuckyShikari ($106.48 in chips) 
Seat 4: XneferX ($100 in chips) 
Seat 5: heidi1874 ($75.58 in chips) 
Seat 6: J0SHB0SH ($118.04 in chips) 
BumHuntKing: posts small blind $0.50
LuckyShikari: posts big blind $1
*** HOLE CARDS ***
XneferX: folds 
heidi1874: folds 
J0SHB0SH: folds 
Iseedora: raises $1.50 to $2.50
BumHuntKing: folds 
LuckyShikari: calls $1.50
*** FLOP *** [Ts Jc Kc]
LuckyShikari: checks 
Iseedora: checks 
*** TURN *** [Ts Jc Kc] [7c]
LuckyShikari: bets $4
Iseedora: calls $4
*** RIVER *** [Ts Jc Kc 7c] [Ks]
LuckyShikari: bets $7
Iseedora: calls $7
*** SHOW DOWN ***
LuckyShikari: shows [Ah 6h] (a pair of Kings)
Iseedora: shows [Jh Th] (two pair, Kings and Jacks)
Iseedora collected $26.12 from pot
*** SUMMARY ***
Total pot $27.50 | Rake $1.38 
Board [Ts Jc Kc 7c Ks]
Seat 1: Iseedora (button) showed [Jh Th] and won ($26.12) with two pair, Kings and Jacks
Seat 2: BumHuntKing (small blind) folded before Flop
Seat 3: LuckyShikari (big blind) showed [Ah 6h] and lost with a pair of Kings
Seat 4: XneferX folded before Flop (didn't bet)
Seat 5: heidi1874 folded before Flop (didn't bet)
Seat 6: J0SHB0SH folded before Flop (didn't bet)



PokerStars Hand #254724493725:  Hold'em No Limit ($0.50/$1.00 USD) - 2025/02/05 20:59:10 WET [2025/02/05 15:59:10 ET]
Table 'Arethusa II' 6-max Seat #2 is the button
Seat 1: Iseedora ($144.01 in chips) 
Seat 2: BumHuntKing ($100.07 in chips) 
Seat 3: LuckyShikari ($100 in chips) 
Seat 4: XneferX ($100 in chips) 
Seat 5: heidi1874 ($75.58 in chips) 
Seat 6: J0SHB0SH ($118.04 in chips) 
LuckyShikari: posts small blind $0.50
XneferX: posts big blind $1
*** HOLE CARDS ***
heidi1874: folds 
J0SHB0SH: folds 
Iseedora: raises $1.20 to $2.20
BumHuntKing: folds 
LuckyShikari: folds 
XneferX: folds 
Uncalled bet ($1.20) returned to Iseedora
Iseedora collected $2.50 from pot
Iseedora: doesn't show hand 
*** SUMMARY ***
Total pot $2.50 | Rake $0 
Seat 1: Iseedora collected ($2.50)
Seat 2: BumHuntKing (button) folded before Flop (didn't bet)
Seat 3: LuckyShikari (small blind) folded before Flop
Seat 4: XneferX (big blind) folded before Flop
Seat 5: heidi1874 folded before Flop (didn't bet)
Seat 6: J0SHB0SH folded before Flop (didn't bet)



PokerStars Hand #254724499764:  Hold'em No Limit ($0.50/$1.00 USD) - 2025/02/05 20:59:37 WET [2025/02/05 15:59:37 ET]
Table 'Arethusa II' 6-max Seat #3 is the button
Seat 1: Iseedora ($145.51 in chips) 
Seat 2: BumHuntKing ($100.07 in chips) 
Seat 3: LuckyShikari ($100 in chips) 
Seat 4: XneferX ($100 in chips) 
Seat 5: heidi1874 ($75.58 in chips) 
Seat 6: J0SHB0SH ($118.04 in chips) 
XneferX: posts small blind $0.50
heidi1874: posts big blind $1
*** HOLE CARDS ***
J0SHB0SH: folds 
Iseedora: folds 
BumHuntKing: folds 
LuckyShikari: raises $1.50 to $2.50
XneferX: folds 
heidi1874: folds 
Uncalled bet ($1.50) returned to LuckyShikari
LuckyShikari collected $2.50 from pot
LuckyShikari: doesn't show hand 
*** SUMMARY ***
Total pot $2.50 | Rake $0 
Seat 1: Iseedora folded before Flop (didn't bet)
Seat 2: BumHuntKing folded before Flop (didn't bet)
Seat 3: LuckyShikari (button) collected ($2.50)
Seat 4: XneferX (small blind) folded before Flop
Seat 5: heidi1874 (big blind) folded before Flop
Seat 6: J0SHB0SH folded before Flop (didn't bet)



PokerStars Hand #254724504373:  Hold'em No Limit ($0.50/$1.00 USD) - 2025/02/05 20:59:57 WET [2025/02/05 15:59:57 ET]
Table 'Arethusa II' 6-max Seat #4 is the button
Seat 1: Iseedora ($145.51 in chips) 
Seat 2: BumHuntKing ($100.07 in chips) 
Seat 3: LuckyShikari ($101.50 in chips) 
Seat 4: XneferX ($100 in chips) 
Seat 5: heidi1874 ($74.58 in chips) 
Seat 6: J0SHB0SH ($118.04 in chips) 
heidi1874: posts small blind $0.50
J0SHB0SH: posts big blind $1
*** HOLE CARDS ***
Iseedora: raises $1.20 to $2.20
BumHuntKing: folds 
LuckyShikari: folds 
XneferX: folds 
heidi1874: folds 
J0SHB0SH: folds 
Uncalled bet ($1.20) returned to Iseedora
Iseedora collected $2.50 from pot
Iseedora: doesn't show hand 
*** SUMMARY ***
Total pot $2.50 | Rake $0 
Seat 1: Iseedora collected ($2.50)
Seat 2: BumHuntKing folded before Flop (didn't bet)
Seat 3: LuckyShikari folded before Flop (didn't bet)
Seat 4: XneferX (button) folded before Flop (didn't bet)
Seat 5: heidi1874 (small blind) folded before Flop
Seat 6: J0SHB0SH (big blind) folded before Flop



PokerStars Hand #254724510778:  Hold'em No Limit ($0.50/$1.00 USD) - 2025/02/05 21:00:25 WET [2025/02/05 16:00:25 ET]
Table 'Arethusa II' 6-max Seat #5 is the button
Seat 1: Iseedora ($147.01 in chips) 
Seat 2: BumHuntKing ($100.07 in chips) 
Seat 3: LuckyShikari ($101.50 in chips) 
Seat 4: XneferX ($100 in chips) 
Seat 5: heidi1874 ($74.08 in chips) 
Seat 6: J0SHB0SH ($117.04 in chips) 
J0SHB0SH: posts small blind $0.50
Iseedora: posts big blind $1
*** HOLE CARDS ***
BumHuntKing: raises $1.20 to $2.20
LuckyShikari: folds 
XneferX: folds 
heidi1874: folds 
J0SHB0SH: folds 
Iseedora: folds 
Uncalled bet ($1.20) returned to BumHuntKing
BumHuntKing collected $2.50 from pot
BumHuntKing: doesn't show hand 
*** SUMMARY ***
Total pot $2.50 | Rake $0 
Seat 1: Iseedora (big blind) folded before Flop
Seat 2: BumHuntKing collected ($2.50)
Seat 3: LuckyShikari folded before Flop (didn't bet)
Seat 4: XneferX folded before Flop (didn't bet)
Seat 5: heidi1874 (button) folded before Flop (didn't bet)
Seat 6: J0SHB0SH (small blind) folded before Flop



PokerStars Hand #254724517532:  Hold'em No Limit ($0.50/$1.00 USD) - 2025/02/05 21:00:53 WET [2025/02/05 16:00:53 ET]
Table 'Arethusa II' 6-max Seat #6 is the button
Seat 1: Iseedora ($146.01 in chips) 
Seat 2: BumHuntKing ($101.57 in chips) 
Seat 3: LuckyShikari ($101.50 in chips) 
Seat 4: XneferX ($100 in chips) 
Seat 5: heidi1874 ($74.08 in chips) 
Seat 6: J0SHB0SH ($116.54 in chips) 
Iseedora: posts small blind $0.50
BumHuntKing: posts big blind $1
*** HOLE CARDS ***
LuckyShikari: folds 
XneferX: folds 
heidi1874: folds 
J0SHB0SH: raises $1.50 to $2.50
Iseedora: folds 
BumHuntKing: raises $10 to $12.50
J0SHB0SH: folds 
Uncalled bet ($10) returned to BumHuntKing
BumHuntKing collected $5.50 from pot
BumHuntKing: doesn't show hand 
*** SUMMARY ***
Total pot $5.50 | Rake $0 
Seat 1: Iseedora (small blind) folded before Flop
Seat 2: BumHuntKing (big blind) collected ($5.50)
Seat 3: LuckyShikari folded before Flop (didn't bet)
Seat 4: XneferX folded before Flop (didn't bet)
Seat 5: heidi1874 folded before Flop (didn't bet)
Seat 6: J0SHB0SH (button) folded before Flop



PokerStars Hand #254724523921:  Hold'em No Limit ($0.50/$1.00 USD) - 2025/02/05 21:01:17 WET [2025/02/05 16:01:17 ET]
Table 'Arethusa II' 6-max Seat #1 is the button
Seat 1: Iseedora ($145.51 in chips) 
Seat 2: BumHuntKing ($104.57 in chips) 
Seat 3: LuckyShikari ($101.50 in chips) 
Seat 4: XneferX ($100 in chips) 
Seat 5: heidi1874 ($74.08 in chips) 
Seat 6: J0SHB0SH ($114.04 in chips) 
BumHuntKing: posts small blind $0.50
LuckyShikari: posts big blind $1
*** HOLE CARDS ***
XneferX: folds 
heidi1874: folds 
J0SHB0SH: raises $1.50 to $2.50
Iseedora: folds 
BumHuntKing: folds 
LuckyShikari: folds 
Uncalled bet ($1.50) returned to J0SHB0SH
J0SHB0SH collected $2.50 from pot
J0SHB0SH: doesn't show hand 
XneferX leaves the table
*** SUMMARY ***
Total pot $2.50 | Rake $0 
Seat 1: Iseedora (button) folded before Flop (didn't bet)
Seat 2: BumHuntKing (small blind) folded before Flop
Seat 3: LuckyShikari (big blind) folded before Flop
Seat 4: XneferX folded before Flop (didn't bet)
Seat 5: heidi1874 folded before Flop (didn't bet)
Seat 6: J0SHB0SH collected ($2.50)



PokerStars Hand #254724530230:  Hold'em No Limit ($0.50/$1.00 USD) - 2025/02/05 21:01:40 WET [2025/02/05 16:01:40 ET]
Table 'Arethusa II' 6-max Seat #2 is the button
Seat 1: Iseedora ($145.51 in chips) 
Seat 2: BumHuntKing ($104.07 in chips) 
Seat 3: LuckyShikari ($100.50 in chips) 
Seat 5: heidi1874 ($74.08 in chips) 
Seat 6: J0SHB0SH ($115.54 in chips) 
LuckyShikari: posts small blind $0.50
heidi1874: posts big blind $1
*** HOLE CARDS ***
J0SHB0SH: folds 
Iseedora: folds 
BoyLoc0 joins the table at seat #4 
BumHuntKing: folds 
LuckyShikari: raises $1 to $2
heidi1874: raises $2 to $4
J0SHB0SH leaves the table
LuckyShikari: calls $2
*** FLOP *** [Kh 4d 5d]
LuckyShikari: checks 
heidi1874: checks 
*** TURN *** [Kh 4d 5d] [2d]
henri789 joins the table at seat #6 
LuckyShikari: checks 
heidi1874: bets $4
LuckyShikari: folds 
Uncalled bet ($4) returned to heidi1874
heidi1874 collected $7.60 from pot
heidi1874: doesn't show hand 
*** SUMMARY ***
Total pot $8 | Rake $0.40 
Board [Kh 4d 5d 2d]
Seat 1: Iseedora folded before Flop (didn't bet)
Seat 2: BumHuntKing (button) folded before Flop (didn't bet)
Seat 3: LuckyShikari (small blind) folded on the Turn
Seat 5: heidi1874 (big blind) collected ($7.60)
Seat 6: J0SHB0SH folded before Flop (didn't bet)



PokerStars Hand #254724544385:  Hold'em No Limit ($0.50/$1.00 USD) - 2025/02/05 21:02:27 WET [2025/02/05 16:02:27 ET]
Table 'Arethusa II' 6-max Seat #3 is the button
Seat 4: BoyLoc0 ($100 in chips) is sitting out
Seat 1: Iseedora ($145.51 in chips) 
Seat 2: BumHuntKing ($104.07 in chips) 
Seat 3: LuckyShikari ($100 in chips) 
Seat 5: heidi1874 ($77.68 in chips) 
Seat 6: henri789 ($100 in chips) 
heidi1874: posts small blind $0.50
henri789: posts big blind $1
*** HOLE CARDS ***
Iseedora: raises $1.20 to $2.20
BumHuntKing: folds 
LuckyShikari: folds 
heidi1874: raises $2.20 to $4.40
henri789: folds 
Iseedora: raises $11.60 to $16
heidi1874: calls $11.60
*** FLOP *** [6d 7s 6s]
heidi1874: checks 
Iseedora: bets $6
heidi1874: calls $6
*** TURN *** [6d 7s 6s] [8h]
heidi1874: checks 
Iseedora: checks 
*** RIVER *** [6d 7s 6s 8h] [Jh]
heidi1874: bets $14
Iseedora: folds 
Uncalled bet ($14) returned to heidi1874
heidi1874 collected $42.75 from pot
heidi1874: doesn't show hand 
*** SUMMARY ***
Total pot $45 | Rake $2.25 
Board [6d 7s 6s 8h Jh]
Seat 4: BoyLoc0
Seat 1: Iseedora folded on the River
Seat 2: BumHuntKing folded before Flop (didn't bet)
Seat 3: LuckyShikari (button) folded before Flop (didn't bet)
Seat 5: heidi1874 (small blind) collected ($42.75)
Seat 6: henri789 (big blind) folded before Flop



PokerStars Hand #254724579431:  Hold'em No Limit ($0.50/$1.00 USD) - 2025/02/05 21:04:21 WET [2025/02/05 16:04:21 ET]
Table 'Arethusa II' 6-max Seat #5 is the button
Seat 1: Iseedora ($123.51 in chips) is sitting out
Seat 4: BoyLoc0 ($100 in chips) is sitting out
Seat 2: BumHuntKing ($104.07 in chips) 
Seat 3: LuckyShikari ($100 in chips) 
Seat 5: heidi1874 ($98.43 in chips) 
Seat 6: henri789 ($100 in chips) 
henri789: posts small blind $0.50
Iseedora: is sitting out 
BumHuntKing: posts big blind $1
BoyLoc0: sits out 
*** HOLE CARDS ***
LuckyShikari: folds 
heidi1874 has timed out
heidi1874: folds 
henri789: raises $2 to $3
BumHuntKing: folds 
Uncalled bet ($2) returned to henri789
henri789 collected $2 from pot
henri789: doesn't show hand 
*** SUMMARY ***
Total pot $2 | Rake $0 
Seat 1: Iseedora
Seat 4: BoyLoc0
Seat 2: BumHuntKing (big blind) folded before Flop
Seat 3: LuckyShikari folded before Flop (didn't bet)
Seat 5: heidi1874 (button) folded before Flop (didn't bet)
Seat 6: henri789 (small blind) collected ($2)



PokerStars Hand #254724589255:  Hold'em No Limit ($0.50/$1.00 USD) - 2025/02/05 21:04:51 WET [2025/02/05 16:04:51 ET]
Table 'Arethusa II' 6-max Seat #6 is the button
Seat 1: Iseedora ($123.51 in chips) is sitting out
Seat 4: BoyLoc0 ($100 in chips) is sitting out
Seat 2: BumHuntKing ($103.07 in chips) 
Seat 3: LuckyShikari ($100 in chips) 
Seat 5: heidi1874 ($98.43 in chips) 
Seat 6: henri789 ($101 in chips) 
BumHuntKing: posts small blind $0.50
LuckyShikari: posts big blind $1
BoyLoc0: sits out 
*** HOLE CARDS ***
heidi1874: raises $2 to $3
henri789: folds 
BumHuntKing: folds 
LuckyShikari: calls $2
*** FLOP *** [2h Qc As]
LuckyShikari: checks 
heidi1874: bets $3
LuckyShikari: folds 
Uncalled bet ($3) returned to heidi1874
heidi1874 collected $6.18 from pot
heidi1874: doesn't show hand 
*** SUMMARY ***
Total pot $6.50 | Rake $0.32 
Board [2h Qc As]
Seat 1: Iseedora
Seat 4: BoyLoc0
Seat 2: BumHuntKing (small blind) folded before Flop
Seat 3: LuckyShikari (big blind) folded on the Flop
Seat 5: heidi1874 collected ($6.18)
Seat 6: henri789 (button) folded before Flop (didn't bet)



PokerStars Hand #254724598883:  Hold'em No Limit ($0.50/$1.00 USD) - 2025/02/05 21:05:21 WET [2025/02/05 16:05:21 ET]
Table 'Arethusa II' 6-max Seat #2 is the button
Seat 1: Iseedora ($123.51 in chips) is sitting out
Seat 2: BumHuntKing ($102.57 in chips) 
Seat 3: LuckyShikari ($100 in chips) 
Seat 4: BoyLoc0 ($100 in chips) 
Seat 5: heidi1874 ($101.61 in chips) 
Seat 6: henri789 ($101 in chips) 
LuckyShikari: posts small blind $0.50
BoyLoc0: posts big blind $1
*** HOLE CARDS ***
heidi1874: raises $1 to $2
henri789: folds 
BumHuntKing: folds 
LuckyShikari: folds 
BoyLoc0: raises $8 to $10
heidi1874: folds 
Uncalled bet ($8) returned to BoyLoc0
BoyLoc0 collected $4.50 from pot
BoyLoc0: doesn't show hand 
*** SUMMARY ***
Total pot $4.50 | Rake $0 
Seat 1: Iseedora
Seat 2: BumHuntKing (button) folded before Flop (didn't bet)
Seat 3: LuckyShikari (small blind) folded before Flop
Seat 4: BoyLoc0 (big blind) collected ($4.50)
Seat 5: heidi1874 folded before Flop
Seat 6: henri789 folded before Flop (didn't bet)



PokerStars Hand #254724605961:  Hold'em No Limit ($0.50/$1.00 USD) - 2025/02/05 21:05:43 WET [2025/02/05 16:05:43 ET]
Table 'Arethusa II' 6-max Seat #3 is the button
Seat 1: Iseedora ($123.51 in chips) is sitting out
Seat 2: BumHuntKing ($102.57 in chips) 
Seat 3: LuckyShikari ($100 in chips) 
Seat 4: BoyLoc0 ($102.50 in chips) 
Seat 5: heidi1874 ($99.61 in chips) 
Seat 6: henri789 ($101 in chips) 
BoyLoc0: posts small blind $0.50
heidi1874: posts big blind $1
*** HOLE CARDS ***
henri789: raises $1.50 to $2.50
BumHuntKing: raises $5 to $7.50
LuckyShikari: folds 
BoyLoc0: folds 
heidi1874: calls $6.50
henri789: raises $93.50 to $101 and is all-in
BumHuntKing: folds 
heidi1874: folds 
Uncalled bet ($93.50) returned to henri789
henri789 collected $23 from pot
henri789: doesn't show hand 
*** SUMMARY ***
Total pot $23 | Rake $0 
Seat 1: Iseedora
Seat 2: BumHuntKing folded before Flop
Seat 3: LuckyShikari (button) folded before Flop (didn't bet)
Seat 4: BoyLoc0 (small blind) folded before Flop
Seat 5: heidi1874 (big blind) folded before Flop
Seat 6: henri789 collected ($23)



PokerStars Hand #254724621282:  Hold'em No Limit ($0.50/$1.00 USD) - 2025/02/05 21:06:31 WET [2025/02/05 16:06:31 ET]
Table 'Arethusa II' 6-max Seat #4 is the button
Seat 1: Iseedora ($123.51 in chips) is sitting out
Seat 2: BumHuntKing ($100 in chips) 
Seat 3: LuckyShikari ($100 in chips) 
Seat 4: BoyLoc0 ($102 in chips) 
Seat 5: heidi1874 ($92.11 in chips) 
Seat 6: henri789 ($116.50 in chips) 
heidi1874: posts small blind $0.50
henri789: posts big blind $1
*** HOLE CARDS ***
BumHuntKing: folds 
LuckyShikari: raises $1 to $2
BoyLoc0: raises $5 to $7
heidi1874: folds 
henri789: folds 
LuckyShikari: folds 
Uncalled bet ($5) returned to BoyLoc0
BoyLoc0 collected $5.50 from pot
BoyLoc0: doesn't show hand 
*** SUMMARY ***
Total pot $5.50 | Rake $0 
Seat 1: Iseedora
Seat 2: BumHuntKing folded before Flop (didn't bet)
Seat 3: LuckyShikari folded before Flop
Seat 4: BoyLoc0 (button) collected ($5.50)
Seat 5: heidi1874 (small blind) folded before Flop
Seat 6: henri789 (big blind) folded before Flop



PokerStars Hand #254724630780:  Hold'em No Limit ($0.50/$1.00 USD) - 2025/02/05 21:07:01 WET [2025/02/05 16:07:01 ET]
Table 'Arethusa II' 6-max Seat #5 is the button
Seat 1: Iseedora ($123.51 in chips) is sitting out
Seat 2: BumHuntKing ($100 in chips) 
Seat 3: LuckyShikari ($100 in chips) 
Seat 4: BoyLoc0 ($105.50 in chips) 
Seat 5: heidi1874 ($91.61 in chips) 
Seat 6: henri789 ($115.50 in chips) 
henri789: posts small blind $0.50
BumHuntKing: posts big blind $1
*** HOLE CARDS ***
LuckyShikari: folds 
BoyLoc0: folds 
heidi1874: folds 
henri789: folds 
Uncalled bet ($0.50) returned to BumHuntKing
BumHuntKing collected $1 from pot
BumHuntKing: doesn't show hand 
*** SUMMARY ***
Total pot $1 | Rake $0 
Seat 1: Iseedora
Seat 2: BumHuntKing (big blind) collected ($1)
Seat 3: LuckyShikari folded before Flop (didn't bet)
Seat 4: BoyLoc0 folded before Flop (didn't bet)
Seat 5: heidi1874 (button) folded before Flop (didn't bet)
Seat 6: henri789 (small blind) folded before Flop



PokerStars Hand #254724634491:  Hold'em No Limit ($0.50/$1.00 USD) - 2025/02/05 21:07:13 WET [2025/02/05 16:07:13 ET]
Table 'Arethusa II' 6-max Seat #6 is the button
Seat 1: Iseedora ($123.51 in chips) is sitting out
Seat 2: BumHuntKing ($100.50 in chips) 
Seat 3: LuckyShikari ($100 in chips) 
Seat 4: BoyLoc0 ($105.50 in chips) 
Seat 5: heidi1874 ($91.61 in chips) 
Seat 6: henri789 ($115 in chips) 
BumHuntKing: posts small blind $0.50
LuckyShikari: posts big blind $1
*** HOLE CARDS ***
BoyLoc0: raises $1.50 to $2.50
heidi1874: calls $2.50
henri789: raises $8 to $10.50
BumHuntKing: raises $17.50 to $28
LuckyShikari: folds 
BoyLoc0: folds 
heidi1874: folds 
henri789: folds 
Uncalled bet ($17.50) returned to BumHuntKing
BumHuntKing collected $27 from pot
BumHuntKing: doesn't show hand 
*** SUMMARY ***
Total pot $27 | Rake $0 
Seat 1: Iseedora
Seat 2: BumHuntKing (small blind) collected ($27)
Seat 3: LuckyShikari (big blind) folded before Flop
Seat 4: BoyLoc0 folded before Flop
Seat 5: heidi1874 folded before Flop
Seat 6: henri789 (button) folded before Flop



PokerStars Hand #254724648399:  Hold'em No Limit ($0.50/$1.00 USD) - 2025/02/05 21:07:57 WET [2025/02/05 16:07:57 ET]
Table 'Arethusa II' 6-max Seat #2 is the button
Seat 1: Iseedora ($123.51 in chips) is sitting out
Seat 2: BumHuntKing ($117 in chips) 
Seat 3: LuckyShikari ($100 in chips) 
Seat 4: BoyLoc0 ($103 in chips) 
Seat 5: heidi1874 ($89.11 in chips) 
Seat 6: henri789 ($104.50 in chips) 
LuckyShikari: posts small blind $0.50
BoyLoc0: posts big blind $1
*** HOLE CARDS ***
heidi1874: folds 
henri789: folds 
BumHuntKing: folds 
LuckyShikari: folds 
Uncalled bet ($0.50) returned to BoyLoc0
BoyLoc0 collected $1 from pot
BoyLoc0: doesn't show hand 
*** SUMMARY ***
Total pot $1 | Rake $0 
Seat 1: Iseedora
Seat 2: BumHuntKing (button) folded before Flop (didn't bet)
Seat 3: LuckyShikari (small blind) folded before Flop
Seat 4: BoyLoc0 (big blind) collected ($1)
Seat 5: heidi1874 folded before Flop (didn't bet)
Seat 6: henri789 folded before Flop (didn't bet)



PokerStars Hand #254724652886:  Hold'em No Limit ($0.50/$1.00 USD) - 2025/02/05 21:08:11 WET [2025/02/05 16:08:11 ET]
Table 'Arethusa II' 6-max Seat #3 is the button
Seat 1: Iseedora ($123.51 in chips) is sitting out
Seat 2: BumHuntKing ($117 in chips) 
Seat 3: LuckyShikari ($100 in chips) 
Seat 4: BoyLoc0 ($103.50 in chips) 
Seat 5: heidi1874 ($89.11 in chips) 
Seat 6: henri789 ($104.50 in chips) 
BoyLoc0: posts small blind $0.50
heidi1874: posts big blind $1
*** HOLE CARDS ***
henri789: raises $1.50 to $2.50
BumHuntKing: folds 
LuckyShikari: raises $7.50 to $10
BoyLoc0: folds 
heidi1874: folds 
henri789: raises $14 to $24
LuckyShikari: folds 
Uncalled bet ($14) returned to henri789
henri789 collected $21.50 from pot
henri789: doesn't show hand 
*** SUMMARY ***
Total pot $21.50 | Rake $0 
Seat 1: Iseedora
Seat 2: BumHuntKing folded before Flop (didn't bet)
Seat 3: LuckyShikari (button) folded before Flop
Seat 4: BoyLoc0 (small blind) folded before Flop
Seat 5: heidi1874 (big blind) folded before Flop
Seat 6: henri789 collected ($21.50)



PokerStars Hand #254724666126:  Hold'em No Limit ($0.50/$1.00 USD) - 2025/02/05 21:08:53 WET [2025/02/05 16:08:53 ET]
Table 'Arethusa II' 6-max Seat #4 is the button
Seat 1: Iseedora ($123.51 in chips) is sitting out
Seat 2: BumHuntKing ($117 in chips) 
Seat 3: LuckyShikari ($100 in chips) 
Seat 4: BoyLoc0 ($103 in chips) 
Seat 5: heidi1874 ($88.11 in chips) 
Seat 6: henri789 ($116 in chips) 
heidi1874: posts small blind $0.50
henri789: posts big blind $1
*** HOLE CARDS ***
BumHuntKing: raises $1.20 to $2.20
LuckyShikari: folds 
BoyLoc0: folds 
heidi1874: calls $1.70
henri789: folds 
*** FLOP *** [6c 2c 3h]
heidi1874: checks 
BumHuntKing: bets $1.69
heidi1874: calls $1.69
*** TURN *** [6c 2c 3h] [Td]
heidi1874: checks 
BumHuntKing: bets $6.25
heidi1874: raises $6.25 to $12.50
BumHuntKing: folds 
Uncalled bet ($6.25) returned to heidi1874
heidi1874 collected $20.22 from pot
heidi1874: doesn't show hand 
*** SUMMARY ***
Total pot $21.28 | Rake $1.06 
Board [6c 2c 3h Td]
Seat 1: Iseedora
Seat 2: BumHuntKing folded on the Turn
Seat 3: LuckyShikari folded before Flop (didn't bet)
Seat 4: BoyLoc0 (button) folded before Flop (didn't bet)
Seat 5: heidi1874 (small blind) collected ($20.22)
Seat 6: henri789 (big blind) folded before Flop



PokerStars Hand #254724683710:  Hold'em No Limit ($0.50/$1.00 USD) - 2025/02/05 21:09:49 WET [2025/02/05 16:09:49 ET]
Table 'Arethusa II' 6-max Seat #5 is the button
Seat 1: Iseedora ($123.51 in chips) is sitting out
Seat 2: BumHuntKing ($106.86 in chips) 
Seat 3: LuckyShikari ($100 in chips) 
Seat 4: BoyLoc0 ($103 in chips) 
Seat 5: heidi1874 ($98.19 in chips) 
Seat 6: henri789 ($115 in chips) 
henri789: posts small blind $0.50
BumHuntKing: posts big blind $1
*** HOLE CARDS ***
LuckyShikari: folds 
BoyLoc0: folds 
heidi1874: raises $2 to $3
henri789: folds 
BumHuntKing: calls $2
*** FLOP *** [7h Kc Ad]
BumHuntKing: checks 
heidi1874: bets $3.09
BumHuntKing: folds 
Uncalled bet ($3.09) returned to heidi1874
heidi1874 collected $6.18 from pot
heidi1874: doesn't show hand 
*** SUMMARY ***
Total pot $6.50 | Rake $0.32 
Board [7h Kc Ad]
Seat 1: Iseedora
Seat 2: BumHuntKing (big blind) folded on the Flop
Seat 3: LuckyShikari folded before Flop (didn't bet)
Seat 4: BoyLoc0 folded before Flop (didn't bet)
Seat 5: heidi1874 (button) collected ($6.18)
Seat 6: henri789 (small blind) folded before Flop



PokerStars Hand #254724694779:  Hold'em No Limit ($0.50/$1.00 USD) - 2025/02/05 21:10:23 WET [2025/02/05 16:10:23 ET]
Table 'Arethusa II' 6-max Seat #6 is the button
Seat 1: Iseedora ($123.51 in chips) is sitting out
Seat 2: BumHuntKing ($103.86 in chips) 
Seat 3: LuckyShikari ($100 in chips) 
Seat 4: BoyLoc0 ($103 in chips) 
Seat 5: heidi1874 ($101.37 in chips) 
Seat 6: henri789 ($114.50 in chips) 
BumHuntKing: posts small blind $0.50
LuckyShikari: posts big blind $1
*** HOLE CARDS ***
BoyLoc0: folds 
heidi1874: raises $1 to $2
henri789: folds 
BumHuntKing: raises $9 to $11
LuckyShikari: folds 
heidi1874: folds 
Uncalled bet ($9) returned to BumHuntKing
BumHuntKing collected $5 from pot
BumHuntKing: doesn't show hand 
*** SUMMARY ***
Total pot $5 | Rake $0 
Seat 1: Iseedora
Seat 2: BumHuntKing (small blind) collected ($5)
Seat 3: LuckyShikari (big blind) folded before Flop
Seat 4: BoyLoc0 folded before Flop (didn't bet)
Seat 5: heidi1874 folded before Flop
Seat 6: henri789 (button) folded before Flop (didn't bet)



PokerStars Hand #254724704915:  Hold'em No Limit ($0.50/$1.00 USD) - 2025/02/05 21:10:54 WET [2025/02/05 16:10:54 ET]
Table 'Arethusa II' 6-max Seat #2 is the button
Seat 1: Iseedora ($123.51 in chips) is sitting out
Seat 2: BumHuntKing ($106.86 in chips) 
Seat 3: LuckyShikari ($100 in chips) 
Seat 4: BoyLoc0 ($103 in chips) 
Seat 5: heidi1874 ($99.37 in chips) 
Seat 6: henri789 ($114.50 in chips) 
LuckyShikari: posts small blind $0.50
BoyLoc0: posts big blind $1
*** HOLE CARDS ***
heidi1874: folds 
henri789: folds 
BumHuntKing: folds 
LuckyShikari: folds 
Uncalled bet ($0.50) returned to BoyLoc0
BoyLoc0 collected $1 from pot
BoyLoc0: doesn't show hand 
*** SUMMARY ***
Total pot $1 | Rake $0 
Seat 1: Iseedora
Seat 2: BumHuntKing (button) folded before Flop (didn't bet)
Seat 3: LuckyShikari (small blind) folded before Flop
Seat 4: BoyLoc0 (big blind) collected ($1)
Seat 5: heidi1874 folded before Flop (didn't bet)
Seat 6: henri789 folded before Flop (didn't bet)



PokerStars Hand #254724711957:  Hold'em No Limit ($0.50/$1.00 USD) - 2025/02/05 21:11:16 WET [2025/02/05 16:11:16 ET]
Table 'Arethusa II' 6-max Seat #3 is the button
Seat 1: Iseedora ($123.51 in chips) is sitting out
Seat 2: BumHuntKing ($106.86 in chips) 
Seat 3: LuckyShikari ($100 in chips) 
Seat 4: BoyLoc0 ($103.50 in chips) 
Seat 5: heidi1874 ($99.37 in chips) 
Seat 6: henri789 ($114.50 in chips) 
BoyLoc0: posts small blind $0.50
heidi1874: posts big blind $1
*** HOLE CARDS ***
henri789: folds 
BumHuntKing: folds 
LuckyShikari: raises $1 to $2
BoyLoc0: folds 
heidi1874: raises $2 to $4
LuckyShikari: calls $2
*** FLOP *** [Ad Td 7s]
heidi1874: bets $4
LuckyShikari: calls $4
*** TURN *** [Ad Td 7s] [2s]
heidi1874: bets $13.68
LuckyShikari: folds 
Uncalled bet ($13.68) returned to heidi1874
heidi1874 collected $15.68 from pot
heidi1874: doesn't show hand 
*** SUMMARY ***
Total pot $16.50 | Rake $0.82 
Board [Ad Td 7s 2s]
Seat 1: Iseedora
Seat 2: BumHuntKing folded before Flop (didn't bet)
Seat 3: LuckyShikari (button) folded on the Turn
Seat 4: BoyLoc0 (small blind) folded before Flop
Seat 5: heidi1874 (big blind) collected ($15.68)
Seat 6: henri789 folded before Flop (didn't bet)



PokerStars Hand #254724727001:  Hold'em No Limit ($0.50/$1.00 USD) - 2025/02/05 21:12:03 WET [2025/02/05 16:12:03 ET]
Table 'Arethusa II' 6-max Seat #4 is the button
Seat 1: Iseedora ($123.51 in chips) is sitting out
Seat 2: BumHuntKing ($106.86 in chips) 
Seat 3: LuckyShikari ($100 in chips) 
Seat 4: BoyLoc0 ($103 in chips) 
Seat 5: heidi1874 ($107.05 in chips) 
Seat 6: henri789 ($114.50 in chips) 
heidi1874: posts small blind $0.50
henri789: posts big blind $1
Iseedora: sits out 
*** HOLE CARDS ***
BumHuntKing: folds 
LuckyShikari: raises $1.50 to $2.50
BoyLoc0: folds 
heidi1874: calls $2
henri789: folds 
*** FLOP *** [Kc Kh 6c]
heidi1874: checks 
LuckyShikari: bets $4.50
heidi1874: calls $4.50
*** TURN *** [Kc Kh 6c] [9s]
heidi1874: checks 
LuckyShikari: bets $19
heidi1874: folds 
Uncalled bet ($19) returned to LuckyShikari
LuckyShikari collected $14.25 from pot
LuckyShikari: doesn't show hand 
*** SUMMARY ***
Total pot $15 | Rake $0.75 
Board [Kc Kh 6c 9s]
Seat 1: Iseedora
Seat 2: BumHuntKing folded before Flop (didn't bet)
Seat 3: LuckyShikari collected ($14.25)
Seat 4: BoyLoc0 (button) folded before Flop (didn't bet)
Seat 5: heidi1874 (small blind) folded on the Turn
Seat 6: henri789 (big blind) folded before Flop



PokerStars Hand #254724739041:  Hold'em No Limit ($0.50/$1.00 USD) - 2025/02/05 21:12:40 WET [2025/02/05 16:12:40 ET]
Table 'Arethusa II' 6-max Seat #5 is the button
Seat 1: Iseedora ($123.51 in chips) 
Seat 2: BumHuntKing ($106.86 in chips) 
Seat 3: LuckyShikari ($107.25 in chips) 
Seat 4: BoyLoc0 ($103 in chips) 
Seat 5: heidi1874 ($100.05 in chips) 
Seat 6: henri789 ($113.50 in chips) 
henri789: posts small blind $0.50
Iseedora: posts big blind $1
*** HOLE CARDS ***
BumHuntKing: raises $1.20 to $2.20
LuckyShikari: folds 
BoyLoc0: raises $5.30 to $7.50
heidi1874: folds 
henri789: folds 
Iseedora: folds 
BumHuntKing: raises $12 to $19.50
BoyLoc0: calls $12
*** FLOP *** [3s Ks Qd]
BumHuntKing: bets $9.62
BoyLoc0: calls $9.62
*** TURN *** [3s Ks Qd] [Ah]
BumHuntKing: checks 
BoyLoc0: bets $18.89
BumHuntKing: folds 
Uncalled bet ($18.89) returned to BoyLoc0
BoyLoc0 collected $57.24 from pot
BoyLoc0: doesn't show hand 
*** SUMMARY ***
Total pot $59.74 | Rake $2.50 
Board [3s Ks Qd Ah]
Seat 1: Iseedora (big blind) folded before Flop
Seat 2: BumHuntKing folded on the Turn
Seat 3: LuckyShikari folded before Flop (didn't bet)
Seat 4: BoyLoc0 collected ($57.24)
Seat 5: heidi1874 (button) folded before Flop (didn't bet)
Seat 6: henri789 (small blind) folded before Flop



PokerStars Hand #254724770757:  Hold'em No Limit ($0.50/$1.00 USD) - 2025/02/05 21:14:17 WET [2025/02/05 16:14:17 ET]
Table 'Arethusa II' 6-max Seat #6 is the button
Seat 1: Iseedora ($122.51 in chips) 
Seat 2: BumHuntKing ($100 in chips) 
Seat 3: LuckyShikari ($107.25 in chips) 
Seat 4: BoyLoc0 ($131.12 in chips) 
Seat 5: heidi1874 ($100.05 in chips) 
Seat 6: henri789 ($113 in chips) 
Iseedora: posts small blind $0.50
BumHuntKing: posts big blind $1
*** HOLE CARDS ***
LuckyShikari: raises $1 to $2
BoyLoc0: folds 
heidi1874: folds 
henri789: folds 
Iseedora: folds 
BumHuntKing: calls $1
*** FLOP *** [7d 3h 3c]
BumHuntKing: checks 
LuckyShikari: bets $5
BumHuntKing: folds 
Uncalled bet ($5) returned to LuckyShikari
LuckyShikari collected $4.28 from pot
LuckyShikari: doesn't show hand 
*** SUMMARY ***
Total pot $4.50 | Rake $0.22 
Board [7d 3h 3c]
Seat 1: Iseedora (small blind) folded before Flop
Seat 2: BumHuntKing (big blind) folded on the Flop
Seat 3: LuckyShikari collected ($4.28)
Seat 4: BoyLoc0 folded before Flop (didn't bet)
Seat 5: heidi1874 folded before Flop (didn't bet)
Seat 6: henri789 (button) folded before Flop (didn't bet)



PokerStars Hand #254724784289:  Hold'em No Limit ($0.50/$1.00 USD) - 2025/02/05 21:14:59 WET [2025/02/05 16:14:59 ET]
Table 'Arethusa II' 6-max Seat #1 is the button
Seat 1: Iseedora ($122.01 in chips) 
Seat 2: BumHuntKing ($100 in chips) 
Seat 3: LuckyShikari ($109.53 in chips) 
Seat 4: BoyLoc0 ($131.12 in chips) 
Seat 5: heidi1874 ($100.05 in chips) 
Seat 6: henri789 ($113 in chips) 
BumHuntKing: posts small blind $0.50
LuckyShikari: posts big blind $1
*** HOLE CARDS ***
BoyLoc0: folds 
heidi1874: folds 
henri789 has timed out
henri789: folds 
Iseedora: folds 
BumHuntKing: raises $2 to $3
LuckyShikari: folds 
Uncalled bet ($2) returned to BumHuntKing
BumHuntKing collected $2 from pot
BumHuntKing: doesn't show hand 
*** SUMMARY ***
Total pot $2 | Rake $0 
Seat 1: Iseedora (button) folded before Flop (didn't bet)
Seat 2: BumHuntKing (small blind) collected ($2)
Seat 3: LuckyShikari (big blind) folded before Flop
Seat 4: BoyLoc0 folded before Flop (didn't bet)
Seat 5: heidi1874 folded before Flop (didn't bet)
Seat 6: henri789 folded before Flop (didn't bet)



PokerStars Hand #254724796753:  Hold'em No Limit ($0.50/$1.00 USD) - 2025/02/05 21:15:37 WET [2025/02/05 16:15:37 ET]
Table 'Arethusa II' 6-max Seat #2 is the button
Seat 6: henri789 ($113 in chips) is sitting out
Seat 1: Iseedora ($122.01 in chips) 
Seat 2: BumHuntKing ($101 in chips) 
Seat 3: LuckyShikari ($108.53 in chips) 
Seat 4: BoyLoc0 ($131.12 in chips) 
Seat 5: heidi1874 ($100.05 in chips) 
LuckyShikari: posts small blind $0.50
BoyLoc0: posts big blind $1
*** HOLE CARDS ***
heidi1874: folds 
Iseedora: raises $1.20 to $2.20
BumHuntKing: folds 
LuckyShikari: folds 
BoyLoc0: calls $1.20
*** FLOP *** [6s Ac 2h]
BoyLoc0: checks 
Iseedora: bets $1.26
BoyLoc0: folds 
Uncalled bet ($1.26) returned to Iseedora
Iseedora collected $4.66 from pot
Iseedora: doesn't show hand 
*** SUMMARY ***
Total pot $4.90 | Rake $0.24 
Board [6s Ac 2h]
Seat 6: henri789
Seat 1: Iseedora collected ($4.66)
Seat 2: BumHuntKing (button) folded before Flop (didn't bet)
Seat 3: LuckyShikari (small blind) folded before Flop
Seat 4: BoyLoc0 (big blind) folded on the Flop
Seat 5: heidi1874 folded before Flop (didn't bet)



PokerStars Hand #254724806044:  Hold'em No Limit ($0.50/$1.00 USD) - 2025/02/05 21:16:06 WET [2025/02/05 16:16:06 ET]
Table 'Arethusa II' 6-max Seat #3 is the button
Seat 1: Iseedora ($124.47 in chips) 
Seat 2: BumHuntKing ($101 in chips) 
Seat 3: LuckyShikari ($108.03 in chips) 
Seat 4: BoyLoc0 ($128.92 in chips) 
Seat 5: heidi1874 ($100.05 in chips) 
Seat 6: henri789 ($113 in chips) 
BoyLoc0: posts small blind $0.50
heidi1874: posts big blind $1
*** HOLE CARDS ***
henri789: folds 
Iseedora: folds 
BumHuntKing: raises $1.20 to $2.20
LuckyShikari: calls $2.20
BoyLoc0: raises $11.80 to $14
heidi1874: folds 
BumHuntKing: folds 
LuckyShikari: folds 
Uncalled bet ($11.80) returned to BoyLoc0
BoyLoc0 collected $7.60 from pot
BoyLoc0: doesn't show hand 
*** SUMMARY ***
Total pot $7.60 | Rake $0 
Seat 1: Iseedora folded before Flop (didn't bet)
Seat 2: BumHuntKing folded before Flop
Seat 3: LuckyShikari (button) folded before Flop
Seat 4: BoyLoc0 (small blind) collected ($7.60)
Seat 5: heidi1874 (big blind) folded before Flop
Seat 6: henri789 folded before Flop (didn't bet)



PokerStars Hand #254724813530:  Hold'em No Limit ($0.50/$1.00 USD) - 2025/02/05 21:16:30 WET [2025/02/05 16:16:30 ET]
Table 'Arethusa II' 6-max Seat #4 is the button
Seat 1: Iseedora ($124.47 in chips) 
Seat 2: BumHuntKing ($100 in chips) 
Seat 3: LuckyShikari ($105.83 in chips) 
Seat 4: BoyLoc0 ($134.32 in chips) 
Seat 5: heidi1874 ($99.05 in chips) 
Seat 6: henri789 ($113 in chips) 
heidi1874: posts small blind $0.50
henri789: posts big blind $1
*** HOLE CARDS ***
Iseedora: folds 
BumHuntKing: raises $1.20 to $2.20
LuckyShikari: folds 
BoyLoc0: folds 
heidi1874: calls $1.70
henri789: calls $1.20
*** FLOP *** [9s 6h Kd]
heidi1874: checks 
henri789: checks 
BumHuntKing: checks 
*** TURN *** [9s 6h Kd] [7h]
heidi1874: bets $4.14
henri789: raises $9.75 to $13.89
BumHuntKing: calls $13.89
heidi1874: calls $9.75
*** RIVER *** [9s 6h Kd 7h] [Js]
heidi1874: checks 
henri789: checks 
BumHuntKing: bets $83.91 and is all-in
heidi1874: calls $82.96 and is all-in
henri789: folds 
Uncalled bet ($0.95) returned to BumHuntKing
*** SHOW DOWN ***
BumHuntKing: shows [8d Ad] (high card Ace)
heidi1874: shows [Kh Jh] (two pair, Kings and Jacks)
heidi1874 collected $211.69 from pot
*** SUMMARY ***
Total pot $214.19 | Rake $2.50 
Board [9s 6h Kd 7h Js]
Seat 1: Iseedora folded before Flop (didn't bet)
Seat 2: BumHuntKing showed [8d Ad] and lost with high card Ace
Seat 3: LuckyShikari folded before Flop (didn't bet)
Seat 4: BoyLoc0 (button) folded before Flop (didn't bet)
Seat 5: heidi1874 (small blind) showed [Kh Jh] and won ($211.69) with two pair, Kings and Jacks
Seat 6: henri789 (big blind) folded on the River



PokerStars Hand #254724854941:  Hold'em No Limit ($0.50/$1.00 USD) - 2025/02/05 21:18:38 WET [2025/02/05 16:18:38 ET]
Table 'Arethusa II' 6-max Seat #5 is the button
Seat 1: Iseedora ($124.47 in chips) 
Seat 2: BumHuntKing ($100 in chips) 
Seat 3: LuckyShikari ($105.83 in chips) 
Seat 4: BoyLoc0 ($134.32 in chips) 
Seat 5: heidi1874 ($211.69 in chips) 
Seat 6: henri789 ($100 in chips) 
henri789: posts small blind $0.50
Iseedora: posts big blind $1
*** HOLE CARDS ***
BumHuntKing: folds 
LuckyShikari: folds 
BoyLoc0: raises $1.50 to $2.50
heidi1874: folds 
henri789: folds 
Iseedora: folds 
Uncalled bet ($1.50) returned to BoyLoc0
BoyLoc0 collected $2.50 from pot
BoyLoc0: doesn't show hand 
*** SUMMARY ***
Total pot $2.50 | Rake $0 
Seat 1: Iseedora (big blind) folded before Flop
Seat 2: BumHuntKing folded before Flop (didn't bet)
Seat 3: LuckyShikari folded before Flop (didn't bet)
Seat 4: BoyLoc0 collected ($2.50)
Seat 5: heidi1874 (button) folded before Flop (didn't bet)
Seat 6: henri789 (small blind) folded before Flop



PokerStars Hand #254724860903:  Hold'em No Limit ($0.50/$1.00 USD) - 2025/02/05 21:18:57 WET [2025/02/05 16:18:57 ET]
Table 'Arethusa II' 6-max Seat #6 is the button
Seat 1: Iseedora ($123.47 in chips) 
Seat 2: BumHuntKing ($100 in chips) 
Seat 3: LuckyShikari ($105.83 in chips) 
Seat 4: BoyLoc0 ($135.82 in chips) 
Seat 5: heidi1874 ($211.69 in chips) 
Seat 6: henri789 ($100 in chips) 
Iseedora: posts small blind $0.50
BumHuntKing: posts big blind $1
*** HOLE CARDS ***
LuckyShikari: folds 
BoyLoc0: folds 
heidi1874: calls $1
henri789: folds 
Iseedora: raises $3 to $4
BumHuntKing: folds 
heidi1874: calls $3
*** FLOP *** [6d 3c 9c]
Iseedora: checks 
heidi1874: bets $4
Iseedora: folds 
Uncalled bet ($4) returned to heidi1874
heidi1874 collected $8.55 from pot
heidi1874: doesn't show hand 
*** SUMMARY ***
Total pot $9 | Rake $0.45 
Board [6d 3c 9c]
Seat 1: Iseedora (small blind) folded on the Flop
Seat 2: BumHuntKing (big blind) folded before Flop
Seat 3: LuckyShikari folded before Flop (didn't bet)
Seat 4: BoyLoc0 folded before Flop (didn't bet)
Seat 5: heidi1874 collected ($8.55)
Seat 6: henri789 (button) folded before Flop (didn't bet)



PokerStars Hand #254724879798:  Hold'em No Limit ($0.50/$1.00 USD) - 2025/02/05 21:19:55 WET [2025/02/05 16:19:55 ET]
Table 'Arethusa II' 6-max Seat #1 is the button
Seat 1: Iseedora ($119.47 in chips) 
Seat 2: BumHuntKing ($100 in chips) 
Seat 3: LuckyShikari ($105.83 in chips) 
Seat 4: BoyLoc0 ($135.82 in chips) 
Seat 5: heidi1874 ($216.24 in chips) 
Seat 6: henri789 ($100 in chips) 
BumHuntKing: posts small blind $0.50
LuckyShikari: posts big blind $1
*** HOLE CARDS ***
BoyLoc0: folds 
heidi1874: folds 
henri789: folds 
Iseedora: folds 
BumHuntKing: folds 
Uncalled bet ($0.50) returned to LuckyShikari
LuckyShikari collected $1 from pot
LuckyShikari: doesn't show hand 
*** SUMMARY ***
Total pot $1 | Rake $0 
Seat 1: Iseedora (button) folded before Flop (didn't bet)
Seat 2: BumHuntKing (small blind) folded before Flop
Seat 3: LuckyShikari (big blind) collected ($1)
Seat 4: BoyLoc0 folded before Flop (didn't bet)
Seat 5: heidi1874 folded before Flop (didn't bet)
Seat 6: henri789 folded before Flop (didn't bet)



PokerStars Hand #254724885567:  Hold'em No Limit ($0.50/$1.00 USD) - 2025/02/05 21:20:13 WET [2025/02/05 16:20:13 ET]
Table 'Arethusa II' 6-max Seat #2 is the button
Seat 1: Iseedora ($119.47 in chips) 
Seat 2: BumHuntKing ($100 in chips) 
Seat 3: LuckyShikari ($106.33 in chips) 
Seat 4: BoyLoc0 ($135.82 in chips) 
Seat 5: heidi1874 ($216.24 in chips) 
Seat 6: henri789 ($100 in chips) 
LuckyShikari: posts small blind $0.50
BoyLoc0: posts big blind $1
*** HOLE CARDS ***
heidi1874: folds 
henri789: raises $1.50 to $2.50
Iseedora: folds 
BumHuntKing: folds 
LuckyShikari: raises $10 to $12.50
BoyLoc0: folds 
henri789: folds 
Uncalled bet ($10) returned to LuckyShikari
LuckyShikari collected $6 from pot
LuckyShikari: doesn't show hand 
*** SUMMARY ***
Total pot $6 | Rake $0 
Seat 1: Iseedora folded before Flop (didn't bet)
Seat 2: BumHuntKing (button) folded before Flop (didn't bet)
Seat 3: LuckyShikari (small blind) collected ($6)
Seat 4: BoyLoc0 (big blind) folded before Flop
Seat 5: heidi1874 folded before Flop (didn't bet)
Seat 6: henri789 folded before Flop



PokerStars Hand #254724903984:  Hold'em No Limit ($0.50/$1.00 USD) - 2025/02/05 21:21:10 WET [2025/02/05 16:21:10 ET]
Table 'Arethusa II' 6-max Seat #3 is the button
Seat 1: Iseedora ($119.47 in chips) 
Seat 2: BumHuntKing ($100 in chips) 
Seat 3: LuckyShikari ($109.83 in chips) 
Seat 4: BoyLoc0 ($134.82 in chips) 
Seat 5: heidi1874 ($216.24 in chips) 
Seat 6: henri789 ($100 in chips) 
BoyLoc0: posts small blind $0.50
heidi1874: posts big blind $1
*** HOLE CARDS ***
henri789: raises $1.50 to $2.50
Iseedora: folds 
BumHuntKing: folds 
LuckyShikari: folds 
BoyLoc0: raises $7.50 to $10
heidi1874: folds 
henri789: folds 
Uncalled bet ($7.50) returned to BoyLoc0
BoyLoc0 collected $6 from pot
BoyLoc0: doesn't show hand 
*** SUMMARY ***
Total pot $6 | Rake $0 
Seat 1: Iseedora folded before Flop (didn't bet)
Seat 2: BumHuntKing folded before Flop (didn't bet)
Seat 3: LuckyShikari (button) folded before Flop (didn't bet)
Seat 4: BoyLoc0 (small blind) collected ($6)
Seat 5: heidi1874 (big blind) folded before Flop
Seat 6: henri789 folded before Flop



PokerStars Hand #254724915988:  Hold'em No Limit ($0.50/$1.00 USD) - 2025/02/05 21:21:48 WET [2025/02/05 16:21:48 ET]
Table 'Arethusa II' 6-max Seat #4 is the button
Seat 1: Iseedora ($119.47 in chips) 
Seat 2: BumHuntKing ($100 in chips) 
Seat 3: LuckyShikari ($109.83 in chips) 
Seat 4: BoyLoc0 ($138.32 in chips) 
Seat 5: heidi1874 ($215.24 in chips) 
Seat 6: henri789 ($100 in chips) 
heidi1874: posts small blind $0.50
henri789: posts big blind $1
*** HOLE CARDS ***
Iseedora: folds 
BumHuntKing: raises $1.20 to $2.20
LuckyShikari: raises $4.80 to $7
BoyLoc0: folds 
heidi1874: folds 
henri789: folds 
BumHuntKing: raises $12 to $19
LuckyShikari: raises $13 to $32
BumHuntKing: folds 
Uncalled bet ($13) returned to LuckyShikari
LuckyShikari collected $39.50 from pot
LuckyShikari: doesn't show hand 
*** SUMMARY ***
Total pot $39.50 | Rake $0 
Seat 1: Iseedora folded before Flop (didn't bet)
Seat 2: BumHuntKing folded before Flop
Seat 3: LuckyShikari collected ($39.50)
Seat 4: BoyLoc0 (button) folded before Flop (didn't bet)
Seat 5: heidi1874 (small blind) folded before Flop
Seat 6: henri789 (big blind) folded before Flop



PokerStars Hand #254724931705:  Hold'em No Limit ($0.50/$1.00 USD) - 2025/02/05 21:22:37 WET [2025/02/05 16:22:37 ET]
Table 'Arethusa II' 6-max Seat #5 is the button
Seat 1: Iseedora ($119.47 in chips) 
Seat 2: BumHuntKing ($100 in chips) 
Seat 3: LuckyShikari ($130.33 in chips) 
Seat 4: BoyLoc0 ($138.32 in chips) 
Seat 5: heidi1874 ($214.74 in chips) 
Seat 6: henri789 ($100 in chips) 
henri789: posts small blind $0.50
Iseedora: posts big blind $1
*** HOLE CARDS ***
BumHuntKing: folds 
LuckyShikari: folds 
BoyLoc0: raises $1.50 to $2.50
heidi1874: raises $2.50 to $5
henri789: folds 
Iseedora: folds 
BoyLoc0: calls $2.50
*** FLOP *** [Ad Tc 3h]
BoyLoc0: checks 
heidi1874: bets $6
BoyLoc0: folds 
Uncalled bet ($6) returned to heidi1874
heidi1874 collected $10.92 from pot
heidi1874: doesn't show hand 
*** SUMMARY ***
Total pot $11.50 | Rake $0.58 
Board [Ad Tc 3h]
Seat 1: Iseedora (big blind) folded before Flop
Seat 2: BumHuntKing folded before Flop (didn't bet)
Seat 3: LuckyShikari folded before Flop (didn't bet)
Seat 4: BoyLoc0 folded on the Flop
Seat 5: heidi1874 (button) collected ($10.92)
Seat 6: henri789 (small blind) folded before Flop



PokerStars Hand #254726698342:  Hold'em No Limit ($0.50/$1.00 USD) - 2025/02/05 23:04:44 WET [2025/02/05 18:04:44 ET]
Table 'Arethusa II' 6-max Seat #5 is the button
Seat 1: BoyLoc0 ($244.43 in chips) 
Seat 2: Joe_Li7 ($106.93 in chips) 
Seat 3: BGS013 ($101.50 in chips) 
Seat 4: Brookstj500 ($68.54 in chips) 
Seat 5: nikalas22 ($100 in chips) 
Seat 6: tintin641 ($135 in chips) 
tintin641: posts small blind $0.50
BoyLoc0: posts big blind $1
*** HOLE CARDS ***
Joe_Li7: raises $1.20 to $2.20
BGS013: folds 
Brookstj500: calls $2.20
nikalas22: calls $2.20
tintin641: folds 
BoyLoc0: folds 
*** FLOP *** [Ks 2c 4h]
Joe_Li7: checks 
Brookstj500: bets $3
nikalas22: raises $6.85 to $9.85
Joe_Li7: calls $9.85
Brookstj500: folds 
*** TURN *** [Ks 2c 4h] [Jd]
Joe_Li7: checks 
nikalas22: checks 
*** RIVER *** [Ks 2c 4h Jd] [4d]
Joe_Li7: checks 
nikalas22: bets $21.95
Joe_Li7: folds 
Uncalled bet ($21.95) returned to nikalas22
nikalas22 collected $29.26 from pot
nikalas22: doesn't show hand 
*** SUMMARY ***
Total pot $30.80 | Rake $1.54 
Board [Ks 2c 4h Jd 4d]
Seat 1: BoyLoc0 (big blind) folded before Flop
Seat 2: Joe_Li7 folded on the River
Seat 3: BGS013 folded before Flop (didn't bet)
Seat 4: Brookstj500 folded on the Flop
Seat 5: nikalas22 (button) collected ($29.26)
Seat 6: tintin641 (small blind) folded before Flop



PokerStars Hand #254726730237:  Hold'em No Limit ($0.50/$1.00 USD) - 2025/02/05 23:06:41 WET [2025/02/05 18:06:41 ET]
Table 'Arethusa II' 6-max Seat #6 is the button
Seat 1: BoyLoc0 ($243.43 in chips) 
Seat 2: Joe_Li7 ($100 in chips) 
Seat 3: BGS013 ($101.50 in chips) 
Seat 4: Brookstj500 ($63.34 in chips) 
Seat 5: nikalas22 ($117.21 in chips) 
Seat 6: tintin641 ($134.50 in chips) 
BoyLoc0: posts small blind $0.50
Joe_Li7: posts big blind $1
*** HOLE CARDS ***
BGS013: raises $1 to $2
Brookstj500: calls $2
nikalas22: folds 
tintin641: folds 
BoyLoc0: folds 
Joe_Li7: folds 
*** FLOP *** [6s Jd Js]
BGS013: checks 
Brookstj500: checks 
*** TURN *** [6s Jd Js] [6h]
BGS013: bets $4.07
Brookstj500: folds 
Uncalled bet ($4.07) returned to BGS013
BGS013 collected $5.22 from pot
*** SUMMARY ***
Total pot $5.50 | Rake $0.28 
Board [6s Jd Js 6h]
Seat 1: BoyLoc0 (small blind) folded before Flop
Seat 2: Joe_Li7 (big blind) folded before Flop
Seat 3: BGS013 collected ($5.22)
Seat 4: Brookstj500 folded on the Turn
Seat 5: nikalas22 folded before Flop (didn't bet)
Seat 6: tintin641 (button) folded before Flop (didn't bet)



PokerStars Hand #254726743872:  Hold'em No Limit ($0.50/$1.00 USD) - 2025/02/05 23:07:32 WET [2025/02/05 18:07:32 ET]
Table 'Arethusa II' 6-max Seat #1 is the button
Seat 1: BoyLoc0 ($242.93 in chips) 
Seat 2: Joe_Li7 ($100 in chips) 
Seat 3: BGS013 ($104.72 in chips) 
Seat 4: Brookstj500 ($61.34 in chips) 
Seat 5: nikalas22 ($117.21 in chips) 
Seat 6: tintin641 ($134.50 in chips) 
Joe_Li7: posts small blind $0.50
BGS013: posts big blind $1
*** HOLE CARDS ***
Brookstj500: raises $2 to $3
nikalas22: folds 
tintin641: folds 
BoyLoc0: folds 
Joe_Li7: folds 
BGS013: folds 
Uncalled bet ($2) returned to Brookstj500
Brookstj500 collected $2.50 from pot
Brookstj500: doesn't show hand 
*** SUMMARY ***
Total pot $2.50 | Rake $0 
Seat 1: BoyLoc0 (button) folded before Flop (didn't bet)
Seat 2: Joe_Li7 (small blind) folded before Flop
Seat 3: BGS013 (big blind) folded before Flop
Seat 4: Brookstj500 collected ($2.50)
Seat 5: nikalas22 folded before Flop (didn't bet)
Seat 6: tintin641 folded before Flop (didn't bet)



PokerStars Hand #254726966636:  Hold'em No Limit ($0.50/$1.00 USD) - 2025/02/05 23:21:43 WET [2025/02/05 18:21:43 ET]
Table 'Arethusa II' 6-max Seat #5 is the button
Seat 4: Brookstj500 ($48.84 in chips) is sitting out
Seat 1: BoyLoc0 ($241.18 in chips) 
Seat 2: Joe_Li7 ($108.98 in chips) 
Seat 3: BGS013 ($117.19 in chips) 
Seat 5: nikalas22 ($121.97 in chips) 
Seat 6: tintin641 ($128.98 in chips) 
tintin641: posts small blind $0.50
BoyLoc0: posts big blind $1
Brookstj500: sits out 
*** HOLE CARDS ***
Joe_Li7: raises $1.20 to $2.20
BGS013: folds 
nikalas22: raises $5.80 to $8
tintin641: folds 
BoyLoc0: folds 
Joe_Li7: folds 
Uncalled bet ($5.80) returned to nikalas22
nikalas22 collected $5.90 from pot
nikalas22: doesn't show hand 
*** SUMMARY ***
Total pot $5.90 | Rake $0 
Seat 4: Brookstj500
Seat 1: BoyLoc0 (big blind) folded before Flop
Seat 2: Joe_Li7 folded before Flop
Seat 3: BGS013 folded before Flop (didn't bet)
Seat 5: nikalas22 (button) collected ($5.90)
Seat 6: tintin641 (small blind) folded before Flop



PokerStars Hand #254726972257:  Hold'em No Limit ($0.50/$1.00 USD) - 2025/02/05 23:22:05 WET [2025/02/05 18:22:05 ET]
Table 'Arethusa II' 6-max Seat #6 is the button
Seat 4: Brookstj500 ($48.84 in chips) is sitting out
Seat 1: BoyLoc0 ($240.18 in chips) 
Seat 2: Joe_Li7 ($106.78 in chips) 
Seat 3: BGS013 ($117.19 in chips) 
Seat 5: nikalas22 ($125.67 in chips) 
Seat 6: tintin641 ($128.48 in chips) 
BoyLoc0: posts small blind $0.50
Joe_Li7: posts big blind $1
Brookstj500: sits out 
*** HOLE CARDS ***
BGS013: folds 
nikalas22: folds 
tintin641: folds 
BoyLoc0: raises $2 to $3
Joe_Li7: raises $6 to $9
BoyLoc0: folds 
Uncalled bet ($6) returned to Joe_Li7
Joe_Li7 collected $6 from pot
*** SUMMARY ***
Total pot $6 | Rake $0 
Seat 4: Brookstj500
Seat 1: BoyLoc0 (small blind) folded before Flop
Seat 2: Joe_Li7 (big blind) collected ($6)
Seat 3: BGS013 folded before Flop (didn't bet)
Seat 5: nikalas22 folded before Flop (didn't bet)
Seat 6: tintin641 (button) folded before Flop (didn't bet)



PokerStars Hand #254726978415:  Hold'em No Limit ($0.50/$1.00 USD) - 2025/02/05 23:22:29 WET [2025/02/05 18:22:29 ET]
Table 'Arethusa II' 6-max Seat #1 is the button
Seat 4: Brookstj500 ($48.84 in chips) is sitting out
Seat 1: BoyLoc0 ($237.18 in chips) 
Seat 2: Joe_Li7 ($109.78 in chips) 
Seat 3: BGS013 ($117.19 in chips) 
Seat 5: nikalas22 ($125.67 in chips) 
Seat 6: tintin641 ($128.48 in chips) 
Joe_Li7: posts small blind $0.50
BGS013: posts big blind $1
Brookstj500: sits out 
*** HOLE CARDS ***
nikalas22: raises $1.20 to $2.20
tintin641: folds 
BoyLoc0: folds 
Joe_Li7: folds 
BGS013: folds 
Uncalled bet ($1.20) returned to nikalas22
nikalas22 collected $2.50 from pot
nikalas22: doesn't show hand 
*** SUMMARY ***
Total pot $2.50 | Rake $0 
Seat 4: Brookstj500
Seat 1: BoyLoc0 (button) folded before Flop (didn't bet)
Seat 2: Joe_Li7 (small blind) folded before Flop
Seat 3: BGS013 (big blind) folded before Flop
Seat 5: nikalas22 collected ($2.50)
Seat 6: tintin641 folded before Flop (didn't bet)



PokerStars Hand #254726983298:  Hold'em No Limit ($0.50/$1.00 USD) - 2025/02/05 23:22:47 WET [2025/02/05 18:22:47 ET]
Table 'Arethusa II' 6-max Seat #2 is the button
Seat 1: BoyLoc0 ($237.18 in chips) 
Seat 2: Joe_Li7 ($109.28 in chips) 
Seat 3: BGS013 ($116.19 in chips) 
Seat 4: Brookstj500 ($48.84 in chips) 
Seat 5: nikalas22 ($127.17 in chips) 
Seat 6: tintin641 ($128.48 in chips) 
BGS013: posts small blind $0.50
Brookstj500: posts big blind $1
*** HOLE CARDS ***
nikalas22: folds 
tintin641: folds 
BoyLoc0: raises $1.50 to $2.50
Joe_Li7: folds 
BGS013: raises $8.50 to $11
Brookstj500 is disconnected 
Brookstj500 has timed out while disconnected
Brookstj500: folds 
BoyLoc0: raises $12 to $23
BGS013: raises $93.19 to $116.19 and is all-in
BoyLoc0: folds 
Uncalled bet ($93.19) returned to BGS013
BGS013 collected $47 from pot
BGS013: doesn't show hand 
*** SUMMARY ***
Total pot $47 | Rake $0 
Seat 1: BoyLoc0 folded before Flop
Seat 2: Joe_Li7 (button) folded before Flop (didn't bet)
Seat 3: BGS013 (small blind) collected ($47)
Seat 4: Brookstj500 (big blind) folded before Flop
Seat 5: nikalas22 folded before Flop (didn't bet)
Seat 6: tintin641 folded before Flop (didn't bet)



PokerStars Hand #254727012365:  Hold'em No Limit ($0.50/$1.00 USD) - 2025/02/05 23:24:39 WET [2025/02/05 18:24:39 ET]
Table 'Arethusa II' 6-max Seat #3 is the button
Seat 4: Brookstj500 ($47.84 in chips) is sitting out
Seat 1: BoyLoc0 ($214.18 in chips) 
Seat 2: Joe_Li7 ($109.28 in chips) 
Seat 3: BGS013 ($140.19 in chips) 
Seat 5: nikalas22 ($127.17 in chips) 
Seat 6: tintin641 ($128.48 in chips) 
nikalas22: posts small blind $0.50
tintin641: posts big blind $1
*** HOLE CARDS ***
BoyLoc0: folds 
Joe_Li7: raises $1.20 to $2.20
BGS013: folds 
nikalas22: folds 
tintin641: folds 
Uncalled bet ($1.20) returned to Joe_Li7
Joe_Li7 collected $2.50 from pot
*** SUMMARY ***
Total pot $2.50 | Rake $0 
Seat 4: Brookstj500
Seat 1: BoyLoc0 folded before Flop (didn't bet)
Seat 2: Joe_Li7 collected ($2.50)
Seat 3: BGS013 (button) folded before Flop (didn't bet)
Seat 5: nikalas22 (small blind) folded before Flop
Seat 6: tintin641 (big blind) folded before Flop



PokerStars Hand #254727016654:  Hold'em No Limit ($0.50/$1.00 USD) - 2025/02/05 23:24:55 WET [2025/02/05 18:24:55 ET]
Table 'Arethusa II' 6-max Seat #5 is the button
Seat 4: Brookstj500 ($47.84 in chips) is sitting out
Seat 1: BoyLoc0 ($214.18 in chips) 
Seat 2: Joe_Li7 ($110.78 in chips) 
Seat 3: BGS013 ($140.19 in chips) 
Seat 5: nikalas22 ($126.67 in chips) 
Seat 6: tintin641 ($127.48 in chips) 
tintin641: posts small blind $0.50
BoyLoc0: posts big blind $1
*** HOLE CARDS ***
Joe_Li7: folds 
BGS013: folds 
nikalas22: raises $1.20 to $2.20
tintin641: folds 
BoyLoc0: raises $10.80 to $13
nikalas22: folds 
Uncalled bet ($10.80) returned to BoyLoc0
BoyLoc0 collected $4.90 from pot
BoyLoc0: doesn't show hand 
*** SUMMARY ***
Total pot $4.90 | Rake $0 
Seat 4: Brookstj500
Seat 1: BoyLoc0 (big blind) collected ($4.90)
Seat 2: Joe_Li7 folded before Flop (didn't bet)
Seat 3: BGS013 folded before Flop (didn't bet)
Seat 5: nikalas22 (button) folded before Flop
Seat 6: tintin641 (small blind) folded before Flop



PokerStars Hand #254727024685:  Hold'em No Limit ($0.50/$1.00 USD) - 2025/02/05 23:25:25 WET [2025/02/05 18:25:25 ET]
Table 'Arethusa II' 6-max Seat #6 is the button
Seat 4: Brookstj500 ($47.84 in chips) is sitting out
Seat 1: BoyLoc0 ($216.88 in chips) 
Seat 2: Joe_Li7 ($110.78 in chips) 
Seat 3: BGS013 ($140.19 in chips) 
Seat 5: nikalas22 ($124.47 in chips) 
Seat 6: tintin641 ($126.98 in chips) 
BoyLoc0: posts small blind $0.50
Joe_Li7: posts big blind $1
*** HOLE CARDS ***
BGS013: folds 
nikalas22: folds 
tintin641: folds 
BoyLoc0: raises $2 to $3
Joe_Li7: folds 
Uncalled bet ($2) returned to BoyLoc0
BoyLoc0 collected $2 from pot
BoyLoc0: doesn't show hand 
*** SUMMARY ***
Total pot $2 | Rake $0 
Seat 4: Brookstj500
Seat 1: BoyLoc0 (small blind) collected ($2)
Seat 2: Joe_Li7 (big blind) folded before Flop
Seat 3: BGS013 folded before Flop (didn't bet)
Seat 5: nikalas22 folded before Flop (didn't bet)
Seat 6: tintin641 (button) folded before Flop (didn't bet)



PokerStars Hand #254727029181:  Hold'em No Limit ($0.50/$1.00 USD) - 2025/02/05 23:25:43 WET [2025/02/05 18:25:43 ET]
Table 'Arethusa II' 6-max Seat #1 is the button
Seat 4: Brookstj500 ($47.84 in chips) is sitting out
Seat 1: BoyLoc0 ($217.88 in chips) 
Seat 2: Joe_Li7 ($109.78 in chips) 
Seat 3: BGS013 ($140.19 in chips) 
Seat 5: nikalas22 ($124.47 in chips) 
Seat 6: tintin641 ($126.98 in chips) 
Joe_Li7: posts small blind $0.50
BGS013: posts big blind $1
*** HOLE CARDS ***
nikalas22: folds 
tintin641: folds 
BoyLoc0: raises $1.50 to $2.50
Joe_Li7: folds 
BGS013: folds 
Uncalled bet ($1.50) returned to BoyLoc0
BoyLoc0 collected $2.50 from pot
BoyLoc0: doesn't show hand 
*** SUMMARY ***
Total pot $2.50 | Rake $0 
Seat 4: Brookstj500
Seat 1: BoyLoc0 (button) collected ($2.50)
Seat 2: Joe_Li7 (small blind) folded before Flop
Seat 3: BGS013 (big blind) folded before Flop
Seat 5: nikalas22 folded before Flop (didn't bet)
Seat 6: tintin641 folded before Flop (didn't bet)



PokerStars Hand #254727035474:  Hold'em No Limit ($0.50/$1.00 USD) - 2025/02/05 23:26:07 WET [2025/02/05 18:26:07 ET]
Table 'Arethusa II' 6-max Seat #2 is the button
Seat 4: Brookstj500 ($47.84 in chips) is sitting out
Seat 1: BoyLoc0 ($219.38 in chips) 
Seat 2: Joe_Li7 ($109.28 in chips) 
Seat 3: BGS013 ($139.19 in chips) 
Seat 5: nikalas22 ($124.47 in chips) 
Seat 6: tintin641 ($126.98 in chips) 
BGS013: posts small blind $0.50
nikalas22: posts big blind $1
*** HOLE CARDS ***
tintin641: folds 
BoyLoc0: raises $1.50 to $2.50
Joe_Li7: folds 
BGS013: folds 
nikalas22: folds 
Uncalled bet ($1.50) returned to BoyLoc0
BoyLoc0 collected $2.50 from pot
BoyLoc0: doesn't show hand 
*** SUMMARY ***
Total pot $2.50 | Rake $0 
Seat 4: Brookstj500
Seat 1: BoyLoc0 collected ($2.50)
Seat 2: Joe_Li7 (button) folded before Flop (didn't bet)
Seat 3: BGS013 (small blind) folded before Flop
Seat 5: nikalas22 (big blind) folded before Flop
Seat 6: tintin641 folded before Flop (didn't bet)



PokerStars Hand #254727040787:  Hold'em No Limit ($0.50/$1.00 USD) - 2025/02/05 23:26:27 WET [2025/02/05 18:26:27 ET]
Table 'Arethusa II' 6-max Seat #3 is the button
Seat 4: Brookstj500 ($47.84 in chips) is sitting out
Seat 6: tintin641 ($126.98 in chips) is sitting out
Seat 1: BoyLoc0 ($220.88 in chips) 
Seat 2: Joe_Li7 ($109.28 in chips) 
Seat 3: BGS013 ($138.69 in chips) 
Seat 5: nikalas22 ($123.47 in chips) 
nikalas22: posts small blind $0.50
tintin641: is sitting out 
BoyLoc0: posts big blind $1
*** HOLE CARDS ***
tintin641 leaves the table
Joe_Li7: raises $1.20 to $2.20
BGS013: folds 
nikalas22: folds 
BoyLoc0: folds 
Uncalled bet ($1.20) returned to Joe_Li7
Joe_Li7 collected $2.50 from pot
*** SUMMARY ***
Total pot $2.50 | Rake $0 
Seat 4: Brookstj500
Seat 6: tintin641
Seat 1: BoyLoc0 (big blind) folded before Flop
Seat 2: Joe_Li7 collected ($2.50)
Seat 3: BGS013 (button) folded before Flop (didn't bet)
Seat 5: nikalas22 (small blind) folded before Flop



PokerStars Hand #254727044329:  Hold'em No Limit ($0.50/$1.00 USD) - 2025/02/05 23:26:41 WET [2025/02/05 18:26:41 ET]
Table 'Arethusa II' 6-max Seat #5 is the button
Seat 4: Brookstj500 ($47.84 in chips) is sitting out
Seat 1: BoyLoc0 ($219.88 in chips) 
Seat 2: Joe_Li7 ($110.78 in chips) 
Seat 3: BGS013 ($138.69 in chips) 
Seat 5: nikalas22 ($122.97 in chips) 
BoyLoc0: posts small blind $0.50
Joe_Li7: posts big blind $1
*** HOLE CARDS ***
BGS013: raises $1.50 to $2.50
nikalas22: folds 
BoyLoc0: raises $9.50 to $12
Joe_Li7: folds 
BGS013: folds 
Uncalled bet ($9.50) returned to BoyLoc0
BoyLoc0 collected $6 from pot
BoyLoc0: doesn't show hand 
*** SUMMARY ***
Total pot $6 | Rake $0 
Seat 4: Brookstj500
Seat 1: BoyLoc0 (small blind) collected ($6)
Seat 2: Joe_Li7 (big blind) folded before Flop
Seat 3: BGS013 folded before Flop
Seat 5: nikalas22 (button) folded before Flop (didn't bet)



PokerStars Hand #254727049333:  Hold'em No Limit ($0.50/$1.00 USD) - 2025/02/05 23:27:01 WET [2025/02/05 18:27:01 ET]
Table 'Arethusa II' 6-max Seat #1 is the button
Seat 4: Brookstj500 ($47.84 in chips) is sitting out
Seat 1: BoyLoc0 ($223.38 in chips) 
Seat 2: Joe_Li7 ($109.78 in chips) 
Seat 3: BGS013 ($136.19 in chips) 
Seat 5: nikalas22 ($122.97 in chips) 
Joe_Li7: posts small blind $0.50
BGS013: posts big blind $1
*** HOLE CARDS ***
nikalas22: folds 
BoyLoc0: raises $1.50 to $2.50
Joe_Li7: folds 
BGS013: folds 
Uncalled bet ($1.50) returned to BoyLoc0
BoyLoc0 collected $2.50 from pot
BoyLoc0: doesn't show hand 
*** SUMMARY ***
Total pot $2.50 | Rake $0 
Seat 4: Brookstj500
Seat 1: BoyLoc0 (button) collected ($2.50)
Seat 2: Joe_Li7 (small blind) folded before Flop
Seat 3: BGS013 (big blind) folded before Flop
Seat 5: nikalas22 folded before Flop (didn't bet)



PokerStars Hand #254727052831:  Hold'em No Limit ($0.50/$1.00 USD) - 2025/02/05 23:27:14 WET [2025/02/05 18:27:14 ET]
Table 'Arethusa II' 6-max Seat #2 is the button
Seat 4: Brookstj500 ($47.84 in chips) is sitting out
Seat 1: BoyLoc0 ($224.88 in chips) 
Seat 2: Joe_Li7 ($109.28 in chips) 
Seat 3: BGS013 ($135.19 in chips) 
Seat 5: nikalas22 ($122.97 in chips) 
BGS013: posts small blind $0.50
nikalas22: posts big blind $1
*** HOLE CARDS ***
BoyLoc0: folds 
Joe_Li7: raises $1.20 to $2.20
BGS013: folds 
nikalas22: folds 
Uncalled bet ($1.20) returned to Joe_Li7
Joe_Li7 collected $2.50 from pot
*** SUMMARY ***
Total pot $2.50 | Rake $0 
Seat 4: Brookstj500
Seat 1: BoyLoc0 folded before Flop (didn't bet)
Seat 2: Joe_Li7 (button) collected ($2.50)
Seat 3: BGS013 (small blind) folded before Flop
Seat 5: nikalas22 (big blind) folded before Flop



PokerStars Hand #254727056584:  Hold'em No Limit ($0.50/$1.00 USD) - 2025/02/05 23:27:28 WET [2025/02/05 18:27:28 ET]
Table 'Arethusa II' 6-max Seat #3 is the button
Seat 4: Brookstj500 ($47.84 in chips) is sitting out
Seat 1: BoyLoc0 ($224.88 in chips) 
Seat 2: Joe_Li7 ($110.78 in chips) 
Seat 3: BGS013 ($134.69 in chips) 
Seat 5: nikalas22 ($121.97 in chips) 
nikalas22: posts small blind $0.50
BoyLoc0: posts big blind $1
*** HOLE CARDS ***
Joe_Li7: folds 
BGS013: folds 
nikalas22: folds 
Uncalled bet ($0.50) returned to BoyLoc0
BoyLoc0 collected $1 from pot
BoyLoc0: doesn't show hand 
*** SUMMARY ***
Total pot $1 | Rake $0 
Seat 4: Brookstj500
Seat 1: BoyLoc0 (big blind) collected ($1)
Seat 2: Joe_Li7 folded before Flop (didn't bet)
Seat 3: BGS013 (button) folded before Flop (didn't bet)
Seat 5: nikalas22 (small blind) folded before Flop



PokerStars Hand #254727062600:  Hold'em No Limit ($0.50/$1.00 USD) - 2025/02/05 23:27:52 WET [2025/02/05 18:27:52 ET]
Table 'Arethusa II' 6-max Seat #5 is the button
Seat 4: Brookstj500 ($47.84 in chips) is sitting out
Seat 1: BoyLoc0 ($225.38 in chips) 
Seat 2: Joe_Li7 ($110.78 in chips) 
Seat 3: BGS013 ($134.69 in chips) 
Seat 5: nikalas22 ($121.47 in chips) 
BoyLoc0: posts small blind $0.50
Joe_Li7: posts big blind $1
*** HOLE CARDS ***
BGS013: raises $1.50 to $2.50
nikalas22: folds 
BoyLoc0: folds 
Joe_Li7: calls $1.50
*** FLOP *** [7d Qd Jh]
Joe_Li7: checks 
BGS013: checks 
*** TURN *** [7d Qd Jh] [9h]
Bejondeiala joins the table at seat #6 
Joe_Li7: checks 
BGS013: checks 
*** RIVER *** [7d Qd Jh 9h] [Td]
Joe_Li7: checks 
BGS013: checks 
*** SHOW DOWN ***
Joe_Li7: shows [Tc Qh] (two pair, Queens and Tens)
BGS013: shows [8c 8h] (a straight, Eight to Queen)
BGS013 collected $5.22 from pot
*** SUMMARY ***
Total pot $5.50 | Rake $0.28 
Board [7d Qd Jh 9h Td]
Seat 4: Brookstj500
Seat 1: BoyLoc0 (small blind) folded before Flop
Seat 2: Joe_Li7 (big blind) showed [Tc Qh] and lost with two pair, Queens and Tens
Seat 3: BGS013 showed [8c 8h] and won ($5.22) with a straight, Eight to Queen
Seat 5: nikalas22 (button) folded before Flop (didn't bet)



PokerStars Hand #254727080305:  Hold'em No Limit ($0.50/$1.00 USD) - 2025/02/05 23:29:00 WET [2025/02/05 18:29:00 ET]
Table 'Arethusa II' 6-max Seat #1 is the button
Seat 4: Brookstj500 ($47.84 in chips) is sitting out
Seat 6: Bejondeiala ($100 in chips) is sitting out
Seat 1: BoyLoc0 ($224.88 in chips) 
Seat 2: Joe_Li7 ($108.28 in chips) 
Seat 3: BGS013 ($137.41 in chips) 
Seat 5: nikalas22 ($121.47 in chips) 
Joe_Li7: posts small blind $0.50
BGS013: posts big blind $1
*** HOLE CARDS ***
nikalas22: raises $1.20 to $2.20
BoyLoc0: folds 
Joe_Li7: folds 
BGS013: folds 
Uncalled bet ($1.20) returned to nikalas22
nikalas22 collected $2.50 from pot
nikalas22: doesn't show hand 
*** SUMMARY ***
Total pot $2.50 | Rake $0 
Seat 4: Brookstj500
Seat 6: Bejondeiala
Seat 1: BoyLoc0 (button) folded before Flop (didn't bet)
Seat 2: Joe_Li7 (small blind) folded before Flop
Seat 3: BGS013 (big blind) folded before Flop
Seat 5: nikalas22 collected ($2.50)



PokerStars Hand #254727085547:  Hold'em No Limit ($0.50/$1.00 USD) - 2025/02/05 23:29:21 WET [2025/02/05 18:29:21 ET]
Table 'Arethusa II' 6-max Seat #2 is the button
Seat 4: Brookstj500 ($47.84 in chips) is sitting out
Seat 6: Bejondeiala ($100 in chips) is sitting out
Seat 1: BoyLoc0 ($224.88 in chips) 
Seat 2: Joe_Li7 ($107.78 in chips) 
Seat 3: BGS013 ($136.41 in chips) 
Seat 5: nikalas22 ($122.97 in chips) 
BGS013: posts small blind $0.50
nikalas22: posts big blind $1
*** HOLE CARDS ***
BoyLoc0: raises $1.50 to $2.50
Joe_Li7: folds 
BGS013: folds 
nikalas22: folds 
Uncalled bet ($1.50) returned to BoyLoc0
BoyLoc0 collected $2.50 from pot
BoyLoc0: doesn't show hand 
*** SUMMARY ***
Total pot $2.50 | Rake $0 
Seat 4: Brookstj500
Seat 6: Bejondeiala
Seat 1: BoyLoc0 collected ($2.50)
Seat 2: Joe_Li7 (button) folded before Flop (didn't bet)
Seat 3: BGS013 (small blind) folded before Flop
Seat 5: nikalas22 (big blind) folded before Flop



PokerStars Hand #254727090276:  Hold'em No Limit ($0.50/$1.00 USD) - 2025/02/05 23:29:39 WET [2025/02/05 18:29:39 ET]
Table 'Arethusa II' 6-max Seat #3 is the button
Seat 4: Brookstj500 ($47.84 in chips) is sitting out
Seat 6: Bejondeiala ($100 in chips) is sitting out
Seat 1: BoyLoc0 ($226.38 in chips) 
Seat 2: Joe_Li7 ($107.78 in chips) 
Seat 3: BGS013 ($135.91 in chips) 
Seat 5: nikalas22 ($121.97 in chips) 
nikalas22: posts small blind $0.50
BoyLoc0: posts big blind $1
*** HOLE CARDS ***
Joe_Li7: folds 
BGS013: folds 
nikalas22: folds 
Uncalled bet ($0.50) returned to BoyLoc0
BoyLoc0 collected $1 from pot
BoyLoc0: doesn't show hand 
*** SUMMARY ***
Total pot $1 | Rake $0 
Seat 4: Brookstj500
Seat 6: Bejondeiala
Seat 1: BoyLoc0 (big blind) collected ($1)
Seat 2: Joe_Li7 folded before Flop (didn't bet)
Seat 3: BGS013 (button) folded before Flop (didn't bet)
Seat 5: nikalas22 (small blind) folded before Flop



PokerStars Hand #254727093035:  Hold'em No Limit ($0.50/$1.00 USD) - 2025/02/05 23:29:50 WET [2025/02/05 18:29:50 ET]
Table 'Arethusa II' 6-max Seat #5 is the button
Seat 4: Brookstj500 ($47.84 in chips) is sitting out
Seat 6: Bejondeiala ($100 in chips) is sitting out
Seat 1: BoyLoc0 ($226.88 in chips) 
Seat 2: Joe_Li7 ($107.78 in chips) 
Seat 3: BGS013 ($135.91 in chips) 
Seat 5: nikalas22 ($121.47 in chips) 
BoyLoc0: posts small blind $0.50
Joe_Li7: posts big blind $1
Brookstj500: sits out 
*** HOLE CARDS ***
BGS013: folds 
nikalas22: folds 
BoyLoc0: folds 
Uncalled bet ($0.50) returned to Joe_Li7
Joe_Li7 collected $1 from pot
*** SUMMARY ***
Total pot $1 | Rake $0 
Seat 4: Brookstj500
Seat 6: Bejondeiala
Seat 1: BoyLoc0 (small blind) folded before Flop
Seat 2: Joe_Li7 (big blind) collected ($1)
Seat 3: BGS013 folded before Flop (didn't bet)
Seat 5: nikalas22 (button) folded before Flop (didn't bet)



PokerStars Hand #254727095231:  Hold'em No Limit ($0.50/$1.00 USD) - 2025/02/05 23:29:58 WET [2025/02/05 18:29:58 ET]
Table 'Arethusa II' 6-max Seat #1 is the button
Seat 4: Brookstj500 ($47.84 in chips) is sitting out
Seat 6: Bejondeiala ($100 in chips) is sitting out
Seat 1: BoyLoc0 ($226.38 in chips) 
Seat 2: Joe_Li7 ($108.28 in chips) 
Seat 3: BGS013 ($135.91 in chips) 
Seat 5: nikalas22 ($121.47 in chips) 
Joe_Li7: posts small blind $0.50
BGS013: posts big blind $1
Brookstj500: sits out 
*** HOLE CARDS ***
nikalas22: folds 
BoyLoc0: folds 
Joe_Li7: folds 
Uncalled bet ($0.50) returned to BGS013
BGS013 collected $1 from pot
BGS013: doesn't show hand 
*** SUMMARY ***
Total pot $1 | Rake $0 
Seat 4: Brookstj500
Seat 6: Bejondeiala
Seat 1: BoyLoc0 (button) folded before Flop (didn't bet)
Seat 2: Joe_Li7 (small blind) folded before Flop
Seat 3: BGS013 (big blind) collected ($1)
Seat 5: nikalas22 folded before Flop (didn't bet)



PokerStars Hand #254727097629:  Hold'em No Limit ($0.50/$1.00 USD) - 2025/02/05 23:30:07 WET [2025/02/05 18:30:07 ET]
Table 'Arethusa II' 6-max Seat #2 is the button
Seat 6: Bejondeiala ($100 in chips) is sitting out
Seat 1: BoyLoc0 ($226.38 in chips) 
Seat 2: Joe_Li7 ($107.78 in chips) 
Seat 3: BGS013 ($136.41 in chips) 
Seat 4: Brookstj500 ($47.84 in chips) 
Seat 5: nikalas22 ($121.47 in chips) 
BGS013: posts small blind $0.50
Brookstj500: posts big blind $1
*** HOLE CARDS ***
nikalas22: folds 
BoyLoc0: raises $1.50 to $2.50
Joe_Li7: folds 
BGS013: folds 
Brookstj500: folds 
Uncalled bet ($1.50) returned to BoyLoc0
BoyLoc0 collected $2.50 from pot
BoyLoc0: doesn't show hand 
*** SUMMARY ***
Total pot $2.50 | Rake $0 
Seat 6: Bejondeiala
Seat 1: BoyLoc0 collected ($2.50)
Seat 2: Joe_Li7 (button) folded before Flop (didn't bet)
Seat 3: BGS013 (small blind) folded before Flop
Seat 4: Brookstj500 (big blind) folded before Flop
Seat 5: nikalas22 folded before Flop (didn't bet)



PokerStars Hand #254727101742:  Hold'em No Limit ($0.50/$1.00 USD) - 2025/02/05 23:30:24 WET [2025/02/05 18:30:24 ET]
Table 'Arethusa II' 6-max Seat #3 is the button
Seat 6: Bejondeiala ($100 in chips) is sitting out
Seat 1: BoyLoc0 ($227.88 in chips) 
Seat 2: Joe_Li7 ($107.78 in chips) 
Seat 3: BGS013 ($135.91 in chips) 
Seat 4: Brookstj500 ($46.84 in chips) 
Seat 5: nikalas22 ($121.47 in chips) 
Brookstj500: posts small blind $0.50
nikalas22: posts big blind $1
Bejondeiala: sits out 
*** HOLE CARDS ***
BoyLoc0: raises $1.50 to $2.50
Joe_Li7: folds 
BGS013: folds 
Brookstj500: calls $2
nikalas22: raises $11.50 to $14
BoyLoc0: folds 
Brookstj500: folds 
Uncalled bet ($11.50) returned to nikalas22
nikalas22 collected $7.50 from pot
nikalas22: doesn't show hand 
*** SUMMARY ***
Total pot $7.50 | Rake $0 
Seat 6: Bejondeiala
Seat 1: BoyLoc0 folded before Flop
Seat 2: Joe_Li7 folded before Flop (didn't bet)
Seat 3: BGS013 (button) folded before Flop (didn't bet)
Seat 4: Brookstj500 (small blind) folded before Flop
Seat 5: nikalas22 (big blind) collected ($7.50)



PokerStars Hand #254727108205:  Hold'em No Limit ($0.50/$1.00 USD) - 2025/02/05 23:30:49 WET [2025/02/05 18:30:49 ET]
Table 'Arethusa II' 6-max Seat #4 is the button
Seat 1: BoyLoc0 ($225.38 in chips) 
Seat 2: Joe_Li7 ($107.78 in chips) 
Seat 3: BGS013 ($135.91 in chips) 
Seat 4: Brookstj500 ($44.34 in chips) 
Seat 5: nikalas22 ($126.47 in chips) 
Seat 6: Bejondeiala ($100 in chips) 
nikalas22: posts small blind $0.50
Bejondeiala: posts big blind $1
*** HOLE CARDS ***
BoyLoc0: raises $1.50 to $2.50
Joe_Li7: folds 
BGS013: raises $5.50 to $8
Brookstj500: folds 
nikalas22: folds 
Bejondeiala: folds 
BoyLoc0: folds 
Uncalled bet ($5.50) returned to BGS013
BGS013 collected $6.50 from pot
BGS013: doesn't show hand 
*** SUMMARY ***
Total pot $6.50 | Rake $0 
Seat 1: BoyLoc0 folded before Flop
Seat 2: Joe_Li7 folded before Flop (didn't bet)
Seat 3: BGS013 collected ($6.50)
Seat 4: Brookstj500 (button) folded before Flop (didn't bet)
Seat 5: nikalas22 (small blind) folded before Flop
Seat 6: Bejondeiala (big blind) folded before Flop



PokerStars Hand #254727114962:  Hold'em No Limit ($0.50/$1.00 USD) - 2025/02/05 23:31:15 WET [2025/02/05 18:31:15 ET]
Table 'Arethusa II' 6-max Seat #5 is the button
Seat 1: BoyLoc0 ($222.88 in chips) 
Seat 2: Joe_Li7 ($107.78 in chips) 
Seat 3: BGS013 ($139.91 in chips) 
Seat 4: Brookstj500 ($44.34 in chips) 
Seat 5: nikalas22 ($125.97 in chips) 
Seat 6: Bejondeiala ($100 in chips) 
Bejondeiala: posts small blind $0.50
BoyLoc0: posts big blind $1
*** HOLE CARDS ***
Joe_Li7: folds 
BGS013: raises $1 to $2
Brookstj500: folds 
nikalas22: folds 
Bejondeiala: folds 
BoyLoc0: calls $1
*** FLOP *** [Td Kh Jc]
BoyLoc0: checks 
BGS013: bets $1.11
BoyLoc0: calls $1.11
*** TURN *** [Td Kh Jc] [4c]
BoyLoc0: checks 
BGS013: checks 
*** RIVER *** [Td Kh Jc 4c] [2d]
BoyLoc0: checks 
BGS013: bets $5
BoyLoc0: folds 
Uncalled bet ($5) returned to BGS013
BGS013 collected $6.38 from pot
BGS013: doesn't show hand 
*** SUMMARY ***
Total pot $6.72 | Rake $0.34 
Board [Td Kh Jc 4c 2d]
Seat 1: BoyLoc0 (big blind) folded on the River
Seat 2: Joe_Li7 folded before Flop (didn't bet)
Seat 3: BGS013 collected ($6.38)
Seat 4: Brookstj500 folded before Flop (didn't bet)
Seat 5: nikalas22 (button) folded before Flop (didn't bet)
Seat 6: Bejondeiala (small blind) folded before Flop



PokerStars Hand #254727128413:  Hold'em No Limit ($0.50/$1.00 USD) - 2025/02/05 23:32:08 WET [2025/02/05 18:32:08 ET]
Table 'Arethusa II' 6-max Seat #6 is the button
Seat 1: BoyLoc0 ($219.77 in chips) 
Seat 2: Joe_Li7 ($107.78 in chips) 
Seat 3: BGS013 ($143.18 in chips) 
Seat 4: Brookstj500 ($44.34 in chips) 
Seat 5: nikalas22 ($125.97 in chips) 
Seat 6: Bejondeiala ($100 in chips) 
BoyLoc0: posts small blind $0.50
Joe_Li7: posts big blind $1
*** HOLE CARDS ***
BGS013: raises $1 to $2
Brookstj500: folds 
nikalas22: raises $6 to $8
Bejondeiala: folds 
BoyLoc0: folds 
Joe_Li7: folds 
BGS013: folds 
Uncalled bet ($6) returned to nikalas22
nikalas22 collected $5.50 from pot
nikalas22: doesn't show hand 
*** SUMMARY ***
Total pot $5.50 | Rake $0 
Seat 1: BoyLoc0 (small blind) folded before Flop
Seat 2: Joe_Li7 (big blind) folded before Flop
Seat 3: BGS013 folded before Flop
Seat 4: Brookstj500 folded before Flop (didn't bet)
Seat 5: nikalas22 collected ($5.50)
Seat 6: Bejondeiala (button) folded before Flop (didn't bet)



PokerStars Hand #254727132711:  Hold'em No Limit ($0.50/$1.00 USD) - 2025/02/05 23:32:24 WET [2025/02/05 18:32:24 ET]
Table 'Arethusa II' 6-max Seat #1 is the button
Seat 1: BoyLoc0 ($219.27 in chips) 
Seat 2: Joe_Li7 ($106.78 in chips) 
Seat 3: BGS013 ($141.18 in chips) 
Seat 4: Brookstj500 ($44.34 in chips) 
Seat 5: nikalas22 ($129.47 in chips) 
Seat 6: Bejondeiala ($100 in chips) 
Joe_Li7: posts small blind $0.50
BGS013: posts big blind $1
*** HOLE CARDS ***
Brookstj500: calls $1
nikalas22: folds 
Bejondeiala: folds 
BoyLoc0: raises $3 to $4
Joe_Li7: folds 
BGS013: folds 
Brookstj500: calls $3
*** FLOP *** [2d Jd 6c]
Brookstj500: checks 
BoyLoc0: bets $6.77
Brookstj500: calls $6.77
*** TURN *** [2d Jd 6c] [8d]
Brookstj500: checks 
BoyLoc0: checks 
*** RIVER *** [2d Jd 6c 8d] [9d]
Brookstj500: bets $1
BoyLoc0: calls $1
*** SHOW DOWN ***
Brookstj500: shows [4d 4c] (a flush, Jack high)
BoyLoc0: mucks hand 
Brookstj500 collected $23.79 from pot
*** SUMMARY ***
Total pot $25.04 | Rake $1.25 
Board [2d Jd 6c 8d 9d]
Seat 1: BoyLoc0 (button) mucked
Seat 2: Joe_Li7 (small blind) folded before Flop
Seat 3: BGS013 (big blind) folded before Flop
Seat 4: Brookstj500 showed [4d 4c] and won ($23.79) with a flush, Jack high
Seat 5: nikalas22 folded before Flop (didn't bet)
Seat 6: Bejondeiala folded before Flop (didn't bet)



PokerStars Hand #254727148344:  Hold'em No Limit ($0.50/$1.00 USD) - 2025/02/05 23:33:26 WET [2025/02/05 18:33:26 ET]
Table 'Arethusa II' 6-max Seat #2 is the button
Seat 1: BoyLoc0 ($207.50 in chips) 
Seat 2: Joe_Li7 ($106.28 in chips) 
Seat 3: BGS013 ($140.18 in chips) 
Seat 4: Brookstj500 ($56.36 in chips) 
Seat 5: nikalas22 ($129.47 in chips) 
Seat 6: Bejondeiala ($100 in chips) 
BGS013: posts small blind $0.50
Brookstj500: posts big blind $1
*** HOLE CARDS ***
nikalas22: raises $1.20 to $2.20
Bejondeiala: folds 
BoyLoc0: folds 
Joe_Li7: folds 
BGS013: raises $8.80 to $11
Brookstj500: folds 
nikalas22: calls $8.80
*** FLOP *** [8c Ad 3c]
BGS013: bets $5.18
nikalas22: folds 
Uncalled bet ($5.18) returned to BGS013
BGS013 collected $21.85 from pot
BGS013: doesn't show hand 
*** SUMMARY ***
Total pot $23 | Rake $1.15 
Board [8c Ad 3c]
Seat 1: BoyLoc0 folded before Flop (didn't bet)
Seat 2: Joe_Li7 (button) folded before Flop (didn't bet)
Seat 3: BGS013 (small blind) collected ($21.85)
Seat 4: Brookstj500 (big blind) folded before Flop
Seat 5: nikalas22 folded on the Flop
Seat 6: Bejondeiala folded before Flop (didn't bet)



PokerStars Hand #254727157800:  Hold'em No Limit ($0.50/$1.00 USD) - 2025/02/05 23:34:03 WET [2025/02/05 18:34:03 ET]
Table 'Arethusa II' 6-max Seat #3 is the button
Seat 1: BoyLoc0 ($207.50 in chips) 
Seat 2: Joe_Li7 ($106.28 in chips) 
Seat 3: BGS013 ($151.03 in chips) 
Seat 4: Brookstj500 ($55.36 in chips) 
Seat 5: nikalas22 ($118.47 in chips) 
Seat 6: Bejondeiala ($100 in chips) 
Brookstj500: posts small blind $0.50
nikalas22: posts big blind $1
*** HOLE CARDS ***
Bejondeiala: folds 
BoyLoc0: folds 
Joe_Li7: raises $1.20 to $2.20
BGS013: folds 
Brookstj500: calls $1.70
nikalas22: folds 
*** FLOP *** [7c 8c Td]
Brookstj500: checks 
Joe_Li7: checks 
*** TURN *** [7c 8c Td] [4c]
Brookstj500: bets $1
Joe_Li7: calls $1
*** RIVER *** [7c 8c Td 4c] [Th]
Brookstj500: bets $2
Joe_Li7: calls $2
*** SHOW DOWN ***
Brookstj500: shows [8d Qd] (two pair, Tens and Eights)
Joe_Li7: mucks hand 
Brookstj500 collected $10.83 from pot
*** SUMMARY ***
Total pot $11.40 | Rake $0.57 
Board [7c 8c Td 4c Th]
Seat 1: BoyLoc0 folded before Flop (didn't bet)
Seat 2: Joe_Li7 mucked
Seat 3: BGS013 (button) folded before Flop (didn't bet)
Seat 4: Brookstj500 (small blind) showed [8d Qd] and won ($10.83) with two pair, Tens and Eights
Seat 5: nikalas22 (big blind) folded before Flop
Seat 6: Bejondeiala folded before Flop (didn't bet)



PokerStars Hand #254727174222:  Hold'em No Limit ($0.50/$1.00 USD) - 2025/02/05 23:35:09 WET [2025/02/05 18:35:09 ET]
Table 'Arethusa II' 6-max Seat #4 is the button
Seat 1: BoyLoc0 ($207.50 in chips) 
Seat 2: Joe_Li7 ($101.08 in chips) 
Seat 3: BGS013 ($151.03 in chips) 
Seat 4: Brookstj500 ($60.99 in chips) 
Seat 5: nikalas22 ($117.47 in chips) 
Seat 6: Bejondeiala ($100 in chips) 
nikalas22: posts small blind $0.50
Bejondeiala: posts big blind $1
*** HOLE CARDS ***
BoyLoc0: folds 
Joe_Li7: folds 
BGS013: folds 
Brookstj500: calls $1
nikalas22: folds 
Bejondeiala: raises $1.50 to $2.50
Brookstj500: calls $1.50
*** FLOP *** [Jh 7c Kh]
Bejondeiala: checks 
Brookstj500: bets $5.22
Bejondeiala: folds 
Uncalled bet ($5.22) returned to Brookstj500
Brookstj500 collected $5.22 from pot
Brookstj500: doesn't show hand 
*** SUMMARY ***
Total pot $5.50 | Rake $0.28 
Board [Jh 7c Kh]
Seat 1: BoyLoc0 folded before Flop (didn't bet)
Seat 2: Joe_Li7 folded before Flop (didn't bet)
Seat 3: BGS013 folded before Flop (didn't bet)
Seat 4: Brookstj500 (button) collected ($5.22)
Seat 5: nikalas22 (small blind) folded before Flop
Seat 6: Bejondeiala (big blind) folded on the Flop



PokerStars Hand #254727185766:  Hold'em No Limit ($0.50/$1.00 USD) - 2025/02/05 23:35:55 WET [2025/02/05 18:35:55 ET]
Table 'Arethusa II' 6-max Seat #5 is the button
Seat 1: BoyLoc0 ($207.50 in chips) 
Seat 2: Joe_Li7 ($101.08 in chips) 
Seat 3: BGS013 ($151.03 in chips) 
Seat 4: Brookstj500 ($63.71 in chips) 
Seat 5: nikalas22 ($116.97 in chips) 
Seat 6: Bejondeiala ($100 in chips) 
Bejondeiala: posts small blind $0.50
BoyLoc0: posts big blind $1
*** HOLE CARDS ***
Joe_Li7: folds 
BGS013: raises $1 to $2
Brookstj500: calls $2
nikalas22: folds 
Bejondeiala: folds 
BoyLoc0: calls $1
*** FLOP *** [7c Th 5c]
BoyLoc0: checks 
BGS013: checks 
Brookstj500: bets $6.18
BoyLoc0: calls $6.18
BGS013: folds 
*** TURN *** [7c Th 5c] [Ac]
BoyLoc0: checks 
Brookstj500: checks 
*** RIVER *** [7c Th 5c Ac] [9c]
BoyLoc0: checks 
Brookstj500: checks 
*** SHOW DOWN ***
BoyLoc0: shows [Td Kc] (a flush, Ace high)
Brookstj500: mucks hand 
BoyLoc0 collected $17.92 from pot
*** SUMMARY ***
Total pot $18.86 | Rake $0.94 
Board [7c Th 5c Ac 9c]
Seat 1: BoyLoc0 (big blind) showed [Td Kc] and won ($17.92) with a flush, Ace high
Seat 2: Joe_Li7 folded before Flop (didn't bet)
Seat 3: BGS013 folded on the Flop
Seat 4: Brookstj500 mucked
Seat 5: nikalas22 (button) folded before Flop (didn't bet)
Seat 6: Bejondeiala (small blind) folded before Flop



PokerStars Hand #254727202035:  Hold'em No Limit ($0.50/$1.00 USD) - 2025/02/05 23:37:00 WET [2025/02/05 18:37:00 ET]
Table 'Arethusa II' 6-max Seat #6 is the button
Seat 1: BoyLoc0 ($217.24 in chips) 
Seat 2: Joe_Li7 ($101.08 in chips) 
Seat 3: BGS013 ($149.03 in chips) 
Seat 4: Brookstj500 ($55.53 in chips) 
Seat 5: nikalas22 ($116.97 in chips) 
Seat 6: Bejondeiala ($100 in chips) 
BoyLoc0: posts small blind $0.50
Joe_Li7: posts big blind $1
*** HOLE CARDS ***
BGS013: raises $1 to $2
Brookstj500: folds 
nikalas22: folds 
Bejondeiala: folds 
BoyLoc0: folds 
Joe_Li7: folds 
Uncalled bet ($1) returned to BGS013
BGS013 collected $2.50 from pot
BGS013: doesn't show hand 
*** SUMMARY ***
Total pot $2.50 | Rake $0 
Seat 1: BoyLoc0 (small blind) folded before Flop
Seat 2: Joe_Li7 (big blind) folded before Flop
Seat 3: BGS013 collected ($2.50)
Seat 4: Brookstj500 folded before Flop (didn't bet)
Seat 5: nikalas22 folded before Flop (didn't bet)
Seat 6: Bejondeiala (button) folded before Flop (didn't bet)



PokerStars Hand #254727208648:  Hold'em No Limit ($0.50/$1.00 USD) - 2025/02/05 23:37:27 WET [2025/02/05 18:37:27 ET]
Table 'Arethusa II' 6-max Seat #1 is the button
Seat 1: BoyLoc0 ($216.74 in chips) 
Seat 2: Joe_Li7 ($100.08 in chips) 
Seat 3: BGS013 ($150.53 in chips) 
Seat 4: Brookstj500 ($55.53 in chips) 
Seat 5: nikalas22 ($116.97 in chips) 
Seat 6: Bejondeiala ($100 in chips) 
Joe_Li7: posts small blind $0.50
BGS013: posts big blind $1
*** HOLE CARDS ***
Brookstj500: folds 
nikalas22: folds 
Bejondeiala: raises $1.10 to $2.10
BoyLoc0: folds 
Joe_Li7: folds 
BGS013: calls $1.10
*** FLOP *** [Th Qh Ts]
BGS013: checks 
Bejondeiala: bets $1.56
BGS013: calls $1.56
*** TURN *** [Th Qh Ts] [5c]
BGS013: checks 
Bejondeiala: bets $8.90
BGS013: folds 
Uncalled bet ($8.90) returned to Bejondeiala
Bejondeiala collected $7.43 from pot
Bejondeiala: doesn't show hand 
*** SUMMARY ***
Total pot $7.82 | Rake $0.39 
Board [Th Qh Ts 5c]
Seat 1: BoyLoc0 (button) folded before Flop (didn't bet)
Seat 2: Joe_Li7 (small blind) folded before Flop
Seat 3: BGS013 (big blind) folded on the Turn
Seat 4: Brookstj500 folded before Flop (didn't bet)
Seat 5: nikalas22 folded before Flop (didn't bet)
Seat 6: Bejondeiala collected ($7.43)



PokerStars Hand #254727226368:  Hold'em No Limit ($0.50/$1.00 USD) - 2025/02/05 23:38:38 WET [2025/02/05 18:38:38 ET]
Table 'Arethusa II' 6-max Seat #2 is the button
Seat 1: BoyLoc0 ($216.74 in chips) 
Seat 2: Joe_Li7 ($100 in chips) 
Seat 3: BGS013 ($146.87 in chips) 
Seat 4: Brookstj500 ($55.53 in chips) 
Seat 5: nikalas22 ($116.97 in chips) 
Seat 6: Bejondeiala ($103.77 in chips) 
BGS013: posts small blind $0.50
Brookstj500: posts big blind $1
*** HOLE CARDS ***
nikalas22: folds 
Bejondeiala: folds 
BoyLoc0: folds 
Joe_Li7: folds 
BGS013: folds 
Uncalled bet ($0.50) returned to Brookstj500
Brookstj500 collected $1 from pot
*** SUMMARY ***
Total pot $1 | Rake $0 
Seat 1: BoyLoc0 folded before Flop (didn't bet)
Seat 2: Joe_Li7 (button) folded before Flop (didn't bet)
Seat 3: BGS013 (small blind) folded before Flop
Seat 4: Brookstj500 (big blind) collected ($1)
Seat 5: nikalas22 folded before Flop (didn't bet)
Seat 6: Bejondeiala folded before Flop (didn't bet)



PokerStars Hand #254727229484:  Hold'em No Limit ($0.50/$1.00 USD) - 2025/02/05 23:38:51 WET [2025/02/05 18:38:51 ET]
Table 'Arethusa II' 6-max Seat #3 is the button
Seat 1: BoyLoc0 ($216.74 in chips) 
Seat 2: Joe_Li7 ($100 in chips) 
Seat 3: BGS013 ($146.37 in chips) 
Seat 4: Brookstj500 ($56.03 in chips) 
Seat 5: nikalas22 ($116.97 in chips) 
Seat 6: Bejondeiala ($103.77 in chips) 
Brookstj500: posts small blind $0.50
nikalas22: posts big blind $1
*** HOLE CARDS ***
Bejondeiala: folds 
BoyLoc0: folds 
Joe_Li7: folds 
BGS013: raises $1.50 to $2.50
Brookstj500: calls $2
nikalas22: folds 
*** FLOP *** [Jh 5d Qd]
Brookstj500: checks 
BGS013: bets $4.45
Brookstj500: calls $4.45
*** TURN *** [Jh 5d Qd] [Ts]
Brookstj500: checks 
BGS013: bets $11.04
Brookstj500: calls $11.04
*** RIVER *** [Jh 5d Qd Ts] [4c]
Brookstj500: checks 
BGS013: bets $44.62
Brookstj500: folds 
Uncalled bet ($44.62) returned to BGS013
BGS013 collected $35.13 from pot
BGS013: doesn't show hand 
*** SUMMARY ***
Total pot $36.98 | Rake $1.85 
Board [Jh 5d Qd Ts 4c]
Seat 1: BoyLoc0 folded before Flop (didn't bet)
Seat 2: Joe_Li7 folded before Flop (didn't bet)
Seat 3: BGS013 (button) collected ($35.13)
Seat 4: Brookstj500 (small blind) folded on the River
Seat 5: nikalas22 (big blind) folded before Flop
Seat 6: Bejondeiala folded before Flop (didn't bet)



PokerStars Hand #254727250897:  Hold'em No Limit ($0.50/$1.00 USD) - 2025/02/05 23:40:19 WET [2025/02/05 18:40:19 ET]
Table 'Arethusa II' 6-max Seat #4 is the button
Seat 1: BoyLoc0 ($216.74 in chips) 
Seat 2: Joe_Li7 ($100 in chips) 
Seat 3: BGS013 ($163.51 in chips) 
Seat 4: Brookstj500 ($38.04 in chips) 
Seat 5: nikalas22 ($115.97 in chips) 
Seat 6: Bejondeiala ($103.77 in chips) 
nikalas22: posts small blind $0.50
Bejondeiala: posts big blind $1
*** HOLE CARDS ***
BoyLoc0: folds 
Joe_Li7: folds 
BGS013: raises $1.50 to $2.50
Brookstj500: folds 
nikalas22: folds 
Bejondeiala: calls $1.50
*** FLOP *** [4h Kh 9s]
Bejondeiala: checks 
BGS013: bets $4.07
Bejondeiala: calls $4.07
*** TURN *** [4h Kh 9s] [4d]
Bejondeiala: checks 
BGS013: checks 
*** RIVER *** [4h Kh 9s 4d] [7h]
Bejondeiala: checks 
BGS013: checks 
*** SHOW DOWN ***
Bejondeiala: shows [9h Ad] (two pair, Nines and Fours)
BGS013: mucks hand 
Bejondeiala collected $12.96 from pot
*** SUMMARY ***
Total pot $13.64 | Rake $0.68 
Board [4h Kh 9s 4d 7h]
Seat 1: BoyLoc0 folded before Flop (didn't bet)
Seat 2: Joe_Li7 folded before Flop (didn't bet)
Seat 3: BGS013 mucked
Seat 4: Brookstj500 (button) folded before Flop (didn't bet)
Seat 5: nikalas22 (small blind) folded before Flop
Seat 6: Bejondeiala (big blind) showed [9h Ad] and won ($12.96) with two pair, Nines and Fours



PokerStars Hand #254727270375:  Hold'em No Limit ($0.50/$1.00 USD) - 2025/02/05 23:41:39 WET [2025/02/05 18:41:39 ET]
Table 'Arethusa II' 6-max Seat #5 is the button
Seat 1: BoyLoc0 ($216.74 in chips) 
Seat 2: Joe_Li7 ($100 in chips) 
Seat 3: BGS013 ($156.94 in chips) 
Seat 4: Brookstj500 ($38.04 in chips) 
Seat 5: nikalas22 ($115.47 in chips) 
Seat 6: Bejondeiala ($110.16 in chips) 
Bejondeiala: posts small blind $0.50
BoyLoc0: posts big blind $1
*** HOLE CARDS ***
Joe_Li7: folds 
BGS013: folds 
Brookstj500: calls $1
nikalas22: folds 
Bejondeiala: folds 
BoyLoc0: raises $4 to $5
Brookstj500: folds 
Uncalled bet ($4) returned to BoyLoc0
BoyLoc0 collected $2.50 from pot
BoyLoc0: doesn't show hand 
*** SUMMARY ***
Total pot $2.50 | Rake $0 
Seat 1: BoyLoc0 (big blind) collected ($2.50)
Seat 2: Joe_Li7 folded before Flop (didn't bet)
Seat 3: BGS013 folded before Flop (didn't bet)
Seat 4: Brookstj500 folded before Flop
Seat 5: nikalas22 (button) folded before Flop (didn't bet)
Seat 6: Bejondeiala (small blind) folded before Flop



PokerStars Hand #254727276307:  Hold'em No Limit ($0.50/$1.00 USD) - 2025/02/05 23:42:04 WET [2025/02/05 18:42:04 ET]
Table 'Arethusa II' 6-max Seat #6 is the button
Seat 1: BoyLoc0 ($218.24 in chips) 
Seat 2: Joe_Li7 ($100 in chips) 
Seat 3: BGS013 ($156.94 in chips) 
Seat 4: Brookstj500 ($37.04 in chips) 
Seat 5: nikalas22 ($115.47 in chips) 
Seat 6: Bejondeiala ($109.66 in chips) 
BoyLoc0: posts small blind $0.50
Joe_Li7: posts big blind $1
*** HOLE CARDS ***
BGS013: folds 
Brookstj500: folds 
nikalas22: raises $1.20 to $2.20
Bejondeiala: folds 
BoyLoc0: folds 
Joe_Li7: folds 
Uncalled bet ($1.20) returned to nikalas22
nikalas22 collected $2.50 from pot
nikalas22: doesn't show hand 
*** SUMMARY ***
Total pot $2.50 | Rake $0 
Seat 1: BoyLoc0 (small blind) folded before Flop
Seat 2: Joe_Li7 (big blind) folded before Flop
Seat 3: BGS013 folded before Flop (didn't bet)
Seat 4: Brookstj500 folded before Flop (didn't bet)
Seat 5: nikalas22 collected ($2.50)
Seat 6: Bejondeiala (button) folded before Flop (didn't bet)



PokerStars Hand #254727281957:  Hold'em No Limit ($0.50/$1.00 USD) - 2025/02/05 23:42:27 WET [2025/02/05 18:42:27 ET]
Table 'Arethusa II' 6-max Seat #1 is the button
Seat 1: BoyLoc0 ($217.74 in chips) 
Seat 2: Joe_Li7 ($100 in chips) 
Seat 3: BGS013 ($156.94 in chips) 
Seat 4: Brookstj500 ($37.04 in chips) 
Seat 5: nikalas22 ($116.97 in chips) 
Seat 6: Bejondeiala ($109.66 in chips) 
Joe_Li7: posts small blind $0.50
BGS013: posts big blind $1
*** HOLE CARDS ***
Brookstj500: raises $2.50 to $3.50
nikalas22: folds 
Bejondeiala: folds 
BoyLoc0: calls $3.50
Joe_Li7: folds 
BGS013: calls $2.50
*** FLOP *** [Ks 8d 7s]
BGS013: checks 
Brookstj500: checks 
BoyLoc0: bets $3.45
BGS013: folds 
Brookstj500: folds 
Uncalled bet ($3.45) returned to BoyLoc0
BoyLoc0 collected $10.45 from pot
BoyLoc0: doesn't show hand 
*** SUMMARY ***
Total pot $11 | Rake $0.55 
Board [Ks 8d 7s]
Seat 1: BoyLoc0 (button) collected ($10.45)
Seat 2: Joe_Li7 (small blind) folded before Flop
Seat 3: BGS013 (big blind) folded on the Flop
Seat 4: Brookstj500 folded on the Flop
Seat 5: nikalas22 folded before Flop (didn't bet)
Seat 6: Bejondeiala folded before Flop (didn't bet)



PokerStars Hand #254727293296:  Hold'em No Limit ($0.50/$1.00 USD) - 2025/02/05 23:43:14 WET [2025/02/05 18:43:14 ET]
Table 'Arethusa II' 6-max Seat #2 is the button
Seat 1: BoyLoc0 ($224.69 in chips) 
Seat 2: Joe_Li7 ($100 in chips) 
Seat 3: BGS013 ($153.44 in chips) 
Seat 4: Brookstj500 ($33.54 in chips) 
Seat 5: nikalas22 ($116.97 in chips) 
Seat 6: Bejondeiala ($109.66 in chips) 
BGS013: posts small blind $0.50
Brookstj500: posts big blind $1
*** HOLE CARDS ***
nikalas22: folds 
Bejondeiala: folds 
BoyLoc0: folds 
Joe_Li7: folds 
BGS013: raises $2 to $3
Brookstj500: calls $2
*** FLOP *** [Tc 2s 9h]
BGS013: checks 
Brookstj500: checks 
*** TURN *** [Tc 2s 9h] [5d]
BGS013: bets $4.45
Brookstj500: folds 
Uncalled bet ($4.45) returned to BGS013
BGS013 collected $5.70 from pot
BGS013: doesn't show hand 
*** SUMMARY ***
Total pot $6 | Rake $0.30 
Board [Tc 2s 9h 5d]
Seat 1: BoyLoc0 folded before Flop (didn't bet)
Seat 2: Joe_Li7 (button) folded before Flop (didn't bet)
Seat 3: BGS013 (small blind) collected ($5.70)
Seat 4: Brookstj500 (big blind) folded on the Turn
Seat 5: nikalas22 folded before Flop (didn't bet)
Seat 6: Bejondeiala folded before Flop (didn't bet)



PokerStars Hand #254727301827:  Hold'em No Limit ($0.50/$1.00 USD) - 2025/02/05 23:43:49 WET [2025/02/05 18:43:49 ET]
Table 'Arethusa II' 6-max Seat #3 is the button
Seat 1: BoyLoc0 ($224.69 in chips) 
Seat 2: Joe_Li7 ($100 in chips) 
Seat 3: BGS013 ($156.14 in chips) 
Seat 4: Brookstj500 ($30.54 in chips) 
Seat 5: nikalas22 ($116.97 in chips) 
Seat 6: Bejondeiala ($109.66 in chips) 
Brookstj500: posts small blind $0.50
nikalas22: posts big blind $1
*** HOLE CARDS ***
Bejondeiala: folds 
BoyLoc0: folds 
Joe_Li7: raises $1.20 to $2.20
BGS013: folds 
Brookstj500: calls $1.70
nikalas22: folds 
*** FLOP *** [Ts 3h 4c]
Brookstj500: checks 
Joe_Li7: checks 
*** TURN *** [Ts 3h 4c] [Jd]
Brookstj500: bets $5.13
Joe_Li7: folds 
Uncalled bet ($5.13) returned to Brookstj500
Brookstj500 collected $5.13 from pot
Brookstj500: doesn't show hand 
*** SUMMARY ***
Total pot $5.40 | Rake $0.27 
Board [Ts 3h 4c Jd]
Seat 1: BoyLoc0 folded before Flop (didn't bet)
Seat 2: Joe_Li7 folded on the Turn
Seat 3: BGS013 (button) folded before Flop (didn't bet)
Seat 4: Brookstj500 (small blind) collected ($5.13)
Seat 5: nikalas22 (big blind) folded before Flop
Seat 6: Bejondeiala folded before Flop (didn't bet)



PokerStars Hand #254727312617:  Hold'em No Limit ($0.50/$1.00 USD) - 2025/02/05 23:44:33 WET [2025/02/05 18:44:33 ET]
Table 'Arethusa II' 6-max Seat #4 is the button
Seat 1: BoyLoc0 ($224.69 in chips) 
Seat 2: Joe_Li7 ($100 in chips) 
Seat 3: BGS013 ($156.14 in chips) 
Seat 4: Brookstj500 ($33.47 in chips) 
Seat 5: nikalas22 ($115.97 in chips) 
Seat 6: Bejondeiala ($109.66 in chips) 
nikalas22: posts small blind $0.50
Bejondeiala: posts big blind $1
*** HOLE CARDS ***
BoyLoc0: raises $1.50 to $2.50
Joe_Li7: folds 
BGS013: folds 
Brookstj500: folds 
nikalas22: folds 
Bejondeiala: folds 
Uncalled bet ($1.50) returned to BoyLoc0
BoyLoc0 collected $2.50 from pot
BoyLoc0: doesn't show hand 
*** SUMMARY ***
Total pot $2.50 | Rake $0 
Seat 1: BoyLoc0 collected ($2.50)
Seat 2: Joe_Li7 folded before Flop (didn't bet)
Seat 3: BGS013 folded before Flop (didn't bet)
Seat 4: Brookstj500 (button) folded before Flop (didn't bet)
Seat 5: nikalas22 (small blind) folded before Flop
Seat 6: Bejondeiala (big blind) folded before Flop



PokerStars Hand #254727316792:  Hold'em No Limit ($0.50/$1.00 USD) - 2025/02/05 23:44:50 WET [2025/02/05 18:44:50 ET]
Table 'Arethusa II' 6-max Seat #5 is the button
Seat 1: BoyLoc0 ($226.19 in chips) 
Seat 2: Joe_Li7 ($100 in chips) 
Seat 3: BGS013 ($156.14 in chips) 
Seat 4: Brookstj500 ($33.47 in chips) 
Seat 5: nikalas22 ($115.47 in chips) 
Seat 6: Bejondeiala ($108.66 in chips) 
Bejondeiala: posts small blind $0.50
BoyLoc0: posts big blind $1
*** HOLE CARDS ***
Joe_Li7: folds 
BGS013: folds 
Brookstj500: folds 
nikalas22: folds 
Bejondeiala: folds 
Uncalled bet ($0.50) returned to BoyLoc0
BoyLoc0 collected $1 from pot
BoyLoc0: doesn't show hand 
*** SUMMARY ***
Total pot $1 | Rake $0 
Seat 1: BoyLoc0 (big blind) collected ($1)
Seat 2: Joe_Li7 folded before Flop (didn't bet)
Seat 3: BGS013 folded before Flop (didn't bet)
Seat 4: Brookstj500 folded before Flop (didn't bet)
Seat 5: nikalas22 (button) folded before Flop (didn't bet)
Seat 6: Bejondeiala (small blind) folded before Flop



PokerStars Hand #254727319432:  Hold'em No Limit ($0.50/$1.00 USD) - 2025/02/05 23:45:01 WET [2025/02/05 18:45:01 ET]
Table 'Arethusa II' 6-max Seat #6 is the button
Seat 1: BoyLoc0 ($226.69 in chips) 
Seat 2: Joe_Li7 ($100 in chips) 
Seat 3: BGS013 ($156.14 in chips) 
Seat 4: Brookstj500 ($33.47 in chips) 
Seat 5: nikalas22 ($115.47 in chips) 
Seat 6: Bejondeiala ($108.16 in chips) 
BoyLoc0: posts small blind $0.50
Joe_Li7: posts big blind $1
*** HOLE CARDS ***
BGS013: folds 
Brookstj500: calls $1
nikalas22: folds 
Bejondeiala: folds 
BoyLoc0: folds 
Joe_Li7: checks 
*** FLOP *** [Js 8d Qd]
Joe_Li7: checks 
Brookstj500: checks 
*** TURN *** [Js 8d Qd] [8s]
Joe_Li7: checks 
Brookstj500: bets $3
Joe_Li7: folds 
Uncalled bet ($3) returned to Brookstj500
Brookstj500 collected $2.38 from pot
Brookstj500: doesn't show hand 
*** SUMMARY ***
Total pot $2.50 | Rake $0.12 
Board [Js 8d Qd 8s]
Seat 1: BoyLoc0 (small blind) folded before Flop
Seat 2: Joe_Li7 (big blind) folded on the Turn
Seat 3: BGS013 folded before Flop (didn't bet)
Seat 4: Brookstj500 collected ($2.38)
Seat 5: nikalas22 folded before Flop (didn't bet)
Seat 6: Bejondeiala (button) folded before Flop (didn't bet)



PokerStars Hand #254727332224:  Hold'em No Limit ($0.50/$1.00 USD) - 2025/02/05 23:45:54 WET [2025/02/05 18:45:54 ET]
Table 'Arethusa II' 6-max Seat #1 is the button
Seat 1: BoyLoc0 ($226.19 in chips) 
Seat 2: Joe_Li7 ($100 in chips) 
Seat 3: BGS013 ($156.14 in chips) 
Seat 4: Brookstj500 ($34.85 in chips) 
Seat 5: nikalas22 ($115.47 in chips) 
Seat 6: Bejondeiala ($108.16 in chips) 
Joe_Li7: posts small blind $0.50
BGS013: posts big blind $1
*** HOLE CARDS ***
Brookstj500: folds 
nikalas22: folds 
Bejondeiala: folds 
BoyLoc0: raises $1.50 to $2.50
Joe_Li7: raises $8 to $10.50
BGS013: folds 
BoyLoc0: calls $8
*** FLOP *** [Ac 9c Td]
Joe_Li7: bets $6.90
BoyLoc0: folds 
Uncalled bet ($6.90) returned to Joe_Li7
Joe_Li7 collected $20.90 from pot
*** SUMMARY ***
Total pot $22 | Rake $1.10 
Board [Ac 9c Td]
Seat 1: BoyLoc0 (button) folded on the Flop
Seat 2: Joe_Li7 (small blind) collected ($20.90)
Seat 3: BGS013 (big blind) folded before Flop
Seat 4: Brookstj500 folded before Flop (didn't bet)
Seat 5: nikalas22 folded before Flop (didn't bet)
Seat 6: Bejondeiala folded before Flop (didn't bet)



PokerStars Hand #254727341998:  Hold'em No Limit ($0.50/$1.00 USD) - 2025/02/05 23:46:35 WET [2025/02/05 18:46:35 ET]
Table 'Arethusa II' 6-max Seat #2 is the button
Seat 1: BoyLoc0 ($215.69 in chips) 
Seat 2: Joe_Li7 ($110.40 in chips) 
Seat 3: BGS013 ($155.14 in chips) 
Seat 4: Brookstj500 ($34.85 in chips) 
Seat 5: nikalas22 ($115.47 in chips) 
Seat 6: Bejondeiala ($108.16 in chips) 
BGS013: posts small blind $0.50
Brookstj500: posts big blind $1
*** HOLE CARDS ***
nikalas22: folds 
Bejondeiala: folds 
BoyLoc0: raises $1.50 to $2.50
Joe_Li7: folds 
BGS013: folds 
Brookstj500: calls $1.50
*** FLOP *** [2s 6s 2d]
Brookstj500: checks 
BoyLoc0: bets $3.92
Brookstj500: folds 
Uncalled bet ($3.92) returned to BoyLoc0
BoyLoc0 collected $5.22 from pot
BoyLoc0: doesn't show hand 
*** SUMMARY ***
Total pot $5.50 | Rake $0.28 
Board [2s 6s 2d]
Seat 1: BoyLoc0 collected ($5.22)
Seat 2: Joe_Li7 (button) folded before Flop (didn't bet)
Seat 3: BGS013 (small blind) folded before Flop
Seat 4: Brookstj500 (big blind) folded on the Flop
Seat 5: nikalas22 folded before Flop (didn't bet)
Seat 6: Bejondeiala folded before Flop (didn't bet)



PokerStars Hand #254727348503:  Hold'em No Limit ($0.50/$1.00 USD) - 2025/02/05 23:47:02 WET [2025/02/05 18:47:02 ET]
Table 'Arethusa II' 6-max Seat #3 is the button
Seat 5: nikalas22 ($115.47 in chips) is sitting out
Seat 1: BoyLoc0 ($218.41 in chips) 
Seat 2: Joe_Li7 ($110.40 in chips) 
Seat 3: BGS013 ($154.64 in chips) 
Seat 4: Brookstj500 ($32.35 in chips) 
Seat 6: Bejondeiala ($108.16 in chips) 
Brookstj500: posts small blind $0.50
nikalas22: is sitting out 
Bejondeiala: posts big blind $1
*** HOLE CARDS ***
BoyLoc0: folds 
Joe_Li7: folds 
BGS013: folds 
Brookstj500: calls $0.50
nikalas22 leaves the table
Bejondeiala: checks 
*** FLOP *** [2s 4h Ad]
Brookstj500: bets $2
canibal27 joins the table at seat #5 
Bejondeiala: folds 
Uncalled bet ($2) returned to Brookstj500
Brookstj500 collected $1.90 from pot
Brookstj500: doesn't show hand 
*** SUMMARY ***
Total pot $2 | Rake $0.10 
Board [2s 4h Ad]
Seat 5: nikalas22
Seat 1: BoyLoc0 folded before Flop (didn't bet)
Seat 2: Joe_Li7 folded before Flop (didn't bet)
Seat 3: BGS013 (button) folded before Flop (didn't bet)
Seat 4: Brookstj500 (small blind) collected ($1.90)
Seat 6: Bejondeiala (big blind) folded on the Flop



PokerStars Hand #254727357929:  Hold'em No Limit ($0.50/$1.00 USD) - 2025/02/05 23:47:42 WET [2025/02/05 18:47:42 ET]
Table 'Arethusa II' 6-max Seat #4 is the button
Seat 5: canibal27 ($100 in chips) is sitting out
Seat 1: BoyLoc0 ($218.41 in chips) 
Seat 2: Joe_Li7 ($110.40 in chips) 
Seat 3: BGS013 ($154.64 in chips) 
Seat 4: Brookstj500 ($33.25 in chips) 
Seat 6: Bejondeiala ($107.16 in chips) 
Bejondeiala: posts small blind $0.50
BoyLoc0: posts big blind $1
*** HOLE CARDS ***
Joe_Li7: folds 
BGS013: folds 
Brookstj500: calls $1
Bejondeiala: folds 
BoyLoc0: checks 
*** FLOP *** [9h 2c Tc]
BoyLoc0: checks 
Brookstj500: checks 
*** TURN *** [9h 2c Tc] [3c]
BoyLoc0: checks 
Brookstj500: bets $4
BoyLoc0: folds 
Uncalled bet ($4) returned to Brookstj500
Brookstj500 collected $2.38 from pot
Brookstj500: doesn't show hand 
*** SUMMARY ***
Total pot $2.50 | Rake $0.12 
Board [9h 2c Tc 3c]
Seat 5: canibal27
Seat 1: BoyLoc0 (big blind) folded on the Turn
Seat 2: Joe_Li7 folded before Flop (didn't bet)
Seat 3: BGS013 folded before Flop (didn't bet)
Seat 4: Brookstj500 (button) collected ($2.38)
Seat 6: Bejondeiala (small blind) folded before Flop



PokerStars Hand #254727371166:  Hold'em No Limit ($0.50/$1.00 USD) - 2025/02/05 23:48:37 WET [2025/02/05 18:48:37 ET]
Table 'Arethusa II' 6-max Seat #6 is the button
Seat 2: Joe_Li7 ($110.40 in chips) is sitting out
Seat 5: canibal27 ($100 in chips) is sitting out
Seat 1: BoyLoc0 ($217.41 in chips) 
Seat 3: BGS013 ($154.64 in chips) 
Seat 4: Brookstj500 ($34.63 in chips) 
Seat 6: Bejondeiala ($106.66 in chips) 
BoyLoc0: posts small blind $0.50
Joe_Li7: is sitting out 
Joe_Li7 leaves the table
BGS013: posts big blind $1
canibal27: sits out 
*** HOLE CARDS ***
Brookstj500: calls $1
Bejondeiala: folds 
BoyLoc0: folds 
BGS013: checks 
*** FLOP *** [2h 7h 3c]
BGS013: checks 
Brookstj500: bets $3
BGS013: folds 
Uncalled bet ($3) returned to Brookstj500
Brookstj500 collected $2.38 from pot
Brookstj500: doesn't show hand 
*** SUMMARY ***
Total pot $2.50 | Rake $0.12 
Board [2h 7h 3c]
Seat 2: Joe_Li7
Seat 5: canibal27
Seat 1: BoyLoc0 (small blind) folded before Flop
Seat 3: BGS013 (big blind) folded on the Flop
Seat 4: Brookstj500 collected ($2.38)
Seat 6: Bejondeiala (button) folded before Flop (didn't bet)



PokerStars Hand #254727378596:  Hold'em No Limit ($0.50/$1.00 USD) - 2025/02/05 23:49:09 WET [2025/02/05 18:49:09 ET]
Table 'Arethusa II' 6-max Seat #1 is the button
Seat 5: canibal27 ($100 in chips) is sitting out
Seat 1: BoyLoc0 ($216.91 in chips) 
Seat 3: BGS013 ($153.64 in chips) 
Seat 4: Brookstj500 ($36.01 in chips) 
Seat 6: Bejondeiala ($106.66 in chips) 
BGS013: posts small blind $0.50
Brookstj500: posts big blind $1
canibal27: sits out 
*** HOLE CARDS ***
Bejondeiala: folds 
BoyLoc0: folds 
BGS013: folds 
Uncalled bet ($0.50) returned to Brookstj500
Brookstj500 collected $1 from pot
Brookstj500: doesn't show hand 
*** SUMMARY ***
Total pot $1 | Rake $0 
Seat 5: canibal27
Seat 1: BoyLoc0 (button) folded before Flop (didn't bet)
Seat 3: BGS013 (small blind) folded before Flop
Seat 4: Brookstj500 (big blind) collected ($1)
Seat 6: Bejondeiala folded before Flop (didn't bet)



PokerStars Hand #254727380825:  Hold'em No Limit ($0.50/$1.00 USD) - 2025/02/05 23:49:18 WET [2025/02/05 18:49:18 ET]
Table 'Arethusa II' 6-max Seat #3 is the button
Seat 1: BoyLoc0 ($216.91 in chips) 
Seat 3: BGS013 ($153.14 in chips) 
Seat 4: Brookstj500 ($36.51 in chips) 
Seat 5: canibal27 ($100 in chips) 
Seat 6: Bejondeiala ($106.66 in chips) 
Brookstj500: posts small blind $0.50
canibal27: posts big blind $1
*** HOLE CARDS ***
Bejondeiala: raises $1.10 to $2.10
BoyLoc0: folds 
BGS013: folds 
Brookstj500: calls $1.60
canibal27: calls $1.10
*** FLOP *** [2h Qs 2c]
Brookstj500: checks 
canibal27: checks 
nastja336 joins the table at seat #2 
nastja336 leaves the table
Bejondeiala: bets $2.09
Brookstj500: folds 
canibal27: calls $2.09
*** TURN *** [2h Qs 2c] [3h]
canibal27: checks 
Bejondeiala: checks 
*** RIVER *** [2h Qs 2c 3h] [3s]
canibal27: bets $3.29
Bejondeiala: folds 
Uncalled bet ($3.29) returned to canibal27
canibal27 collected $9.96 from pot
canibal27: doesn't show hand 
*** SUMMARY ***
Total pot $10.48 | Rake $0.52 
Board [2h Qs 2c 3h 3s]
Seat 1: BoyLoc0 folded before Flop (didn't bet)
Seat 3: BGS013 (button) folded before Flop (didn't bet)
Seat 4: Brookstj500 (small blind) folded on the Flop
Seat 5: canibal27 (big blind) collected ($9.96)
Seat 6: Bejondeiala folded on the River



PokerStars Hand #254727400590:  Hold'em No Limit ($0.50/$1.00 USD) - 2025/02/05 23:50:43 WET [2025/02/05 18:50:43 ET]
Table 'Arethusa II' 6-max Seat #4 is the button
Seat 1: BoyLoc0 ($216.91 in chips) 
Seat 3: BGS013 ($153.14 in chips) 
Seat 4: Brookstj500 ($34.41 in chips) 
Seat 5: canibal27 ($105.77 in chips) 
Seat 6: Bejondeiala ($102.47 in chips) 
canibal27: posts small blind $0.50
Bejondeiala: posts big blind $1
*** HOLE CARDS ***
BoyLoc0: folds 
BGS013: folds 
Brookstj500: folds 
canibal27: folds 
Uncalled bet ($0.50) returned to Bejondeiala
fabri318 joins the table at seat #2 
Bejondeiala collected $1 from pot
Bejondeiala: doesn't show hand 
*** SUMMARY ***
Total pot $1 | Rake $0 
Seat 1: BoyLoc0 folded before Flop (didn't bet)
Seat 3: BGS013 folded before Flop (didn't bet)
Seat 4: Brookstj500 (button) folded before Flop (didn't bet)
Seat 5: canibal27 (small blind) folded before Flop
Seat 6: Bejondeiala (big blind) collected ($1)



PokerStars Hand #254727405571:  Hold'em No Limit ($0.50/$1.00 USD) - 2025/02/05 23:51:05 WET [2025/02/05 18:51:05 ET]
Table 'Arethusa II' 6-max Seat #5 is the button
Seat 2: fabri318 ($100 in chips) is sitting out
Seat 1: BoyLoc0 ($216.91 in chips) 
Seat 3: BGS013 ($153.14 in chips) 
Seat 4: Brookstj500 ($34.41 in chips) 
Seat 5: canibal27 ($105.27 in chips) 
Seat 6: Bejondeiala ($102.97 in chips) 
Bejondeiala: posts small blind $0.50
BoyLoc0: posts big blind $1
fabri318: sits out 
*** HOLE CARDS ***
BGS013: raises $1 to $2
Brookstj500: folds 
canibal27: folds 
Bejondeiala: folds 
BoyLoc0: folds 
Uncalled bet ($1) returned to BGS013
BGS013 collected $2.50 from pot
BGS013: doesn't show hand 
*** SUMMARY ***
Total pot $2.50 | Rake $0 
Seat 2: fabri318
Seat 1: BoyLoc0 (big blind) folded before Flop
Seat 3: BGS013 collected ($2.50)
Seat 4: Brookstj500 folded before Flop (didn't bet)
Seat 5: canibal27 (button) folded before Flop (didn't bet)
Seat 6: Bejondeiala (small blind) folded before Flop



PokerStars Hand #254727409989:  Hold'em No Limit ($0.50/$1.00 USD) - 2025/02/05 23:51:24 WET [2025/02/05 18:51:24 ET]
Table 'Arethusa II' 6-max Seat #6 is the button
Seat 1: BoyLoc0 ($215.91 in chips) 
Seat 2: fabri318 ($100 in chips) 
Seat 3: BGS013 ($154.64 in chips) 
Seat 4: Brookstj500 ($34.41 in chips) 
Seat 5: canibal27 ($105.27 in chips) 
Seat 6: Bejondeiala ($102.47 in chips) 
BoyLoc0: posts small blind $0.50
fabri318: posts big blind $1
*** HOLE CARDS ***
BGS013: folds 
Brookstj500: folds 
canibal27: folds 
Bejondeiala: raises $1.50 to $2.50
BoyLoc0: folds 
fabri318: calls $1.50
*** FLOP *** [8c 6s Qc]
fabri318: checks 
Bejondeiala: checks 
*** TURN *** [8c 6s Qc] [Qs]
fabri318: checks 
Bejondeiala: checks 
*** RIVER *** [8c 6s Qc Qs] [6c]
fabri318: bets $8.50
Bejondeiala: folds 
Uncalled bet ($8.50) returned to fabri318
fabri318 collected $5.22 from pot
fabri318: doesn't show hand 
*** SUMMARY ***
Total pot $5.50 | Rake $0.28 
Board [8c 6s Qc Qs 6c]
Seat 1: BoyLoc0 (small blind) folded before Flop
Seat 2: fabri318 (big blind) collected ($5.22)
Seat 3: BGS013 folded before Flop (didn't bet)
Seat 4: Brookstj500 folded before Flop (didn't bet)
Seat 5: canibal27 folded before Flop (didn't bet)
Seat 6: Bejondeiala (button) folded on the River



PokerStars Hand #254727423128:  Hold'em No Limit ($0.50/$1.00 USD) - 2025/02/05 23:52:20 WET [2025/02/05 18:52:20 ET]
Table 'Arethusa II' 6-max Seat #1 is the button
Seat 1: BoyLoc0 ($215.41 in chips) 
Seat 2: fabri318 ($102.72 in chips) 
Seat 3: BGS013 ($154.64 in chips) 
Seat 4: Brookstj500 ($34.41 in chips) 
Seat 5: canibal27 ($105.27 in chips) 
Seat 6: Bejondeiala ($100 in chips) 
fabri318: posts small blind $0.50
BGS013: posts big blind $1
*** HOLE CARDS ***
Brookstj500: folds 
canibal27: folds 
Bejondeiala: folds 
BoyLoc0: raises $1.50 to $2.50
fabri318: folds 
BGS013: folds 
Uncalled bet ($1.50) returned to BoyLoc0
BoyLoc0 collected $2.50 from pot
BoyLoc0: doesn't show hand 
*** SUMMARY ***
Total pot $2.50 | Rake $0 
Seat 1: BoyLoc0 (button) collected ($2.50)
Seat 2: fabri318 (small blind) folded before Flop
Seat 3: BGS013 (big blind) folded before Flop
Seat 4: Brookstj500 folded before Flop (didn't bet)
Seat 5: canibal27 folded before Flop (didn't bet)
Seat 6: Bejondeiala folded before Flop (didn't bet)



PokerStars Hand #254727428340:  Hold'em No Limit ($0.50/$1.00 USD) - 2025/02/05 23:52:43 WET [2025/02/05 18:52:43 ET]
Table 'Arethusa II' 6-max Seat #2 is the button
Seat 1: BoyLoc0 ($216.91 in chips) 
Seat 2: fabri318 ($102.22 in chips) 
Seat 3: BGS013 ($153.64 in chips) 
Seat 4: Brookstj500 ($34.41 in chips) 
Seat 5: canibal27 ($105.27 in chips) 
Seat 6: Bejondeiala ($100 in chips) 
BGS013: posts small blind $0.50
Brookstj500: posts big blind $1
*** HOLE CARDS ***
canibal27: raises $1 to $2
Bejondeiala: folds 
BoyLoc0: folds 
fabri318: calls $2
BGS013: folds 
Brookstj500: calls $1
*** FLOP *** [Th 6h 9d]
Brookstj500: bets $1
canibal27: folds 
fabri318: calls $1
*** TURN *** [Th 6h 9d] [7c]
Brookstj500: checks 
fabri318: bets $1.67
Brookstj500: calls $1.67
*** RIVER *** [Th 6h 9d 7c] [2d]
Brookstj500: checks 
fabri318: bets $7
Brookstj500: calls $7
*** SHOW DOWN ***
fabri318: shows [7h 7d] (three of a kind, Sevens)
Brookstj500: mucks hand 
fabri318 collected $24.55 from pot
*** SUMMARY ***
Total pot $25.84 | Rake $1.29 
Board [Th 6h 9d 7c 2d]
Seat 1: BoyLoc0 folded before Flop (didn't bet)
Seat 2: fabri318 (button) showed [7h 7d] and won ($24.55) with three of a kind, Sevens
Seat 3: BGS013 (small blind) folded before Flop
Seat 4: Brookstj500 (big blind) mucked
Seat 5: canibal27 folded on the Flop
Seat 6: Bejondeiala folded before Flop (didn't bet)



PokerStars Hand #254727444428:  Hold'em No Limit ($0.50/$1.00 USD) - 2025/02/05 23:53:54 WET [2025/02/05 18:53:54 ET]
Table 'Arethusa II' 6-max Seat #3 is the button
Seat 1: BoyLoc0 ($216.91 in chips) 
Seat 2: fabri318 ($115.10 in chips) 
Seat 3: BGS013 ($153.14 in chips) 
Seat 4: Brookstj500 ($22.74 in chips) 
Seat 5: canibal27 ($103.27 in chips) 
Seat 6: Bejondeiala ($100 in chips) 
Brookstj500: posts small blind $0.50
canibal27: posts big blind $1
*** HOLE CARDS ***
Bejondeiala: folds 
BoyLoc0: raises $1.50 to $2.50
fabri318: folds 
BGS013: folds 
Brookstj500: calls $2
canibal27: folds 
*** FLOP *** [3d Qd Ah]
Brookstj500: checks 
BoyLoc0: bets $1.88
Brookstj500: calls $1.88
*** TURN *** [3d Qd Ah] [3s]
Brookstj500: checks 
BoyLoc0: checks 
*** RIVER *** [3d Qd Ah 3s] [6s]
Brookstj500: checks 
BoyLoc0: bets $3.06
Brookstj500: folds 
Uncalled bet ($3.06) returned to BoyLoc0
BoyLoc0 collected $9.27 from pot
BoyLoc0: doesn't show hand 
*** SUMMARY ***
Total pot $9.76 | Rake $0.49 
Board [3d Qd Ah 3s 6s]
Seat 1: BoyLoc0 collected ($9.27)
Seat 2: fabri318 folded before Flop (didn't bet)
Seat 3: BGS013 (button) folded before Flop (didn't bet)
Seat 4: Brookstj500 (small blind) folded on the River
Seat 5: canibal27 (big blind) folded before Flop
Seat 6: Bejondeiala folded before Flop (didn't bet)



PokerStars Hand #254727456767:  Hold'em No Limit ($0.50/$1.00 USD) - 2025/02/05 23:54:48 WET [2025/02/05 18:54:48 ET]
Table 'Arethusa II' 6-max Seat #4 is the button
Seat 1: BoyLoc0 ($221.80 in chips) 
Seat 2: fabri318 ($115.10 in chips) 
Seat 3: BGS013 ($153.14 in chips) 
Seat 4: Brookstj500 ($18.36 in chips) 
Seat 5: canibal27 ($102.27 in chips) 
Seat 6: Bejondeiala ($100 in chips) 
canibal27: posts small blind $0.50
Bejondeiala: posts big blind $1
*** HOLE CARDS ***
BoyLoc0: folds 
fabri318: folds 
BGS013: raises $1.50 to $2.50
Brookstj500: folds 
canibal27: folds 
Bejondeiala: folds 
Uncalled bet ($1.50) returned to BGS013
BGS013 collected $2.50 from pot
*** SUMMARY ***
Total pot $2.50 | Rake $0 
Seat 1: BoyLoc0 folded before Flop (didn't bet)
Seat 2: fabri318 folded before Flop (didn't bet)
Seat 3: BGS013 collected ($2.50)
Seat 4: Brookstj500 (button) folded before Flop (didn't bet)
Seat 5: canibal27 (small blind) folded before Flop
Seat 6: Bejondeiala (big blind) folded before Flop



PokerStars Hand #254727461660:  Hold'em No Limit ($0.50/$1.00 USD) - 2025/02/05 23:55:10 WET [2025/02/05 18:55:10 ET]
Table 'Arethusa II' 6-max Seat #5 is the button
Seat 1: BoyLoc0 ($221.80 in chips) 
Seat 2: fabri318 ($115.10 in chips) 
Seat 3: BGS013 ($154.64 in chips) 
Seat 4: Brookstj500 ($18.36 in chips) 
Seat 5: canibal27 ($101.77 in chips) 
Seat 6: Bejondeiala ($100 in chips) 
Bejondeiala: posts small blind $0.50
BoyLoc0: posts big blind $1
*** HOLE CARDS ***
fabri318: folds 
BGS013: folds 
Brookstj500: folds 
canibal27: folds 
Bejondeiala: raises $2 to $3
BoyLoc0: folds 
Uncalled bet ($2) returned to Bejondeiala
Bejondeiala collected $2 from pot
Bejondeiala: doesn't show hand 
*** SUMMARY ***
Total pot $2 | Rake $0 
Seat 1: BoyLoc0 (big blind) folded before Flop
Seat 2: fabri318 folded before Flop (didn't bet)
Seat 3: BGS013 folded before Flop (didn't bet)
Seat 4: Brookstj500 folded before Flop (didn't bet)
Seat 5: canibal27 (button) folded before Flop (didn't bet)
Seat 6: Bejondeiala (small blind) collected ($2)



PokerStars Hand #254727464304:  Hold'em No Limit ($0.50/$1.00 USD) - 2025/02/05 23:55:25 WET [2025/02/05 18:55:25 ET]
Table 'Arethusa II' 6-max Seat #6 is the button
Seat 1: BoyLoc0 ($220.80 in chips) 
Seat 2: fabri318 ($115.10 in chips) 
Seat 3: BGS013 ($154.64 in chips) 
Seat 4: Brookstj500 ($18.36 in chips) 
Seat 5: canibal27 ($101.77 in chips) 
Seat 6: Bejondeiala ($101 in chips) 
BoyLoc0: posts small blind $0.50
fabri318: posts big blind $1
*** HOLE CARDS ***
BGS013: folds 
Brookstj500: raises $4 to $5
canibal27: raises $5 to $10
Bejondeiala: folds 
BoyLoc0: folds 
fabri318: folds 
Brookstj500: raises $8.36 to $18.36 and is all-in
canibal27: calls $8.36
*** FLOP *** [2s 4h 2c]
*** TURN *** [2s 4h 2c] [2h]
*** RIVER *** [2s 4h 2c 2h] [6c]
*** SHOW DOWN ***
Brookstj500: shows [Ad 7c] (three of a kind, Deuces)
canibal27: shows [Ac Kd] (three of a kind, Deuces - Ace+King kicker)
canibal27 collected $36.31 from pot
*** SUMMARY ***
Total pot $38.22 | Rake $1.91 
Board [2s 4h 2c 2h 6c]
Seat 1: BoyLoc0 (small blind) folded before Flop
Seat 2: fabri318 (big blind) folded before Flop
Seat 3: BGS013 folded before Flop (didn't bet)
Seat 4: Brookstj500 showed [Ad 7c] and lost with three of a kind, Deuces
Seat 5: canibal27 showed [Ac Kd] and won ($36.31) with three of a kind, Deuces
Seat 6: Bejondeiala (button) folded before Flop (didn't bet)



PokerStars Hand #254727473749:  Hold'em No Limit ($0.50/$1.00 USD) - 2025/02/05 23:56:18 WET [2025/02/05 18:56:18 ET]
Table 'Arethusa II' 6-max Seat #1 is the button
Seat 4: Brookstj500 ($0 in chips) is sitting out
Seat 1: BoyLoc0 ($220.30 in chips) 
Seat 2: fabri318 ($114.10 in chips) 
Seat 3: BGS013 ($154.64 in chips) 
Seat 5: canibal27 ($119.72 in chips) 
Seat 6: Bejondeiala ($101 in chips) 
fabri318: posts small blind $0.50
BGS013: posts big blind $1
*** HOLE CARDS ***
Brookstj500 leaves the table
z00mba joins the table at seat #4 
canibal27 has timed out
canibal27: folds 
Bejondeiala: raises $1.10 to $2.10
BoyLoc0: folds 
fabri318: folds 
BGS013: folds 
Uncalled bet ($1.10) returned to Bejondeiala
Bejondeiala collected $2.50 from pot
Bejondeiala: doesn't show hand 
*** SUMMARY ***
Total pot $2.50 | Rake $0 
Seat 4: Brookstj500
Seat 1: BoyLoc0 (button) folded before Flop (didn't bet)
Seat 2: fabri318 (small blind) folded before Flop
Seat 3: BGS013 (big blind) folded before Flop
Seat 5: canibal27 folded before Flop (didn't bet)
Seat 6: Bejondeiala collected ($2.50)



PokerStars Hand #254727479473:  Hold'em No Limit ($0.50/$1.00 USD) - 2025/02/05 23:56:50 WET [2025/02/05 18:56:50 ET]
Table 'Arethusa II' 6-max Seat #2 is the button
Seat 1: BoyLoc0 ($220.30 in chips) 
Seat 2: fabri318 ($113.60 in chips) 
Seat 3: BGS013 ($153.64 in chips) 
Seat 4: z00mba ($100 in chips) 
Seat 5: canibal27 ($119.72 in chips) 
Seat 6: Bejondeiala ($102.50 in chips) 
BGS013: posts small blind $0.50
z00mba: posts big blind $1
*** HOLE CARDS ***
canibal27: folds 
Bejondeiala: folds 
BoyLoc0: raises $1.50 to $2.50
fabri318: folds 
BGS013: folds 
z00mba: folds 
Uncalled bet ($1.50) returned to BoyLoc0
BoyLoc0 collected $2.50 from pot
BoyLoc0: doesn't show hand 
*** SUMMARY ***
Total pot $2.50 | Rake $0 
Seat 1: BoyLoc0 collected ($2.50)
Seat 2: fabri318 (button) folded before Flop (didn't bet)
Seat 3: BGS013 (small blind) folded before Flop
Seat 4: z00mba (big blind) folded before Flop
Seat 5: canibal27 folded before Flop (didn't bet)
Seat 6: Bejondeiala folded before Flop (didn't bet)



PokerStars Hand #254727483953:  Hold'em No Limit ($0.50/$1.00 USD) - 2025/02/05 23:57:15 WET [2025/02/05 18:57:15 ET]
Table 'Arethusa II' 6-max Seat #3 is the button
Seat 1: BoyLoc0 ($221.80 in chips) 
Seat 2: fabri318 ($113.60 in chips) 
Seat 3: BGS013 ($153.14 in chips) 
Seat 4: z00mba ($100 in chips) 
Seat 5: canibal27 ($119.72 in chips) 
Seat 6: Bejondeiala ($102.50 in chips) 
z00mba: posts small blind $0.50
canibal27: posts big blind $1
*** HOLE CARDS ***
Bejondeiala: raises $1.10 to $2.10
BoyLoc0: folds 
fabri318: folds 
BGS013: folds 
z00mba: folds 
canibal27: folds 
Uncalled bet ($1.10) returned to Bejondeiala
Bejondeiala collected $2.50 from pot
Bejondeiala: doesn't show hand 
*** SUMMARY ***
Total pot $2.50 | Rake $0 
Seat 1: BoyLoc0 folded before Flop (didn't bet)
Seat 2: fabri318 folded before Flop (didn't bet)
Seat 3: BGS013 (button) folded before Flop (didn't bet)
Seat 4: z00mba (small blind) folded before Flop
Seat 5: canibal27 (big blind) folded before Flop
Seat 6: Bejondeiala collected ($2.50)



PokerStars Hand #254727487357:  Hold'em No Limit ($0.50/$1.00 USD) - 2025/02/05 23:57:35 WET [2025/02/05 18:57:35 ET]
Table 'Arethusa II' 6-max Seat #4 is the button
Seat 1: BoyLoc0 ($221.80 in chips) is sitting out
Seat 6: Bejondeiala ($104 in chips) is sitting out
Seat 2: fabri318 ($113.60 in chips) 
Seat 3: BGS013 ($153.14 in chips) 
Seat 4: z00mba ($100 in chips) 
Seat 5: canibal27 ($118.72 in chips) 
canibal27: posts small blind $0.50
Bejondeiala: is sitting out 
BoyLoc0: is sitting out 
fabri318: posts big blind $1
*** HOLE CARDS ***
BGS013: folds 
BGS013 leaves the table
BoyLoc0 leaves the table
z00mba: folds 
canibal27: raises $2 to $3
fabri318: calls $2
*** FLOP *** [3h Kd As]
canibal27: bets $1.43
fabri318: calls $1.43
*** TURN *** [3h Kd As] [Tc]
Bejondeiala leaves the table
canibal27: checks 
fabri318: checks 
*** RIVER *** [3h Kd As Tc] [2d]
canibal27: checks 
fabri318: checks 
*** SHOW DOWN ***
canibal27: shows [9s Ah] (a pair of Aces)
fabri318: mucks hand 
canibal27 collected $8.42 from pot
*** SUMMARY ***
Total pot $8.86 | Rake $0.44 
Board [3h Kd As Tc 2d]
Seat 1: BoyLoc0
Seat 6: Bejondeiala
Seat 2: fabri318 (big blind) mucked
Seat 3: BGS013 folded before Flop (didn't bet)
Seat 4: z00mba (button) folded before Flop (didn't bet)
Seat 5: canibal27 (small blind) showed [9s Ah] and won ($8.42) with a pair of Aces



PokerStars Hand #254727497146:  Hold'em No Limit ($0.50/$1.00 USD) - 2025/02/05 23:58:30 WET [2025/02/05 18:58:30 ET]
Table 'Arethusa II' 6-max Seat #5 is the button
Seat 2: fabri318 ($109.17 in chips) 
Seat 4: z00mba ($100 in chips) 
Seat 5: canibal27 ($122.71 in chips) 
fabri318: posts small blind $0.50
z00mba: posts big blind $1
*** HOLE CARDS ***
canibal27: folds 
fabri318: folds 
Uncalled bet ($0.50) returned to z00mba
z00mba collected $1 from pot
z00mba: doesn't show hand 
*** SUMMARY ***
Total pot $1 | Rake $0 
Seat 2: fabri318 (small blind) folded before Flop
Seat 4: z00mba (big blind) collected ($1)
Seat 5: canibal27 (button) folded before Flop (didn't bet)



PokerStars Hand #254727499002:  Hold'em No Limit ($0.50/$1.00 USD) - 2025/02/05 23:58:40 WET [2025/02/05 18:58:40 ET]
Table 'Arethusa II' 6-max Seat #2 is the button
Seat 2: fabri318 ($108.67 in chips) 
Seat 4: z00mba ($100.50 in chips) 
Seat 5: canibal27 ($122.71 in chips) 
z00mba: posts small blind $0.50
canibal27: posts big blind $1
*** HOLE CARDS ***
fabri318: folds 
fabri318 leaves the table
z00mba: folds 
Uncalled bet ($0.50) returned to canibal27
canibal27 collected $1 from pot
canibal27: doesn't show hand 
*** SUMMARY ***
Total pot $1 | Rake $0 
Seat 2: fabri318 (button) folded before Flop (didn't bet)
Seat 4: z00mba (small blind) folded before Flop
Seat 5: canibal27 (big blind) collected ($1)



PokerStars Hand #254727501845:  Hold'em No Limit ($0.50/$1.00 USD) - 2025/02/05 23:58:56 WET [2025/02/05 18:58:56 ET]
Table 'Arethusa II' 6-max Seat #5 is the button
Seat 4: z00mba ($100 in chips) 
Seat 5: canibal27 ($123.21 in chips) 
canibal27: posts small blind $0.50
z00mba: posts big blind $1
*** HOLE CARDS ***
canibal27: raises $1.50 to $2.50
z00mba: calls $1.50
*** FLOP *** [7s 3c 6d]
z00mba: checks 
canibal27: checks 
*** TURN *** [7s 3c 6d] [Tc]
z00mba: checks 
canibal27: checks 
*** RIVER *** [7s 3c 6d Tc] [Jc]
z00mba: bets $3.61
canibal27: calls $3.61
*** SHOW DOWN ***
z00mba: shows [Kc Jd] (a pair of Jacks)
canibal27: mucks hand 
z00mba collected $11.61 from pot
*** SUMMARY ***
Total pot $12.22 | Rake $0.61 
Board [7s 3c 6d Tc Jc]
Seat 4: z00mba (big blind) showed [Kc Jd] and won ($11.61) with a pair of Jacks
Seat 5: canibal27 (button) (small blind) mucked



