PokerStars Hand #254728349442:  Hold'em No Limit ($0.50/$1.00 USD) - 2025/02/05 1:12:51 WET [2025/02/05 20:12:51 ET]
Table 'Hekate II' 6-max Seat #2 is the button
Seat 3: An1an1 ($100 in chips) is sitting out
Seat 4: pr0tecto ($100 in chips) is sitting out
Seat 5: fobot21 ($100 in chips) is sitting out
Seat 1: Espada Fish ($100 in chips) 
Seat 2: z00mba ($100 in chips) 
Seat 6: Tooniimyname ($84.08 in chips) 
Tooniimyname: posts small blind $0.50
Espada Fish: posts big blind $1
*** HOLE CARDS ***
z00mba: raises $1.50 to $2.50
Tooniimyname: calls $2
Espada Fish: folds 
*** FLOP *** [6h Ac 7s]
Tooniimyname: checks 
z00mba: checks 
*** TURN *** [6h Ac 7s] [9c]
Tooniimyname: checks 
z00mba: bets $3
Tooniimyname: folds 
Uncalled bet ($3) returned to z00mba
z00mba collected $5.70 from pot
z00mba: doesn't show hand 
*** SUMMARY ***
Total pot $6 | Rake $0.30 
Board [6h Ac 7s 9c]
Seat 3: An1an1
Seat 4: pr0tecto
Seat 5: fobot21
Seat 1: Espada Fish (big blind) folded before Flop
Seat 2: z00mba (button) collected ($5.70)
Seat 6: Tooniimyname (small blind) folded on the Turn



PokerStars Hand #254728354079:  Hold'em No Limit ($0.50/$1.00 USD) - 2025/02/05 1:13:19 WET [2025/02/05 20:13:19 ET]
Table 'Hekate II' 6-max Seat #6 is the button
Seat 3: An1an1 ($100 in chips) is sitting out
Seat 4: pr0tecto ($100 in chips) is sitting out
Seat 5: fobot21 ($100 in chips) is sitting out
Seat 1: Espada Fish ($100 in chips) 
Seat 2: z00mba ($103.20 in chips) 
Seat 6: Tooniimyname ($81.58 in chips) 
Espada Fish: posts small blind $0.50
z00mba: posts big blind $1
An1an1: sits out 
pr0tecto: sits out 
fobot21: sits out 
*** HOLE CARDS ***
Tooniimyname: calls $1
Espada Fish: folds 
z00mba: checks 
*** FLOP *** [Ad 5h 4h]
z00mba: checks 
Tooniimyname: checks 
*** TURN *** [Ad 5h 4h] [Jd]
z00mba: bets $2
Tooniimyname: raises $2 to $4
z00mba: calls $2
*** RIVER *** [Ad 5h 4h Jd] [3h]
z00mba: checks 
Tooniimyname: checks 
*** SHOW DOWN ***
z00mba: shows [5d 9d] (a pair of Fives)
Tooniimyname: shows [6d Jh] (a pair of Jacks)
Tooniimyname collected $9.98 from pot
*** SUMMARY ***
Total pot $10.50 | Rake $0.52 
Board [Ad 5h 4h Jd 3h]
Seat 3: An1an1
Seat 4: pr0tecto
Seat 5: fobot21
Seat 1: Espada Fish (small blind) folded before Flop
Seat 2: z00mba (big blind) showed [5d 9d] and lost with a pair of Fives
Seat 6: Tooniimyname (button) showed [6d Jh] and won ($9.98) with a pair of Jacks



PokerStars Hand #254728360832:  Hold'em No Limit ($0.50/$1.00 USD) - 2025/02/05 1:13:59 WET [2025/02/05 20:13:59 ET]
Table 'Hekate II' 6-max Seat #1 is the button
Seat 4: pr0tecto ($100 in chips) is sitting out
Seat 5: fobot21 ($100 in chips) is sitting out
Seat 1: Espada Fish ($100 in chips) 
Seat 2: z00mba ($100 in chips) 
Seat 3: An1an1 ($100 in chips) 
Seat 6: Tooniimyname ($86.56 in chips) 
z00mba: posts small blind $0.50
An1an1: posts big blind $1
pr0tecto: sits out 
fobot21: sits out 
*** HOLE CARDS ***
Tooniimyname: calls $1
Espada Fish: folds 
z00mba: folds 
An1an1: checks 
*** FLOP *** [8h 7s 7h]
An1an1: checks 
Tooniimyname: checks 
*** TURN *** [8h 7s 7h] [6d]
An1an1: bets $1.19
Tooniimyname: folds 
Uncalled bet ($1.19) returned to An1an1
An1an1 collected $2.38 from pot
An1an1: doesn't show hand 
*** SUMMARY ***
Total pot $2.50 | Rake $0.12 
Board [8h 7s 7h 6d]
Seat 4: pr0tecto
Seat 5: fobot21
Seat 1: Espada Fish (button) folded before Flop (didn't bet)
Seat 2: z00mba (small blind) folded before Flop
Seat 3: An1an1 (big blind) collected ($2.38)
Seat 6: Tooniimyname folded on the Turn



PokerStars Hand #254728365105:  Hold'em No Limit ($0.50/$1.00 USD) - 2025/02/05 1:14:25 WET [2025/02/05 20:14:25 ET]
Table 'Hekate II' 6-max Seat #2 is the button
Seat 5: fobot21 ($100 in chips) is sitting out
Seat 1: Espada Fish ($100 in chips) 
Seat 2: z00mba ($100 in chips) 
Seat 3: An1an1 ($101.38 in chips) 
Seat 4: pr0tecto ($100 in chips) 
Seat 6: Tooniimyname ($85.56 in chips) 
An1an1: posts small blind $0.50
pr0tecto: posts big blind $1
fobot21: sits out 
*** HOLE CARDS ***
Tooniimyname: calls $1
Espada Fish: folds 
z00mba: folds 
An1an1: folds 
pr0tecto: checks 
*** FLOP *** [Th Kd Tc]
pr0tecto: checks 
Tooniimyname: checks 
*** TURN *** [Th Kd Tc] [Ts]
pr0tecto: checks 
Tooniimyname: checks 
*** RIVER *** [Th Kd Tc Ts] [Ks]
pr0tecto: bets $15
Tooniimyname: folds 
Uncalled bet ($15) returned to pr0tecto
pr0tecto collected $2.38 from pot
pr0tecto: doesn't show hand 
*** SUMMARY ***
Total pot $2.50 | Rake $0.12 
Board [Th Kd Tc Ts Ks]
Seat 5: fobot21
Seat 1: Espada Fish folded before Flop (didn't bet)
Seat 2: z00mba (button) folded before Flop (didn't bet)
Seat 3: An1an1 (small blind) folded before Flop
Seat 4: pr0tecto (big blind) collected ($2.38)
Seat 6: Tooniimyname folded on the River



PokerStars Hand #254728374708:  Hold'em No Limit ($0.50/$1.00 USD) - 2025/02/05 1:15:22 WET [2025/02/05 20:15:22 ET]
Table 'Hekate II' 6-max Seat #3 is the button
Seat 1: Espada Fish ($100 in chips) 
Seat 2: z00mba ($100 in chips) 
Seat 3: An1an1 ($100.88 in chips) 
Seat 4: pr0tecto ($101.38 in chips) 
Seat 5: fobot21 ($100 in chips) 
Seat 6: Tooniimyname ($84.56 in chips) 
pr0tecto: posts small blind $0.50
fobot21: posts big blind $1
*** HOLE CARDS ***
Tooniimyname: calls $1
Espada Fish: folds 
z00mba: folds 
An1an1: folds 
pr0tecto: folds 
fobot21: checks 
*** FLOP *** [5h 4s 8c]
fobot21: checks 
Tooniimyname: bets $4
fobot21: folds 
Uncalled bet ($4) returned to Tooniimyname
Tooniimyname collected $2.38 from pot
*** SUMMARY ***
Total pot $2.50 | Rake $0.12 
Board [5h 4s 8c]
Seat 1: Espada Fish folded before Flop (didn't bet)
Seat 2: z00mba folded before Flop (didn't bet)
Seat 3: An1an1 (button) folded before Flop (didn't bet)
Seat 4: pr0tecto (small blind) folded before Flop
Seat 5: fobot21 (big blind) folded on the Flop
Seat 6: Tooniimyname collected ($2.38)



PokerStars Hand #254728383439:  Hold'em No Limit ($0.50/$1.00 USD) - 2025/02/05 1:16:14 WET [2025/02/05 20:16:14 ET]
Table 'Hekate II' 6-max Seat #4 is the button
Seat 1: Espada Fish ($100 in chips) 
Seat 2: z00mba ($100 in chips) 
Seat 3: An1an1 ($100.88 in chips) 
Seat 4: pr0tecto ($100.88 in chips) 
Seat 5: fobot21 ($100 in chips) 
Seat 6: Tooniimyname ($85.94 in chips) 
fobot21: posts small blind $0.50
Tooniimyname: posts big blind $1
*** HOLE CARDS ***
Espada Fish: folds 
z00mba: folds 
An1an1: folds 
pr0tecto: raises $2 to $3
fobot21: folds 
Tooniimyname: calls $2
*** FLOP *** [4c Kd 3h]
Tooniimyname: checks 
pr0tecto: bets $2.04
Tooniimyname: calls $2.04
*** TURN *** [4c Kd 3h] [7h]
Tooniimyname: checks 
pr0tecto: bets $5.13
Tooniimyname: calls $5.13
*** RIVER *** [4c Kd 3h 7h] [Qs]
Tooniimyname: bets $20.80
pr0tecto: calls $20.80
*** SHOW DOWN ***
Tooniimyname: shows [Ks 2s] (a pair of Kings)
pr0tecto: shows [9c Kh] (a pair of Kings - Queen+Nine kicker)
pr0tecto collected $59.94 from pot
*** SUMMARY ***
Total pot $62.44 | Rake $2.50 
Board [4c Kd 3h 7h Qs]
Seat 1: Espada Fish folded before Flop (didn't bet)
Seat 2: z00mba folded before Flop (didn't bet)
Seat 3: An1an1 folded before Flop (didn't bet)
Seat 4: pr0tecto (button) showed [9c Kh] and won ($59.94) with a pair of Kings
Seat 5: fobot21 (small blind) folded before Flop
Seat 6: Tooniimyname (big blind) showed [Ks 2s] and lost with a pair of Kings



PokerStars Hand #254728393655:  Hold'em No Limit ($0.50/$1.00 USD) - 2025/02/05 1:17:14 WET [2025/02/05 20:17:14 ET]
Table 'Hekate II' 6-max Seat #5 is the button
Seat 1: Espada Fish ($100 in chips) 
Seat 2: z00mba ($100 in chips) 
Seat 3: An1an1 ($100.88 in chips) 
Seat 4: pr0tecto ($129.85 in chips) 
Seat 5: fobot21 ($100 in chips) 
Seat 6: Tooniimyname ($54.97 in chips) 
Tooniimyname: posts small blind $0.50
Espada Fish: posts big blind $1
*** HOLE CARDS ***
z00mba: folds 
An1an1: folds 
pr0tecto: folds 
fobot21: raises $1.50 to $2.50
Tooniimyname: calls $2
Espada Fish: calls $1.50
*** FLOP *** [Qd 3s 2s]
Tooniimyname: checks 
Espada Fish: checks 
fobot21: checks 
*** TURN *** [Qd 3s 2s] [6s]
Tooniimyname: checks 
Espada Fish: bets $5.34
fobot21: folds 
Tooniimyname: folds 
Uncalled bet ($5.34) returned to Espada Fish
Espada Fish collected $7.12 from pot
Espada Fish: doesn't show hand 
*** SUMMARY ***
Total pot $7.50 | Rake $0.38 
Board [Qd 3s 2s 6s]
Seat 1: Espada Fish (big blind) collected ($7.12)
Seat 2: z00mba folded before Flop (didn't bet)
Seat 3: An1an1 folded before Flop (didn't bet)
Seat 4: pr0tecto folded before Flop (didn't bet)
Seat 5: fobot21 (button) folded on the Turn
Seat 6: Tooniimyname (small blind) folded on the Turn



PokerStars Hand #254728404485:  Hold'em No Limit ($0.50/$1.00 USD) - 2025/02/05 1:18:18 WET [2025/02/05 20:18:18 ET]
Table 'Hekate II' 6-max Seat #6 is the button
Seat 1: Espada Fish ($104.62 in chips) 
Seat 2: z00mba ($100 in chips) 
Seat 3: An1an1 ($100.88 in chips) 
Seat 4: pr0tecto ($129.85 in chips) 
Seat 5: fobot21 ($100 in chips) 
Seat 6: Tooniimyname ($52.47 in chips) 
Espada Fish: posts small blind $0.50
z00mba: posts big blind $1
*** HOLE CARDS ***
An1an1: raises $1 to $2
pr0tecto: folds 
fobot21: folds 
Tooniimyname: calls $2
Espada Fish: folds 
z00mba: folds 
*** FLOP *** [2d 4h 5c]
An1an1: checks 
Tooniimyname: checks 
*** TURN *** [2d 4h 5c] [8h]
An1an1: bets $3.48
Tooniimyname: calls $3.48
*** RIVER *** [2d 4h 5c 8h] [Js]
An1an1: bets $5.92
Tooniimyname: folds 
Uncalled bet ($5.92) returned to An1an1
An1an1 collected $11.84 from pot
An1an1: doesn't show hand 
*** SUMMARY ***
Total pot $12.46 | Rake $0.62 
Board [2d 4h 5c 8h Js]
Seat 1: Espada Fish (small blind) folded before Flop
Seat 2: z00mba (big blind) folded before Flop
Seat 3: An1an1 collected ($11.84)
Seat 4: pr0tecto folded before Flop (didn't bet)
Seat 5: fobot21 folded before Flop (didn't bet)
Seat 6: Tooniimyname (button) folded on the River



PokerStars Hand #254728411676:  Hold'em No Limit ($0.50/$1.00 USD) - 2025/02/05 1:19:01 WET [2025/02/05 20:19:01 ET]
Table 'Hekate II' 6-max Seat #1 is the button
Seat 1: Espada Fish ($104.12 in chips) 
Seat 2: z00mba ($100 in chips) 
Seat 3: An1an1 ($107.24 in chips) 
Seat 4: pr0tecto ($129.85 in chips) 
Seat 5: fobot21 ($100 in chips) 
Seat 6: Tooniimyname ($46.99 in chips) 
z00mba: posts small blind $0.50
An1an1: posts big blind $1
*** HOLE CARDS ***
pr0tecto: folds 
fobot21: folds 
Tooniimyname: calls $1
Espada Fish: folds 
z00mba: calls $0.50
An1an1: checks 
*** FLOP *** [7d Ad 2s]
z00mba: checks 
An1an1: checks 
Tooniimyname: checks 
*** TURN *** [7d Ad 2s] [Ts]
z00mba: bets $1.50
An1an1 has timed out
An1an1: folds 
Tooniimyname: folds 
Uncalled bet ($1.50) returned to z00mba
z00mba collected $2.85 from pot
z00mba: doesn't show hand 
*** SUMMARY ***
Total pot $3 | Rake $0.15 
Board [7d Ad 2s Ts]
Seat 1: Espada Fish (button) folded before Flop (didn't bet)
Seat 2: z00mba (small blind) collected ($2.85)
Seat 3: An1an1 (big blind) folded on the Turn
Seat 4: pr0tecto folded before Flop (didn't bet)
Seat 5: fobot21 folded before Flop (didn't bet)
Seat 6: Tooniimyname folded on the Turn



PokerStars Hand #254728422469:  Hold'em No Limit ($0.50/$1.00 USD) - 2025/02/05 1:20:05 WET [2025/02/05 20:20:05 ET]
Table 'Hekate II' 6-max Seat #2 is the button
Seat 1: Espada Fish ($104.12 in chips) 
Seat 2: z00mba ($101.85 in chips) 
Seat 3: An1an1 ($106.24 in chips) 
Seat 4: pr0tecto ($129.85 in chips) 
Seat 5: fobot21 ($100 in chips) 
Seat 6: Tooniimyname ($45.99 in chips) 
An1an1: posts small blind $0.50
pr0tecto: posts big blind $1
*** HOLE CARDS ***
fobot21: folds 
Tooniimyname: calls $1
Espada Fish: folds 
z00mba: folds 
An1an1: calls $0.50
pr0tecto: checks 
*** FLOP *** [7c Kd 4c]
An1an1: checks 
pr0tecto: checks 
Tooniimyname: checks 
*** TURN *** [7c Kd 4c] [8h]
An1an1: checks 
pr0tecto: checks 
Tooniimyname: checks 
*** RIVER *** [7c Kd 4c 8h] [8c]
An1an1: checks 
pr0tecto: bets $2.14
Tooniimyname: folds 
An1an1 has timed out
An1an1: folds 
Uncalled bet ($2.14) returned to pr0tecto
pr0tecto collected $2.85 from pot
pr0tecto: doesn't show hand 
*** SUMMARY ***
Total pot $3 | Rake $0.15 
Board [7c Kd 4c 8h 8c]
Seat 1: Espada Fish folded before Flop (didn't bet)
Seat 2: z00mba (button) folded before Flop (didn't bet)
Seat 3: An1an1 (small blind) folded on the River
Seat 4: pr0tecto (big blind) collected ($2.85)
Seat 5: fobot21 folded before Flop (didn't bet)
Seat 6: Tooniimyname folded on the River



PokerStars Hand #254728433699:  Hold'em No Limit ($0.50/$1.00 USD) - 2025/02/05 1:21:12 WET [2025/02/05 20:21:12 ET]
Table 'Hekate II' 6-max Seat #4 is the button
Seat 3: An1an1 ($105.24 in chips) is sitting out
Seat 1: Espada Fish ($104.12 in chips) 
Seat 2: z00mba ($101.85 in chips) 
Seat 4: pr0tecto ($131.70 in chips) 
Seat 5: fobot21 ($100 in chips) 
Seat 6: Tooniimyname ($44.99 in chips) 
fobot21: posts small blind $0.50
Tooniimyname: posts big blind $1
*** HOLE CARDS ***
Espada Fish: folds 
z00mba: folds 
pr0tecto: raises $2 to $3
fobot21: folds 
Tooniimyname: folds 
Uncalled bet ($2) returned to pr0tecto
pr0tecto collected $2.50 from pot
pr0tecto: doesn't show hand 
*** SUMMARY ***
Total pot $2.50 | Rake $0 
Seat 3: An1an1
Seat 1: Espada Fish folded before Flop (didn't bet)
Seat 2: z00mba folded before Flop (didn't bet)
Seat 4: pr0tecto (button) collected ($2.50)
Seat 5: fobot21 (small blind) folded before Flop
Seat 6: Tooniimyname (big blind) folded before Flop



PokerStars Hand #254728438004:  Hold'em No Limit ($0.50/$1.00 USD) - 2025/02/05 1:21:37 WET [2025/02/05 20:21:37 ET]
Table 'Hekate II' 6-max Seat #5 is the button
Seat 1: Espada Fish ($104.12 in chips) 
Seat 2: z00mba ($101.85 in chips) 
Seat 3: An1an1 ($105.24 in chips) 
Seat 4: pr0tecto ($133.20 in chips) 
Seat 5: fobot21 ($100 in chips) 
Seat 6: Tooniimyname ($43.99 in chips) 
Tooniimyname: posts small blind $0.50
Espada Fish: posts big blind $1
*** HOLE CARDS ***
z00mba: folds 
An1an1: folds 
pr0tecto: folds 
fobot21: folds 
Tooniimyname: calls $0.50
Espada Fish: raises $2.50 to $3.50
Tooniimyname: raises $7 to $10.50
Espada Fish: folds 
Uncalled bet ($7) returned to Tooniimyname
Tooniimyname collected $7 from pot
*** SUMMARY ***
Total pot $7 | Rake $0 
Seat 1: Espada Fish (big blind) folded before Flop
Seat 2: z00mba folded before Flop (didn't bet)
Seat 3: An1an1 folded before Flop (didn't bet)
Seat 4: pr0tecto folded before Flop (didn't bet)
Seat 5: fobot21 (button) folded before Flop (didn't bet)
Seat 6: Tooniimyname (small blind) collected ($7)



PokerStars Hand #254728444836:  Hold'em No Limit ($0.50/$1.00 USD) - 2025/02/05 1:22:18 WET [2025/02/05 20:22:18 ET]
Table 'Hekate II' 6-max Seat #6 is the button
Seat 1: Espada Fish ($100.62 in chips) 
Seat 2: z00mba ($101.85 in chips) 
Seat 3: An1an1 ($105.24 in chips) 
Seat 4: pr0tecto ($133.20 in chips) 
Seat 5: fobot21 ($100 in chips) 
Seat 6: Tooniimyname ($47.49 in chips) 
Espada Fish: posts small blind $0.50
z00mba: posts big blind $1
*** HOLE CARDS ***
An1an1: raises $1 to $2
pr0tecto: folds 
fobot21: raises $4 to $6
Tooniimyname: folds 
Espada Fish: folds 
z00mba: folds 
An1an1: calls $4
*** FLOP *** [6h Ts 6s]
An1an1: checks 
fobot21: bets $3.85
An1an1: raises $10.26 to $14.11
fobot21: calls $10.26
*** TURN *** [6h Ts 6s] [5s]
An1an1: bets $13.08
fobot21: calls $13.08
*** RIVER *** [6h Ts 6s 5s] [Td]
An1an1: bets $72.05 and is all-in
fobot21: folds 
Uncalled bet ($72.05) returned to An1an1
An1an1 collected $65.38 from pot
An1an1: doesn't show hand 
*** SUMMARY ***
Total pot $67.88 | Rake $2.50 
Board [6h Ts 6s 5s Td]
Seat 1: Espada Fish (small blind) folded before Flop
Seat 2: z00mba (big blind) folded before Flop
Seat 3: An1an1 collected ($65.38)
Seat 4: pr0tecto folded before Flop (didn't bet)
Seat 5: fobot21 folded on the River
Seat 6: Tooniimyname (button) folded before Flop (didn't bet)



PokerStars Hand #254728459024:  Hold'em No Limit ($0.50/$1.00 USD) - 2025/02/05 1:23:43 WET [2025/02/05 20:23:43 ET]
Table 'Hekate II' 6-max Seat #1 is the button
Seat 1: Espada Fish ($100.12 in chips) 
Seat 2: z00mba ($100.85 in chips) 
Seat 3: An1an1 ($137.43 in chips) 
Seat 4: pr0tecto ($133.20 in chips) 
Seat 5: fobot21 ($100 in chips) 
Seat 6: Tooniimyname ($47.49 in chips) 
z00mba: posts small blind $0.50
An1an1: posts big blind $1
*** HOLE CARDS ***
pr0tecto: folds 
fobot21: folds 
Tooniimyname: raises $3.50 to $4.50
Espada Fish: folds 
z00mba: folds 
An1an1: folds 
Uncalled bet ($3.50) returned to Tooniimyname
Tooniimyname collected $2.50 from pot
*** SUMMARY ***
Total pot $2.50 | Rake $0 
Seat 1: Espada Fish (button) folded before Flop (didn't bet)
Seat 2: z00mba (small blind) folded before Flop
Seat 3: An1an1 (big blind) folded before Flop
Seat 4: pr0tecto folded before Flop (didn't bet)
Seat 5: fobot21 folded before Flop (didn't bet)
Seat 6: Tooniimyname collected ($2.50)



PokerStars Hand #254728462246:  Hold'em No Limit ($0.50/$1.00 USD) - 2025/02/05 1:24:02 WET [2025/02/05 20:24:02 ET]
Table 'Hekate II' 6-max Seat #2 is the button
Seat 1: Espada Fish ($100.12 in chips) 
Seat 2: z00mba ($100.35 in chips) 
Seat 3: An1an1 ($136.43 in chips) 
Seat 4: pr0tecto ($133.20 in chips) 
Seat 5: fobot21 ($100 in chips) 
Seat 6: Tooniimyname ($48.99 in chips) 
An1an1: posts small blind $0.50
pr0tecto: posts big blind $1
*** HOLE CARDS ***
fobot21: folds 
Tooniimyname: raises $3 to $4
Espada Fish: folds 
z00mba: folds 
An1an1: folds 
pr0tecto: folds 
Uncalled bet ($3) returned to Tooniimyname
Tooniimyname collected $2.50 from pot
*** SUMMARY ***
Total pot $2.50 | Rake $0 
Seat 1: Espada Fish folded before Flop (didn't bet)
Seat 2: z00mba (button) folded before Flop (didn't bet)
Seat 3: An1an1 (small blind) folded before Flop
Seat 4: pr0tecto (big blind) folded before Flop
Seat 5: fobot21 folded before Flop (didn't bet)
Seat 6: Tooniimyname collected ($2.50)



PokerStars Hand #254728466054:  Hold'em No Limit ($0.50/$1.00 USD) - 2025/02/05 1:24:25 WET [2025/02/05 20:24:25 ET]
Table 'Hekate II' 6-max Seat #3 is the button
Seat 1: Espada Fish ($100.12 in chips) 
Seat 2: z00mba ($100.35 in chips) 
Seat 3: An1an1 ($135.93 in chips) 
Seat 4: pr0tecto ($132.20 in chips) 
Seat 5: fobot21 ($100 in chips) 
Seat 6: Tooniimyname ($50.49 in chips) 
pr0tecto: posts small blind $0.50
fobot21: posts big blind $1
*** HOLE CARDS ***
Tooniimyname: raises $1 to $2
Espada Fish: folds 
z00mba: folds 
An1an1: folds 
pr0tecto: folds 
fobot21: calls $1
*** FLOP *** [9s Ac 5h]
fobot21: checks 
Tooniimyname: bets $1
fobot21: raises $3 to $4
Tooniimyname: calls $3
*** TURN *** [9s Ac 5h] [Kh]
fobot21: checks 
Tooniimyname: checks 
*** RIVER *** [9s Ac 5h Kh] [3s]
fobot21: checks 
Tooniimyname: checks 
*** SHOW DOWN ***
fobot21: shows [Qs 6s] (high card Ace)
Tooniimyname: shows [5c Qc] (a pair of Fives)
Tooniimyname collected $11.88 from pot
*** SUMMARY ***
Total pot $12.50 | Rake $0.62 
Board [9s Ac 5h Kh 3s]
Seat 1: Espada Fish folded before Flop (didn't bet)
Seat 2: z00mba folded before Flop (didn't bet)
Seat 3: An1an1 (button) folded before Flop (didn't bet)
Seat 4: pr0tecto (small blind) folded before Flop
Seat 5: fobot21 (big blind) showed [Qs 6s] and lost with high card Ace
Seat 6: Tooniimyname showed [5c Qc] and won ($11.88) with a pair of Fives



PokerStars Hand #254728477055:  Hold'em No Limit ($0.50/$1.00 USD) - 2025/02/05 1:25:29 WET [2025/02/05 20:25:29 ET]
Table 'Hekate II' 6-max Seat #4 is the button
Seat 1: Espada Fish ($100.12 in chips) 
Seat 2: z00mba ($100.35 in chips) 
Seat 3: An1an1 ($135.93 in chips) 
Seat 4: pr0tecto ($131.70 in chips) 
Seat 5: fobot21 ($100 in chips) 
Seat 6: Tooniimyname ($56.37 in chips) 
fobot21: posts small blind $0.50
Tooniimyname: posts big blind $1
*** HOLE CARDS ***
Espada Fish: folds 
z00mba: folds 
An1an1: folds 
pr0tecto: raises $2 to $3
fobot21: folds 
Tooniimyname: folds 
Uncalled bet ($2) returned to pr0tecto
pr0tecto collected $2.50 from pot
pr0tecto: doesn't show hand 
*** SUMMARY ***
Total pot $2.50 | Rake $0 
Seat 1: Espada Fish folded before Flop (didn't bet)
Seat 2: z00mba folded before Flop (didn't bet)
Seat 3: An1an1 folded before Flop (didn't bet)
Seat 4: pr0tecto (button) collected ($2.50)
Seat 5: fobot21 (small blind) folded before Flop
Seat 6: Tooniimyname (big blind) folded before Flop



PokerStars Hand #254728480423:  Hold'em No Limit ($0.50/$1.00 USD) - 2025/02/05 1:25:49 WET [2025/02/05 20:25:49 ET]
Table 'Hekate II' 6-max Seat #5 is the button
Seat 1: Espada Fish ($100.12 in chips) 
Seat 2: z00mba ($100.35 in chips) 
Seat 3: An1an1 ($135.93 in chips) 
Seat 4: pr0tecto ($133.20 in chips) 
Seat 5: fobot21 ($100 in chips) 
Seat 6: Tooniimyname ($55.37 in chips) 
Tooniimyname: posts small blind $0.50
Espada Fish: posts big blind $1
*** HOLE CARDS ***
z00mba: folds 
An1an1: folds 
pr0tecto: folds 
fobot21: folds 
Tooniimyname: calls $0.50
Espada Fish: raises $2.50 to $3.50
Tooniimyname: calls $2.50
*** FLOP *** [Ac 3c As]
Tooniimyname: checks 
Espada Fish: bets $3.33
Tooniimyname: folds 
Uncalled bet ($3.33) returned to Espada Fish
Espada Fish collected $6.65 from pot
Espada Fish: doesn't show hand 
*** SUMMARY ***
Total pot $7 | Rake $0.35 
Board [Ac 3c As]
Seat 1: Espada Fish (big blind) collected ($6.65)
Seat 2: z00mba folded before Flop (didn't bet)
Seat 3: An1an1 folded before Flop (didn't bet)
Seat 4: pr0tecto folded before Flop (didn't bet)
Seat 5: fobot21 (button) folded before Flop (didn't bet)
Seat 6: Tooniimyname (small blind) folded on the Flop



PokerStars Hand #254728486904:  Hold'em No Limit ($0.50/$1.00 USD) - 2025/02/05 1:26:27 WET [2025/02/05 20:26:27 ET]
Table 'Hekate II' 6-max Seat #6 is the button
Seat 1: Espada Fish ($103.27 in chips) 
Seat 2: z00mba ($100.35 in chips) 
Seat 3: An1an1 ($135.93 in chips) 
Seat 4: pr0tecto ($133.20 in chips) 
Seat 5: fobot21 ($100 in chips) 
Seat 6: Tooniimyname ($51.87 in chips) 
Espada Fish: posts small blind $0.50
z00mba: posts big blind $1
*** HOLE CARDS ***
An1an1: raises $1 to $2
pr0tecto: folds 
fobot21: folds 
Tooniimyname: calls $2
Espada Fish: folds 
z00mba: calls $1
*** FLOP *** [Ks 3c Qc]
z00mba: checks 
An1an1: bets $1.48
Tooniimyname: folds 
z00mba: folds 
Uncalled bet ($1.48) returned to An1an1
An1an1 collected $6.18 from pot
An1an1: doesn't show hand 
*** SUMMARY ***
Total pot $6.50 | Rake $0.32 
Board [Ks 3c Qc]
Seat 1: Espada Fish (small blind) folded before Flop
Seat 2: z00mba (big blind) folded on the Flop
Seat 3: An1an1 collected ($6.18)
Seat 4: pr0tecto folded before Flop (didn't bet)
Seat 5: fobot21 folded before Flop (didn't bet)
Seat 6: Tooniimyname (button) folded on the Flop



PokerStars Hand #254728490947:  Hold'em No Limit ($0.50/$1.00 USD) - 2025/02/05 1:26:51 WET [2025/02/05 20:26:51 ET]
Table 'Hekate II' 6-max Seat #1 is the button
Seat 1: Espada Fish ($102.77 in chips) 
Seat 2: z00mba ($100 in chips) 
Seat 3: An1an1 ($140.11 in chips) 
Seat 4: pr0tecto ($133.20 in chips) 
Seat 5: fobot21 ($100 in chips) 
Seat 6: Tooniimyname ($49.87 in chips) 
z00mba: posts small blind $0.50
An1an1: posts big blind $1
*** HOLE CARDS ***
pr0tecto: folds 
fobot21: folds 
Tooniimyname: raises $1 to $2
Espada Fish: folds 
z00mba: folds 
An1an1: folds 
Uncalled bet ($1) returned to Tooniimyname
Tooniimyname collected $2.50 from pot
*** SUMMARY ***
Total pot $2.50 | Rake $0 
Seat 1: Espada Fish (button) folded before Flop (didn't bet)
Seat 2: z00mba (small blind) folded before Flop
Seat 3: An1an1 (big blind) folded before Flop
Seat 4: pr0tecto folded before Flop (didn't bet)
Seat 5: fobot21 folded before Flop (didn't bet)
Seat 6: Tooniimyname collected ($2.50)



PokerStars Hand #254728494272:  Hold'em No Limit ($0.50/$1.00 USD) - 2025/02/05 1:27:11 WET [2025/02/05 20:27:11 ET]
Table 'Hekate II' 6-max Seat #2 is the button
Seat 1: Espada Fish ($102.77 in chips) 
Seat 2: z00mba ($100 in chips) 
Seat 3: An1an1 ($139.11 in chips) 
Seat 4: pr0tecto ($133.20 in chips) 
Seat 5: fobot21 ($100 in chips) 
Seat 6: Tooniimyname ($51.37 in chips) 
An1an1: posts small blind $0.50
pr0tecto: posts big blind $1
*** HOLE CARDS ***
fobot21: folds 
Tooniimyname: raises $1 to $2
Espada Fish: folds 
z00mba: folds 
An1an1: folds 
pr0tecto: folds 
Uncalled bet ($1) returned to Tooniimyname
Tooniimyname collected $2.50 from pot
*** SUMMARY ***
Total pot $2.50 | Rake $0 
Seat 1: Espada Fish folded before Flop (didn't bet)
Seat 2: z00mba (button) folded before Flop (didn't bet)
Seat 3: An1an1 (small blind) folded before Flop
Seat 4: pr0tecto (big blind) folded before Flop
Seat 5: fobot21 folded before Flop (didn't bet)
Seat 6: Tooniimyname collected ($2.50)



PokerStars Hand #254728497321:  Hold'em No Limit ($0.50/$1.00 USD) - 2025/02/05 1:27:29 WET [2025/02/05 20:27:29 ET]
Table 'Hekate II' 6-max Seat #3 is the button
Seat 1: Espada Fish ($102.77 in chips) 
Seat 2: z00mba ($100 in chips) 
Seat 3: An1an1 ($138.61 in chips) 
Seat 4: pr0tecto ($132.20 in chips) 
Seat 5: fobot21 ($100 in chips) 
Seat 6: Tooniimyname ($52.87 in chips) 
pr0tecto: posts small blind $0.50
fobot21: posts big blind $1
*** HOLE CARDS ***
Tooniimyname: folds 
Espada Fish: folds 
z00mba: folds 
An1an1: raises $1.50 to $2.50
pr0tecto: folds 
fobot21: calls $1.50
*** FLOP *** [2c Ac Jc]
fobot21: checks 
An1an1: checks 
*** TURN *** [2c Ac Jc] [8s]
fobot21: bets $1.57
An1an1: calls $1.57
*** RIVER *** [2c Ac Jc 8s] [3d]
fobot21: bets $12.50
An1an1: calls $12.50
*** SHOW DOWN ***
fobot21: shows [7c 5c] (a flush, Ace high)
An1an1: mucks hand 
fobot21 collected $31.96 from pot
*** SUMMARY ***
Total pot $33.64 | Rake $1.68 
Board [2c Ac Jc 8s 3d]
Seat 1: Espada Fish folded before Flop (didn't bet)
Seat 2: z00mba folded before Flop (didn't bet)
Seat 3: An1an1 (button) mucked
Seat 4: pr0tecto (small blind) folded before Flop
Seat 5: fobot21 (big blind) showed [7c 5c] and won ($31.96) with a flush, Ace high
Seat 6: Tooniimyname folded before Flop (didn't bet)



PokerStars Hand #254728508095:  Hold'em No Limit ($0.50/$1.00 USD) - 2025/02/05 1:28:33 WET [2025/02/05 20:28:33 ET]
Table 'Hekate II' 6-max Seat #4 is the button
Seat 1: Espada Fish ($102.77 in chips) 
Seat 2: z00mba ($100 in chips) 
Seat 3: An1an1 ($122.04 in chips) 
Seat 4: pr0tecto ($131.70 in chips) 
Seat 5: fobot21 ($115.39 in chips) 
Seat 6: Tooniimyname ($52.87 in chips) 
fobot21: posts small blind $0.50
Tooniimyname: posts big blind $1
*** HOLE CARDS ***
Espada Fish: folds 
z00mba: folds 
An1an1: raises $1 to $2
pr0tecto: folds 
fobot21: folds 
Tooniimyname: raises $2 to $4
An1an1: calls $2
*** FLOP *** [8d 3c Ac]
Tooniimyname: checks 
An1an1: checks 
*** TURN *** [8d 3c Ac] [8s]
Tooniimyname: checks 
An1an1: bets $4.04
Tooniimyname: calls $4.04
*** RIVER *** [8d 3c Ac 8s] [6d]
Tooniimyname: checks 
An1an1: checks 
*** SHOW DOWN ***
Tooniimyname: shows [Qc Qd] (two pair, Queens and Eights)
An1an1: mucks hand 
Tooniimyname collected $15.75 from pot
*** SUMMARY ***
Total pot $16.58 | Rake $0.83 
Board [8d 3c Ac 8s 6d]
Seat 1: Espada Fish folded before Flop (didn't bet)
Seat 2: z00mba folded before Flop (didn't bet)
Seat 3: An1an1 mucked
Seat 4: pr0tecto (button) folded before Flop (didn't bet)
Seat 5: fobot21 (small blind) folded before Flop
Seat 6: Tooniimyname (big blind) showed [Qc Qd] and won ($15.75) with two pair, Queens and Eights



PokerStars Hand #254728518868:  Hold'em No Limit ($0.50/$1.00 USD) - 2025/02/05 1:29:37 WET [2025/02/05 20:29:37 ET]
Table 'Hekate II' 6-max Seat #5 is the button
Seat 1: Espada Fish ($102.77 in chips) 
Seat 2: z00mba ($100 in chips) 
Seat 3: An1an1 ($114 in chips) 
Seat 4: pr0tecto ($131.70 in chips) 
Seat 5: fobot21 ($114.89 in chips) 
Seat 6: Tooniimyname ($60.58 in chips) 
Tooniimyname: posts small blind $0.50
Espada Fish: posts big blind $1
*** HOLE CARDS ***
z00mba: folds 
An1an1: folds 
pr0tecto: folds 
fobot21: raises $1.50 to $2.50
Tooniimyname: raises $1.50 to $4
Espada Fish: folds 
fobot21: calls $1.50
*** FLOP *** [Ac 4s 3c]
Tooniimyname: checks 
fobot21: checks 
*** TURN *** [Ac 4s 3c] [8h]
Tooniimyname: checks 
fobot21: checks 
*** RIVER *** [Ac 4s 3c 8h] [Qs]
Tooniimyname: bets $1
fobot21: calls $1
*** SHOW DOWN ***
Tooniimyname: shows [Qd Jh] (a pair of Queens)
fobot21: mucks hand 
Tooniimyname collected $10.45 from pot
*** SUMMARY ***
Total pot $11 | Rake $0.55 
Board [Ac 4s 3c 8h Qs]
Seat 1: Espada Fish (big blind) folded before Flop
Seat 2: z00mba folded before Flop (didn't bet)
Seat 3: An1an1 folded before Flop (didn't bet)
Seat 4: pr0tecto folded before Flop (didn't bet)
Seat 5: fobot21 (button) mucked
Seat 6: Tooniimyname (small blind) showed [Qd Jh] and won ($10.45) with a pair of Queens



PokerStars Hand #254728526399:  Hold'em No Limit ($0.50/$1.00 USD) - 2025/02/05 1:30:21 WET [2025/02/05 20:30:21 ET]
Table 'Hekate II' 6-max Seat #6 is the button
Seat 1: Espada Fish ($101.77 in chips) 
Seat 2: z00mba ($100 in chips) 
Seat 3: An1an1 ($114 in chips) 
Seat 4: pr0tecto ($131.70 in chips) 
Seat 5: fobot21 ($109.89 in chips) 
Seat 6: Tooniimyname ($66.03 in chips) 
Espada Fish: posts small blind $0.50
z00mba: posts big blind $1
*** HOLE CARDS ***
An1an1: folds 
pr0tecto: folds 
fobot21: raises $1.50 to $2.50
Tooniimyname: calls $2.50
Espada Fish: folds 
z00mba: folds 
*** FLOP *** [2d Kc 7h]
fobot21: bets $1.85
Tooniimyname: folds 
Uncalled bet ($1.85) returned to fobot21
fobot21 collected $6.18 from pot
fobot21: doesn't show hand 
*** SUMMARY ***
Total pot $6.50 | Rake $0.32 
Board [2d Kc 7h]
Seat 1: Espada Fish (small blind) folded before Flop
Seat 2: z00mba (big blind) folded before Flop
Seat 3: An1an1 folded before Flop (didn't bet)
Seat 4: pr0tecto folded before Flop (didn't bet)
Seat 5: fobot21 collected ($6.18)
Seat 6: Tooniimyname (button) folded on the Flop



PokerStars Hand #254728531851:  Hold'em No Limit ($0.50/$1.00 USD) - 2025/02/05 1:30:54 WET [2025/02/05 20:30:54 ET]
Table 'Hekate II' 6-max Seat #1 is the button
Seat 1: Espada Fish ($101.27 in chips) 
Seat 2: z00mba ($100 in chips) 
Seat 3: An1an1 ($114 in chips) 
Seat 4: pr0tecto ($131.70 in chips) 
Seat 5: fobot21 ($113.57 in chips) 
Seat 6: Tooniimyname ($63.53 in chips) 
z00mba: posts small blind $0.50
An1an1: posts big blind $1
*** HOLE CARDS ***
pr0tecto: raises $1.10 to $2.10
fobot21: folds 
Tooniimyname: folds 
Espada Fish: folds 
z00mba: folds 
An1an1: folds 
Uncalled bet ($1.10) returned to pr0tecto
pr0tecto collected $2.50 from pot
pr0tecto: doesn't show hand 
*** SUMMARY ***
Total pot $2.50 | Rake $0 
Seat 1: Espada Fish (button) folded before Flop (didn't bet)
Seat 2: z00mba (small blind) folded before Flop
Seat 3: An1an1 (big blind) folded before Flop
Seat 4: pr0tecto collected ($2.50)
Seat 5: fobot21 folded before Flop (didn't bet)
Seat 6: Tooniimyname folded before Flop (didn't bet)



PokerStars Hand #254728535306:  Hold'em No Limit ($0.50/$1.00 USD) - 2025/02/05 1:31:14 WET [2025/02/05 20:31:14 ET]
Table 'Hekate II' 6-max Seat #2 is the button
Seat 1: Espada Fish ($101.27 in chips) 
Seat 2: z00mba ($100 in chips) 
Seat 3: An1an1 ($113 in chips) 
Seat 4: pr0tecto ($133.20 in chips) 
Seat 5: fobot21 ($113.57 in chips) 
Seat 6: Tooniimyname ($63.53 in chips) 
An1an1: posts small blind $0.50
pr0tecto: posts big blind $1
*** HOLE CARDS ***
fobot21: raises $1 to $2
Tooniimyname: folds 
Espada Fish: folds 
z00mba: folds 
An1an1: folds 
pr0tecto: calls $1
*** FLOP *** [7s 3h Kh]
pr0tecto: checks 
fobot21: bets $1.28
pr0tecto: calls $1.28
*** TURN *** [7s 3h Kh] [6c]
pr0tecto: checks 
fobot21: bets $5.10
pr0tecto: calls $5.10
*** RIVER *** [7s 3h Kh 6c] [8h]
pr0tecto: checks 
fobot21: bets $24.50
pr0tecto: folds 
Uncalled bet ($24.50) returned to fobot21
fobot21 collected $16.40 from pot
fobot21: doesn't show hand 
*** SUMMARY ***
Total pot $17.26 | Rake $0.86 
Board [7s 3h Kh 6c 8h]
Seat 1: Espada Fish folded before Flop (didn't bet)
Seat 2: z00mba (button) folded before Flop (didn't bet)
Seat 3: An1an1 (small blind) folded before Flop
Seat 4: pr0tecto (big blind) folded on the River
Seat 5: fobot21 collected ($16.40)
Seat 6: Tooniimyname folded before Flop (didn't bet)



PokerStars Hand #254728547193:  Hold'em No Limit ($0.50/$1.00 USD) - 2025/02/05 1:32:25 WET [2025/02/05 20:32:25 ET]
Table 'Hekate II' 6-max Seat #3 is the button
Seat 1: Espada Fish ($101.27 in chips) 
Seat 2: z00mba ($100 in chips) 
Seat 3: An1an1 ($112.50 in chips) 
Seat 4: pr0tecto ($124.82 in chips) 
Seat 5: fobot21 ($121.59 in chips) 
Seat 6: Tooniimyname ($63.53 in chips) 
pr0tecto: posts small blind $0.50
fobot21: posts big blind $1
*** HOLE CARDS ***
Tooniimyname: raises $1 to $2
Espada Fish: folds 
z00mba: raises $4 to $6
An1an1: folds 
pr0tecto: folds 
fobot21: folds 
Tooniimyname: calls $4
*** FLOP *** [4h 2h Kd]
Tooniimyname: checks 
z00mba: bets $4.10
Tooniimyname: calls $4.10
*** TURN *** [4h 2h Kd] [Qs]
Tooniimyname: checks 
z00mba: checks 
*** RIVER *** [4h 2h Kd Qs] [Ad]
Tooniimyname: bets $1
z00mba: calls $1
*** SHOW DOWN ***
Tooniimyname: shows [Tc Td] (a pair of Tens)
z00mba: shows [8h Ah] (a pair of Aces)
z00mba collected $22.52 from pot
*** SUMMARY ***
Total pot $23.70 | Rake $1.18 
Board [4h 2h Kd Qs Ad]
Seat 1: Espada Fish folded before Flop (didn't bet)
Seat 2: z00mba showed [8h Ah] and won ($22.52) with a pair of Aces
Seat 3: An1an1 (button) folded before Flop (didn't bet)
Seat 4: pr0tecto (small blind) folded before Flop
Seat 5: fobot21 (big blind) folded before Flop
Seat 6: Tooniimyname showed [Tc Td] and lost with a pair of Tens



PokerStars Hand #254728559132:  Hold'em No Limit ($0.50/$1.00 USD) - 2025/02/05 1:33:36 WET [2025/02/05 20:33:36 ET]
Table 'Hekate II' 6-max Seat #4 is the button
Seat 1: Espada Fish ($101.27 in chips) 
Seat 2: z00mba ($111.42 in chips) 
Seat 3: An1an1 ($112.50 in chips) 
Seat 4: pr0tecto ($124.32 in chips) 
Seat 5: fobot21 ($120.59 in chips) 
Seat 6: Tooniimyname ($52.43 in chips) 
fobot21: posts small blind $0.50
Tooniimyname: posts big blind $1
*** HOLE CARDS ***
Espada Fish: folds 
z00mba: folds 
An1an1: folds 
pr0tecto: folds 
fobot21: raises $1.90 to $2.90
Tooniimyname: calls $1.90
*** FLOP *** [2d Th 3s]
fobot21: checks 
Tooniimyname: checks 
*** TURN *** [2d Th 3s] [7d]
fobot21: bets $4.90
Tooniimyname: folds 
Uncalled bet ($4.90) returned to fobot21
fobot21 collected $5.51 from pot
fobot21: doesn't show hand 
*** SUMMARY ***
Total pot $5.80 | Rake $0.29 
Board [2d Th 3s 7d]
Seat 1: Espada Fish folded before Flop (didn't bet)
Seat 2: z00mba folded before Flop (didn't bet)
Seat 3: An1an1 folded before Flop (didn't bet)
Seat 4: pr0tecto (button) folded before Flop (didn't bet)
Seat 5: fobot21 (small blind) collected ($5.51)
Seat 6: Tooniimyname (big blind) folded on the Turn



PokerStars Hand #254728563590:  Hold'em No Limit ($0.50/$1.00 USD) - 2025/02/05 1:34:02 WET [2025/02/05 20:34:02 ET]
Table 'Hekate II' 6-max Seat #5 is the button
Seat 1: Espada Fish ($101.27 in chips) 
Seat 2: z00mba ($111.42 in chips) 
Seat 3: An1an1 ($112.50 in chips) 
Seat 4: pr0tecto ($124.32 in chips) 
Seat 5: fobot21 ($123.20 in chips) 
Seat 6: Tooniimyname ($49.53 in chips) 
Tooniimyname: posts small blind $0.50
Espada Fish: posts big blind $1
*** HOLE CARDS ***
z00mba: folds 
An1an1: folds 
pr0tecto: folds 
fobot21: folds 
Tooniimyname: calls $0.50
Espada Fish: checks 
*** FLOP *** [5s Qs 7c]
Tooniimyname: checks 
Espada Fish: checks 
*** TURN *** [5s Qs 7c] [Jh]
Tooniimyname: checks 
Espada Fish: bets $1.14
Tooniimyname: raises $4.18 to $5.32
Espada Fish: folds 
Uncalled bet ($4.18) returned to Tooniimyname
Tooniimyname collected $4.07 from pot
*** SUMMARY ***
Total pot $4.28 | Rake $0.21 
Board [5s Qs 7c Jh]
Seat 1: Espada Fish (big blind) folded on the Turn
Seat 2: z00mba folded before Flop (didn't bet)
Seat 3: An1an1 folded before Flop (didn't bet)
Seat 4: pr0tecto folded before Flop (didn't bet)
Seat 5: fobot21 (button) folded before Flop (didn't bet)
Seat 6: Tooniimyname (small blind) collected ($4.07)



PokerStars Hand #254728572444:  Hold'em No Limit ($0.50/$1.00 USD) - 2025/02/05 1:34:53 WET [2025/02/05 20:34:53 ET]
Table 'Hekate II' 6-max Seat #6 is the button
Seat 1: Espada Fish ($100 in chips) 
Seat 2: z00mba ($111.42 in chips) 
Seat 3: An1an1 ($112.50 in chips) 
Seat 4: pr0tecto ($124.32 in chips) 
Seat 5: fobot21 ($123.20 in chips) 
Seat 6: Tooniimyname ($51.46 in chips) 
Espada Fish: posts small blind $0.50
z00mba: posts big blind $1
*** HOLE CARDS ***
An1an1: raises $1 to $2
pr0tecto: folds 
fobot21: folds 
Tooniimyname: folds 
Espada Fish: raises $8 to $10
z00mba: folds 
Tooniimyname leaves the table
An1an1: folds 
Uncalled bet ($8) returned to Espada Fish
Espada Fish collected $5 from pot
Espada Fish: doesn't show hand 
Seavus10 joins the table at seat #6 
*** SUMMARY ***
Total pot $5 | Rake $0 
Seat 1: Espada Fish (small blind) collected ($5)
Seat 2: z00mba (big blind) folded before Flop
Seat 3: An1an1 folded before Flop
Seat 4: pr0tecto folded before Flop (didn't bet)
Seat 5: fobot21 folded before Flop (didn't bet)
Seat 6: Tooniimyname (button) folded before Flop (didn't bet)



PokerStars Hand #254728577530:  Hold'em No Limit ($0.50/$1.00 USD) - 2025/02/05 1:35:23 WET [2025/02/05 20:35:23 ET]
Table 'Hekate II' 6-max Seat #1 is the button
Seat 3: An1an1 ($110.50 in chips) is sitting out
Seat 4: pr0tecto ($124.32 in chips) is sitting out
Seat 6: Seavus10 ($100 in chips) is sitting out
Seat 1: Espada Fish ($103 in chips) 
Seat 2: z00mba ($110.42 in chips) 
Seat 5: fobot21 ($123.20 in chips) 
z00mba: posts small blind $0.50
An1an1: is sitting out 
pr0tecto: is sitting out 
fobot21: posts big blind $1
*** HOLE CARDS ***
An1an1 leaves the table
Seavus10 leaves the table
pr0tecto leaves the table
Espada Fish: folds 
z00mba: folds 
Uncalled bet ($0.50) returned to fobot21
fobot21 collected $1 from pot
fobot21: doesn't show hand 
*** SUMMARY ***
Total pot $1 | Rake $0 
Seat 3: An1an1
Seat 4: pr0tecto
Seat 6: Seavus10
Seat 1: Espada Fish (button) folded before Flop (didn't bet)
Seat 2: z00mba (small blind) folded before Flop
Seat 5: fobot21 (big blind) collected ($1)



PokerStars Hand #254728695444:  Hold'em No Limit ($0.50/$1.00 USD) - 2025/02/05 1:47:10 WET [2025/02/05 20:47:10 ET]
Table 'Hekate II' 6-max Seat #3 is the button
Seat 1: Xenicide ($100 in chips) 
Seat 3: Tyk47 ($54.43 in chips) 
Seat 4: Espada Fish ($103 in chips) 
Seat 5: skars07 ($100 in chips) 
Espada Fish: posts small blind $0.50
skars07: posts big blind $1
*** HOLE CARDS ***
Xenicide: raises $1 to $2
Tyk47: folds 
Espada Fish: raises $9 to $11
skars07: folds 
Xenicide: folds 
Uncalled bet ($9) returned to Espada Fish
Espada Fish collected $5 from pot
Espada Fish: doesn't show hand 
*** SUMMARY ***
Total pot $5 | Rake $0 
Seat 1: Xenicide folded before Flop
Seat 3: Tyk47 (button) folded before Flop (didn't bet)
Seat 4: Espada Fish (small blind) collected ($5)
Seat 5: skars07 (big blind) folded before Flop



PokerStars Hand #254728699722:  Hold'em No Limit ($0.50/$1.00 USD) - 2025/02/05 1:47:36 WET [2025/02/05 20:47:36 ET]
Table 'Hekate II' 6-max Seat #4 is the button
Seat 1: Xenicide ($100 in chips) 
Seat 3: Tyk47 ($54.43 in chips) 
Seat 4: Espada Fish ($106 in chips) 
Seat 5: skars07 ($100 in chips) 
skars07: posts small blind $0.50
Xenicide: posts big blind $1
*** HOLE CARDS ***
Tyk47: folds 
fobot21 joins the table at seat #6 
Espada Fish: folds 
skars07: folds 
Uncalled bet ($0.50) returned to Xenicide
Xenicide collected $1 from pot
*** SUMMARY ***
Total pot $1 | Rake $0 
Seat 1: Xenicide (big blind) collected ($1)
Seat 3: Tyk47 folded before Flop (didn't bet)
Seat 4: Espada Fish (button) folded before Flop (didn't bet)
Seat 5: skars07 (small blind) folded before Flop



PokerStars Hand #254728704183:  Hold'em No Limit ($0.50/$1.00 USD) - 2025/02/05 1:48:03 WET [2025/02/05 20:48:03 ET]
Table 'Hekate II' 6-max Seat #5 is the button
Seat 6: fobot21 ($123.70 in chips) is sitting out
Seat 1: Xenicide ($100.50 in chips) 
Seat 3: Tyk47 ($54.43 in chips) 
Seat 4: Espada Fish ($106 in chips) 
Seat 5: skars07 ($100 in chips) 
Xenicide: posts small blind $0.50
Tyk47: posts big blind $1
*** HOLE CARDS ***
Espada Fish: folds 
skars07: folds 
XneferX joins the table at seat #2 
Xenicide: folds 
Uncalled bet ($0.50) returned to Tyk47
Tyk47 collected $1 from pot
*** SUMMARY ***
Total pot $1 | Rake $0 
Seat 6: fobot21
Seat 1: Xenicide (small blind) folded before Flop
Seat 3: Tyk47 (big blind) collected ($1)
Seat 4: Espada Fish folded before Flop (didn't bet)
Seat 5: skars07 (button) folded before Flop (didn't bet)



PokerStars Hand #254728709612:  Hold'em No Limit ($0.50/$1.00 USD) - 2025/02/05 1:48:37 WET [2025/02/05 20:48:37 ET]
Table 'Hekate II' 6-max Seat #1 is the button
Seat 2: XneferX ($100 in chips) is sitting out
Seat 6: fobot21 ($123.70 in chips) is sitting out
Seat 1: Xenicide ($100 in chips) 
Seat 3: Tyk47 ($54.93 in chips) 
Seat 4: Espada Fish ($106 in chips) 
Seat 5: skars07 ($100 in chips) 
Tyk47: posts small blind $0.50
Espada Fish: posts big blind $1
fobot21: sits out 
*** HOLE CARDS ***
skars07: folds 
Xenicide: raises $1.25 to $2.25
Tyk47: folds 
Espada Fish: folds 
Uncalled bet ($1.25) returned to Xenicide
Xenicide collected $2.50 from pot
*** SUMMARY ***
Total pot $2.50 | Rake $0 
Seat 2: XneferX
Seat 6: fobot21
Seat 1: Xenicide (button) collected ($2.50)
Seat 3: Tyk47 (small blind) folded before Flop
Seat 4: Espada Fish (big blind) folded before Flop
Seat 5: skars07 folded before Flop (didn't bet)



PokerStars Hand #254728713678:  Hold'em No Limit ($0.50/$1.00 USD) - 2025/02/05 1:49:02 WET [2025/02/05 20:49:02 ET]
Table 'Hekate II' 6-max Seat #3 is the button
Seat 2: XneferX ($100 in chips) is sitting out
Seat 6: fobot21 ($123.70 in chips) is sitting out
Seat 1: Xenicide ($101.50 in chips) 
Seat 3: Tyk47 ($54.43 in chips) 
Seat 4: Espada Fish ($105 in chips) 
Seat 5: skars07 ($100 in chips) 
Espada Fish: posts small blind $0.50
skars07: posts big blind $1
fobot21: sits out 
XneferX: sits out 
*** HOLE CARDS ***
Xenicide: raises $1 to $2
Tyk47: calls $2
Espada Fish: folds 
skars07: folds 
*** FLOP *** [5d 6h Td]
Xenicide: checks 
Tyk47: bets $5.22
Xenicide: calls $5.22
*** TURN *** [5d 6h Td] [Qd]
Xenicide: checks 
Tyk47: bets $15.14
Xenicide: folds 
Uncalled bet ($15.14) returned to Tyk47
Tyk47 collected $15.14 from pot
*** SUMMARY ***
Total pot $15.94 | Rake $0.80 
Board [5d 6h Td Qd]
Seat 2: XneferX
Seat 6: fobot21
Seat 1: Xenicide folded on the Turn
Seat 3: Tyk47 (button) collected ($15.14)
Seat 4: Espada Fish (small blind) folded before Flop
Seat 5: skars07 (big blind) folded before Flop



PokerStars Hand #254728723625:  Hold'em No Limit ($0.50/$1.00 USD) - 2025/02/05 1:50:05 WET [2025/02/05 20:50:05 ET]
Table 'Hekate II' 6-max Seat #4 is the button
Seat 2: XneferX ($100 in chips) is sitting out
Seat 1: Xenicide ($100 in chips) 
Seat 3: Tyk47 ($62.35 in chips) 
Seat 4: Espada Fish ($104.50 in chips) 
Seat 5: skars07 ($100 in chips) 
Seat 6: fobot21 ($123.70 in chips) 
skars07: posts small blind $0.50
fobot21: posts big blind $1
XneferX: sits out 
*** HOLE CARDS ***
Xenicide: folds 
Tyk47: calls $1
Espada Fish: folds 
skars07: folds 
fobot21: checks 
*** FLOP *** [As 9s Kc]
fobot21: checks 
Tyk47: checks 
*** TURN *** [As 9s Kc] [8d]
fobot21: checks 
Tyk47: checks 
*** RIVER *** [As 9s Kc 8d] [Jc]
fobot21: checks 
Tyk47: bets $2.38
fobot21: folds 
Uncalled bet ($2.38) returned to Tyk47
Tyk47 collected $2.38 from pot
*** SUMMARY ***
Total pot $2.50 | Rake $0.12 
Board [As 9s Kc 8d Jc]
Seat 2: XneferX
Seat 1: Xenicide folded before Flop (didn't bet)
Seat 3: Tyk47 collected ($2.38)
Seat 4: Espada Fish (button) folded before Flop (didn't bet)
Seat 5: skars07 (small blind) folded before Flop
Seat 6: fobot21 (big blind) folded on the River



PokerStars Hand #254728732953:  Hold'em No Limit ($0.50/$1.00 USD) - 2025/02/05 1:51:02 WET [2025/02/05 20:51:02 ET]
Table 'Hekate II' 6-max Seat #5 is the button
Seat 2: XneferX ($100 in chips) is sitting out
Seat 1: Xenicide ($100 in chips) 
Seat 3: Tyk47 ($63.73 in chips) 
Seat 4: Espada Fish ($104.50 in chips) 
Seat 5: skars07 ($100 in chips) 
Seat 6: fobot21 ($122.70 in chips) 
fobot21: posts small blind $0.50
Xenicide: posts big blind $1
XneferX: sits out 
*** HOLE CARDS ***
Tyk47: folds 
Espada Fish: raises $1.20 to $2.20
skars07: folds 
fobot21: folds 
Xenicide: folds 
Uncalled bet ($1.20) returned to Espada Fish
Espada Fish collected $2.50 from pot
Espada Fish: doesn't show hand 
*** SUMMARY ***
Total pot $2.50 | Rake $0 
Seat 2: XneferX
Seat 1: Xenicide (big blind) folded before Flop
Seat 3: Tyk47 folded before Flop (didn't bet)
Seat 4: Espada Fish collected ($2.50)
Seat 5: skars07 (button) folded before Flop (didn't bet)
Seat 6: fobot21 (small blind) folded before Flop



PokerStars Hand #254728736274:  Hold'em No Limit ($0.50/$1.00 USD) - 2025/02/05 1:51:23 WET [2025/02/05 20:51:23 ET]
Table 'Hekate II' 6-max Seat #6 is the button
Seat 1: Xenicide ($100 in chips) 
Seat 2: XneferX ($100 in chips) 
Seat 3: Tyk47 ($63.73 in chips) 
Seat 4: Espada Fish ($106 in chips) 
Seat 5: skars07 ($100 in chips) 
Seat 6: fobot21 ($122.20 in chips) 
Xenicide: posts small blind $0.50
XneferX: posts big blind $1
*** HOLE CARDS ***
Tyk47: calls $1
Espada Fish: folds 
skars07: raises $3 to $4
fobot21: calls $4
Xenicide: folds 
XneferX: folds 
Tyk47: calls $3
*** FLOP *** [3c Jc Kd]
Tyk47: checks 
skars07: checks 
fobot21: checks 
*** TURN *** [3c Jc Kd] [7s]
Tyk47: checks 
skars07: bets $6.41
fobot21: folds 
Tyk47: folds 
Uncalled bet ($6.41) returned to skars07
skars07 collected $12.82 from pot
skars07: doesn't show hand 
*** SUMMARY ***
Total pot $13.50 | Rake $0.68 
Board [3c Jc Kd 7s]
Seat 1: Xenicide (small blind) folded before Flop
Seat 2: XneferX (big blind) folded before Flop
Seat 3: Tyk47 folded on the Turn
Seat 4: Espada Fish folded before Flop (didn't bet)
Seat 5: skars07 collected ($12.82)
Seat 6: fobot21 (button) folded on the Turn



PokerStars Hand #254728748369:  Hold'em No Limit ($0.50/$1.00 USD) - 2025/02/05 1:52:39 WET [2025/02/05 20:52:39 ET]
Table 'Hekate II' 6-max Seat #1 is the button
Seat 1: Xenicide ($100 in chips) 
Seat 2: XneferX ($100 in chips) 
Seat 3: Tyk47 ($59.73 in chips) 
Seat 4: Espada Fish ($106 in chips) 
Seat 5: skars07 ($108.82 in chips) 
Seat 6: fobot21 ($118.20 in chips) 
XneferX: posts small blind $0.50
Tyk47: posts big blind $1
*** HOLE CARDS ***
Espada Fish: folds 
skars07: folds 
fobot21: raises $1.50 to $2.50
Xenicide: folds 
XneferX: folds 
Tyk47: calls $1.50
*** FLOP *** [2h 4d 2s]
Tyk47: checks 
fobot21: bets $1.57
Tyk47: calls $1.57
*** TURN *** [2h 4d 2s] [3c]
Tyk47: checks 
fobot21: checks 
*** RIVER *** [2h 4d 2s 3c] [Td]
Tyk47: bets $8.21
fobot21: folds 
Uncalled bet ($8.21) returned to Tyk47
Tyk47 collected $8.21 from pot
*** SUMMARY ***
Total pot $8.64 | Rake $0.43 
Board [2h 4d 2s 3c Td]
Seat 1: Xenicide (button) folded before Flop (didn't bet)
Seat 2: XneferX (small blind) folded before Flop
Seat 3: Tyk47 (big blind) collected ($8.21)
Seat 4: Espada Fish folded before Flop (didn't bet)
Seat 5: skars07 folded before Flop (didn't bet)
Seat 6: fobot21 folded on the River



PokerStars Hand #254728790104:  Hold'em No Limit ($0.50/$1.00 USD) - 2025/02/05 1:57:32 WET [2025/02/05 20:57:32 ET]
Table 'Hekate II' 6-max Seat #4 is the button
Seat 1: Tibibacsi ($100 in chips) is sitting out
Seat 2: XneferX ($101.70 in chips) 
Seat 3: Tyk47 ($64.60 in chips) 
Seat 4: nicofellow ($100 in chips) 
Seat 5: skars07 ($104.42 in chips) 
Seat 6: fobot21 ($115.35 in chips) 
skars07: posts small blind $0.50
fobot21: posts big blind $1
Tibibacsi: sits out 
*** HOLE CARDS ***
XneferX: folds 
Tyk47: calls $1
nicofellow: folds 
Tibibacsi leaves the table
skars07: folds 
fobot21: checks 
*** FLOP *** [Th 7d Qs]
fobot21: checks 
Tyk47: bets $1
fobot21: folds 
Uncalled bet ($1) returned to Tyk47
Tyk47 collected $2.38 from pot
*** SUMMARY ***
Total pot $2.50 | Rake $0.12 
Board [Th 7d Qs]
Seat 1: Tibibacsi
Seat 2: XneferX folded before Flop (didn't bet)
Seat 3: Tyk47 collected ($2.38)
Seat 4: nicofellow (button) folded before Flop (didn't bet)
Seat 5: skars07 (small blind) folded before Flop
Seat 6: fobot21 (big blind) folded on the Flop



PokerStars Hand #254728795429:  Hold'em No Limit ($0.50/$1.00 USD) - 2025/02/05 1:58:15 WET [2025/02/05 20:58:15 ET]
Table 'Hekate II' 6-max Seat #5 is the button
Seat 2: XneferX ($101.70 in chips) 
Seat 3: Tyk47 ($65.98 in chips) 
Seat 4: nicofellow ($100 in chips) 
Seat 5: skars07 ($103.92 in chips) 
Seat 6: fobot21 ($114.35 in chips) 
fobot21: posts small blind $0.50
XneferX: posts big blind $1
*** HOLE CARDS ***
Tyk47: calls $1
nicofellow: folds 
skars07: raises $3 to $4
fobot21: calls $3.50
XneferX: folds 
Tyk47: calls $3
*** FLOP *** [3c Ad 5d]
fobot21: checks 
Tyk47: bets $12.35
skars07: folds 
fobot21: folds 
Uncalled bet ($12.35) returned to Tyk47
Tyk47 collected $12.35 from pot
*** SUMMARY ***
Total pot $13 | Rake $0.65 
Board [3c Ad 5d]
Seat 2: XneferX (big blind) folded before Flop
Seat 3: Tyk47 collected ($12.35)
Seat 4: nicofellow folded before Flop (didn't bet)
Seat 5: skars07 (button) folded on the Flop
Seat 6: fobot21 (small blind) folded on the Flop



PokerStars Hand #254728803819:  Hold'em No Limit ($0.50/$1.00 USD) - 2025/02/05 1:59:22 WET [2025/02/05 20:59:22 ET]
Table 'Hekate II' 6-max Seat #6 is the button
Seat 2: XneferX ($100.70 in chips) 
Seat 3: Tyk47 ($74.33 in chips) 
Seat 4: nicofellow ($100 in chips) 
Seat 5: skars07 ($100 in chips) 
Seat 6: fobot21 ($110.35 in chips) 
XneferX: posts small blind $0.50
Tyk47: posts big blind $1
*** HOLE CARDS ***
nicofellow: raises $1 to $2
skars07: folds 
fobot21: folds 
XneferX: folds 
Tyk47: calls $1
*** FLOP *** [Jd 7s Js]
Tyk47: checks 
nicofellow: bets $1.07
Tyk47: raises $1.07 to $2.14
nicofellow: calls $1.07
*** TURN *** [Jd 7s Js] [7h]
7bekon7 joins the table at seat #1 
Tyk47: bets $8.34
nicofellow: calls $8.34
*** RIVER *** [Jd 7s Js 7h] [Ks]
Tyk47: checks 
nicofellow: bets $20
Tyk47: calls $20
*** SHOW DOWN ***
nicofellow: shows [9h Jh] (a full house, Jacks full of Sevens)
Tyk47: shows [Td Jc] (a full house, Jacks full of Sevens)
Tyk47 collected $31.48 from pot
nicofellow collected $31.48 from pot
*** SUMMARY ***
Total pot $65.46 | Rake $2.50 
Board [Jd 7s Js 7h Ks]
Seat 2: XneferX (small blind) folded before Flop
Seat 3: Tyk47 (big blind) showed [Td Jc] and won ($31.48) with a full house, Jacks full of Sevens
Seat 4: nicofellow showed [9h Jh] and won ($31.48) with a full house, Jacks full of Sevens
Seat 5: skars07 folded before Flop (didn't bet)
Seat 6: fobot21 (button) folded before Flop (didn't bet)



PokerStars Hand #254728815904:  Hold'em No Limit ($0.50/$1.00 USD) - 2025/02/05 2:00:53 WET [2025/02/05 21:00:53 ET]
Table 'Hekate II' 6-max Seat #2 is the button
Seat 1: 7bekon7 ($100 in chips) is sitting out
Seat 2: XneferX ($100.20 in chips) 
Seat 3: Tyk47 ($73.33 in chips) 
Seat 4: nicofellow ($100 in chips) 
Seat 5: skars07 ($100 in chips) 
Seat 6: fobot21 ($110.35 in chips) 
Tyk47: posts small blind $0.50
nicofellow: posts big blind $1
7bekon7: sits out 
*** HOLE CARDS ***
skars07: folds 
fobot21: raises $1.50 to $2.50
XneferX: folds 
Tyk47: folds 
nicofellow: folds 
Uncalled bet ($1.50) returned to fobot21
fobot21 collected $2.50 from pot
fobot21: doesn't show hand 
*** SUMMARY ***
Total pot $2.50 | Rake $0 
Seat 1: 7bekon7
Seat 2: XneferX (button) folded before Flop (didn't bet)
Seat 3: Tyk47 (small blind) folded before Flop
Seat 4: nicofellow (big blind) folded before Flop
Seat 5: skars07 folded before Flop (didn't bet)
Seat 6: fobot21 collected ($2.50)



PokerStars Hand #254728818816:  Hold'em No Limit ($0.50/$1.00 USD) - 2025/02/05 2:01:12 WET [2025/02/05 21:01:12 ET]
Table 'Hekate II' 6-max Seat #3 is the button
Seat 1: 7bekon7 ($100 in chips) is sitting out
Seat 2: XneferX ($100.20 in chips) 
Seat 3: Tyk47 ($72.83 in chips) 
Seat 4: nicofellow ($100 in chips) 
Seat 5: skars07 ($100 in chips) 
Seat 6: fobot21 ($111.85 in chips) 
nicofellow: posts small blind $0.50
skars07: posts big blind $1
7bekon7: sits out 
*** HOLE CARDS ***
fobot21: folds 
XneferX: folds 
Tyk47: folds 
nicofellow: folds 
Uncalled bet ($0.50) returned to skars07
skars07 collected $1 from pot
skars07: doesn't show hand 
*** SUMMARY ***
Total pot $1 | Rake $0 
Seat 1: 7bekon7
Seat 2: XneferX folded before Flop (didn't bet)
Seat 3: Tyk47 (button) folded before Flop (didn't bet)
Seat 4: nicofellow (small blind) folded before Flop
Seat 5: skars07 (big blind) collected ($1)
Seat 6: fobot21 folded before Flop (didn't bet)



PokerStars Hand #254728822713:  Hold'em No Limit ($0.50/$1.00 USD) - 2025/02/05 2:01:37 WET [2025/02/05 21:01:37 ET]
Table 'Hekate II' 6-max Seat #4 is the button
Seat 1: 7bekon7 ($100 in chips) is sitting out
Seat 2: XneferX ($100.20 in chips) 
Seat 3: Tyk47 ($72.83 in chips) 
Seat 4: nicofellow ($100 in chips) 
Seat 5: skars07 ($100.50 in chips) 
Seat 6: fobot21 ($111.85 in chips) 
skars07: posts small blind $0.50
fobot21: posts big blind $1
7bekon7: sits out 
*** HOLE CARDS ***
XneferX: folds 
Tyk47: calls $1
nicofellow: folds 
skars07: folds 
fobot21: checks 
*** FLOP *** [Tc 6c 5h]
fobot21: checks 
Tyk47: checks 
*** TURN *** [Tc 6c 5h] [Ks]
fobot21: checks 
Tyk47: checks 
*** RIVER *** [Tc 6c 5h Ks] [9s]
fobot21: checks 
Tyk47: checks 
*** SHOW DOWN ***
fobot21: shows [4c 4d] (a pair of Fours)
Tyk47: mucks hand 
fobot21 collected $2.38 from pot
*** SUMMARY ***
Total pot $2.50 | Rake $0.12 
Board [Tc 6c 5h Ks 9s]
Seat 1: 7bekon7
Seat 2: XneferX folded before Flop (didn't bet)
Seat 3: Tyk47 mucked
Seat 4: nicofellow (button) folded before Flop (didn't bet)
Seat 5: skars07 (small blind) folded before Flop
Seat 6: fobot21 (big blind) showed [4c 4d] and won ($2.38) with a pair of Fours



PokerStars Hand #254728833123:  Hold'em No Limit ($0.50/$1.00 USD) - 2025/02/05 2:02:41 WET [2025/02/05 21:02:41 ET]
Table 'Hekate II' 6-max Seat #5 is the button
Seat 1: 7bekon7 ($100 in chips) 
Seat 2: XneferX ($100.20 in chips) 
Seat 3: Tyk47 ($71.83 in chips) 
Seat 4: nicofellow ($100 in chips) 
Seat 5: skars07 ($100 in chips) 
Seat 6: fobot21 ($113.23 in chips) 
fobot21: posts small blind $0.50
7bekon7: posts big blind $1
*** HOLE CARDS ***
XneferX: folds 
Tyk47: folds 
nicofellow: folds 
skars07: raises $1.50 to $2.50
fobot21: folds 
7bekon7: folds 
Uncalled bet ($1.50) returned to skars07
skars07 collected $2.50 from pot
skars07: doesn't show hand 
*** SUMMARY ***
Total pot $2.50 | Rake $0 
Seat 1: 7bekon7 (big blind) folded before Flop
Seat 2: XneferX folded before Flop (didn't bet)
Seat 3: Tyk47 folded before Flop (didn't bet)
Seat 4: nicofellow folded before Flop (didn't bet)
Seat 5: skars07 (button) collected ($2.50)
Seat 6: fobot21 (small blind) folded before Flop



PokerStars Hand #254728838277:  Hold'em No Limit ($0.50/$1.00 USD) - 2025/02/05 2:03:13 WET [2025/02/05 21:03:13 ET]
Table 'Hekate II' 6-max Seat #6 is the button
Seat 1: 7bekon7 ($100 in chips) 
Seat 2: XneferX ($100.20 in chips) 
Seat 3: Tyk47 ($71.83 in chips) 
Seat 4: nicofellow ($100 in chips) 
Seat 5: skars07 ($101.50 in chips) 
Seat 6: fobot21 ($112.73 in chips) 
7bekon7: posts small blind $0.50
XneferX: posts big blind $1
*** HOLE CARDS ***
Tyk47: folds 
nicofellow: raises $1 to $2
skars07: folds 
fobot21: folds 
7bekon7: folds 
XneferX: calls $1
*** FLOP *** [6d 4c Qc]
XneferX: checks 
nicofellow: checks 
*** TURN *** [6d 4c Qc] [2c]
XneferX: checks 
nicofellow: checks 
*** RIVER *** [6d 4c Qc 2c] [Jd]
XneferX: checks 
nicofellow: checks 
*** SHOW DOWN ***
XneferX: shows [8s 8h] (a pair of Eights)
nicofellow: mucks hand 
XneferX collected $4.28 from pot
*** SUMMARY ***
Total pot $4.50 | Rake $0.22 
Board [6d 4c Qc 2c Jd]
Seat 1: 7bekon7 (small blind) folded before Flop
Seat 2: XneferX (big blind) showed [8s 8h] and won ($4.28) with a pair of Eights
Seat 3: Tyk47 folded before Flop (didn't bet)
Seat 4: nicofellow mucked
Seat 5: skars07 folded before Flop (didn't bet)
Seat 6: fobot21 (button) folded before Flop (didn't bet)



PokerStars Hand #254728853746:  Hold'em No Limit ($0.50/$1.00 USD) - 2025/02/05 2:04:52 WET [2025/02/05 21:04:52 ET]
Table 'Hekate II' 6-max Seat #1 is the button
Seat 1: 7bekon7 ($100 in chips) 
Seat 2: XneferX ($102.48 in chips) 
Seat 3: Tyk47 ($71.83 in chips) 
Seat 4: nicofellow ($100 in chips) 
Seat 5: skars07 ($101.50 in chips) 
Seat 6: fobot21 ($112.73 in chips) 
XneferX: posts small blind $0.50
Tyk47: posts big blind $1
*** HOLE CARDS ***
nicofellow: folds 
skars07: folds 
fobot21: raises $1.50 to $2.50
7bekon7: folds 
XneferX: folds 
Tyk47: calls $1.50
*** FLOP *** [2d Qc Jd]
Tyk47: checks 
fobot21: bets $1.57
Tyk47: calls $1.57
*** TURN *** [2d Qc Jd] [7d]
Tyk47: checks 
fobot21: checks 
*** RIVER *** [2d Qc Jd 7d] [5s]
Tyk47: bets $3
fobot21: folds 
Uncalled bet ($3) returned to Tyk47
Tyk47 collected $8.21 from pot
*** SUMMARY ***
Total pot $8.64 | Rake $0.43 
Board [2d Qc Jd 7d 5s]
Seat 1: 7bekon7 (button) folded before Flop (didn't bet)
Seat 2: XneferX (small blind) folded before Flop
Seat 3: Tyk47 (big blind) collected ($8.21)
Seat 4: nicofellow folded before Flop (didn't bet)
Seat 5: skars07 folded before Flop (didn't bet)
Seat 6: fobot21 folded on the River



PokerStars Hand #254728869830:  Hold'em No Limit ($0.50/$1.00 USD) - 2025/02/05 2:06:34 WET [2025/02/05 21:06:34 ET]
Table 'Hekate II' 6-max Seat #2 is the button
Seat 1: 7bekon7 ($100 in chips) 
Seat 2: XneferX ($101.98 in chips) 
Seat 3: Tyk47 ($75.97 in chips) 
Seat 4: nicofellow ($100 in chips) 
Seat 5: skars07 ($101.50 in chips) 
Seat 6: fobot21 ($108.66 in chips) 
Tyk47: posts small blind $0.50
nicofellow: posts big blind $1
*** HOLE CARDS ***
skars07: raises $1.50 to $2.50
fobot21: folds 
7bekon7: folds 
XneferX: folds 
Tyk47: calls $2
nicofellow: calls $1.50
*** FLOP *** [Tc 8h 2c]
Tyk47: checks 
nicofellow: checks 
skars07: checks 
*** TURN *** [Tc 8h 2c] [4c]
Tyk47: checks 
nicofellow: bets $2.35
skars07: calls $2.35
Tyk47: calls $2.35
*** RIVER *** [Tc 8h 2c 4c] [5d]
Tyk47: bets $7
nicofellow: folds 
skars07: folds 
Uncalled bet ($7) returned to Tyk47
Tyk47 collected $13.82 from pot
*** SUMMARY ***
Total pot $14.55 | Rake $0.73 
Board [Tc 8h 2c 4c 5d]
Seat 1: 7bekon7 folded before Flop (didn't bet)
Seat 2: XneferX (button) folded before Flop (didn't bet)
Seat 3: Tyk47 (small blind) collected ($13.82)
Seat 4: nicofellow (big blind) folded on the River
Seat 5: skars07 folded on the River
Seat 6: fobot21 folded before Flop (didn't bet)



PokerStars Hand #254728887678:  Hold'em No Limit ($0.50/$1.00 USD) - 2025/02/05 2:08:29 WET [2025/02/05 21:08:29 ET]
Table 'Hekate II' 6-max Seat #3 is the button
Seat 1: 7bekon7 ($100 in chips) 
Seat 2: XneferX ($101.98 in chips) 
Seat 3: Tyk47 ($84.94 in chips) 
Seat 4: nicofellow ($100 in chips) 
Seat 5: skars07 ($100 in chips) 
Seat 6: fobot21 ($108.66 in chips) 
nicofellow: posts small blind $0.50
skars07: posts big blind $1
*** HOLE CARDS ***
fobot21: folds 
7bekon7: folds 
XneferX: folds 
Tyk47: calls $1
nicofellow: folds 
skars07: checks 
*** FLOP *** [Kc Ks Ad]
skars07: checks 
Tyk47: checks 
*** TURN *** [Kc Ks Ad] [8h]
skars07: checks 
Tyk47: checks 
*** RIVER *** [Kc Ks Ad 8h] [6s]
skars07: checks 
Tyk47: checks 
*** SHOW DOWN ***
skars07: shows [7h Jh] (a pair of Kings)
Tyk47: shows [Qs Qc] (two pair, Kings and Queens)
Tyk47 collected $2.38 from pot
*** SUMMARY ***
Total pot $2.50 | Rake $0.12 
Board [Kc Ks Ad 8h 6s]
Seat 1: 7bekon7 folded before Flop (didn't bet)
Seat 2: XneferX folded before Flop (didn't bet)
Seat 3: Tyk47 (button) showed [Qs Qc] and won ($2.38) with two pair, Kings and Queens
Seat 4: nicofellow (small blind) folded before Flop
Seat 5: skars07 (big blind) showed [7h Jh] and lost with a pair of Kings
Seat 6: fobot21 folded before Flop (didn't bet)



PokerStars Hand #254728896129:  Hold'em No Limit ($0.50/$1.00 USD) - 2025/02/05 2:09:24 WET [2025/02/05 21:09:24 ET]
Table 'Hekate II' 6-max Seat #4 is the button
Seat 1: 7bekon7 ($100 in chips) 
Seat 2: XneferX ($101.98 in chips) 
Seat 3: Tyk47 ($86.32 in chips) 
Seat 4: nicofellow ($100 in chips) 
Seat 5: skars07 ($100 in chips) 
Seat 6: fobot21 ($108.66 in chips) 
skars07: posts small blind $0.50
fobot21: posts big blind $1
*** HOLE CARDS ***
7bekon7: folds 
XneferX: raises $1.10 to $2.10
Tyk47: folds 
nicofellow: folds 
skars07: folds 
fobot21: folds 
Uncalled bet ($1.10) returned to XneferX
XneferX collected $2.50 from pot
XneferX: doesn't show hand 
*** SUMMARY ***
Total pot $2.50 | Rake $0 
Seat 1: 7bekon7 folded before Flop (didn't bet)
Seat 2: XneferX collected ($2.50)
Seat 3: Tyk47 folded before Flop (didn't bet)
Seat 4: nicofellow (button) folded before Flop (didn't bet)
Seat 5: skars07 (small blind) folded before Flop
Seat 6: fobot21 (big blind) folded before Flop



PokerStars Hand #254728901543:  Hold'em No Limit ($0.50/$1.00 USD) - 2025/02/05 2:09:59 WET [2025/02/05 21:09:59 ET]
Table 'Hekate II' 6-max Seat #5 is the button
Seat 1: 7bekon7 ($100 in chips) 
Seat 2: XneferX ($103.48 in chips) 
Seat 3: Tyk47 ($86.32 in chips) 
Seat 4: nicofellow ($100 in chips) 
Seat 5: skars07 ($100 in chips) 
Seat 6: fobot21 ($107.66 in chips) 
fobot21: posts small blind $0.50
7bekon7: posts big blind $1
*** HOLE CARDS ***
XneferX: folds 
Tyk47: calls $1
nicofellow: raises $2.50 to $3.50
skars07: folds 
fobot21: raises $11.50 to $15
7bekon7: folds 
Tyk47: folds 
nicofellow: folds 
Uncalled bet ($11.50) returned to fobot21
fobot21 collected $9 from pot
fobot21: doesn't show hand 
*** SUMMARY ***
Total pot $9 | Rake $0 
Seat 1: 7bekon7 (big blind) folded before Flop
Seat 2: XneferX folded before Flop (didn't bet)
Seat 3: Tyk47 folded before Flop
Seat 4: nicofellow folded before Flop
Seat 5: skars07 (button) folded before Flop (didn't bet)
Seat 6: fobot21 (small blind) collected ($9)



PokerStars Hand #254728908239:  Hold'em No Limit ($0.50/$1.00 USD) - 2025/02/05 2:10:42 WET [2025/02/05 21:10:42 ET]
Table 'Hekate II' 6-max Seat #6 is the button
Seat 1: 7bekon7 ($100 in chips) 
Seat 2: XneferX ($103.48 in chips) 
Seat 3: Tyk47 ($85.32 in chips) 
Seat 4: nicofellow ($100 in chips) 
Seat 5: skars07 ($100 in chips) 
Seat 6: fobot21 ($113.16 in chips) 
7bekon7: posts small blind $0.50
XneferX: posts big blind $1
*** HOLE CARDS ***
Tyk47: calls $1
nicofellow: folds 
skars07: folds 
fobot21: folds 
7bekon7: calls $0.50
XneferX: checks 
*** FLOP *** [5d 6d Td]
7bekon7: checks 
XneferX: checks 
Tyk47: checks 
*** TURN *** [5d 6d Td] [7h]
7bekon7: checks 
XneferX: checks 
Tyk47: checks 
*** RIVER *** [5d 6d Td 7h] [Jh]
7bekon7: checks 
XneferX: checks 
Tyk47: checks 
*** SHOW DOWN ***
7bekon7: shows [2s 2c] (a pair of Deuces)
XneferX: mucks hand 
Tyk47: shows [Kd 6s] (a pair of Sixes)
Tyk47 collected $2.85 from pot
*** SUMMARY ***
Total pot $3 | Rake $0.15 
Board [5d 6d Td 7h Jh]
Seat 1: 7bekon7 (small blind) showed [2s 2c] and lost with a pair of Deuces
Seat 2: XneferX (big blind) mucked
Seat 3: Tyk47 showed [Kd 6s] and won ($2.85) with a pair of Sixes
Seat 4: nicofellow folded before Flop (didn't bet)
Seat 5: skars07 folded before Flop (didn't bet)
Seat 6: fobot21 (button) folded before Flop (didn't bet)



PokerStars Hand #254728923057:  Hold'em No Limit ($0.50/$1.00 USD) - 2025/02/05 2:12:19 WET [2025/02/05 21:12:19 ET]
Table 'Hekate II' 6-max Seat #1 is the button
Seat 1: 7bekon7 ($100 in chips) 
Seat 2: XneferX ($102.48 in chips) 
Seat 3: Tyk47 ($87.17 in chips) 
Seat 4: nicofellow ($100 in chips) 
Seat 5: skars07 ($100 in chips) 
Seat 6: fobot21 ($113.16 in chips) 
XneferX: posts small blind $0.50
Tyk47: posts big blind $1
*** HOLE CARDS ***
nicofellow: folds 
skars07: folds 
fobot21: folds 
7bekon7: raises $2 to $3
XneferX: folds 
Tyk47: calls $2
*** FLOP *** [3c Kd 6c]
Tyk47: checks 
7bekon7: bets $1.55
Tyk47: calls $1.55
*** TURN *** [3c Kd 6c] [5s]
Tyk47: checks 
7bekon7: checks 
*** RIVER *** [3c Kd 6c 5s] [8d]
Tyk47: checks 
7bekon7: checks 
*** SHOW DOWN ***
Tyk47: shows [Ks 7c] (a pair of Kings)
7bekon7: mucks hand 
Tyk47 collected $9.12 from pot
*** SUMMARY ***
Total pot $9.60 | Rake $0.48 
Board [3c Kd 6c 5s 8d]
Seat 1: 7bekon7 (button) mucked
Seat 2: XneferX (small blind) folded before Flop
Seat 3: Tyk47 (big blind) showed [Ks 7c] and won ($9.12) with a pair of Kings
Seat 4: nicofellow folded before Flop (didn't bet)
Seat 5: skars07 folded before Flop (didn't bet)
Seat 6: fobot21 folded before Flop (didn't bet)



PokerStars Hand #254728935194:  Hold'em No Limit ($0.50/$1.00 USD) - 2025/02/05 2:13:39 WET [2025/02/05 21:13:39 ET]
Table 'Hekate II' 6-max Seat #2 is the button
Seat 1: 7bekon7 ($100 in chips) 
Seat 2: XneferX ($101.98 in chips) 
Seat 3: Tyk47 ($91.74 in chips) 
Seat 4: nicofellow ($100 in chips) 
Seat 5: skars07 ($100 in chips) 
Seat 6: fobot21 ($113.16 in chips) 
Tyk47: posts small blind $0.50
nicofellow: posts big blind $1
*** HOLE CARDS ***
skars07: folds 
fobot21: folds 
7bekon7: raises $1.50 to $2.50
XneferX: folds 
Tyk47: calls $2
nicofellow: calls $1.50
*** FLOP *** [9d Ah Kh]
Tyk47: checks 
nicofellow: checks 
7bekon7: bets $1.78
Tyk47: calls $1.78
nicofellow: folds 
*** TURN *** [9d Ah Kh] [3d]
Tyk47: checks 
7bekon7: bets $5.26
Tyk47: calls $5.26
*** RIVER *** [9d Ah Kh 3d] [6s]
Tyk47: checks 
7bekon7: bets $5.13
Tyk47: calls $5.13
*** SHOW DOWN ***
7bekon7: shows [2s As] (a pair of Aces)
Tyk47: mucks hand 
7bekon7 collected $30.25 from pot
*** SUMMARY ***
Total pot $31.84 | Rake $1.59 
Board [9d Ah Kh 3d 6s]
Seat 1: 7bekon7 showed [2s As] and won ($30.25) with a pair of Aces
Seat 2: XneferX (button) folded before Flop (didn't bet)
Seat 3: Tyk47 (small blind) mucked
Seat 4: nicofellow (big blind) folded on the Flop
Seat 5: skars07 folded before Flop (didn't bet)
Seat 6: fobot21 folded before Flop (didn't bet)



PokerStars Hand #254728953549:  Hold'em No Limit ($0.50/$1.00 USD) - 2025/02/05 2:15:39 WET [2025/02/05 21:15:39 ET]
Table 'Hekate II' 6-max Seat #3 is the button
Seat 1: 7bekon7 ($115.58 in chips) 
Seat 2: XneferX ($101.98 in chips) 
Seat 3: Tyk47 ($77.07 in chips) 
Seat 4: nicofellow ($100 in chips) 
Seat 5: skars07 ($100 in chips) 
Seat 6: fobot21 ($113.16 in chips) 
nicofellow: posts small blind $0.50
skars07: posts big blind $1
*** HOLE CARDS ***
fobot21: folds 
7bekon7: raises $1.25 to $2.25
XneferX: folds 
Tyk47: folds 
nicofellow: folds 
skars07: calls $1.25
*** FLOP *** [6d 9h 2d]
skars07: checks 
7bekon7: bets $4.75
skars07: folds 
Uncalled bet ($4.75) returned to 7bekon7
7bekon7 collected $4.75 from pot
7bekon7: doesn't show hand 
*** SUMMARY ***
Total pot $5 | Rake $0.25 
Board [6d 9h 2d]
Seat 1: 7bekon7 collected ($4.75)
Seat 2: XneferX folded before Flop (didn't bet)
Seat 3: Tyk47 (button) folded before Flop (didn't bet)
Seat 4: nicofellow (small blind) folded before Flop
Seat 5: skars07 (big blind) folded on the Flop
Seat 6: fobot21 folded before Flop (didn't bet)



PokerStars Hand #254728962395:  Hold'em No Limit ($0.50/$1.00 USD) - 2025/02/05 2:16:37 WET [2025/02/05 21:16:37 ET]
Table 'Hekate II' 6-max Seat #4 is the button
Seat 1: 7bekon7 ($118.08 in chips) 
Seat 2: XneferX ($101.98 in chips) 
Seat 3: Tyk47 ($77.07 in chips) 
Seat 4: nicofellow ($100 in chips) 
Seat 5: skars07 ($100 in chips) 
Seat 6: fobot21 ($113.16 in chips) 
skars07: posts small blind $0.50
fobot21: posts big blind $1
*** HOLE CARDS ***
7bekon7: folds 
XneferX: folds 
Tyk47: folds 
nicofellow: raises $1.50 to $2.50
skars07: folds 
fobot21: calls $1.50
*** FLOP *** [6d Ks Ts]
fobot21: checks 
nicofellow: checks 
*** TURN *** [6d Ks Ts] [7s]
fobot21: checks 
nicofellow: checks 
*** RIVER *** [6d Ks Ts 7s] [5d]
fobot21: checks 
nicofellow: bets $2.82
fobot21: folds 
Uncalled bet ($2.82) returned to nicofellow
nicofellow collected $5.22 from pot
nicofellow: doesn't show hand 
*** SUMMARY ***
Total pot $5.50 | Rake $0.28 
Board [6d Ks Ts 7s 5d]
Seat 1: 7bekon7 folded before Flop (didn't bet)
Seat 2: XneferX folded before Flop (didn't bet)
Seat 3: Tyk47 folded before Flop (didn't bet)
Seat 4: nicofellow (button) collected ($5.22)
Seat 5: skars07 (small blind) folded before Flop
Seat 6: fobot21 (big blind) folded on the River



PokerStars Hand #254728976090:  Hold'em No Limit ($0.50/$1.00 USD) - 2025/02/05 2:18:08 WET [2025/02/05 21:18:08 ET]
Table 'Hekate II' 6-max Seat #5 is the button
Seat 1: 7bekon7 ($118.08 in chips) 
Seat 2: XneferX ($101.98 in chips) 
Seat 3: Tyk47 ($77.07 in chips) 
Seat 4: nicofellow ($102.72 in chips) 
Seat 5: skars07 ($100 in chips) 
Seat 6: fobot21 ($110.66 in chips) 
fobot21: posts small blind $0.50
7bekon7: posts big blind $1
*** HOLE CARDS ***
XneferX: folds 
Tyk47: folds 
nicofellow has timed out
nicofellow: folds 
skars07: raises $1.50 to $2.50
fobot21: folds 
7bekon7: raises $5.50 to $8
skars07: folds 
Uncalled bet ($5.50) returned to 7bekon7
7bekon7 collected $5.50 from pot
7bekon7: doesn't show hand 
*** SUMMARY ***
Total pot $5.50 | Rake $0 
Seat 1: 7bekon7 (big blind) collected ($5.50)
Seat 2: XneferX folded before Flop (didn't bet)
Seat 3: Tyk47 folded before Flop (didn't bet)
Seat 4: nicofellow folded before Flop (didn't bet)
Seat 5: skars07 (button) folded before Flop
Seat 6: fobot21 (small blind) folded before Flop



PokerStars Hand #254728984169:  Hold'em No Limit ($0.50/$1.00 USD) - 2025/02/05 2:19:01 WET [2025/02/05 21:19:01 ET]
Table 'Hekate II' 6-max Seat #6 is the button
Seat 1: 7bekon7 ($121.08 in chips) 
Seat 2: XneferX ($101.98 in chips) 
Seat 3: Tyk47 ($77.07 in chips) 
Seat 4: nicofellow ($102.72 in chips) 
Seat 5: skars07 ($100 in chips) 
Seat 6: fobot21 ($110.16 in chips) 
7bekon7: posts small blind $0.50
XneferX: posts big blind $1
*** HOLE CARDS ***
Tyk47: folds 
nicofellow: folds 
skars07: folds 
fobot21: raises $1.50 to $2.50
7bekon7: folds 
XneferX: folds 
Uncalled bet ($1.50) returned to fobot21
fobot21 collected $2.50 from pot
fobot21: doesn't show hand 
*** SUMMARY ***
Total pot $2.50 | Rake $0 
Seat 1: 7bekon7 (small blind) folded before Flop
Seat 2: XneferX (big blind) folded before Flop
Seat 3: Tyk47 folded before Flop (didn't bet)
Seat 4: nicofellow folded before Flop (didn't bet)
Seat 5: skars07 folded before Flop (didn't bet)
Seat 6: fobot21 (button) collected ($2.50)



PokerStars Hand #254728988725:  Hold'em No Limit ($0.50/$1.00 USD) - 2025/02/05 2:19:31 WET [2025/02/05 21:19:31 ET]
Table 'Hekate II' 6-max Seat #1 is the button
Seat 1: 7bekon7 ($120.58 in chips) 
Seat 2: XneferX ($100.98 in chips) 
Seat 3: Tyk47 ($77.07 in chips) 
Seat 4: nicofellow ($102.72 in chips) 
Seat 5: skars07 ($100 in chips) 
Seat 6: fobot21 ($111.66 in chips) 
XneferX: posts small blind $0.50
Tyk47: posts big blind $1
*** HOLE CARDS ***
nicofellow: raises $1 to $2
skars07: folds 
fobot21: folds 
7bekon7: folds 
XneferX: folds 
Tyk47: calls $1
*** FLOP *** [Js 6d Th]
Tyk47: checks 
nicofellow: checks 
*** TURN *** [Js 6d Th] [6h]
Tyk47: checks 
nicofellow: checks 
*** RIVER *** [Js 6d Th 6h] [3d]
Tyk47: checks 
nicofellow: bets $2.31
Tyk47: calls $2.31
*** SHOW DOWN ***
nicofellow: shows [Kh Tc] (two pair, Tens and Sixes)
Tyk47: mucks hand 
nicofellow collected $8.66 from pot
*** SUMMARY ***
Total pot $9.12 | Rake $0.46 
Board [Js 6d Th 6h 3d]
Seat 1: 7bekon7 (button) folded before Flop (didn't bet)
Seat 2: XneferX (small blind) folded before Flop
Seat 3: Tyk47 (big blind) mucked
Seat 4: nicofellow showed [Kh Tc] and won ($8.66) with two pair, Tens and Sixes
Seat 5: skars07 folded before Flop (didn't bet)
Seat 6: fobot21 folded before Flop (didn't bet)



PokerStars Hand #254729000034:  Hold'em No Limit ($0.50/$1.00 USD) - 2025/02/05 2:20:46 WET [2025/02/05 21:20:46 ET]
Table 'Hekate II' 6-max Seat #2 is the button
Seat 1: 7bekon7 ($120.58 in chips) 
Seat 2: XneferX ($100.48 in chips) 
Seat 3: Tyk47 ($72.76 in chips) 
Seat 4: nicofellow ($107.07 in chips) 
Seat 5: skars07 ($100 in chips) 
Seat 6: fobot21 ($111.66 in chips) 
Tyk47: posts small blind $0.50
nicofellow: posts big blind $1
*** HOLE CARDS ***
skars07: raises $1.50 to $2.50
fobot21: folds 
7bekon7: folds 
XneferX: folds 
Tyk47: folds 
nicofellow: folds 
Uncalled bet ($1.50) returned to skars07
skars07 collected $2.50 from pot
skars07: doesn't show hand 
*** SUMMARY ***
Total pot $2.50 | Rake $0 
Seat 1: 7bekon7 folded before Flop (didn't bet)
Seat 2: XneferX (button) folded before Flop (didn't bet)
Seat 3: Tyk47 (small blind) folded before Flop
Seat 4: nicofellow (big blind) folded before Flop
Seat 5: skars07 collected ($2.50)
Seat 6: fobot21 folded before Flop (didn't bet)



PokerStars Hand #254729003834:  Hold'em No Limit ($0.50/$1.00 USD) - 2025/02/05 2:21:11 WET [2025/02/05 21:21:11 ET]
Table 'Hekate II' 6-max Seat #3 is the button
Seat 1: 7bekon7 ($120.58 in chips) 
Seat 2: XneferX ($100.48 in chips) 
Seat 3: Tyk47 ($72.26 in chips) 
Seat 4: nicofellow ($106.07 in chips) 
Seat 5: skars07 ($101.50 in chips) 
Seat 6: fobot21 ($111.66 in chips) 
nicofellow: posts small blind $0.50
skars07: posts big blind $1
*** HOLE CARDS ***
fobot21: raises $1 to $2
7bekon7: folds 
XneferX: raises $4 to $6
Tyk47: folds 
nicofellow: folds 
skars07: folds 
fobot21: calls $4
*** FLOP *** [7d 3h 5d]
fobot21: checks 
XneferX: checks 
*** TURN *** [7d 3h 5d] [Jh]
fobot21: checks 
XneferX: checks 
*** RIVER *** [7d 3h 5d Jh] [9d]
fobot21: bets $19
XneferX: folds 
Uncalled bet ($19) returned to fobot21
fobot21 collected $12.82 from pot
fobot21: doesn't show hand 
*** SUMMARY ***
Total pot $13.50 | Rake $0.68 
Board [7d 3h 5d Jh 9d]
Seat 1: 7bekon7 folded before Flop (didn't bet)
Seat 2: XneferX folded on the River
Seat 3: Tyk47 (button) folded before Flop (didn't bet)
Seat 4: nicofellow (small blind) folded before Flop
Seat 5: skars07 (big blind) folded before Flop
Seat 6: fobot21 collected ($12.82)



PokerStars Hand #254729019930:  Hold'em No Limit ($0.50/$1.00 USD) - 2025/02/05 2:23:00 WET [2025/02/05 21:23:00 ET]
Table 'Hekate II' 6-max Seat #4 is the button
Seat 1: 7bekon7 ($120.58 in chips) 
Seat 2: XneferX ($100 in chips) 
Seat 3: Tyk47 ($72.26 in chips) 
Seat 4: nicofellow ($105.57 in chips) 
Seat 5: skars07 ($100.50 in chips) 
Seat 6: fobot21 ($118.48 in chips) 
skars07: posts small blind $0.50
fobot21: posts big blind $1
*** HOLE CARDS ***
7bekon7: folds 
XneferX: folds 
Tyk47: calls $1
nicofellow: raises $2.50 to $3.50
skars07: folds 
fobot21: folds 
Tyk47: calls $2.50
*** FLOP *** [2c 3c 8h]
Tyk47: bets $4.04
nicofellow: calls $4.04
*** TURN *** [2c 3c 8h] [9s]
Tyk47: bets $15.75
nicofellow: calls $15.75
*** RIVER *** [2c 3c 8h 9s] [4s]
Tyk47: bets $48.97 and is all-in
nicofellow: calls $48.97
*** SHOW DOWN ***
Tyk47: shows [Kh 8d] (a pair of Eights)
nicofellow: shows [Qc 8c] (a pair of Eights - lower kicker)
Tyk47 collected $143.52 from pot
*** SUMMARY ***
Total pot $146.02 | Rake $2.50 
Board [2c 3c 8h 9s 4s]
Seat 1: 7bekon7 folded before Flop (didn't bet)
Seat 2: XneferX folded before Flop (didn't bet)
Seat 3: Tyk47 showed [Kh 8d] and won ($143.52) with a pair of Eights
Seat 4: nicofellow (button) showed [Qc 8c] and lost with a pair of Eights
Seat 5: skars07 (small blind) folded before Flop
Seat 6: fobot21 (big blind) folded before Flop



PokerStars Hand #254729032412:  Hold'em No Limit ($0.50/$1.00 USD) - 2025/02/05 2:24:26 WET [2025/02/05 21:24:26 ET]
Table 'Hekate II' 6-max Seat #5 is the button
Seat 1: 7bekon7 ($120.58 in chips) 
Seat 2: XneferX ($100 in chips) 
Seat 3: Tyk47 ($143.52 in chips) 
Seat 4: nicofellow ($100 in chips) 
Seat 5: skars07 ($100 in chips) 
Seat 6: fobot21 ($117.48 in chips) 
fobot21: posts small blind $0.50
7bekon7: posts big blind $1
*** HOLE CARDS ***
XneferX: folds 
Tyk47: folds 
nicofellow: folds 
skars07: folds 
fobot21: raises $1.90 to $2.90
7bekon7: calls $1.90
*** FLOP *** [6d 9d 7c]
fobot21: checks 
7bekon7: bets $2.76
fobot21: raises $9.24 to $12
7bekon7: folds 
Uncalled bet ($9.24) returned to fobot21
fobot21 collected $10.75 from pot
fobot21: doesn't show hand 
*** SUMMARY ***
Total pot $11.32 | Rake $0.57 
Board [6d 9d 7c]
Seat 1: 7bekon7 (big blind) folded on the Flop
Seat 2: XneferX folded before Flop (didn't bet)
Seat 3: Tyk47 folded before Flop (didn't bet)
Seat 4: nicofellow folded before Flop (didn't bet)
Seat 5: skars07 (button) folded before Flop (didn't bet)
Seat 6: fobot21 (small blind) collected ($10.75)



PokerStars Hand #254729046114:  Hold'em No Limit ($0.50/$1.00 USD) - 2025/02/05 2:26:01 WET [2025/02/05 21:26:01 ET]
Table 'Hekate II' 6-max Seat #6 is the button
Seat 1: 7bekon7 ($114.92 in chips) 
Seat 2: XneferX ($100 in chips) 
Seat 3: Tyk47 ($143.52 in chips) 
Seat 4: nicofellow ($100 in chips) 
Seat 5: skars07 ($100 in chips) 
Seat 6: fobot21 ($122.57 in chips) 
7bekon7: posts small blind $0.50
XneferX: posts big blind $1
*** HOLE CARDS ***
Tyk47: calls $1
nicofellow: folds 
skars07: folds 
fobot21: folds 
7bekon7: folds 
XneferX: checks 
*** FLOP *** [5c Kc 2s]
XneferX: checks 
Tyk47: checks 
*** TURN *** [5c Kc 2s] [Jd]
XneferX: checks 
Tyk47: checks 
*** RIVER *** [5c Kc 2s Jd] [Qd]
XneferX: checks 
Tyk47: checks 
*** SHOW DOWN ***
XneferX: shows [3d 3c] (a pair of Threes)
Tyk47: mucks hand 
XneferX collected $2.38 from pot
*** SUMMARY ***
Total pot $2.50 | Rake $0.12 
Board [5c Kc 2s Jd Qd]
Seat 1: 7bekon7 (small blind) folded before Flop
Seat 2: XneferX (big blind) showed [3d 3c] and won ($2.38) with a pair of Threes
Seat 3: Tyk47 mucked
Seat 4: nicofellow folded before Flop (didn't bet)
Seat 5: skars07 folded before Flop (didn't bet)
Seat 6: fobot21 (button) folded before Flop (didn't bet)



PokerStars Hand #254729053410:  Hold'em No Limit ($0.50/$1.00 USD) - 2025/02/05 2:26:51 WET [2025/02/05 21:26:51 ET]
Table 'Hekate II' 6-max Seat #1 is the button
Seat 1: 7bekon7 ($114.42 in chips) 
Seat 2: XneferX ($101.38 in chips) 
Seat 3: Tyk47 ($142.52 in chips) 
Seat 4: nicofellow ($100 in chips) 
Seat 5: skars07 ($100 in chips) 
Seat 6: fobot21 ($122.57 in chips) 
XneferX: posts small blind $0.50
Tyk47: posts big blind $1
*** HOLE CARDS ***
nicofellow: folds 
skars07: folds 
fobot21: folds 
7bekon7: folds 
XneferX: raises $2 to $3
Tyk47: calls $2
*** FLOP *** [7d 3d Qd]
XneferX: bets $1.94
Tyk47: folds 
Uncalled bet ($1.94) returned to XneferX
XneferX collected $5.70 from pot
XneferX: doesn't show hand 
*** SUMMARY ***
Total pot $6 | Rake $0.30 
Board [7d 3d Qd]
Seat 1: 7bekon7 (button) folded before Flop (didn't bet)
Seat 2: XneferX (small blind) collected ($5.70)
Seat 3: Tyk47 (big blind) folded on the Flop
Seat 4: nicofellow folded before Flop (didn't bet)
Seat 5: skars07 folded before Flop (didn't bet)
Seat 6: fobot21 folded before Flop (didn't bet)



PokerStars Hand #254729059184:  Hold'em No Limit ($0.50/$1.00 USD) - 2025/02/05 2:27:31 WET [2025/02/05 21:27:31 ET]
Table 'Hekate II' 6-max Seat #2 is the button
Seat 1: 7bekon7 ($114.42 in chips) 
Seat 2: XneferX ($104.08 in chips) 
Seat 3: Tyk47 ($139.52 in chips) 
Seat 4: nicofellow ($100 in chips) 
Seat 5: skars07 ($100 in chips) 
Seat 6: fobot21 ($122.57 in chips) 
Tyk47: posts small blind $0.50
nicofellow: posts big blind $1
*** HOLE CARDS ***
skars07: folds 
fobot21: folds 
7bekon7: folds 
XneferX: folds 
Tyk47: calls $0.50
nicofellow: raises $2.50 to $3.50
Tyk47: calls $2.50
*** FLOP *** [5s 9c 6h]
Tyk47: checks 
nicofellow: checks 
*** TURN *** [5s 9c 6h] [8d]
Tyk47: checks 
nicofellow: bets $5.05
Tyk47: folds 
Uncalled bet ($5.05) returned to nicofellow
nicofellow collected $6.65 from pot
nicofellow: doesn't show hand 
*** SUMMARY ***
Total pot $7 | Rake $0.35 
Board [5s 9c 6h 8d]
Seat 1: 7bekon7 folded before Flop (didn't bet)
Seat 2: XneferX (button) folded before Flop (didn't bet)
Seat 3: Tyk47 (small blind) folded on the Turn
Seat 4: nicofellow (big blind) collected ($6.65)
Seat 5: skars07 folded before Flop (didn't bet)
Seat 6: fobot21 folded before Flop (didn't bet)



PokerStars Hand #254729067339:  Hold'em No Limit ($0.50/$1.00 USD) - 2025/02/05 2:28:28 WET [2025/02/05 21:28:28 ET]
Table 'Hekate II' 6-max Seat #3 is the button
Seat 1: 7bekon7 ($114.42 in chips) 
Seat 2: XneferX ($104.08 in chips) 
Seat 3: Tyk47 ($136.02 in chips) 
Seat 4: nicofellow ($103.15 in chips) 
Seat 5: skars07 ($100 in chips) 
Seat 6: fobot21 ($122.57 in chips) 
nicofellow: posts small blind $0.50
skars07: posts big blind $1
*** HOLE CARDS ***
fobot21: folds 
7bekon7: folds 
XneferX: folds 
Tyk47: calls $1
nicofellow: folds 
skars07: checks 
*** FLOP *** [8h 3h Jd]
skars07: checks 
Tyk47: checks 
*** TURN *** [8h 3h Jd] [Td]
skars07: checks 
Tyk47: checks 
*** RIVER *** [8h 3h Jd Td] [9s]
skars07: bets $1.19
Tyk47: calls $1.19
*** SHOW DOWN ***
skars07: shows [Kd 7h] (a straight, Seven to Jack)
Tyk47: mucks hand 
skars07 collected $4.64 from pot
*** SUMMARY ***
Total pot $4.88 | Rake $0.24 
Board [8h 3h Jd Td 9s]
Seat 1: 7bekon7 folded before Flop (didn't bet)
Seat 2: XneferX folded before Flop (didn't bet)
Seat 3: Tyk47 (button) mucked
Seat 4: nicofellow (small blind) folded before Flop
Seat 5: skars07 (big blind) showed [Kd 7h] and won ($4.64) with a straight, Seven to Jack
Seat 6: fobot21 folded before Flop (didn't bet)



PokerStars Hand #254729075490:  Hold'em No Limit ($0.50/$1.00 USD) - 2025/02/05 2:29:26 WET [2025/02/05 21:29:26 ET]
Table 'Hekate II' 6-max Seat #4 is the button
Seat 1: 7bekon7 ($114.42 in chips) 
Seat 2: XneferX ($104.08 in chips) 
Seat 3: Tyk47 ($133.83 in chips) 
Seat 4: nicofellow ($102.65 in chips) 
Seat 5: skars07 ($102.45 in chips) 
Seat 6: fobot21 ($122.57 in chips) 
skars07: posts small blind $0.50
fobot21: posts big blind $1
*** HOLE CARDS ***
7bekon7: folds 
XneferX: folds 
Tyk47: folds 
nicofellow: folds 
skars07: folds 
Uncalled bet ($0.50) returned to fobot21
fobot21 collected $1 from pot
fobot21: doesn't show hand 
*** SUMMARY ***
Total pot $1 | Rake $0 
Seat 1: 7bekon7 folded before Flop (didn't bet)
Seat 2: XneferX folded before Flop (didn't bet)
Seat 3: Tyk47 folded before Flop (didn't bet)
Seat 4: nicofellow (button) folded before Flop (didn't bet)
Seat 5: skars07 (small blind) folded before Flop
Seat 6: fobot21 (big blind) collected ($1)



PokerStars Hand #254729078363:  Hold'em No Limit ($0.50/$1.00 USD) - 2025/02/05 2:29:47 WET [2025/02/05 21:29:47 ET]
Table 'Hekate II' 6-max Seat #5 is the button
Seat 1: 7bekon7 ($114.42 in chips) 
Seat 2: XneferX ($104.08 in chips) 
Seat 3: Tyk47 ($133.83 in chips) 
Seat 4: nicofellow ($102.65 in chips) 
Seat 5: skars07 ($101.95 in chips) 
Seat 6: fobot21 ($123.07 in chips) 
fobot21: posts small blind $0.50
7bekon7: posts big blind $1
*** HOLE CARDS ***
XneferX: folds 
Tyk47: folds 
nicofellow: folds 
skars07: folds 
fobot21: folds 
Uncalled bet ($0.50) returned to 7bekon7
7bekon7 collected $1 from pot
7bekon7: doesn't show hand 
*** SUMMARY ***
Total pot $1 | Rake $0 
Seat 1: 7bekon7 (big blind) collected ($1)
Seat 2: XneferX folded before Flop (didn't bet)
Seat 3: Tyk47 folded before Flop (didn't bet)
Seat 4: nicofellow folded before Flop (didn't bet)
Seat 5: skars07 (button) folded before Flop (didn't bet)
Seat 6: fobot21 (small blind) folded before Flop



PokerStars Hand #254729082745:  Hold'em No Limit ($0.50/$1.00 USD) - 2025/02/05 2:30:17 WET [2025/02/05 21:30:17 ET]
Table 'Hekate II' 6-max Seat #6 is the button
Seat 1: 7bekon7 ($114.92 in chips) 
Seat 2: XneferX ($104.08 in chips) 
Seat 3: Tyk47 ($133.83 in chips) 
Seat 4: nicofellow ($102.65 in chips) 
Seat 5: skars07 ($101.95 in chips) 
Seat 6: fobot21 ($122.57 in chips) 
7bekon7: posts small blind $0.50
XneferX: posts big blind $1
*** HOLE CARDS ***
Tyk47: folds 
nicofellow: folds 
skars07: folds 
fobot21: folds 
7bekon7: folds 
Uncalled bet ($0.50) returned to XneferX
XneferX collected $1 from pot
XneferX: doesn't show hand 
*** SUMMARY ***
Total pot $1 | Rake $0 
Seat 1: 7bekon7 (small blind) folded before Flop
Seat 2: XneferX (big blind) collected ($1)
Seat 3: Tyk47 folded before Flop (didn't bet)
Seat 4: nicofellow folded before Flop (didn't bet)
Seat 5: skars07 folded before Flop (didn't bet)
Seat 6: fobot21 (button) folded before Flop (didn't bet)



PokerStars Hand #254729085921:  Hold'em No Limit ($0.50/$1.00 USD) - 2025/02/05 2:30:40 WET [2025/02/05 21:30:40 ET]
Table 'Hekate II' 6-max Seat #1 is the button
Seat 1: 7bekon7 ($114.42 in chips) 
Seat 2: XneferX ($104.58 in chips) 
Seat 3: Tyk47 ($133.83 in chips) 
Seat 4: nicofellow ($102.65 in chips) 
Seat 5: skars07 ($101.95 in chips) 
Seat 6: fobot21 ($122.57 in chips) 
XneferX: posts small blind $0.50
Tyk47: posts big blind $1
*** HOLE CARDS ***
nicofellow: folds 
skars07: folds 
fobot21: folds 
7bekon7: folds 
XneferX: folds 
Uncalled bet ($0.50) returned to Tyk47
Tyk47 collected $1 from pot
*** SUMMARY ***
Total pot $1 | Rake $0 
Seat 1: 7bekon7 (button) folded before Flop (didn't bet)
Seat 2: XneferX (small blind) folded before Flop
Seat 3: Tyk47 (big blind) collected ($1)
Seat 4: nicofellow folded before Flop (didn't bet)
Seat 5: skars07 folded before Flop (didn't bet)
Seat 6: fobot21 folded before Flop (didn't bet)



PokerStars Hand #254729088291:  Hold'em No Limit ($0.50/$1.00 USD) - 2025/02/05 2:30:57 WET [2025/02/05 21:30:57 ET]
Table 'Hekate II' 6-max Seat #2 is the button
Seat 1: 7bekon7 ($114.42 in chips) 
Seat 2: XneferX ($104.08 in chips) 
Seat 3: Tyk47 ($134.33 in chips) 
Seat 4: nicofellow ($102.65 in chips) 
Seat 5: skars07 ($101.95 in chips) 
Seat 6: fobot21 ($122.57 in chips) 
Tyk47: posts small blind $0.50
nicofellow: posts big blind $1
*** HOLE CARDS ***
skars07: folds 
fobot21: raises $1 to $2
7bekon7: raises $5.50 to $7.50
XneferX: folds 
Tyk47: folds 
nicofellow: folds 
fobot21: calls $5.50
*** FLOP *** [Qc 5h Ac]
fobot21: checks 
7bekon7: bets $3.92
fobot21: raises $13.58 to $17.50
7bekon7: calls $13.58
*** TURN *** [Qc 5h Ac] [8c]
fobot21: bets $12.25
7bekon7: calls $12.25
*** RIVER *** [Qc 5h Ac 8c] [3h]
fobot21: bets $85.32 and is all-in
7bekon7: folds 
Uncalled bet ($85.32) returned to fobot21
fobot21 collected $73.50 from pot
fobot21: doesn't show hand 
*** SUMMARY ***
Total pot $76 | Rake $2.50 
Board [Qc 5h Ac 8c 3h]
Seat 1: 7bekon7 folded on the River
Seat 2: XneferX (button) folded before Flop (didn't bet)
Seat 3: Tyk47 (small blind) folded before Flop
Seat 4: nicofellow (big blind) folded before Flop
Seat 5: skars07 folded before Flop (didn't bet)
Seat 6: fobot21 collected ($73.50)



PokerStars Hand #254729110554:  Hold'em No Limit ($0.50/$1.00 USD) - 2025/02/05 2:33:36 WET [2025/02/05 21:33:36 ET]
Table 'Hekate II' 6-max Seat #3 is the button
Seat 1: 7bekon7 ($100 in chips) 
Seat 2: XneferX ($104.08 in chips) 
Seat 3: Tyk47 ($133.83 in chips) 
Seat 4: nicofellow ($101.65 in chips) 
Seat 5: skars07 ($101.95 in chips) 
Seat 6: fobot21 ($158.82 in chips) 
nicofellow: posts small blind $0.50
skars07: posts big blind $1
*** HOLE CARDS ***
fobot21: folds 
7bekon7: folds 
XneferX: folds 
Tyk47: calls $1
nicofellow: raises $3.50 to $4.50
skars07: folds 
Tyk47: calls $3.50
*** FLOP *** [Tc Th Jh]
nicofellow: bets $5.13
Tyk47: folds 
Uncalled bet ($5.13) returned to nicofellow
nicofellow collected $9.50 from pot
nicofellow: doesn't show hand 
*** SUMMARY ***
Total pot $10 | Rake $0.50 
Board [Tc Th Jh]
Seat 1: 7bekon7 folded before Flop (didn't bet)
Seat 2: XneferX folded before Flop (didn't bet)
Seat 3: Tyk47 (button) folded on the Flop
Seat 4: nicofellow (small blind) collected ($9.50)
Seat 5: skars07 (big blind) folded before Flop
Seat 6: fobot21 folded before Flop (didn't bet)



PokerStars Hand #254729116775:  Hold'em No Limit ($0.50/$1.00 USD) - 2025/02/05 2:34:21 WET [2025/02/05 21:34:21 ET]
Table 'Hekate II' 6-max Seat #4 is the button
Seat 1: 7bekon7 ($100 in chips) 
Seat 2: XneferX ($104.08 in chips) 
Seat 3: Tyk47 ($129.33 in chips) 
Seat 4: nicofellow ($106.65 in chips) 
Seat 5: skars07 ($100.95 in chips) 
Seat 6: fobot21 ($158.82 in chips) 
skars07: posts small blind $0.50
fobot21: posts big blind $1
*** HOLE CARDS ***
7bekon7: folds 
XneferX: folds 
Tyk47: folds 
nicofellow: folds 
skars07: folds 
Uncalled bet ($0.50) returned to fobot21
fobot21 collected $1 from pot
fobot21: doesn't show hand 
*** SUMMARY ***
Total pot $1 | Rake $0 
Seat 1: 7bekon7 folded before Flop (didn't bet)
Seat 2: XneferX folded before Flop (didn't bet)
Seat 3: Tyk47 folded before Flop (didn't bet)
Seat 4: nicofellow (button) folded before Flop (didn't bet)
Seat 5: skars07 (small blind) folded before Flop
Seat 6: fobot21 (big blind) collected ($1)



PokerStars Hand #254729120203:  Hold'em No Limit ($0.50/$1.00 USD) - 2025/02/05 2:34:46 WET [2025/02/05 21:34:46 ET]
Table 'Hekate II' 6-max Seat #5 is the button
Seat 1: 7bekon7 ($100 in chips) 
Seat 2: XneferX ($104.08 in chips) 
Seat 3: Tyk47 ($129.33 in chips) 
Seat 4: nicofellow ($106.65 in chips) 
Seat 5: skars07 ($100.45 in chips) 
Seat 6: fobot21 ($159.32 in chips) 
fobot21: posts small blind $0.50
7bekon7: posts big blind $1
*** HOLE CARDS ***
XneferX: folds 
Tyk47: calls $1
nicofellow: folds 
skars07: folds 
fobot21: folds 
7bekon7: checks 
*** FLOP *** [6c Kd 4c]
7bekon7: bets $1.19
Tyk47: folds 
Uncalled bet ($1.19) returned to 7bekon7
7bekon7 collected $2.38 from pot
7bekon7: doesn't show hand 
*** SUMMARY ***
Total pot $2.50 | Rake $0.12 
Board [6c Kd 4c]
Seat 1: 7bekon7 (big blind) collected ($2.38)
Seat 2: XneferX folded before Flop (didn't bet)
Seat 3: Tyk47 folded on the Flop
Seat 4: nicofellow folded before Flop (didn't bet)
Seat 5: skars07 (button) folded before Flop (didn't bet)
Seat 6: fobot21 (small blind) folded before Flop



PokerStars Hand #254729125096:  Hold'em No Limit ($0.50/$1.00 USD) - 2025/02/05 2:35:21 WET [2025/02/05 21:35:21 ET]
Table 'Hekate II' 6-max Seat #6 is the button
Seat 1: 7bekon7 ($101.38 in chips) 
Seat 2: XneferX ($104.08 in chips) 
Seat 3: Tyk47 ($128.33 in chips) 
Seat 4: nicofellow ($106.65 in chips) 
Seat 5: skars07 ($100.45 in chips) 
Seat 6: fobot21 ($158.82 in chips) 
7bekon7: posts small blind $0.50
XneferX: posts big blind $1
*** HOLE CARDS ***
Tyk47: calls $1
nicofellow: raises $2.50 to $3.50
skars07: folds 
fobot21: folds 
7bekon7: folds 
XneferX: folds 
Tyk47: calls $2.50
*** FLOP *** [9s 2d 3c]
Tyk47: bets $1
nicofellow: raises $5 to $6
Tyk47: folds 
Uncalled bet ($5) returned to nicofellow
nicofellow collected $9.98 from pot
nicofellow: doesn't show hand 
*** SUMMARY ***
Total pot $10.50 | Rake $0.52 
Board [9s 2d 3c]
Seat 1: 7bekon7 (small blind) folded before Flop
Seat 2: XneferX (big blind) folded before Flop
Seat 3: Tyk47 folded on the Flop
Seat 4: nicofellow collected ($9.98)
Seat 5: skars07 folded before Flop (didn't bet)
Seat 6: fobot21 (button) folded before Flop (didn't bet)



PokerStars Hand #254729131133:  Hold'em No Limit ($0.50/$1.00 USD) - 2025/02/05 2:36:04 WET [2025/02/05 21:36:04 ET]
Table 'Hekate II' 6-max Seat #1 is the button
Seat 1: 7bekon7 ($100.88 in chips) 
Seat 2: XneferX ($103.08 in chips) 
Seat 3: Tyk47 ($123.83 in chips) 
Seat 4: nicofellow ($112.13 in chips) 
Seat 5: skars07 ($100.45 in chips) 
Seat 6: fobot21 ($158.82 in chips) 
XneferX: posts small blind $0.50
Tyk47: posts big blind $1
*** HOLE CARDS ***
nicofellow: raises $1 to $2
skars07: folds 
fobot21: folds 
7bekon7: folds 
XneferX: calls $1.50
Tyk47: calls $1
*** FLOP *** [Ac 4s Jd]
XneferX: checks 
Tyk47: checks 
nicofellow: bets $1.88
XneferX: folds 
Tyk47: calls $1.88
*** TURN *** [Ac 4s Jd] [Kh]
Tyk47: checks 
nicofellow: checks 
*** RIVER *** [Ac 4s Jd Kh] [7s]
Tyk47: bets $4.64
nicofellow: calls $4.64
*** SHOW DOWN ***
Tyk47: shows [2s 5s] (high card Ace)
nicofellow: shows [9d Ad] (a pair of Aces)
nicofellow collected $18.09 from pot
*** SUMMARY ***
Total pot $19.04 | Rake $0.95 
Board [Ac 4s Jd Kh 7s]
Seat 1: 7bekon7 (button) folded before Flop (didn't bet)
Seat 2: XneferX (small blind) folded on the Flop
Seat 3: Tyk47 (big blind) showed [2s 5s] and lost with high card Ace
Seat 4: nicofellow showed [9d Ad] and won ($18.09) with a pair of Aces
Seat 5: skars07 folded before Flop (didn't bet)
Seat 6: fobot21 folded before Flop (didn't bet)



PokerStars Hand #254729496241:  Hold'em No Limit ($0.50/$1.00 USD) - 2025/02/05 3:22:34 WET [2025/02/05 22:22:34 ET]
Table 'Hekate II' 6-max Seat #1 is the button
Seat 4: Sadyhov V.V. ($100 in chips) is sitting out
Seat 1: joaquin612 ($100 in chips) 
Seat 2: iTrustU21 ($100 in chips) 
Seat 5: Rysiff ($100 in chips) 
Seat 6: Virvia32 ($100 in chips) 
iTrustU21: posts small blind $0.50
Rysiff: posts big blind $1
*** HOLE CARDS ***
Virvia32: raises $1.50 to $2.50
joaquin612: folds 
iTrustU21: folds 
Rysiff: folds 
Uncalled bet ($1.50) returned to Virvia32
Virvia32 collected $2.50 from pot
Virvia32: doesn't show hand 
*** SUMMARY ***
Total pot $2.50 | Rake $0 
Seat 4: Sadyhov V.V.
Seat 1: joaquin612 (button) folded before Flop (didn't bet)
Seat 2: iTrustU21 (small blind) folded before Flop
Seat 5: Rysiff (big blind) folded before Flop
Seat 6: Virvia32 collected ($2.50)



PokerStars Hand #254729497910:  Hold'em No Limit ($0.50/$1.00 USD) - 2025/02/05 3:22:47 WET [2025/02/05 22:22:47 ET]
Table 'Hekate II' 6-max Seat #2 is the button
Seat 4: Sadyhov V.V. ($100 in chips) is sitting out
Seat 1: joaquin612 ($100 in chips) 
Seat 2: iTrustU21 ($100 in chips) 
Seat 5: Rysiff ($100 in chips) 
Seat 6: Virvia32 ($101.50 in chips) 
Rysiff: posts small blind $0.50
Virvia32: posts big blind $1
*** HOLE CARDS ***
joaquin612: folds 
iTrustU21: raises $1.50 to $2.50
Rysiff: folds 
Virvia32: folds 
Uncalled bet ($1.50) returned to iTrustU21
iTrustU21 collected $2.50 from pot
iTrustU21: doesn't show hand 
*** SUMMARY ***
Total pot $2.50 | Rake $0 
Seat 4: Sadyhov V.V.
Seat 1: joaquin612 folded before Flop (didn't bet)
Seat 2: iTrustU21 (button) collected ($2.50)
Seat 5: Rysiff (small blind) folded before Flop
Seat 6: Virvia32 (big blind) folded before Flop



PokerStars Hand #254729499126:  Hold'em No Limit ($0.50/$1.00 USD) - 2025/02/05 3:22:57 WET [2025/02/05 22:22:57 ET]
Table 'Hekate II' 6-max Seat #5 is the button
Seat 4: Sadyhov V.V. ($100 in chips) is sitting out
Seat 1: joaquin612 ($100 in chips) 
Seat 2: iTrustU21 ($101.50 in chips) 
Seat 5: Rysiff ($100 in chips) 
Seat 6: Virvia32 ($100.50 in chips) 
Virvia32: posts small blind $0.50
joaquin612: posts big blind $1
Sadyhov V.V.: sits out 
*** HOLE CARDS ***
iTrustU21: folds 
Rysiff: raises $1.50 to $2.50
Virvia32: folds 
iTrustU21 leaves the table
joaquin612: raises $8.50 to $11
Rysiff: calls $8.50
*** FLOP *** [Ts 4s 8d]
joaquin612: checks 
Rysiff: checks 
*** TURN *** [Ts 4s 8d] [2h]
joaquin612: checks 
Rysiff: bets $17.20
joaquin612: calls $17.20
*** RIVER *** [Ts 4s 8d 2h] [Kc]
joaquin612: bets $18.45
Rysiff: folds 
Uncalled bet ($18.45) returned to joaquin612
joaquin612 collected $55.90 from pot
joaquin612: doesn't show hand 
*** SUMMARY ***
Total pot $56.90 | Rake $1 
Board [Ts 4s 8d 2h Kc]
Seat 4: Sadyhov V.V.
Seat 1: joaquin612 (big blind) collected ($55.90)
Seat 2: iTrustU21 folded before Flop (didn't bet)
Seat 5: Rysiff (button) folded on the River
Seat 6: Virvia32 (small blind) folded before Flop



PokerStars Hand #254729506533:  Hold'em No Limit ($0.50/$1.00 USD) - 2025/02/05 3:23:55 WET [2025/02/05 22:23:55 ET]
Table 'Hekate II' 6-max Seat #6 is the button
Seat 1: joaquin612 ($127.70 in chips) 
Seat 4: Sadyhov V.V. ($100 in chips) 
Seat 5: Rysiff ($100 in chips) 
Seat 6: Virvia32 ($100 in chips) 
joaquin612: posts small blind $0.50
Sadyhov V.V.: posts big blind $1
*** HOLE CARDS ***
Rysiff: folds 
Virvia32: folds 
joaquin612: raises $2 to $3
Rysiff leaves the table
Sadyhov V.V.: calls $2
*** FLOP *** [9s Ac 8c]
joaquin612: bets $2.85
Sadyhov V.V.: raises $3.76 to $6.61
joaquin612: calls $3.76
*** TURN *** [9s Ac 8c] [6c]
joaquin612: checks 
Sadyhov V.V.: bets $22.50
joaquin612: folds 
Uncalled bet ($22.50) returned to Sadyhov V.V.
Sadyhov V.V. collected $18.26 from pot
Sadyhov V.V.: doesn't show hand 
*** SUMMARY ***
Total pot $19.22 | Rake $0.96 
Board [9s Ac 8c 6c]
Seat 1: joaquin612 (small blind) folded on the Turn
Seat 4: Sadyhov V.V. (big blind) collected ($18.26)
Seat 5: Rysiff folded before Flop (didn't bet)
Seat 6: Virvia32 (button) folded before Flop (didn't bet)



PokerStars Hand #254729516846:  Hold'em No Limit ($0.50/$1.00 USD) - 2025/02/05 3:25:16 WET [2025/02/05 22:25:16 ET]
Table 'Hekate II' 6-max Seat #1 is the button
Seat 1: joaquin612 ($118.09 in chips) 
Seat 4: Sadyhov V.V. ($108.65 in chips) 
Seat 6: Virvia32 ($100 in chips) 
Sadyhov V.V.: posts small blind $0.50
Virvia32: posts big blind $1
*** HOLE CARDS ***
joaquin612: folds 
joaquin612 leaves the table
Sadyhov V.V.: calls $0.50
Virvia32: checks 
*** FLOP *** [As 6c Jd]
Sadyhov V.V.: checks 
Virvia32: checks 
*** TURN *** [As 6c Jd] [2s]
b2k-Snick joins the table at seat #2 
Sadyhov V.V.: checks 
Virvia32: checks 
*** RIVER *** [As 6c Jd 2s] [2c]
Sadyhov V.V.: bets $2
Virvia32: folds 
Uncalled bet ($2) returned to Sadyhov V.V.
Sadyhov V.V. collected $1.90 from pot
Sadyhov V.V.: doesn't show hand 
*** SUMMARY ***
Total pot $2 | Rake $0.10 
Board [As 6c Jd 2s 2c]
Seat 1: joaquin612 (button) folded before Flop (didn't bet)
Seat 4: Sadyhov V.V. (small blind) collected ($1.90)
Seat 6: Virvia32 (big blind) folded on the River



PokerStars Hand #254729520770:  Hold'em No Limit ($0.50/$1.00 USD) - 2025/02/05 3:25:48 WET [2025/02/05 22:25:48 ET]
Table 'Hekate II' 6-max Seat #4 is the button
Seat 2: b2k-Snick ($100 in chips) 
Seat 4: Sadyhov V.V. ($109.55 in chips) 
Seat 6: Virvia32 ($99 in chips) 
Virvia32: posts small blind $0.50
b2k-Snick: posts big blind $1
*** HOLE CARDS ***
Sadyhov V.V.: folds 
Virvia32: folds 
Uncalled bet ($0.50) returned to b2k-Snick
b2k-Snick collected $1 from pot
b2k-Snick: doesn't show hand 
*** SUMMARY ***
Total pot $1 | Rake $0 
Seat 2: b2k-Snick (big blind) collected ($1)
Seat 4: Sadyhov V.V. (button) folded before Flop (didn't bet)
Seat 6: Virvia32 (small blind) folded before Flop



PokerStars Hand #254729521609:  Hold'em No Limit ($0.50/$1.00 USD) - 2025/02/05 3:25:55 WET [2025/02/05 22:25:55 ET]
Table 'Hekate II' 6-max Seat #2 is the button
Seat 4: Sadyhov V.V. ($109.55 in chips) is sitting out
Seat 2: b2k-Snick ($100.50 in chips) 
Seat 6: Virvia32 ($98.50 in chips) 
b2k-Snick: posts small blind $0.50
Sadyhov V.V.: is sitting out 
Virvia32: posts big blind $1
*** HOLE CARDS ***
b2k-Snick: raises $1.50 to $2.50
Virvia32: folds 
Uncalled bet ($1.50) returned to b2k-Snick
b2k-Snick collected $2 from pot
b2k-Snick: doesn't show hand 
*** SUMMARY ***
Total pot $2 | Rake $0 
Seat 4: Sadyhov V.V.
Seat 2: b2k-Snick (button) (small blind) collected ($2)
Seat 6: Virvia32 (big blind) folded before Flop



PokerStars Hand #254729522748:  Hold'em No Limit ($0.50/$1.00 USD) - 2025/02/05 3:26:04 WET [2025/02/05 22:26:04 ET]
Table 'Hekate II' 6-max Seat #6 is the button
Seat 4: Sadyhov V.V. ($109.55 in chips) is sitting out
Seat 2: b2k-Snick ($101.50 in chips) 
Seat 6: Virvia32 ($97.50 in chips) 
Virvia32: posts small blind $0.50
b2k-Snick: posts big blind $1
*** HOLE CARDS ***
Virvia32: raises $1.50 to $2.50
b2k-Snick: calls $1.50
*** FLOP *** [4c 8h 5d]
b2k-Snick: checks 
Virvia32: checks 
*** TURN *** [4c 8h 5d] [9s]
b2k-Snick: bets $2.09
Virvia32: calls $2.09
*** RIVER *** [4c 8h 5d 9s] [2s]
b2k-Snick: checks 
adrianos1211 joins the table at seat #1 
Virvia32: checks 
*** SHOW DOWN ***
b2k-Snick: shows [6h As] (high card Ace)
Virvia32: shows [Js 5s] (a pair of Fives)
Virvia32 collected $8.72 from pot
*** SUMMARY ***
Total pot $9.18 | Rake $0.46 
Board [4c 8h 5d 9s 2s]
Seat 4: Sadyhov V.V.
Seat 2: b2k-Snick (big blind) showed [6h As] and lost with high card Ace
Seat 6: Virvia32 (button) (small blind) showed [Js 5s] and won ($8.72) with a pair of Fives



PokerStars Hand #254729527776:  Hold'em No Limit ($0.50/$1.00 USD) - 2025/02/05 3:26:44 WET [2025/02/05 22:26:44 ET]
Table 'Hekate II' 6-max Seat #2 is the button
Seat 4: Sadyhov V.V. ($109.55 in chips) is sitting out
Seat 1: adrianos1211 ($100 in chips) 
Seat 2: b2k-Snick ($100 in chips) 
Seat 6: Virvia32 ($101.63 in chips) 
Virvia32: posts small blind $0.50
adrianos1211: posts big blind $1
*** HOLE CARDS ***
b2k-Snick: raises $1.50 to $2.50
Virvia32: folds 
adrianos1211: folds 
Uncalled bet ($1.50) returned to b2k-Snick
b2k-Snick collected $2.50 from pot
b2k-Snick: doesn't show hand 
*** SUMMARY ***
Total pot $2.50 | Rake $0 
Seat 4: Sadyhov V.V.
Seat 1: adrianos1211 (big blind) folded before Flop
Seat 2: b2k-Snick (button) collected ($2.50)
Seat 6: Virvia32 (small blind) folded before Flop



PokerStars Hand #254729530409:  Hold'em No Limit ($0.50/$1.00 USD) - 2025/02/05 3:27:06 WET [2025/02/05 22:27:06 ET]
Table 'Hekate II' 6-max Seat #6 is the button
Seat 4: Sadyhov V.V. ($109.55 in chips) is sitting out
Seat 1: adrianos1211 ($100 in chips) 
Seat 2: b2k-Snick ($101.50 in chips) 
Seat 6: Virvia32 ($101.13 in chips) 
adrianos1211: posts small blind $0.50
b2k-Snick: posts big blind $1
*** HOLE CARDS ***
Virvia32: raises $1.50 to $2.50
adrianos1211: folds 
b2k-Snick: folds 
Uncalled bet ($1.50) returned to Virvia32
Virvia32 collected $2.50 from pot
Virvia32: doesn't show hand 
*** SUMMARY ***
Total pot $2.50 | Rake $0 
Seat 4: Sadyhov V.V.
Seat 1: adrianos1211 (small blind) folded before Flop
Seat 2: b2k-Snick (big blind) folded before Flop
Seat 6: Virvia32 (button) collected ($2.50)



PokerStars Hand #254729533101:  Hold'em No Limit ($0.50/$1.00 USD) - 2025/02/05 3:27:27 WET [2025/02/05 22:27:27 ET]
Table 'Hekate II' 6-max Seat #1 is the button
Seat 4: Sadyhov V.V. ($109.55 in chips) is sitting out
Seat 1: adrianos1211 ($100 in chips) 
Seat 2: b2k-Snick ($100.50 in chips) 
Seat 6: Virvia32 ($102.63 in chips) 
b2k-Snick: posts small blind $0.50
Virvia32: posts big blind $1
*** HOLE CARDS ***
adrianos1211: raises $2 to $3
b2k-Snick: folds 
Virvia32: folds 
Uncalled bet ($2) returned to adrianos1211
adrianos1211 collected $2.50 from pot
adrianos1211: doesn't show hand 
*** SUMMARY ***
Total pot $2.50 | Rake $0 
Seat 4: Sadyhov V.V.
Seat 1: adrianos1211 (button) collected ($2.50)
Seat 2: b2k-Snick (small blind) folded before Flop
Seat 6: Virvia32 (big blind) folded before Flop



PokerStars Hand #254729534898:  Hold'em No Limit ($0.50/$1.00 USD) - 2025/02/05 3:27:41 WET [2025/02/05 22:27:41 ET]
Table 'Hekate II' 6-max Seat #2 is the button
Seat 4: Sadyhov V.V. ($109.55 in chips) is sitting out
Seat 1: adrianos1211 ($101.50 in chips) 
Seat 2: b2k-Snick ($100 in chips) 
Seat 6: Virvia32 ($101.63 in chips) 
Virvia32: posts small blind $0.50
adrianos1211: posts big blind $1
*** HOLE CARDS ***
b2k-Snick: raises $1.50 to $2.50
Joker5183 joins the table at seat #3 
Virvia32: raises $7.50 to $10
adrianos1211: folds 
Joker5183 is disconnected 
b2k-Snick: folds 
Uncalled bet ($7.50) returned to Virvia32
Virvia32 collected $6 from pot
Virvia32: doesn't show hand 
*** SUMMARY ***
Total pot $6 | Rake $0 
Seat 4: Sadyhov V.V.
Seat 1: adrianos1211 (big blind) folded before Flop
Seat 2: b2k-Snick (button) folded before Flop
Seat 6: Virvia32 (small blind) collected ($6)



PokerStars Hand #254729539029:  Hold'em No Limit ($0.50/$1.00 USD) - 2025/02/05 3:28:15 WET [2025/02/05 22:28:15 ET]
Table 'Hekate II' 6-max Seat #6 is the button
Seat 4: Sadyhov V.V. ($109.55 in chips) is sitting out
Seat 1: adrianos1211 ($100.50 in chips) 
Seat 2: b2k-Snick ($100 in chips) 
Seat 3: Joker5183 ($80 in chips) 
Seat 6: Virvia32 ($105.13 in chips) 
adrianos1211: posts small blind $0.50
b2k-Snick: posts big blind $1
Joker5183: posts big blind $1
*** HOLE CARDS ***
7bekon7 joins the table at seat #5 
Sadyhov V.V. leaves the table
Joker5183: checks 
Virvia32: folds 
adrianos1211: raises $3 to $4
fish my nuts joins the table at seat #4 
b2k-Snick: raises $8 to $12
Joker5183: folds 
adrianos1211: calls $8
*** FLOP *** [3d 5d 2c]
adrianos1211: checks 
b2k-Snick: bets $15
adrianos1211: folds 
Uncalled bet ($15) returned to b2k-Snick
b2k-Snick collected $24 from pot
b2k-Snick: doesn't show hand 
*** SUMMARY ***
Total pot $25 | Rake $1 
Board [3d 5d 2c]
Seat 4: Sadyhov V.V.
Seat 1: adrianos1211 (small blind) folded on the Flop
Seat 2: b2k-Snick (big blind) collected ($24)
Seat 3: Joker5183 folded before Flop (didn't bet)
Seat 6: Virvia32 (button) folded before Flop (didn't bet)



PokerStars Hand #254729543408:  Hold'em No Limit ($0.50/$1.00 USD) - 2025/02/05 3:28:50 WET [2025/02/05 22:28:50 ET]
Table 'Hekate II' 6-max Seat #1 is the button
Seat 4: fish my nuts ($100 in chips) is sitting out
Seat 5: 7bekon7 ($108.60 in chips) is sitting out
Seat 1: adrianos1211 ($100 in chips) 
Seat 2: b2k-Snick ($112 in chips) 
Seat 3: Joker5183 ($79 in chips) 
Seat 6: Virvia32 ($105.13 in chips) 
b2k-Snick: posts small blind $0.50
Joker5183: posts big blind $1
fish my nuts: sits out 
7bekon7: sits out 
*** HOLE CARDS ***
Virvia32: folds 
adrianos1211: folds 
b2k-Snick: raises $2 to $3
7bekon7 leaves the table
Joker5183: folds 
Uncalled bet ($2) returned to b2k-Snick
b2k-Snick collected $2 from pot
b2k-Snick: doesn't show hand 
*** SUMMARY ***
Total pot $2 | Rake $0 
Seat 4: fish my nuts
Seat 5: 7bekon7
Seat 1: adrianos1211 (button) folded before Flop (didn't bet)
Seat 2: b2k-Snick (small blind) collected ($2)
Seat 3: Joker5183 (big blind) folded before Flop
Seat 6: Virvia32 folded before Flop (didn't bet)



PokerStars Hand #254729545655:  Hold'em No Limit ($0.50/$1.00 USD) - 2025/02/05 3:29:09 WET [2025/02/05 22:29:09 ET]
Table 'Hekate II' 6-max Seat #2 is the button
Seat 1: adrianos1211 ($100 in chips) 
Seat 2: b2k-Snick ($113 in chips) 
Seat 3: Joker5183 ($78 in chips) 
Seat 4: fish my nuts ($100 in chips) 
Seat 6: Virvia32 ($105.13 in chips) 
Joker5183: posts small blind $0.50
fish my nuts: posts big blind $1
*** HOLE CARDS ***
Virvia32: folds 
adrianos1211: folds 
b2k-Snick: folds 
Joker5183: calls $0.50
fish my nuts: checks 
*** FLOP *** [4d 9d As]
Joker5183: checks 
fish my nuts: checks 
*** TURN *** [4d 9d As] [8c]
Joker5183: bets $1.90
fish my nuts: calls $1.90
*** RIVER *** [4d 9d As 8c] [Qd]
Joker5183: checks 
fish my nuts: bets $8.54
Joker5183: folds 
Uncalled bet ($8.54) returned to fish my nuts
fish my nuts collected $5.51 from pot
fish my nuts: doesn't show hand 
*** SUMMARY ***
Total pot $5.80 | Rake $0.29 
Board [4d 9d As 8c Qd]
Seat 1: adrianos1211 folded before Flop (didn't bet)
Seat 2: b2k-Snick (button) folded before Flop (didn't bet)
Seat 3: Joker5183 (small blind) folded on the River
Seat 4: fish my nuts (big blind) collected ($5.51)
Seat 6: Virvia32 folded before Flop (didn't bet)



PokerStars Hand #254729550768:  Hold'em No Limit ($0.50/$1.00 USD) - 2025/02/05 3:29:50 WET [2025/02/05 22:29:50 ET]
Table 'Hekate II' 6-max Seat #3 is the button
Seat 1: adrianos1211 ($100 in chips) 
Seat 2: b2k-Snick ($113 in chips) 
Seat 3: Joker5183 ($75.10 in chips) 
Seat 4: fish my nuts ($102.61 in chips) 
Seat 6: Virvia32 ($105.13 in chips) 
fish my nuts: posts small blind $0.50
Virvia32: posts big blind $1
*** HOLE CARDS ***
Chiarelli99 joins the table at seat #5 
adrianos1211: folds 
adrianos1211 leaves the table
b2k-Snick: folds 
Joker5183: folds 
fish my nuts: raises $1.80 to $2.80
Virvia32: calls $1.80
*** FLOP *** [2s 3d Ks]
fish my nuts: bets $1.86
Virvia32: folds 
Uncalled bet ($1.86) returned to fish my nuts
fish my nuts collected $5.32 from pot
fish my nuts: doesn't show hand 
*** SUMMARY ***
Total pot $5.60 | Rake $0.28 
Board [2s 3d Ks]
Seat 1: adrianos1211 folded before Flop (didn't bet)
Seat 2: b2k-Snick folded before Flop (didn't bet)
Seat 3: Joker5183 (button) folded before Flop (didn't bet)
Seat 4: fish my nuts (small blind) collected ($5.32)
Seat 6: Virvia32 (big blind) folded on the Flop



PokerStars Hand #254729554608:  Hold'em No Limit ($0.50/$1.00 USD) - 2025/02/05 3:30:21 WET [2025/02/05 22:30:21 ET]
Table 'Hekate II' 6-max Seat #4 is the button
Seat 5: Chiarelli99 ($100 in chips) is sitting out
Seat 2: b2k-Snick ($113 in chips) 
Seat 3: Joker5183 ($75.10 in chips) 
Seat 4: fish my nuts ($105.13 in chips) 
Seat 6: Virvia32 ($102.33 in chips) 
Virvia32: posts small blind $0.50
b2k-Snick: posts big blind $1
*** HOLE CARDS ***
Joker5183: folds 
fish my nuts: folds 
Virvia32: raises $1.50 to $2.50
b2k-Snick: calls $1.50
*** FLOP *** [7s 3c 5h]
Virvia32: checks 
b2k-Snick: checks 
*** TURN *** [7s 3c 5h] [3d]
Virvia32: checks 
b2k-Snick: checks 
*** RIVER *** [7s 3c 5h 3d] [Ad]
Virvia32: checks 
b2k-Snick: checks 
*** SHOW DOWN ***
Virvia32: shows [Kd 5d] (two pair, Fives and Threes)
b2k-Snick: mucks hand 
Virvia32 collected $4.75 from pot
*** SUMMARY ***
Total pot $5 | Rake $0.25 
Board [7s 3c 5h 3d Ad]
Seat 5: Chiarelli99
Seat 2: b2k-Snick (big blind) mucked
Seat 3: Joker5183 folded before Flop (didn't bet)
Seat 4: fish my nuts (button) folded before Flop (didn't bet)
Seat 6: Virvia32 (small blind) showed [Kd 5d] and won ($4.75) with two pair, Fives and Threes



PokerStars Hand #254729559718:  Hold'em No Limit ($0.50/$1.00 USD) - 2025/02/05 3:31:02 WET [2025/02/05 22:31:02 ET]
Table 'Hekate II' 6-max Seat #6 is the button
Seat 5: Chiarelli99 ($100 in chips) is sitting out
Seat 2: b2k-Snick ($110.50 in chips) 
Seat 3: Joker5183 ($75.10 in chips) 
Seat 4: fish my nuts ($105.13 in chips) 
Seat 6: Virvia32 ($104.58 in chips) 
b2k-Snick: posts small blind $0.50
Joker5183: posts big blind $1
Chiarelli99: sits out 
*** HOLE CARDS ***
fish my nuts: folds 
Virvia32: folds 
b2k-Snick: folds 
Uncalled bet ($0.50) returned to Joker5183
Joker5183 collected $1 from pot
fish my nuts leaves the table
*** SUMMARY ***
Total pot $1 | Rake $0 
Seat 5: Chiarelli99
Seat 2: b2k-Snick (small blind) folded before Flop
Seat 3: Joker5183 (big blind) collected ($1)
Seat 4: fish my nuts folded before Flop (didn't bet)
Seat 6: Virvia32 (button) folded before Flop (didn't bet)



PokerStars Hand #254729560802:  Hold'em No Limit ($0.50/$1.00 USD) - 2025/02/05 3:31:11 WET [2025/02/05 22:31:11 ET]
Table 'Hekate II' 6-max Seat #2 is the button
Seat 2: b2k-Snick ($110 in chips) 
Seat 3: Joker5183 ($75.60 in chips) 
Seat 5: Chiarelli99 ($100 in chips) 
Seat 6: Virvia32 ($104.58 in chips) 
Joker5183: posts small blind $0.50
Chiarelli99: posts big blind $1
*** HOLE CARDS ***
Virvia32: folds 
b2k-Snick: folds 
Joker5183: folds 
Uncalled bet ($0.50) returned to Chiarelli99
Chiarelli99 collected $1 from pot
Chiarelli99: doesn't show hand 
*** SUMMARY ***
Total pot $1 | Rake $0 
Seat 2: b2k-Snick (button) folded before Flop (didn't bet)
Seat 3: Joker5183 (small blind) folded before Flop
Seat 5: Chiarelli99 (big blind) collected ($1)
Seat 6: Virvia32 folded before Flop (didn't bet)



PokerStars Hand #254729562783:  Hold'em No Limit ($0.50/$1.00 USD) - 2025/02/05 3:31:26 WET [2025/02/05 22:31:26 ET]
Table 'Hekate II' 6-max Seat #3 is the button
Seat 2: b2k-Snick ($110 in chips) 
Seat 3: Joker5183 ($75.10 in chips) 
Seat 5: Chiarelli99 ($100.50 in chips) 
Seat 6: Virvia32 ($104.58 in chips) 
Chiarelli99: posts small blind $0.50
Virvia32: posts big blind $1
*** HOLE CARDS ***
b2k-Snick: folds 
Joker5183: folds 
Chiarelli99: raises $2 to $3
Virvia32: folds 
Uncalled bet ($2) returned to Chiarelli99
Chiarelli99 collected $2 from pot
Chiarelli99: doesn't show hand 
*** SUMMARY ***
Total pot $2 | Rake $0 
Seat 2: b2k-Snick folded before Flop (didn't bet)
Seat 3: Joker5183 (button) folded before Flop (didn't bet)
Seat 5: Chiarelli99 (small blind) collected ($2)
Seat 6: Virvia32 (big blind) folded before Flop



PokerStars Hand #254729565074:  Hold'em No Limit ($0.50/$1.00 USD) - 2025/02/05 3:31:45 WET [2025/02/05 22:31:45 ET]
Table 'Hekate II' 6-max Seat #5 is the button
Seat 2: b2k-Snick ($110 in chips) 
Seat 3: Joker5183 ($75.10 in chips) 
Seat 5: Chiarelli99 ($101.50 in chips) 
Seat 6: Virvia32 ($103.58 in chips) 
Virvia32: posts small blind $0.50
b2k-Snick: posts big blind $1
*** HOLE CARDS ***
Joker5183: calls $1
Chiarelli99: folds 
Virvia32: folds 
b2k-Snick: raises $3 to $4
Cogan STEEL joins the table at seat #1 
Cogan STEEL is disconnected 
Joker5183: calls $3
*** FLOP *** [6d 7h 7s]
b2k-Snick: checks 
Joker5183: checks 
*** TURN *** [6d 7h 7s] [Jc]
ShizA210 joins the table at seat #4 
ShizA210 is disconnected 
b2k-Snick: checks 
Joker5183: bets $4.04
b2k-Snick: folds 
Uncalled bet ($4.04) returned to Joker5183
Joker5183 collected $8.08 from pot
*** SUMMARY ***
Total pot $8.50 | Rake $0.42 
Board [6d 7h 7s Jc]
Seat 2: b2k-Snick (big blind) folded on the Turn
Seat 3: Joker5183 collected ($8.08)
Seat 5: Chiarelli99 (button) folded before Flop (didn't bet)
Seat 6: Virvia32 (small blind) folded before Flop



PokerStars Hand #254729571278:  Hold'em No Limit ($0.50/$1.00 USD) - 2025/02/05 3:32:37 WET [2025/02/05 22:32:37 ET]
Table 'Hekate II' 6-max Seat #6 is the button
Seat 1: Cogan STEEL ($44.83 in chips) is sitting out
Seat 2: b2k-Snick ($106 in chips) 
Seat 3: Joker5183 ($79.18 in chips) 
Seat 4: ShizA210 ($40 in chips) 
Seat 5: Chiarelli99 ($101.50 in chips) 
Seat 6: Virvia32 ($103.08 in chips) 
b2k-Snick: posts small blind $0.50
Joker5183: posts big blind $1
ShizA210: posts big blind $1
*** HOLE CARDS ***
ShizA210: checks 
Chiarelli99: folds 
Virvia32: folds 
b2k-Snick: folds 
Joker5183: checks 
*** FLOP *** [Td 3d Tc]
Joker5183: checks 
ShizA210: bets $1
Joker5183: folds 
Uncalled bet ($1) returned to ShizA210
ShizA210 collected $2.38 from pot
*** SUMMARY ***
Total pot $2.50 | Rake $0.12 
Board [Td 3d Tc]
Seat 1: Cogan STEEL
Seat 2: b2k-Snick (small blind) folded before Flop
Seat 3: Joker5183 (big blind) folded on the Flop
Seat 4: ShizA210 collected ($2.38)
Seat 5: Chiarelli99 folded before Flop (didn't bet)
Seat 6: Virvia32 (button) folded before Flop (didn't bet)



PokerStars Hand #254729576233:  Hold'em No Limit ($0.50/$1.00 USD) - 2025/02/05 3:33:17 WET [2025/02/05 22:33:17 ET]
Table 'Hekate II' 6-max Seat #2 is the button
Seat 1: Cogan STEEL ($44.83 in chips) is sitting out
Seat 2: b2k-Snick ($105.50 in chips) 
Seat 3: Joker5183 ($78.18 in chips) 
Seat 4: ShizA210 ($41.38 in chips) 
Seat 5: Chiarelli99 ($101.50 in chips) 
Seat 6: Virvia32 ($103.08 in chips) 
Joker5183: posts small blind $0.50
ShizA210: posts big blind $1
Cogan STEEL: sits out 
*** HOLE CARDS ***
Chiarelli99: folds 
Virvia32: folds 
b2k-Snick: raises $1.50 to $2.50
Joker5183: folds 
ShizA210: folds 
Uncalled bet ($1.50) returned to b2k-Snick
b2k-Snick collected $2.50 from pot
b2k-Snick: doesn't show hand 
*** SUMMARY ***
Total pot $2.50 | Rake $0 
Seat 1: Cogan STEEL
Seat 2: b2k-Snick (button) collected ($2.50)
Seat 3: Joker5183 (small blind) folded before Flop
Seat 4: ShizA210 (big blind) folded before Flop
Seat 5: Chiarelli99 folded before Flop (didn't bet)
Seat 6: Virvia32 folded before Flop (didn't bet)



PokerStars Hand #254729578445:  Hold'em No Limit ($0.50/$1.00 USD) - 2025/02/05 3:33:35 WET [2025/02/05 22:33:35 ET]
Table 'Hekate II' 6-max Seat #3 is the button
Seat 1: Cogan STEEL ($44.83 in chips) is sitting out
Seat 2: b2k-Snick ($107 in chips) 
Seat 3: Joker5183 ($77.68 in chips) 
Seat 4: ShizA210 ($40.38 in chips) 
Seat 5: Chiarelli99 ($101.50 in chips) 
Seat 6: Virvia32 ($103.08 in chips) 
ShizA210: posts small blind $0.50
Chiarelli99: posts big blind $1
Cogan STEEL: sits out 
*** HOLE CARDS ***
Virvia32: folds 
b2k-Snick: folds 
Joker5183: folds 
ShizA210: calls $0.50
Chiarelli99: checks 
*** FLOP *** [Ad Kc Js]
ShizA210: checks 
Chiarelli99: bets $1.90
ShizA210: calls $1.90
*** TURN *** [Ad Kc Js] [Tc]
ShizA210: checks 
Chiarelli99: checks 
*** RIVER *** [Ad Kc Js Tc] [Kh]
ShizA210: bets $5.51
Chiarelli99: folds 
Uncalled bet ($5.51) returned to ShizA210
ShizA210 collected $5.51 from pot
*** SUMMARY ***
Total pot $5.80 | Rake $0.29 
Board [Ad Kc Js Tc Kh]
Seat 1: Cogan STEEL
Seat 2: b2k-Snick folded before Flop (didn't bet)
Seat 3: Joker5183 (button) folded before Flop (didn't bet)
Seat 4: ShizA210 (small blind) collected ($5.51)
Seat 5: Chiarelli99 (big blind) folded on the River
Seat 6: Virvia32 folded before Flop (didn't bet)



PokerStars Hand #254729581777:  Hold'em No Limit ($0.50/$1.00 USD) - 2025/02/05 3:34:02 WET [2025/02/05 22:34:02 ET]
Table 'Hekate II' 6-max Seat #4 is the button
Seat 1: Cogan STEEL ($44.83 in chips) is sitting out
Seat 2: b2k-Snick ($107 in chips) 
Seat 3: Joker5183 ($77.68 in chips) 
Seat 4: ShizA210 ($42.99 in chips) 
Seat 5: Chiarelli99 ($100 in chips) 
Seat 6: Virvia32 ($103.08 in chips) 
Chiarelli99: posts small blind $0.50
Virvia32: posts big blind $1
Cogan STEEL: sits out 
*** HOLE CARDS ***
b2k-Snick: folds 
Joker5183: folds 
ShizA210: calls $1
Chiarelli99: raises $3 to $4
Virvia32: folds 
ShizA210: folds 
Uncalled bet ($3) returned to Chiarelli99
Chiarelli99 collected $3 from pot
Chiarelli99: doesn't show hand 
*** SUMMARY ***
Total pot $3 | Rake $0 
Seat 1: Cogan STEEL
Seat 2: b2k-Snick folded before Flop (didn't bet)
Seat 3: Joker5183 folded before Flop (didn't bet)
Seat 4: ShizA210 (button) folded before Flop
Seat 5: Chiarelli99 (small blind) collected ($3)
Seat 6: Virvia32 (big blind) folded before Flop



PokerStars Hand #254729586092:  Hold'em No Limit ($0.50/$1.00 USD) - 2025/02/05 3:34:36 WET [2025/02/05 22:34:36 ET]
Table 'Hekate II' 6-max Seat #5 is the button
Seat 1: Cogan STEEL ($44.83 in chips) 
Seat 2: b2k-Snick ($107 in chips) 
Seat 3: Joker5183 ($77.68 in chips) 
Seat 4: ShizA210 ($41.99 in chips) 
Seat 5: Chiarelli99 ($102 in chips) 
Seat 6: Virvia32 ($102.08 in chips) 
Virvia32: posts small blind $0.50
Cogan STEEL: posts big blind $1
*** HOLE CARDS ***
b2k-Snick: folds 
Joker5183: folds 
ShizA210: folds 
Chiarelli99: folds 
Virvia32: raises $2 to $3
Cogan STEEL: folds 
Uncalled bet ($2) returned to Virvia32
Virvia32 collected $2 from pot
Virvia32: doesn't show hand 
*** SUMMARY ***
Total pot $2 | Rake $0 
Seat 1: Cogan STEEL (big blind) folded before Flop
Seat 2: b2k-Snick folded before Flop (didn't bet)
Seat 3: Joker5183 folded before Flop (didn't bet)
Seat 4: ShizA210 folded before Flop (didn't bet)
Seat 5: Chiarelli99 (button) folded before Flop (didn't bet)
Seat 6: Virvia32 (small blind) collected ($2)



PokerStars Hand #254729588519:  Hold'em No Limit ($0.50/$1.00 USD) - 2025/02/05 3:34:57 WET [2025/02/05 22:34:57 ET]
Table 'Hekate II' 6-max Seat #6 is the button
Seat 1: Cogan STEEL ($43.83 in chips) 
Seat 2: b2k-Snick ($107 in chips) 
Seat 3: Joker5183 ($77.68 in chips) 
Seat 4: ShizA210 ($41.99 in chips) 
Seat 5: Chiarelli99 ($102 in chips) 
Seat 6: Virvia32 ($103.08 in chips) 
Cogan STEEL: posts small blind $0.50
b2k-Snick: posts big blind $1
*** HOLE CARDS ***
Joker5183: calls $1
ShizA210: folds 
Chiarelli99: folds 
Virvia32: calls $1
Cogan STEEL: folds 
b2k-Snick: checks 
*** FLOP *** [5h 3d Js]
b2k-Snick: checks 
Joker5183: checks 
Virvia32: checks 
*** TURN *** [5h 3d Js] [8h]
b2k-Snick: checks 
Joker5183: checks 
Virvia32: checks 
*** RIVER *** [5h 3d Js 8h] [Ts]
b2k-Snick: checks 
Joker5183: bets $1.66
Virvia32: folds 
b2k-Snick: folds 
Uncalled bet ($1.66) returned to Joker5183
Joker5183 collected $3.32 from pot
*** SUMMARY ***
Total pot $3.50 | Rake $0.18 
Board [5h 3d Js 8h Ts]
Seat 1: Cogan STEEL (small blind) folded before Flop
Seat 2: b2k-Snick (big blind) folded on the River
Seat 3: Joker5183 collected ($3.32)
Seat 4: ShizA210 folded before Flop (didn't bet)
Seat 5: Chiarelli99 folded before Flop (didn't bet)
Seat 6: Virvia32 (button) folded on the River



PokerStars Hand #254729599082:  Hold'em No Limit ($0.50/$1.00 USD) - 2025/02/05 3:36:24 WET [2025/02/05 22:36:24 ET]
Table 'Hekate II' 6-max Seat #1 is the button
Seat 1: Cogan STEEL ($43.33 in chips) 
Seat 2: b2k-Snick ($106 in chips) 
Seat 3: Joker5183 ($80 in chips) 
Seat 4: ShizA210 ($41.99 in chips) 
Seat 5: Chiarelli99 ($102 in chips) 
Seat 6: Virvia32 ($102.08 in chips) 
b2k-Snick: posts small blind $0.50
Joker5183: posts big blind $1
*** HOLE CARDS ***
ShizA210: calls $1
Chiarelli99: folds 
Virvia32: calls $1
Cogan STEEL: calls $1
b2k-Snick: folds 
Joker5183: checks 
*** FLOP *** [7c Jc 5s]
Joker5183: checks 
ShizA210: checks 
Virvia32: checks 
Cogan STEEL: checks 
*** TURN *** [7c Jc 5s] [9c]
Joker5183: checks 
ShizA210: bets $2.14
Virvia32: folds 
Cogan STEEL: folds 
Joker5183: folds 
Uncalled bet ($2.14) returned to ShizA210
ShizA210 collected $4.28 from pot
*** SUMMARY ***
Total pot $4.50 | Rake $0.22 
Board [7c Jc 5s 9c]
Seat 1: Cogan STEEL (button) folded on the Turn
Seat 2: b2k-Snick (small blind) folded before Flop
Seat 3: Joker5183 (big blind) folded on the Turn
Seat 4: ShizA210 collected ($4.28)
Seat 5: Chiarelli99 folded before Flop (didn't bet)
Seat 6: Virvia32 folded on the Turn



PokerStars Hand #254729606681:  Hold'em No Limit ($0.50/$1.00 USD) - 2025/02/05 3:37:26 WET [2025/02/05 22:37:26 ET]
Table 'Hekate II' 6-max Seat #2 is the button
Seat 1: Cogan STEEL ($42.33 in chips) 
Seat 2: b2k-Snick ($105.50 in chips) 
Seat 3: Joker5183 ($79 in chips) 
Seat 4: ShizA210 ($45.27 in chips) 
Seat 5: Chiarelli99 ($102 in chips) 
Seat 6: Virvia32 ($101.08 in chips) 
Joker5183: posts small blind $0.50
ShizA210: posts big blind $1
*** HOLE CARDS ***
Chiarelli99: folds 
Virvia32: raises $1.50 to $2.50
Cogan STEEL: folds 
b2k-Snick: folds 
Joker5183: folds 
ShizA210: folds 
Uncalled bet ($1.50) returned to Virvia32
Virvia32 collected $2.50 from pot
Virvia32: doesn't show hand 
*** SUMMARY ***
Total pot $2.50 | Rake $0 
Seat 1: Cogan STEEL folded before Flop (didn't bet)
Seat 2: b2k-Snick (button) folded before Flop (didn't bet)
Seat 3: Joker5183 (small blind) folded before Flop
Seat 4: ShizA210 (big blind) folded before Flop
Seat 5: Chiarelli99 folded before Flop (didn't bet)
Seat 6: Virvia32 collected ($2.50)



PokerStars Hand #254729608634:  Hold'em No Limit ($0.50/$1.00 USD) - 2025/02/05 3:37:41 WET [2025/02/05 22:37:41 ET]
Table 'Hekate II' 6-max Seat #3 is the button
Seat 1: Cogan STEEL ($42.33 in chips) 
Seat 2: b2k-Snick ($105.50 in chips) 
Seat 3: Joker5183 ($78.50 in chips) 
Seat 4: ShizA210 ($44.27 in chips) 
Seat 5: Chiarelli99 ($102 in chips) 
Seat 6: Virvia32 ($102.58 in chips) 
ShizA210: posts small blind $0.50
Chiarelli99: posts big blind $1
*** HOLE CARDS ***
Virvia32: folds 
Cogan STEEL: folds 
b2k-Snick: raises $1.50 to $2.50
Joker5183: folds 
ShizA210: folds 
Chiarelli99: folds 
Uncalled bet ($1.50) returned to b2k-Snick
b2k-Snick collected $2.50 from pot
b2k-Snick: doesn't show hand 
*** SUMMARY ***
Total pot $2.50 | Rake $0 
Seat 1: Cogan STEEL folded before Flop (didn't bet)
Seat 2: b2k-Snick collected ($2.50)
Seat 3: Joker5183 (button) folded before Flop (didn't bet)
Seat 4: ShizA210 (small blind) folded before Flop
Seat 5: Chiarelli99 (big blind) folded before Flop
Seat 6: Virvia32 folded before Flop (didn't bet)



