PokerStars Hand #254726357553:  Hold'em No Limit ($0.50/$1.00 USD) - 2025/02/05 22:42:33 WET [2025/02/05 17:42:33 ET]
Table 'Euboea II' 6-max Seat #5 is the button
Seat 1: IREQO ($105.19 in chips) is sitting out
Seat 4: santino12833 ($0 in chips) is sitting out
Seat 6: Xenicide ($100 in chips) is sitting out
Seat 2: steepfell ($119.24 in chips) 
Seat 3: XneferX ($100 in chips) 
Seat 5: YeeesMan ($124.02 in chips) 
steepfell: posts small blind $0.50
XneferX: posts big blind $1
*** HOLE CARDS ***
YeeesMan: folds 
steepfell: raises $2 to $3
XneferX: calls $2
*** FLOP *** [6d 6s 3c]
steepfell: checks 
XneferX: checks 
*** TURN *** [6d 6s 3c] [Js]
steepfell: bets $2.85
XneferX: folds 
Uncalled bet ($2.85) returned to steepfell
steepfell collected $5.70 from pot
steepfell: doesn't show hand 
*** SUMMARY ***
Total pot $6 | Rake $0.30 
Board [6d 6s 3c Js]
Seat 1: IREQO
Seat 4: santino12833
Seat 6: Xenicide
Seat 2: steepfell (small blind) collected ($5.70)
Seat 3: XneferX (big blind) folded on the Turn
Seat 5: YeeesMan (button) folded before Flop (didn't bet)



PokerStars Hand #254726373113:  Hold'em No Limit ($0.50/$1.00 USD) - 2025/02/05 22:43:28 WET [2025/02/05 17:43:28 ET]
Table 'Euboea II' 6-max Seat #2 is the button
Seat 1: IREQO ($105.19 in chips) is sitting out
Seat 6: Xenicide ($100 in chips) is sitting out
Seat 2: steepfell ($121.94 in chips) 
Seat 3: XneferX ($100 in chips) 
Seat 4: santino12833 ($18.85 in chips) 
Seat 5: YeeesMan ($124.02 in chips) 
XneferX: posts small blind $0.50
santino12833: posts big blind $1
Xenicide: sits out 
IREQO: sits out 
*** HOLE CARDS ***
YeeesMan: folds 
steepfell: folds 
XneferX: folds 
Uncalled bet ($0.50) returned to santino12833
santino12833 collected $1 from pot
*** SUMMARY ***
Total pot $1 | Rake $0 
Seat 1: IREQO
Seat 6: Xenicide
Seat 2: steepfell (button) folded before Flop (didn't bet)
Seat 3: XneferX (small blind) folded before Flop
Seat 4: santino12833 (big blind) collected ($1)
Seat 5: YeeesMan folded before Flop (didn't bet)



PokerStars Hand #254726378152:  Hold'em No Limit ($0.50/$1.00 USD) - 2025/02/05 22:43:45 WET [2025/02/05 17:43:45 ET]
Table 'Euboea II' 6-max Seat #3 is the button
Seat 1: IREQO ($105.19 in chips) is sitting out
Seat 6: Xenicide ($100 in chips) is sitting out
Seat 2: steepfell ($121.94 in chips) 
Seat 3: XneferX ($100 in chips) 
Seat 4: santino12833 ($19.35 in chips) 
Seat 5: YeeesMan ($124.02 in chips) 
santino12833: posts small blind $0.50
YeeesMan: posts big blind $1
Xenicide: sits out 
IREQO: sits out 
*** HOLE CARDS ***
steepfell: folds 
XneferX: raises $1.77 to $2.77
santino12833: folds 
YeeesMan: raises $9.23 to $12
XneferX: folds 
Uncalled bet ($9.23) returned to YeeesMan
YeeesMan collected $6.04 from pot
YeeesMan: doesn't show hand 
*** SUMMARY ***
Total pot $6.04 | Rake $0 
Seat 1: IREQO
Seat 6: Xenicide
Seat 2: steepfell folded before Flop (didn't bet)
Seat 3: XneferX (button) folded before Flop
Seat 4: santino12833 (small blind) folded before Flop
Seat 5: YeeesMan (big blind) collected ($6.04)



PokerStars Hand #254726388561:  Hold'em No Limit ($0.50/$1.00 USD) - 2025/02/05 22:44:22 WET [2025/02/05 17:44:22 ET]
Table 'Euboea II' 6-max Seat #4 is the button
Seat 1: IREQO ($105.19 in chips) is sitting out
Seat 2: steepfell ($121.94 in chips) 
Seat 3: XneferX ($100 in chips) 
Seat 4: santino12833 ($18.85 in chips) 
Seat 5: YeeesMan ($127.29 in chips) 
Seat 6: Xenicide ($100 in chips) 
YeeesMan: posts small blind $0.50
Xenicide: posts big blind $1
IREQO: sits out 
*** HOLE CARDS ***
steepfell: folds 
XneferX: folds 
santino12833: calls $1
YeeesMan: folds 
Xenicide: checks 
*** FLOP *** [8c 6d 2s]
Xenicide: bets $1
santino12833: calls $1
*** TURN *** [8c 6d 2s] [Ad]
Xenicide: checks 
santino12833: checks 
*** RIVER *** [8c 6d 2s Ad] [Td]
Xenicide: bets $98 and is all-in
santino12833: folds 
Uncalled bet ($98) returned to Xenicide
Xenicide collected $4.28 from pot
*** SUMMARY ***
Total pot $4.50 | Rake $0.22 
Board [8c 6d 2s Ad Td]
Seat 1: IREQO
Seat 2: steepfell folded before Flop (didn't bet)
Seat 3: XneferX folded before Flop (didn't bet)
Seat 4: santino12833 (button) folded on the River
Seat 5: YeeesMan (small blind) folded before Flop
Seat 6: Xenicide (big blind) collected ($4.28)



PokerStars Hand #254726401532:  Hold'em No Limit ($0.50/$1.00 USD) - 2025/02/05 22:45:08 WET [2025/02/05 17:45:08 ET]
Table 'Euboea II' 6-max Seat #5 is the button
Seat 1: IREQO ($105.19 in chips) 
Seat 2: steepfell ($121.94 in chips) 
Seat 3: XneferX ($100 in chips) 
Seat 4: santino12833 ($16.85 in chips) 
Seat 5: YeeesMan ($126.79 in chips) 
Seat 6: Xenicide ($102.28 in chips) 
Xenicide: posts small blind $0.50
IREQO: posts big blind $1
*** HOLE CARDS ***
steepfell: folds 
XneferX: folds 
santino12833: calls $1
YeeesMan: raises $2.50 to $3.50
Xenicide: folds 
IREQO: folds 
santino12833: calls $2.50
*** FLOP *** [4d 6d 5d]
santino12833: checks 
YeeesMan: checks 
*** TURN *** [4d 6d 5d] [9s]
santino12833: bets $4
YeeesMan: folds 
Uncalled bet ($4) returned to santino12833
santino12833 collected $8.08 from pot
*** SUMMARY ***
Total pot $8.50 | Rake $0.42 
Board [4d 6d 5d 9s]
Seat 1: IREQO (big blind) folded before Flop
Seat 2: steepfell folded before Flop (didn't bet)
Seat 3: XneferX folded before Flop (didn't bet)
Seat 4: santino12833 collected ($8.08)
Seat 5: YeeesMan (button) folded on the Turn
Seat 6: Xenicide (small blind) folded before Flop



PokerStars Hand #254726417737:  Hold'em No Limit ($0.50/$1.00 USD) - 2025/02/05 22:46:06 WET [2025/02/05 17:46:06 ET]
Table 'Euboea II' 6-max Seat #6 is the button
Seat 1: IREQO ($104.19 in chips) 
Seat 2: steepfell ($121.94 in chips) 
Seat 3: XneferX ($100 in chips) 
Seat 4: santino12833 ($21.43 in chips) 
Seat 5: YeeesMan ($123.29 in chips) 
Seat 6: Xenicide ($101.78 in chips) 
IREQO: posts small blind $0.50
steepfell: posts big blind $1
*** HOLE CARDS ***
XneferX: folds 
santino12833: calls $1
YeeesMan: folds 
Xenicide: raises $3.50 to $4.50
IREQO: folds 
steepfell: folds 
santino12833: calls $3.50
*** FLOP *** [Ts 2h 4c]
santino12833: checks 
Xenicide: bets $2
santino12833: calls $2
*** TURN *** [Ts 2h 4c] [Ah]
santino12833: checks 
Xenicide: checks 
*** RIVER *** [Ts 2h 4c Ah] [5c]
santino12833: bets $5
Xenicide: raises $20.21 to $25.21
santino12833: folds 
Uncalled bet ($20.21) returned to Xenicide
Xenicide collected $23.28 from pot
*** SUMMARY ***
Total pot $24.50 | Rake $1.22 
Board [Ts 2h 4c Ah 5c]
Seat 1: IREQO (small blind) folded before Flop
Seat 2: steepfell (big blind) folded before Flop
Seat 3: XneferX folded before Flop (didn't bet)
Seat 4: santino12833 folded on the River
Seat 5: YeeesMan folded before Flop (didn't bet)
Seat 6: Xenicide (button) collected ($23.28)



PokerStars Hand #254726438962:  Hold'em No Limit ($0.50/$1.00 USD) - 2025/02/05 22:47:22 WET [2025/02/05 17:47:22 ET]
Table 'Euboea II' 6-max Seat #1 is the button
Seat 1: IREQO ($103.69 in chips) 
Seat 2: steepfell ($120.94 in chips) 
Seat 3: XneferX ($100 in chips) 
Seat 4: santino12833 ($9.93 in chips) 
Seat 5: YeeesMan ($123.29 in chips) 
Seat 6: Xenicide ($113.56 in chips) 
steepfell: posts small blind $0.50
XneferX: posts big blind $1
*** HOLE CARDS ***
santino12833: calls $1
YeeesMan: raises $2.50 to $3.50
Xenicide: raises $5.50 to $9
IREQO: folds 
steepfell: folds 
XneferX: folds 
santino12833: folds 
YeeesMan: raises $15 to $24
Xenicide: folds 
Uncalled bet ($15) returned to YeeesMan
YeeesMan collected $20.50 from pot
YeeesMan: doesn't show hand 
*** SUMMARY ***
Total pot $20.50 | Rake $0 
Seat 1: IREQO (button) folded before Flop (didn't bet)
Seat 2: steepfell (small blind) folded before Flop
Seat 3: XneferX (big blind) folded before Flop
Seat 4: santino12833 folded before Flop
Seat 5: YeeesMan collected ($20.50)
Seat 6: Xenicide folded before Flop



PokerStars Hand #254726451030:  Hold'em No Limit ($0.50/$1.00 USD) - 2025/02/05 22:48:04 WET [2025/02/05 17:48:04 ET]
Table 'Euboea II' 6-max Seat #2 is the button
Seat 1: IREQO ($103.69 in chips) 
Seat 2: steepfell ($120.44 in chips) 
Seat 3: XneferX ($100 in chips) 
Seat 4: santino12833 ($8.93 in chips) 
Seat 5: YeeesMan ($134.79 in chips) 
Seat 6: Xenicide ($104.56 in chips) 
XneferX: posts small blind $0.50
santino12833: posts big blind $1
*** HOLE CARDS ***
YeeesMan: raises $1.50 to $2.50
Xenicide: folds 
IREQO: folds 
steepfell: folds 
XneferX: folds 
santino12833: calls $1.50
*** FLOP *** [9s Th Qh]
santino12833: bets $6.43 and is all-in
YeeesMan: calls $6.43
*** TURN *** [9s Th Qh] [2d]
*** RIVER *** [9s Th Qh 2d] [Ah]
*** SHOW DOWN ***
santino12833: shows [9h 2s] (two pair, Nines and Deuces)
YeeesMan: shows [Kd Qd] (a pair of Queens)
santino12833 collected $17.44 from pot
*** SUMMARY ***
Total pot $18.36 | Rake $0.92 
Board [9s Th Qh 2d Ah]
Seat 1: IREQO folded before Flop (didn't bet)
Seat 2: steepfell (button) folded before Flop (didn't bet)
Seat 3: XneferX (small blind) folded before Flop
Seat 4: santino12833 (big blind) showed [9h 2s] and won ($17.44) with two pair, Nines and Deuces
Seat 5: YeeesMan showed [Kd Qd] and lost with a pair of Queens
Seat 6: Xenicide folded before Flop (didn't bet)



PokerStars Hand #254726459418:  Hold'em No Limit ($0.50/$1.00 USD) - 2025/02/05 22:48:35 WET [2025/02/05 17:48:35 ET]
Table 'Euboea II' 6-max Seat #3 is the button
Seat 5: YeeesMan ($125.86 in chips) is sitting out
Seat 1: IREQO ($103.69 in chips) 
Seat 2: steepfell ($120.44 in chips) 
Seat 3: XneferX ($100 in chips) 
Seat 4: santino12833 ($17.44 in chips) 
Seat 6: Xenicide ($104.56 in chips) 
santino12833: posts small blind $0.50
YeeesMan: is sitting out 
Xenicide: posts big blind $1
*** HOLE CARDS ***
IREQO: folds 
steepfell: folds 
XneferX: folds 
YeeesMan leaves the table
santino12833: calls $0.50
Xenicide: checks 
*** FLOP *** [6h 8h 2s]
LuckyShikari joins the table at seat #5 
santino12833: checks 
Xenicide: bets $1
santino12833: calls $1
*** TURN *** [6h 8h 2s] [Th]
santino12833: checks 
Xenicide: bets $1.18
santino12833: calls $1.18
*** RIVER *** [6h 8h 2s Th] [4c]
santino12833: checks 
Xenicide: checks 
*** SHOW DOWN ***
santino12833: shows [5h 5c] (a pair of Fives)
Xenicide: shows [Qh 6s] (a pair of Sixes)
Xenicide collected $6.04 from pot
*** SUMMARY ***
Total pot $6.36 | Rake $0.32 
Board [6h 8h 2s Th 4c]
Seat 5: YeeesMan
Seat 1: IREQO folded before Flop (didn't bet)
Seat 2: steepfell folded before Flop (didn't bet)
Seat 3: XneferX (button) folded before Flop (didn't bet)
Seat 4: santino12833 (small blind) showed [5h 5c] and lost with a pair of Fives
Seat 6: Xenicide (big blind) showed [Qh 6s] and won ($6.04) with a pair of Sixes



PokerStars Hand #254726476742:  Hold'em No Limit ($0.50/$1.00 USD) - 2025/02/05 22:49:36 WET [2025/02/05 17:49:36 ET]
Table 'Euboea II' 6-max Seat #4 is the button
Seat 5: LuckyShikari ($100 in chips) is sitting out
Seat 1: IREQO ($103.69 in chips) 
Seat 2: steepfell ($120.44 in chips) 
Seat 3: XneferX ($100 in chips) 
Seat 4: santino12833 ($14.26 in chips) 
Seat 6: Xenicide ($107.42 in chips) 
Xenicide: posts small blind $0.50
IREQO: posts big blind $1
*** HOLE CARDS ***
steepfell: folds 
XneferX: folds 
santino12833: calls $1
Xenicide: folds 
IREQO: checks 
*** FLOP *** [Qd 6c 8h]
IREQO: checks 
santino12833: checks 
*** TURN *** [Qd 6c 8h] [Td]
IREQO: bets $1.19
santino12833: calls $1.19
*** RIVER *** [Qd 6c 8h Td] [3s]
IREQO: checks 
santino12833: checks 
*** SHOW DOWN ***
IREQO: shows [8c Kh] (a pair of Eights)
santino12833: mucks hand 
IREQO collected $4.64 from pot
*** SUMMARY ***
Total pot $4.88 | Rake $0.24 
Board [Qd 6c 8h Td 3s]
Seat 5: LuckyShikari
Seat 1: IREQO (big blind) showed [8c Kh] and won ($4.64) with a pair of Eights
Seat 2: steepfell folded before Flop (didn't bet)
Seat 3: XneferX folded before Flop (didn't bet)
Seat 4: santino12833 (button) mucked
Seat 6: Xenicide (small blind) folded before Flop



PokerStars Hand #254726494211:  Hold'em No Limit ($0.50/$1.00 USD) - 2025/02/05 22:50:38 WET [2025/02/05 17:50:38 ET]
Table 'Euboea II' 6-max Seat #6 is the button
Seat 5: LuckyShikari ($100 in chips) is sitting out
Seat 1: IREQO ($106.14 in chips) 
Seat 2: steepfell ($120.44 in chips) 
Seat 3: XneferX ($100 in chips) 
Seat 4: santino12833 ($12.07 in chips) 
Seat 6: Xenicide ($106.92 in chips) 
IREQO: posts small blind $0.50
steepfell: posts big blind $1
*** HOLE CARDS ***
XneferX: raises $1.10 to $2.10
santino12833: calls $2.10
Xenicide: folds 
IREQO: folds 
steepfell: folds 
*** FLOP *** [Jc 4c Qd]
XneferX: checks 
santino12833: checks 
*** TURN *** [Jc 4c Qd] [3s]
XneferX: checks 
santino12833: checks 
*** RIVER *** [Jc 4c Qd 3s] [2s]
XneferX: checks 
santino12833: checks 
*** SHOW DOWN ***
XneferX: shows [8d Kd] (high card King)
santino12833: shows [4d 5c] (a pair of Fours)
santino12833 collected $5.42 from pot
*** SUMMARY ***
Total pot $5.70 | Rake $0.28 
Board [Jc 4c Qd 3s 2s]
Seat 5: LuckyShikari
Seat 1: IREQO (small blind) folded before Flop
Seat 2: steepfell (big blind) folded before Flop
Seat 3: XneferX showed [8d Kd] and lost with high card King
Seat 4: santino12833 showed [4d 5c] and won ($5.42) with a pair of Fours
Seat 6: Xenicide (button) folded before Flop (didn't bet)



PokerStars Hand #254726512209:  Hold'em No Limit ($0.50/$1.00 USD) - 2025/02/05 22:51:43 WET [2025/02/05 17:51:43 ET]
Table 'Euboea II' 6-max Seat #1 is the button
Seat 5: LuckyShikari ($100 in chips) is sitting out
Seat 1: IREQO ($105.64 in chips) 
Seat 2: steepfell ($119.44 in chips) 
Seat 3: XneferX ($100 in chips) 
Seat 4: santino12833 ($15.39 in chips) 
Seat 6: Xenicide ($106.92 in chips) 
steepfell: posts small blind $0.50
XneferX: posts big blind $1
LuckyShikari: sits out 
*** HOLE CARDS ***
santino12833: calls $1
Xenicide: raises $3 to $4
IREQO: raises $8 to $12
steepfell: folds 
XneferX: folds 
santino12833: folds 
Xenicide: folds 
Uncalled bet ($8) returned to IREQO
IREQO collected $10.50 from pot
IREQO: doesn't show hand 
*** SUMMARY ***
Total pot $10.50 | Rake $0 
Seat 5: LuckyShikari
Seat 1: IREQO (button) collected ($10.50)
Seat 2: steepfell (small blind) folded before Flop
Seat 3: XneferX (big blind) folded before Flop
Seat 4: santino12833 folded before Flop
Seat 6: Xenicide folded before Flop



PokerStars Hand #254726522009:  Hold'em No Limit ($0.50/$1.00 USD) - 2025/02/05 22:52:18 WET [2025/02/05 17:52:18 ET]
Table 'Euboea II' 6-max Seat #2 is the button
Seat 5: LuckyShikari ($100 in chips) is sitting out
Seat 1: IREQO ($112.14 in chips) 
Seat 2: steepfell ($118.94 in chips) 
Seat 3: XneferX ($100 in chips) 
Seat 4: santino12833 ($14.39 in chips) 
Seat 6: Xenicide ($102.92 in chips) 
XneferX: posts small blind $0.50
santino12833: posts big blind $1
LuckyShikari: sits out 
*** HOLE CARDS ***
Xenicide: raises $1 to $2
IREQO: folds 
steepfell: folds 
XneferX: folds 
santino12833: calls $1
*** FLOP *** [4c 9h 2c]
santino12833: checks 
Xenicide: checks 
*** TURN *** [4c 9h 2c] [9s]
santino12833: checks 
Xenicide: checks 
*** RIVER *** [4c 9h 2c 9s] [Ks]
santino12833: checks 
Xenicide: bets $4.28
santino12833: folds 
Uncalled bet ($4.28) returned to Xenicide
Xenicide collected $4.28 from pot
*** SUMMARY ***
Total pot $4.50 | Rake $0.22 
Board [4c 9h 2c 9s Ks]
Seat 5: LuckyShikari
Seat 1: IREQO folded before Flop (didn't bet)
Seat 2: steepfell (button) folded before Flop (didn't bet)
Seat 3: XneferX (small blind) folded before Flop
Seat 4: santino12833 (big blind) folded on the River
Seat 6: Xenicide collected ($4.28)



PokerStars Hand #254726544907:  Hold'em No Limit ($0.50/$1.00 USD) - 2025/02/05 22:53:41 WET [2025/02/05 17:53:41 ET]
Table 'Euboea II' 6-max Seat #3 is the button
Seat 1: IREQO ($112.14 in chips) 
Seat 2: steepfell ($118.94 in chips) 
Seat 3: XneferX ($100 in chips) 
Seat 4: santino12833 ($12.39 in chips) 
Seat 5: LuckyShikari ($100 in chips) 
Seat 6: Xenicide ($105.20 in chips) 
santino12833: posts small blind $0.50
LuckyShikari: posts big blind $1
*** HOLE CARDS ***
Xenicide: folds 
IREQO: folds 
steepfell: folds 
XneferX: folds 
santino12833: calls $0.50
LuckyShikari: raises $99 to $100 and is all-in
santino12833: folds 
Uncalled bet ($99) returned to LuckyShikari
LuckyShikari collected $2 from pot
LuckyShikari: doesn't show hand 
*** SUMMARY ***
Total pot $2 | Rake $0 
Seat 1: IREQO folded before Flop (didn't bet)
Seat 2: steepfell folded before Flop (didn't bet)
Seat 3: XneferX (button) folded before Flop (didn't bet)
Seat 4: santino12833 (small blind) folded before Flop
Seat 5: LuckyShikari (big blind) collected ($2)
Seat 6: Xenicide folded before Flop (didn't bet)



PokerStars Hand #254726551826:  Hold'em No Limit ($0.50/$1.00 USD) - 2025/02/05 22:54:06 WET [2025/02/05 17:54:06 ET]
Table 'Euboea II' 6-max Seat #4 is the button
Seat 1: IREQO ($112.14 in chips) 
Seat 2: steepfell ($118.94 in chips) 
Seat 3: XneferX ($100 in chips) 
Seat 4: santino12833 ($11.39 in chips) 
Seat 5: LuckyShikari ($101 in chips) 
Seat 6: Xenicide ($105.20 in chips) 
LuckyShikari: posts small blind $0.50
Xenicide: posts big blind $1
*** HOLE CARDS ***
IREQO: folds 
steepfell: folds 
XneferX: raises $1.30 to $2.30
santino12833: calls $2.30
LuckyShikari: folds 
Xenicide: folds 
*** FLOP *** [Kd Qh 3h]
XneferX: checks 
santino12833: checks 
*** TURN *** [Kd Qh 3h] [9d]
XneferX: checks 
santino12833: checks 
*** RIVER *** [Kd Qh 3h 9d] [5h]
XneferX: checks 
santino12833: checks 
*** SHOW DOWN ***
XneferX: shows [Tc 7c] (high card King)
santino12833: shows [7d Ac] (high card Ace)
santino12833 collected $5.80 from pot
*** SUMMARY ***
Total pot $6.10 | Rake $0.30 
Board [Kd Qh 3h 9d 5h]
Seat 1: IREQO folded before Flop (didn't bet)
Seat 2: steepfell folded before Flop (didn't bet)
Seat 3: XneferX showed [Tc 7c] and lost with high card King
Seat 4: santino12833 (button) showed [7d Ac] and won ($5.80) with high card Ace
Seat 5: LuckyShikari (small blind) folded before Flop
Seat 6: Xenicide (big blind) folded before Flop



PokerStars Hand #254726563730:  Hold'em No Limit ($0.50/$1.00 USD) - 2025/02/05 22:54:50 WET [2025/02/05 17:54:50 ET]
Table 'Euboea II' 6-max Seat #5 is the button
Seat 1: IREQO ($112.14 in chips) 
Seat 2: steepfell ($118.94 in chips) 
Seat 3: XneferX ($100 in chips) 
Seat 4: santino12833 ($14.89 in chips) 
Seat 5: LuckyShikari ($100.50 in chips) 
Seat 6: Xenicide ($104.20 in chips) 
Xenicide: posts small blind $0.50
IREQO: posts big blind $1
*** HOLE CARDS ***
steepfell: folds 
XneferX: raises $1.10 to $2.10
santino12833: folds 
LuckyShikari: folds 
Xenicide: folds 
IREQO: folds 
Uncalled bet ($1.10) returned to XneferX
XneferX collected $2.50 from pot
*** SUMMARY ***
Total pot $2.50 | Rake $0 
Seat 1: IREQO (big blind) folded before Flop
Seat 2: steepfell folded before Flop (didn't bet)
Seat 3: XneferX collected ($2.50)
Seat 4: santino12833 folded before Flop (didn't bet)
Seat 5: LuckyShikari (button) folded before Flop (didn't bet)
Seat 6: Xenicide (small blind) folded before Flop



PokerStars Hand #254726570798:  Hold'em No Limit ($0.50/$1.00 USD) - 2025/02/05 22:55:19 WET [2025/02/05 17:55:19 ET]
Table 'Euboea II' 6-max Seat #6 is the button
Seat 1: IREQO ($111.14 in chips) 
Seat 2: steepfell ($118.94 in chips) 
Seat 3: XneferX ($101.50 in chips) 
Seat 4: santino12833 ($14.89 in chips) 
Seat 5: LuckyShikari ($100.50 in chips) 
Seat 6: Xenicide ($103.70 in chips) 
IREQO: posts small blind $0.50
steepfell: posts big blind $1
*** HOLE CARDS ***
XneferX: folds 
santino12833: calls $1
LuckyShikari: folds 
Xenicide: folds 
IREQO: calls $0.50
steepfell: checks 
*** FLOP *** [Kc 8c 5d]
IREQO: checks 
steepfell: checks 
santino12833: checks 
*** TURN *** [Kc 8c 5d] [5c]
IREQO: bets $1.43
steepfell: folds 
santino12833: folds 
Uncalled bet ($1.43) returned to IREQO
IREQO collected $2.85 from pot
IREQO: doesn't show hand 
*** SUMMARY ***
Total pot $3 | Rake $0.15 
Board [Kc 8c 5d 5c]
Seat 1: IREQO (small blind) collected ($2.85)
Seat 2: steepfell (big blind) folded on the Turn
Seat 3: XneferX folded before Flop (didn't bet)
Seat 4: santino12833 folded on the Turn
Seat 5: LuckyShikari folded before Flop (didn't bet)
Seat 6: Xenicide (button) folded before Flop (didn't bet)



PokerStars Hand #254726579234:  Hold'em No Limit ($0.50/$1.00 USD) - 2025/02/05 22:56:02 WET [2025/02/05 17:56:02 ET]
Table 'Euboea II' 6-max Seat #1 is the button
Seat 1: IREQO ($112.99 in chips) 
Seat 2: steepfell ($117.94 in chips) 
Seat 3: XneferX ($101.50 in chips) 
Seat 4: santino12833 ($13.89 in chips) 
Seat 5: LuckyShikari ($100.50 in chips) 
Seat 6: Xenicide ($103.70 in chips) 
steepfell: posts small blind $0.50
XneferX: posts big blind $1
*** HOLE CARDS ***
santino12833: calls $1
LuckyShikari: folds 
Xenicide: folds 
IREQO: folds 
steepfell: folds 
XneferX: checks 
*** FLOP *** [Td 6s 4h]
XneferX: checks 
santino12833: checks 
*** TURN *** [Td 6s 4h] [Tc]
XneferX: checks 
santino12833: checks 
*** RIVER *** [Td 6s 4h Tc] [Jh]
XneferX: bets $1.20
santino12833: folds 
Uncalled bet ($1.20) returned to XneferX
XneferX collected $2.38 from pot
XneferX: doesn't show hand 
*** SUMMARY ***
Total pot $2.50 | Rake $0.12 
Board [Td 6s 4h Tc Jh]
Seat 1: IREQO (button) folded before Flop (didn't bet)
Seat 2: steepfell (small blind) folded before Flop
Seat 3: XneferX (big blind) collected ($2.38)
Seat 4: santino12833 folded on the River
Seat 5: LuckyShikari folded before Flop (didn't bet)
Seat 6: Xenicide folded before Flop (didn't bet)



PokerStars Hand #254726587122:  Hold'em No Limit ($0.50/$1.00 USD) - 2025/02/05 22:56:42 WET [2025/02/05 17:56:42 ET]
Table 'Euboea II' 6-max Seat #2 is the button
Seat 1: IREQO ($112.99 in chips) 
Seat 2: steepfell ($117.44 in chips) 
Seat 3: XneferX ($102.88 in chips) 
Seat 4: santino12833 ($12.89 in chips) 
Seat 5: LuckyShikari ($100.50 in chips) 
Seat 6: Xenicide ($103.70 in chips) 
XneferX: posts small blind $0.50
santino12833: posts big blind $1
*** HOLE CARDS ***
LuckyShikari: folds 
Xenicide: raises $1 to $2
IREQO: folds 
steepfell: folds 
XneferX: folds 
santino12833: calls $1
*** FLOP *** [Ts As 7d]
santino12833: checks 
Xenicide: bets $1.33
santino12833: folds 
Uncalled bet ($1.33) returned to Xenicide
Xenicide collected $4.28 from pot
*** SUMMARY ***
Total pot $4.50 | Rake $0.22 
Board [Ts As 7d]
Seat 1: IREQO folded before Flop (didn't bet)
Seat 2: steepfell (button) folded before Flop (didn't bet)
Seat 3: XneferX (small blind) folded before Flop
Seat 4: santino12833 (big blind) folded on the Flop
Seat 5: LuckyShikari folded before Flop (didn't bet)
Seat 6: Xenicide collected ($4.28)



PokerStars Hand #254726594612:  Hold'em No Limit ($0.50/$1.00 USD) - 2025/02/05 22:57:21 WET [2025/02/05 17:57:21 ET]
Table 'Euboea II' 6-max Seat #3 is the button
Seat 1: IREQO ($112.99 in chips) 
Seat 2: steepfell ($117.44 in chips) 
Seat 3: XneferX ($102.38 in chips) 
Seat 4: santino12833 ($10.89 in chips) 
Seat 5: LuckyShikari ($100.50 in chips) 
Seat 6: Xenicide ($105.98 in chips) 
santino12833: posts small blind $0.50
LuckyShikari: posts big blind $1
*** HOLE CARDS ***
Xenicide: folds 
IREQO: raises $1.50 to $2.50
steepfell: folds 
XneferX: folds 
santino12833: calls $2
LuckyShikari: raises $10 to $12.50
IREQO: calls $10
santino12833: calls $8.39 and is all-in
*** FLOP *** [Qs 3h 4h]
LuckyShikari: bets $17
IREQO: calls $17
*** TURN *** [Qs 3h 4h] [7d]
LuckyShikari: checks 
IREQO: bets $26
LuckyShikari: raises $45 to $71 and is all-in
IREQO: calls $45
IREQO has timed out
*** RIVER *** [Qs 3h 4h 7d] [4c]
*** SHOW DOWN ***
LuckyShikari: shows [Kc Qd] (two pair, Queens and Fours)
IREQO: shows [Ad Ah] (two pair, Aces and Fours)
IREQO collected $178.35 from side pot
santino12833: shows [Tc Jd] (a pair of Fours)
IREQO collected $31.04 from main pot
*** SUMMARY ***
Total pot $211.89 Main pot $31.04. Side pot $178.35. | Rake $2.50 
Board [Qs 3h 4h 7d 4c]
Seat 1: IREQO showed [Ad Ah] and won ($209.39) with two pair, Aces and Fours
Seat 2: steepfell folded before Flop (didn't bet)
Seat 3: XneferX (button) folded before Flop (didn't bet)
Seat 4: santino12833 (small blind) showed [Tc Jd] and lost with a pair of Fours
Seat 5: LuckyShikari (big blind) showed [Kc Qd] and lost with two pair, Queens and Fours
Seat 6: Xenicide folded before Flop (didn't bet)



PokerStars Hand #254726613376:  Hold'em No Limit ($0.50/$1.00 USD) - 2025/02/05 22:58:57 WET [2025/02/05 17:58:57 ET]
Table 'Euboea II' 6-max Seat #6 is the button
Seat 4: santino12833 ($0 in chips) is sitting out
Seat 5: LuckyShikari ($0 in chips) is sitting out
Seat 1: IREQO ($221.88 in chips) 
Seat 2: steepfell ($117.44 in chips) 
Seat 3: XneferX ($102.38 in chips) 
Seat 6: Xenicide ($105.98 in chips) 
IREQO: posts small blind $0.50
steepfell: posts big blind $1
*** HOLE CARDS ***
XneferX: raises $1.30 to $2.30
santino12833 leaves the table
Xenicide: raises $4.20 to $6.50
IREQO: folds 
steepfell: folds 
XneferX: calls $4.20
*** FLOP *** [Qc Td Kc]
XneferX: checks 
Xenicide: bets $4.27
XneferX: calls $4.27
*** TURN *** [Qc Td Kc] [7c]
LuckyShikari leaves the table
XneferX: checks 
Xenicide: checks 
*** RIVER *** [Qc Td Kc 7c] [3c]
XneferX: checks 
Xenicide: checks 
*** SHOW DOWN ***
XneferX: shows [Jh Jc] (a flush, King high)
Xenicide: mucks hand 
XneferX collected $22.04 from pot
*** SUMMARY ***
Total pot $23.04 | Rake $1 
Board [Qc Td Kc 7c 3c]
Seat 4: santino12833
Seat 5: LuckyShikari
Seat 1: IREQO (small blind) folded before Flop
Seat 2: steepfell (big blind) folded before Flop
Seat 3: XneferX showed [Jh Jc] and won ($22.04) with a flush, King high
Seat 6: Xenicide (button) mucked



PokerStars Hand #254726634374:  Hold'em No Limit ($0.50/$1.00 USD) - 2025/02/05 23:00:40 WET [2025/02/05 18:00:40 ET]
Table 'Euboea II' 6-max Seat #1 is the button
Seat 1: IREQO ($221.38 in chips) 
Seat 2: steepfell ($116.44 in chips) 
Seat 3: XneferX ($113.65 in chips) 
Seat 6: Xenicide ($100 in chips) 
steepfell: posts small blind $0.50
XneferX: posts big blind $1
*** HOLE CARDS ***
Xenicide: folds 
IREQO: raises $1.50 to $2.50
steepfell: folds 
XneferX: calls $1.50
*** FLOP *** [2s 5c 9d]
XneferX: checks 
IREQO: bets $1.72
XneferX: calls $1.72
*** TURN *** [2s 5c 9d] [2h]
XneferX: checks 
IREQO: checks 
*** RIVER *** [2s 5c 9d 2h] [2c]
XneferX: bets $4.33
IREQO: raises $20.67 to $25
XneferX: folds 
Uncalled bet ($20.67) returned to IREQO
IREQO collected $16.72 from pot
IREQO: doesn't show hand 
*** SUMMARY ***
Total pot $17.60 | Rake $0.88 
Board [2s 5c 9d 2h 2c]
Seat 1: IREQO (button) collected ($16.72)
Seat 2: steepfell (small blind) folded before Flop
Seat 3: XneferX (big blind) folded on the River
Seat 6: Xenicide folded before Flop (didn't bet)



PokerStars Hand #254726669083:  Hold'em No Limit ($0.50/$1.00 USD) - 2025/02/05 23:02:56 WET [2025/02/05 18:02:56 ET]
Table 'Euboea II' 6-max Seat #2 is the button
Seat 1: IREQO ($229.55 in chips) 
Seat 2: steepfell ($115.94 in chips) 
Seat 3: XneferX ($105.10 in chips) 
Seat 6: Xenicide ($100 in chips) 
XneferX: posts small blind $0.50
Xenicide: posts big blind $1
*** HOLE CARDS ***
IREQO: folds 
steepfell: raises $1.50 to $2.50
IREQO leaves the table
XneferX: folds 
Xenicide: folds 
Uncalled bet ($1.50) returned to steepfell
steepfell collected $2.50 from pot
steepfell: doesn't show hand 
*** SUMMARY ***
Total pot $2.50 | Rake $0 
Seat 1: IREQO folded before Flop (didn't bet)
Seat 2: steepfell (button) collected ($2.50)
Seat 3: XneferX (small blind) folded before Flop
Seat 6: Xenicide (big blind) folded before Flop



