PokerStars Hand #254728898744:  Hold'em No Limit ($0.50/$1.00 USD) - 2025/02/05 2:09:41 WET [2025/02/05 21:09:41 ET]
Table 'Calypso II' 6-max Seat #5 is the button
Seat 1: NinaCox ($60.47 in chips) 
Seat 2: 50CandyJoe ($104.70 in chips) 
Seat 3: LeaveItYeah ($104 in chips) 
Seat 5: jkitsch111 ($59.16 in chips) 
Seat 6: 7bekon7 ($100 in chips) 
7bekon7: posts small blind $0.50
NinaCox: posts big blind $1
*** HOLE CARDS ***
50CandyJoe: folds 
LeaveItYeah: folds 
jkitsch111: folds 
7bekon7: folds 
Uncalled bet ($0.50) returned to NinaCox
NinaCox collected $1 from pot
NinaCox: doesn't show hand 
*** SUMMARY ***
Total pot $1 | Rake $0 
Seat 1: NinaCox (big blind) collected ($1)
Seat 2: 50CandyJoe folded before Flop (didn't bet)
Seat 3: LeaveItYeah folded before Flop (didn't bet)
Seat 5: jkitsch111 (button) folded before Flop (didn't bet)
Seat 6: 7bekon7 (small blind) folded before Flop



PokerStars Hand #254728900517:  Hold'em No Limit ($0.50/$1.00 USD) - 2025/02/05 2:09:52 WET [2025/02/05 21:09:52 ET]
Table 'Calypso II' 6-max Seat #6 is the button
Seat 1: NinaCox ($60.97 in chips) 
Seat 2: 50CandyJoe ($104.70 in chips) 
Seat 3: LeaveItYeah ($104 in chips) 
Seat 5: jkitsch111 ($59.16 in chips) 
Seat 6: 7bekon7 ($100 in chips) 
NinaCox: posts small blind $0.50
50CandyJoe: posts big blind $1
*** HOLE CARDS ***
LeaveItYeah: folds 
jkitsch111: folds 
7bekon7: raises $1.50 to $2.50
CashfishT joins the table at seat #4 
NinaCox: raises $5.50 to $8
50CandyJoe: raises $12 to $20
7bekon7: folds 
NinaCox: folds 
Uncalled bet ($12) returned to 50CandyJoe
50CandyJoe collected $18.50 from pot
50CandyJoe: doesn't show hand 
*** SUMMARY ***
Total pot $18.50 | Rake $0 
Seat 1: NinaCox (small blind) folded before Flop
Seat 2: 50CandyJoe (big blind) collected ($18.50)
Seat 3: LeaveItYeah folded before Flop (didn't bet)
Seat 5: jkitsch111 folded before Flop (didn't bet)
Seat 6: 7bekon7 (button) folded before Flop



PokerStars Hand #254728905560:  Hold'em No Limit ($0.50/$1.00 USD) - 2025/02/05 2:10:25 WET [2025/02/05 21:10:25 ET]
Table 'Calypso II' 6-max Seat #1 is the button
Seat 4: CashfishT ($100 in chips) is sitting out
Seat 1: NinaCox ($52.97 in chips) 
Seat 2: 50CandyJoe ($115.20 in chips) 
Seat 3: LeaveItYeah ($104 in chips) 
Seat 5: jkitsch111 ($59.16 in chips) 
Seat 6: 7bekon7 ($100 in chips) 
50CandyJoe: posts small blind $0.50
LeaveItYeah: posts big blind $1
CashfishT: sits out 
*** HOLE CARDS ***
jkitsch111: folds 
7bekon7: folds 
NinaCox: folds 
50CandyJoe: folds 
Uncalled bet ($0.50) returned to LeaveItYeah
LeaveItYeah collected $1 from pot
LeaveItYeah: doesn't show hand 
*** SUMMARY ***
Total pot $1 | Rake $0 
Seat 4: CashfishT
Seat 1: NinaCox (button) folded before Flop (didn't bet)
Seat 2: 50CandyJoe (small blind) folded before Flop
Seat 3: LeaveItYeah (big blind) collected ($1)
Seat 5: jkitsch111 folded before Flop (didn't bet)
Seat 6: 7bekon7 folded before Flop (didn't bet)



PokerStars Hand #254728907373:  Hold'em No Limit ($0.50/$1.00 USD) - 2025/02/05 2:10:37 WET [2025/02/05 21:10:37 ET]
Table 'Calypso II' 6-max Seat #2 is the button
Seat 1: NinaCox ($52.97 in chips) 
Seat 2: 50CandyJoe ($114.70 in chips) 
Seat 3: LeaveItYeah ($104.50 in chips) 
Seat 4: CashfishT ($100 in chips) 
Seat 5: jkitsch111 ($59.16 in chips) 
Seat 6: 7bekon7 ($100 in chips) 
LeaveItYeah: posts small blind $0.50
CashfishT: posts big blind $1
*** HOLE CARDS ***
jkitsch111: folds 
7bekon7: folds 
NinaCox: folds 
50CandyJoe: raises $1.50 to $2.50
LeaveItYeah: folds 
CashfishT: calls $1.50
*** FLOP *** [5h 2d 6s]
CashfishT: checks 
50CandyJoe: bets $1.31
CashfishT: calls $1.31
*** TURN *** [5h 2d 6s] [Ts]
CashfishT: checks 
50CandyJoe: bets $10.41
CashfishT: folds 
Uncalled bet ($10.41) returned to 50CandyJoe
50CandyJoe collected $7.71 from pot
50CandyJoe: doesn't show hand 
*** SUMMARY ***
Total pot $8.12 | Rake $0.41 
Board [5h 2d 6s Ts]
Seat 1: NinaCox folded before Flop (didn't bet)
Seat 2: 50CandyJoe (button) collected ($7.71)
Seat 3: LeaveItYeah (small blind) folded before Flop
Seat 4: CashfishT (big blind) folded on the Turn
Seat 5: jkitsch111 folded before Flop (didn't bet)
Seat 6: 7bekon7 folded before Flop (didn't bet)



PokerStars Hand #254728915932:  Hold'em No Limit ($0.50/$1.00 USD) - 2025/02/05 2:11:33 WET [2025/02/05 21:11:33 ET]
Table 'Calypso II' 6-max Seat #3 is the button
Seat 1: NinaCox ($52.97 in chips) 
Seat 2: 50CandyJoe ($118.60 in chips) 
Seat 3: LeaveItYeah ($104 in chips) 
Seat 4: CashfishT ($100 in chips) 
Seat 5: jkitsch111 ($59.16 in chips) 
Seat 6: 7bekon7 ($100 in chips) 
CashfishT: posts small blind $0.50
jkitsch111: posts big blind $1
*** HOLE CARDS ***
7bekon7: folds 
NinaCox: folds 
50CandyJoe: folds 
LeaveItYeah: folds 
CashfishT: raises $2 to $3
jkitsch111: folds 
Uncalled bet ($2) returned to CashfishT
CashfishT collected $2 from pot
CashfishT: doesn't show hand 
*** SUMMARY ***
Total pot $2 | Rake $0 
Seat 1: NinaCox folded before Flop (didn't bet)
Seat 2: 50CandyJoe folded before Flop (didn't bet)
Seat 3: LeaveItYeah (button) folded before Flop (didn't bet)
Seat 4: CashfishT (small blind) collected ($2)
Seat 5: jkitsch111 (big blind) folded before Flop
Seat 6: 7bekon7 folded before Flop (didn't bet)



PokerStars Hand #254728918175:  Hold'em No Limit ($0.50/$1.00 USD) - 2025/02/05 2:11:48 WET [2025/02/05 21:11:48 ET]
Table 'Calypso II' 6-max Seat #4 is the button
Seat 1: NinaCox ($52.97 in chips) 
Seat 2: 50CandyJoe ($118.60 in chips) 
Seat 3: LeaveItYeah ($104 in chips) 
Seat 4: CashfishT ($101 in chips) 
Seat 5: jkitsch111 ($58.16 in chips) 
Seat 6: 7bekon7 ($100 in chips) 
jkitsch111: posts small blind $0.50
7bekon7: posts big blind $1
*** HOLE CARDS ***
NinaCox: folds 
50CandyJoe: raises $1.20 to $2.20
LeaveItYeah: folds 
CashfishT: raises $4.80 to $7
jkitsch111: folds 
7bekon7: folds 
50CandyJoe: folds 
Uncalled bet ($4.80) returned to CashfishT
CashfishT collected $5.90 from pot
CashfishT: doesn't show hand 
*** SUMMARY ***
Total pot $5.90 | Rake $0 
Seat 1: NinaCox folded before Flop (didn't bet)
Seat 2: 50CandyJoe folded before Flop
Seat 3: LeaveItYeah folded before Flop (didn't bet)
Seat 4: CashfishT (button) collected ($5.90)
Seat 5: jkitsch111 (small blind) folded before Flop
Seat 6: 7bekon7 (big blind) folded before Flop



PokerStars Hand #254728920796:  Hold'em No Limit ($0.50/$1.00 USD) - 2025/02/05 2:12:05 WET [2025/02/05 21:12:05 ET]
Table 'Calypso II' 6-max Seat #5 is the button
Seat 1: NinaCox ($52.97 in chips) 
Seat 2: 50CandyJoe ($116.40 in chips) 
Seat 3: LeaveItYeah ($104 in chips) 
Seat 4: CashfishT ($104.70 in chips) 
Seat 5: jkitsch111 ($57.66 in chips) 
Seat 6: 7bekon7 ($100 in chips) 
7bekon7: posts small blind $0.50
NinaCox: posts big blind $1
*** HOLE CARDS ***
50CandyJoe: folds 
LeaveItYeah: folds 
CashfishT: folds 
jkitsch111: folds 
7bekon7: raises $2 to $3
NinaCox: calls $2
*** FLOP *** [3h Th 9h]
7bekon7: checks 
NinaCox: checks 
*** TURN *** [3h Th 9h] [4s]
7bekon7: bets $1.43
NinaCox: raises $5.57 to $7
7bekon7: calls $5.57
*** RIVER *** [3h Th 9h 4s] [4c]
50CandyJoe leaves the table
50CandyJoe joins the table at seat #2 
7bekon7: checks 
NinaCox: bets $15
7bekon7: calls $15
*** SHOW DOWN ***
NinaCox: shows [6h 8s] (a pair of Fours)
7bekon7: shows [8h 9c] (two pair, Nines and Fours)
7bekon7 collected $47.50 from pot
*** SUMMARY ***
Total pot $50 | Rake $2.50 
Board [3h Th 9h 4s 4c]
Seat 1: NinaCox (big blind) showed [6h 8s] and lost with a pair of Fours
Seat 2: 50CandyJoe folded before Flop (didn't bet)
Seat 3: LeaveItYeah folded before Flop (didn't bet)
Seat 4: CashfishT folded before Flop (didn't bet)
Seat 5: jkitsch111 (button) folded before Flop (didn't bet)
Seat 6: 7bekon7 (small blind) showed [8h 9c] and won ($47.50) with two pair, Nines and Fours



PokerStars Hand #254728940598:  Hold'em No Limit ($0.50/$1.00 USD) - 2025/02/05 2:14:14 WET [2025/02/05 21:14:14 ET]
Table 'Calypso II' 6-max Seat #6 is the button
Seat 1: NinaCox ($27.97 in chips) 
Seat 2: 50CandyJoe ($116.40 in chips) 
Seat 3: LeaveItYeah ($104 in chips) 
Seat 4: CashfishT ($104.70 in chips) 
Seat 5: jkitsch111 ($57.66 in chips) 
Seat 6: 7bekon7 ($122.50 in chips) 
NinaCox: posts small blind $0.50
50CandyJoe: posts big blind $1
*** HOLE CARDS ***
LeaveItYeah: raises $1.10 to $2.10
CashfishT: folds 
jkitsch111: folds 
7bekon7: folds 
NinaCox: folds 
50CandyJoe: folds 
Uncalled bet ($1.10) returned to LeaveItYeah
LeaveItYeah collected $2.50 from pot
LeaveItYeah: doesn't show hand 
*** SUMMARY ***
Total pot $2.50 | Rake $0 
Seat 1: NinaCox (small blind) folded before Flop
Seat 2: 50CandyJoe (big blind) folded before Flop
Seat 3: LeaveItYeah collected ($2.50)
Seat 4: CashfishT folded before Flop (didn't bet)
Seat 5: jkitsch111 folded before Flop (didn't bet)
Seat 6: 7bekon7 (button) folded before Flop (didn't bet)



PokerStars Hand #254728944695:  Hold'em No Limit ($0.50/$1.00 USD) - 2025/02/05 2:14:41 WET [2025/02/05 21:14:41 ET]
Table 'Calypso II' 6-max Seat #1 is the button
Seat 1: NinaCox ($27.47 in chips) 
Seat 2: 50CandyJoe ($115.40 in chips) 
Seat 3: LeaveItYeah ($105.50 in chips) 
Seat 4: CashfishT ($104.70 in chips) 
Seat 5: jkitsch111 ($57.66 in chips) 
Seat 6: 7bekon7 ($122.50 in chips) 
50CandyJoe: posts small blind $0.50
LeaveItYeah: posts big blind $1
*** HOLE CARDS ***
CashfishT: folds 
jkitsch111: folds 
7bekon7: folds 
NinaCox: folds 
50CandyJoe: raises $1.50 to $2.50
LeaveItYeah: raises $7.50 to $10
50CandyJoe: folds 
Uncalled bet ($7.50) returned to LeaveItYeah
LeaveItYeah collected $5 from pot
LeaveItYeah: doesn't show hand 
*** SUMMARY ***
Total pot $5 | Rake $0 
Seat 1: NinaCox (button) folded before Flop (didn't bet)
Seat 2: 50CandyJoe (small blind) folded before Flop
Seat 3: LeaveItYeah (big blind) collected ($5)
Seat 4: CashfishT folded before Flop (didn't bet)
Seat 5: jkitsch111 folded before Flop (didn't bet)
Seat 6: 7bekon7 folded before Flop (didn't bet)



PokerStars Hand #254728948331:  Hold'em No Limit ($0.50/$1.00 USD) - 2025/02/05 2:15:04 WET [2025/02/05 21:15:04 ET]
Table 'Calypso II' 6-max Seat #2 is the button
Seat 1: NinaCox ($27.47 in chips) 
Seat 2: 50CandyJoe ($112.90 in chips) 
Seat 3: LeaveItYeah ($108 in chips) 
Seat 4: CashfishT ($104.70 in chips) 
Seat 5: jkitsch111 ($57.66 in chips) 
Seat 6: 7bekon7 ($122.50 in chips) 
LeaveItYeah: posts small blind $0.50
CashfishT: posts big blind $1
*** HOLE CARDS ***
jkitsch111: folds 
7bekon7: folds 
NinaCox: folds 
50CandyJoe: folds 
LeaveItYeah: folds 
Uncalled bet ($0.50) returned to CashfishT
CashfishT collected $1 from pot
CashfishT: doesn't show hand 
*** SUMMARY ***
Total pot $1 | Rake $0 
Seat 1: NinaCox folded before Flop (didn't bet)
Seat 2: 50CandyJoe (button) folded before Flop (didn't bet)
Seat 3: LeaveItYeah (small blind) folded before Flop
Seat 4: CashfishT (big blind) collected ($1)
Seat 5: jkitsch111 folded before Flop (didn't bet)
Seat 6: 7bekon7 folded before Flop (didn't bet)



PokerStars Hand #254728950987:  Hold'em No Limit ($0.50/$1.00 USD) - 2025/02/05 2:15:22 WET [2025/02/05 21:15:22 ET]
Table 'Calypso II' 6-max Seat #3 is the button
Seat 1: NinaCox ($27.47 in chips) 
Seat 2: 50CandyJoe ($112.90 in chips) 
Seat 3: LeaveItYeah ($107.50 in chips) 
Seat 4: CashfishT ($105.20 in chips) 
Seat 5: jkitsch111 ($57.66 in chips) 
Seat 6: 7bekon7 ($122.50 in chips) 
CashfishT: posts small blind $0.50
jkitsch111: posts big blind $1
*** HOLE CARDS ***
7bekon7: folds 
NinaCox: raises $1.50 to $2.50
50CandyJoe: folds 
LeaveItYeah: folds 
CashfishT: folds 
jkitsch111: folds 
Uncalled bet ($1.50) returned to NinaCox
CashfishT leaves the table
NinaCox collected $2.50 from pot
NinaCox: doesn't show hand 
fish my nuts joins the table at seat #4 
*** SUMMARY ***
Total pot $2.50 | Rake $0 
Seat 1: NinaCox collected ($2.50)
Seat 2: 50CandyJoe folded before Flop (didn't bet)
Seat 3: LeaveItYeah (button) folded before Flop (didn't bet)
Seat 4: CashfishT (small blind) folded before Flop
Seat 5: jkitsch111 (big blind) folded before Flop
Seat 6: 7bekon7 folded before Flop (didn't bet)



PokerStars Hand #254728955776:  Hold'em No Limit ($0.50/$1.00 USD) - 2025/02/05 2:15:53 WET [2025/02/05 21:15:53 ET]
Table 'Calypso II' 6-max Seat #5 is the button
Seat 4: fish my nuts ($100 in chips) is sitting out
Seat 1: NinaCox ($28.97 in chips) 
Seat 2: 50CandyJoe ($112.90 in chips) 
Seat 3: LeaveItYeah ($107.50 in chips) 
Seat 5: jkitsch111 ($56.66 in chips) 
Seat 6: 7bekon7 ($122.50 in chips) 
7bekon7: posts small blind $0.50
NinaCox: posts big blind $1
fish my nuts: sits out 
*** HOLE CARDS ***
50CandyJoe: raises $1.20 to $2.20
LeaveItYeah: folds 
jkitsch111: folds 
7bekon7: raises $5.40 to $7.60
NinaCox: folds 
50CandyJoe: calls $5.40
*** FLOP *** [6h 4s Qh]
7bekon7: bets $7.70
50CandyJoe: calls $7.70
*** TURN *** [6h 4s Qh] [7s]
7bekon7: bets $22.52
50CandyJoe: raises $75.08 to $97.60 and is all-in
7bekon7: calls $75.08
*** FIRST RIVER *** [6h 4s Qh 7s] [8c]
*** SECOND RIVER *** [6h 4s Qh 7s] [3s]
*** FIRST SHOW DOWN ***
7bekon7: shows [Kh Kd] (a pair of Kings)
50CandyJoe: shows [As 8s] (a pair of Eights)
7bekon7 collected $112.15 from pot
*** SECOND SHOW DOWN ***
7bekon7: shows [Kh Kd] (a pair of Kings)
50CandyJoe: shows [As 8s] (a flush, Ace high)
50CandyJoe collected $112.15 from pot
*** SUMMARY ***
Total pot $226.80 | Rake $2.50 
Hand was run twice
FIRST Board [6h 4s Qh 7s 8c]
SECOND Board [6h 4s Qh 7s 3s]
Seat 4: fish my nuts
Seat 1: NinaCox (big blind) folded before Flop
Seat 2: 50CandyJoe showed [As 8s] and lost with a pair of Eights, and won ($112.15) with a flush, Ace high
Seat 3: LeaveItYeah folded before Flop (didn't bet)
Seat 5: jkitsch111 (button) folded before Flop (didn't bet)
Seat 6: 7bekon7 (small blind) showed [Kh Kd] and won ($112.15) with a pair of Kings, and lost with a pair of Kings



PokerStars Hand #254728968287:  Hold'em No Limit ($0.50/$1.00 USD) - 2025/02/05 2:17:16 WET [2025/02/05 21:17:16 ET]
Table 'Calypso II' 6-max Seat #6 is the button
Seat 4: fish my nuts ($100 in chips) is sitting out
Seat 1: NinaCox ($27.97 in chips) 
Seat 2: 50CandyJoe ($112.15 in chips) 
Seat 3: LeaveItYeah ($107.50 in chips) 
Seat 5: jkitsch111 ($56.66 in chips) 
Seat 6: 7bekon7 ($121.75 in chips) 
NinaCox: posts small blind $0.50
50CandyJoe: posts big blind $1
fish my nuts: sits out 
*** HOLE CARDS ***
LeaveItYeah: folds 
jkitsch111: raises $1.50 to $2.50
7bekon7: folds 
NinaCox: folds 
50CandyJoe: folds 
Uncalled bet ($1.50) returned to jkitsch111
jkitsch111 collected $2.50 from pot
*** SUMMARY ***
Total pot $2.50 | Rake $0 
Seat 4: fish my nuts
Seat 1: NinaCox (small blind) folded before Flop
Seat 2: 50CandyJoe (big blind) folded before Flop
Seat 3: LeaveItYeah folded before Flop (didn't bet)
Seat 5: jkitsch111 collected ($2.50)
Seat 6: 7bekon7 (button) folded before Flop (didn't bet)



PokerStars Hand #254728971452:  Hold'em No Limit ($0.50/$1.00 USD) - 2025/02/05 2:17:37 WET [2025/02/05 21:17:37 ET]
Table 'Calypso II' 6-max Seat #1 is the button
Seat 4: fish my nuts ($100 in chips) is sitting out
Seat 1: NinaCox ($27.47 in chips) 
Seat 2: 50CandyJoe ($111.15 in chips) 
Seat 3: LeaveItYeah ($107.50 in chips) 
Seat 5: jkitsch111 ($58.16 in chips) 
Seat 6: 7bekon7 ($121.75 in chips) 
50CandyJoe: posts small blind $0.50
LeaveItYeah: posts big blind $1
fish my nuts: sits out 
*** HOLE CARDS ***
jkitsch111: raises $1.50 to $2.50
7bekon7: folds 
NinaCox: folds 
50CandyJoe: folds 
LeaveItYeah: folds 
Uncalled bet ($1.50) returned to jkitsch111
jkitsch111 collected $2.50 from pot
*** SUMMARY ***
Total pot $2.50 | Rake $0 
Seat 4: fish my nuts
Seat 1: NinaCox (button) folded before Flop (didn't bet)
Seat 2: 50CandyJoe (small blind) folded before Flop
Seat 3: LeaveItYeah (big blind) folded before Flop
Seat 5: jkitsch111 collected ($2.50)
Seat 6: 7bekon7 folded before Flop (didn't bet)



PokerStars Hand #254728974873:  Hold'em No Limit ($0.50/$1.00 USD) - 2025/02/05 2:18:00 WET [2025/02/05 21:18:00 ET]
Table 'Calypso II' 6-max Seat #2 is the button
Seat 1: NinaCox ($27.47 in chips) 
Seat 2: 50CandyJoe ($110.65 in chips) 
Seat 3: LeaveItYeah ($106.50 in chips) 
Seat 4: fish my nuts ($100 in chips) 
Seat 5: jkitsch111 ($59.66 in chips) 
Seat 6: 7bekon7 ($121.75 in chips) 
LeaveItYeah: posts small blind $0.50
fish my nuts: posts big blind $1
*** HOLE CARDS ***
jkitsch111: folds 
7bekon7: folds 
NinaCox: raises $1.50 to $2.50
50CandyJoe: folds 
LeaveItYeah: folds 
fish my nuts: folds 
Uncalled bet ($1.50) returned to NinaCox
NinaCox collected $2.50 from pot
NinaCox: doesn't show hand 
*** SUMMARY ***
Total pot $2.50 | Rake $0 
Seat 1: NinaCox collected ($2.50)
Seat 2: 50CandyJoe (button) folded before Flop (didn't bet)
Seat 3: LeaveItYeah (small blind) folded before Flop
Seat 4: fish my nuts (big blind) folded before Flop
Seat 5: jkitsch111 folded before Flop (didn't bet)
Seat 6: 7bekon7 folded before Flop (didn't bet)



PokerStars Hand #254728977714:  Hold'em No Limit ($0.50/$1.00 USD) - 2025/02/05 2:18:19 WET [2025/02/05 21:18:19 ET]
Table 'Calypso II' 6-max Seat #3 is the button
Seat 1: NinaCox ($28.97 in chips) 
Seat 2: 50CandyJoe ($110.65 in chips) 
Seat 3: LeaveItYeah ($106 in chips) 
Seat 4: fish my nuts ($100 in chips) 
Seat 5: jkitsch111 ($59.66 in chips) 
Seat 6: 7bekon7 ($121.75 in chips) 
fish my nuts: posts small blind $0.50
jkitsch111: posts big blind $1
*** HOLE CARDS ***
7bekon7: raises $1.50 to $2.50
NinaCox: folds 
50CandyJoe: folds 
LeaveItYeah: folds 
fish my nuts: folds 
jkitsch111: folds 
Uncalled bet ($1.50) returned to 7bekon7
7bekon7 collected $2.50 from pot
7bekon7: doesn't show hand 
*** SUMMARY ***
Total pot $2.50 | Rake $0 
Seat 1: NinaCox folded before Flop (didn't bet)
Seat 2: 50CandyJoe folded before Flop (didn't bet)
Seat 3: LeaveItYeah (button) folded before Flop (didn't bet)
Seat 4: fish my nuts (small blind) folded before Flop
Seat 5: jkitsch111 (big blind) folded before Flop
Seat 6: 7bekon7 collected ($2.50)



PokerStars Hand #254728981581:  Hold'em No Limit ($0.50/$1.00 USD) - 2025/02/05 2:18:44 WET [2025/02/05 21:18:44 ET]
Table 'Calypso II' 6-max Seat #4 is the button
Seat 1: NinaCox ($28.97 in chips) 
Seat 2: 50CandyJoe ($110.65 in chips) 
Seat 3: LeaveItYeah ($106 in chips) 
Seat 4: fish my nuts ($100 in chips) 
Seat 5: jkitsch111 ($58.66 in chips) 
Seat 6: 7bekon7 ($123.25 in chips) 
jkitsch111: posts small blind $0.50
7bekon7: posts big blind $1
*** HOLE CARDS ***
NinaCox: folds 
50CandyJoe: folds 
LeaveItYeah: folds 
fish my nuts: raises $1.30 to $2.30
jkitsch111: calls $1.80
7bekon7: folds 
*** FLOP *** [Qh 9s Qd]
jkitsch111: checks 
fish my nuts: bets $1.33
jkitsch111: raises $2.33 to $3.66
fish my nuts: folds 
Uncalled bet ($2.33) returned to jkitsch111
jkitsch111 collected $7.85 from pot
*** SUMMARY ***
Total pot $8.26 | Rake $0.41 
Board [Qh 9s Qd]
Seat 1: NinaCox folded before Flop (didn't bet)
Seat 2: 50CandyJoe folded before Flop (didn't bet)
Seat 3: LeaveItYeah folded before Flop (didn't bet)
Seat 4: fish my nuts (button) folded on the Flop
Seat 5: jkitsch111 (small blind) collected ($7.85)
Seat 6: 7bekon7 (big blind) folded before Flop



PokerStars Hand #254728987934:  Hold'em No Limit ($0.50/$1.00 USD) - 2025/02/05 2:19:26 WET [2025/02/05 21:19:26 ET]
Table 'Calypso II' 6-max Seat #5 is the button
Seat 1: NinaCox ($28.97 in chips) 
Seat 2: 50CandyJoe ($110.65 in chips) 
Seat 3: LeaveItYeah ($106 in chips) 
Seat 4: fish my nuts ($100 in chips) 
Seat 5: jkitsch111 ($62.88 in chips) 
Seat 6: 7bekon7 ($122.25 in chips) 
7bekon7: posts small blind $0.50
NinaCox: posts big blind $1
*** HOLE CARDS ***
50CandyJoe: raises $1.20 to $2.20
LeaveItYeah: folds 
fish my nuts: folds 
jkitsch111: calls $2.20
7bekon7: folds 
NinaCox: calls $1.20
*** FLOP *** [9d 2h 5d]
NinaCox: checks 
50CandyJoe: checks 
jkitsch111: bets $2
NinaCox: folds 
50CandyJoe: folds 
Uncalled bet ($2) returned to jkitsch111
jkitsch111 collected $6.74 from pot
*** SUMMARY ***
Total pot $7.10 | Rake $0.36 
Board [9d 2h 5d]
Seat 1: NinaCox (big blind) folded on the Flop
Seat 2: 50CandyJoe folded on the Flop
Seat 3: LeaveItYeah folded before Flop (didn't bet)
Seat 4: fish my nuts folded before Flop (didn't bet)
Seat 5: jkitsch111 (button) collected ($6.74)
Seat 6: 7bekon7 (small blind) folded before Flop



PokerStars Hand #254728991831:  Hold'em No Limit ($0.50/$1.00 USD) - 2025/02/05 2:19:52 WET [2025/02/05 21:19:52 ET]
Table 'Calypso II' 6-max Seat #6 is the button
Seat 1: NinaCox ($26.77 in chips) 
Seat 2: 50CandyJoe ($108.45 in chips) 
Seat 3: LeaveItYeah ($106 in chips) 
Seat 4: fish my nuts ($100 in chips) 
Seat 5: jkitsch111 ($67.42 in chips) 
Seat 6: 7bekon7 ($121.75 in chips) 
NinaCox: posts small blind $0.50
50CandyJoe: posts big blind $1
*** HOLE CARDS ***
LeaveItYeah: raises $1.10 to $2.10
fish my nuts: folds 
jkitsch111: folds 
7bekon7: folds 
NinaCox: folds 
50CandyJoe: calls $1.10
*** FLOP *** [Ac 9d 6c]
50CandyJoe: checks 
LeaveItYeah: bets $1.78
50CandyJoe: calls $1.78
*** TURN *** [Ac 9d 6c] [Ad]
50CandyJoe: bets $2.59
LeaveItYeah: calls $2.59
*** RIVER *** [Ac 9d 6c Ad] [5c]
50CandyJoe: checks 
LeaveItYeah: bets $19.20
50CandyJoe: folds 
Uncalled bet ($19.20) returned to LeaveItYeah
LeaveItYeah collected $12.77 from pot
LeaveItYeah: doesn't show hand 
*** SUMMARY ***
Total pot $13.44 | Rake $0.67 
Board [Ac 9d 6c Ad 5c]
Seat 1: NinaCox (small blind) folded before Flop
Seat 2: 50CandyJoe (big blind) folded on the River
Seat 3: LeaveItYeah collected ($12.77)
Seat 4: fish my nuts folded before Flop (didn't bet)
Seat 5: jkitsch111 folded before Flop (didn't bet)
Seat 6: 7bekon7 (button) folded before Flop (didn't bet)



PokerStars Hand #254729002283:  Hold'em No Limit ($0.50/$1.00 USD) - 2025/02/05 2:21:01 WET [2025/02/05 21:21:01 ET]
Table 'Calypso II' 6-max Seat #1 is the button
Seat 1: NinaCox ($26.27 in chips) 
Seat 2: 50CandyJoe ($101.98 in chips) 
Seat 3: LeaveItYeah ($112.30 in chips) 
Seat 4: fish my nuts ($100 in chips) 
Seat 5: jkitsch111 ($67.42 in chips) 
Seat 6: 7bekon7 ($121.75 in chips) 
50CandyJoe: posts small blind $0.50
LeaveItYeah: posts big blind $1
*** HOLE CARDS ***
fish my nuts: folds 
jkitsch111: folds 
7bekon7: folds 
fish my nuts leaves the table
NinaCox: folds 
50CandyJoe: folds 
Uncalled bet ($0.50) returned to LeaveItYeah
LeaveItYeah collected $1 from pot
LeaveItYeah: doesn't show hand 
*** SUMMARY ***
Total pot $1 | Rake $0 
Seat 1: NinaCox (button) folded before Flop (didn't bet)
Seat 2: 50CandyJoe (small blind) folded before Flop
Seat 3: LeaveItYeah (big blind) collected ($1)
Seat 4: fish my nuts folded before Flop (didn't bet)
Seat 5: jkitsch111 folded before Flop (didn't bet)
Seat 6: 7bekon7 folded before Flop (didn't bet)



PokerStars Hand #254729004618:  Hold'em No Limit ($0.50/$1.00 USD) - 2025/02/05 2:21:17 WET [2025/02/05 21:21:17 ET]
Table 'Calypso II' 6-max Seat #2 is the button
Seat 1: NinaCox ($26.27 in chips) 
Seat 2: 50CandyJoe ($101.48 in chips) 
Seat 3: LeaveItYeah ($112.80 in chips) 
Seat 5: jkitsch111 ($67.42 in chips) 
Seat 6: 7bekon7 ($121.75 in chips) 
LeaveItYeah: posts small blind $0.50
jkitsch111: posts big blind $1
*** HOLE CARDS ***
7bekon7: folds 
NinaCox: raises $1.50 to $2.50
50CandyJoe: folds 
LeaveItYeah: folds 
jkitsch111: folds 
Uncalled bet ($1.50) returned to NinaCox
NinaCox collected $2.50 from pot
NinaCox: doesn't show hand 
*** SUMMARY ***
Total pot $2.50 | Rake $0 
Seat 1: NinaCox collected ($2.50)
Seat 2: 50CandyJoe (button) folded before Flop (didn't bet)
Seat 3: LeaveItYeah (small blind) folded before Flop
Seat 5: jkitsch111 (big blind) folded before Flop
Seat 6: 7bekon7 folded before Flop (didn't bet)



PokerStars Hand #254729007291:  Hold'em No Limit ($0.50/$1.00 USD) - 2025/02/05 2:21:35 WET [2025/02/05 21:21:35 ET]
Table 'Calypso II' 6-max Seat #3 is the button
Seat 1: NinaCox ($27.77 in chips) 
Seat 2: 50CandyJoe ($101.48 in chips) 
Seat 3: LeaveItYeah ($112.30 in chips) 
Seat 5: jkitsch111 ($66.42 in chips) 
Seat 6: 7bekon7 ($121.75 in chips) 
jkitsch111: posts small blind $0.50
7bekon7: posts big blind $1
*** HOLE CARDS ***
NinaCox: raises $1.50 to $2.50
50CandyJoe: folds 
LeaveItYeah: folds 
jkitsch111: folds 
7bekon7: folds 
Uncalled bet ($1.50) returned to NinaCox
NinaCox collected $2.50 from pot
NinaCox: doesn't show hand 
*** SUMMARY ***
Total pot $2.50 | Rake $0 
Seat 1: NinaCox collected ($2.50)
Seat 2: 50CandyJoe folded before Flop (didn't bet)
Seat 3: LeaveItYeah (button) folded before Flop (didn't bet)
Seat 5: jkitsch111 (small blind) folded before Flop
Seat 6: 7bekon7 (big blind) folded before Flop



PokerStars Hand #254729010803:  Hold'em No Limit ($0.50/$1.00 USD) - 2025/02/05 2:21:58 WET [2025/02/05 21:21:58 ET]
Table 'Calypso II' 6-max Seat #5 is the button
Seat 1: NinaCox ($29.27 in chips) 
Seat 2: 50CandyJoe ($101.48 in chips) 
Seat 3: LeaveItYeah ($112.30 in chips) 
Seat 5: jkitsch111 ($65.92 in chips) 
Seat 6: 7bekon7 ($120.75 in chips) 
7bekon7: posts small blind $0.50
NinaCox: posts big blind $1
*** HOLE CARDS ***
50CandyJoe: folds 
LeaveItYeah: folds 
jkitsch111: folds 
7bekon7: folds 
Uncalled bet ($0.50) returned to NinaCox
NinaCox collected $1 from pot
NinaCox: doesn't show hand 
*** SUMMARY ***
Total pot $1 | Rake $0 
Seat 1: NinaCox (big blind) collected ($1)
Seat 2: 50CandyJoe folded before Flop (didn't bet)
Seat 3: LeaveItYeah folded before Flop (didn't bet)
Seat 5: jkitsch111 (button) folded before Flop (didn't bet)
Seat 6: 7bekon7 (small blind) folded before Flop



PokerStars Hand #254729012606:  Hold'em No Limit ($0.50/$1.00 USD) - 2025/02/05 2:22:11 WET [2025/02/05 21:22:11 ET]
Table 'Calypso II' 6-max Seat #6 is the button
Seat 1: NinaCox ($29.77 in chips) 
Seat 2: 50CandyJoe ($101.48 in chips) 
Seat 3: LeaveItYeah ($112.30 in chips) 
Seat 5: jkitsch111 ($65.92 in chips) 
Seat 6: 7bekon7 ($120.25 in chips) 
NinaCox: posts small blind $0.50
50CandyJoe: posts big blind $1
*** HOLE CARDS ***
LeaveItYeah: folds 
jkitsch111: folds 
7bekon7: folds 
NinaCox: folds 
Uncalled bet ($0.50) returned to 50CandyJoe
50CandyJoe collected $1 from pot
50CandyJoe: doesn't show hand 
*** SUMMARY ***
Total pot $1 | Rake $0 
Seat 1: NinaCox (small blind) folded before Flop
Seat 2: 50CandyJoe (big blind) collected ($1)
Seat 3: LeaveItYeah folded before Flop (didn't bet)
Seat 5: jkitsch111 folded before Flop (didn't bet)
Seat 6: 7bekon7 (button) folded before Flop (didn't bet)



PokerStars Hand #254729015243:  Hold'em No Limit ($0.50/$1.00 USD) - 2025/02/05 2:22:28 WET [2025/02/05 21:22:28 ET]
Table 'Calypso II' 6-max Seat #1 is the button
Seat 1: NinaCox ($29.27 in chips) 
Seat 2: 50CandyJoe ($101.98 in chips) 
Seat 3: LeaveItYeah ($112.30 in chips) 
Seat 5: jkitsch111 ($65.92 in chips) 
Seat 6: 7bekon7 ($120.25 in chips) 
50CandyJoe: posts small blind $0.50
LeaveItYeah: posts big blind $1
*** HOLE CARDS ***
jkitsch111: raises $1 to $2
7bekon7: folds 
NinaCox: calls $2
50CandyJoe: folds 
igorsm001 joins the table at seat #4 
igorsm001 is disconnected 
LeaveItYeah: calls $1
*** FLOP *** [3c 7h 5d]
LeaveItYeah: checks 
jkitsch111: checks 
NinaCox: checks 
*** TURN *** [3c 7h 5d] [6s]
LeaveItYeah: bets $2.47
jkitsch111: folds 
NinaCox: folds 
Uncalled bet ($2.47) returned to LeaveItYeah
LeaveItYeah collected $6.18 from pot
LeaveItYeah: doesn't show hand 
*** SUMMARY ***
Total pot $6.50 | Rake $0.32 
Board [3c 7h 5d 6s]
Seat 1: NinaCox (button) folded on the Turn
Seat 2: 50CandyJoe (small blind) folded before Flop
Seat 3: LeaveItYeah (big blind) collected ($6.18)
Seat 5: jkitsch111 folded on the Turn
Seat 6: 7bekon7 folded before Flop (didn't bet)



PokerStars Hand #254729022242:  Hold'em No Limit ($0.50/$1.00 USD) - 2025/02/05 2:23:16 WET [2025/02/05 21:23:16 ET]
Table 'Calypso II' 6-max Seat #2 is the button
Seat 1: NinaCox ($27.27 in chips) 
Seat 2: 50CandyJoe ($101.48 in chips) 
Seat 3: LeaveItYeah ($116.48 in chips) 
Seat 4: igorsm001 ($47.98 in chips) 
Seat 5: jkitsch111 ($63.92 in chips) 
Seat 6: 7bekon7 ($120.25 in chips) 
LeaveItYeah: posts small blind $0.50
igorsm001: posts big blind $1
*** HOLE CARDS ***
jkitsch111: folds 
7bekon7: folds 
NinaCox: folds 
50CandyJoe: folds 
LeaveItYeah: folds 
Uncalled bet ($0.50) returned to igorsm001
igorsm001 collected $1 from pot
*** SUMMARY ***
Total pot $1 | Rake $0 
Seat 1: NinaCox folded before Flop (didn't bet)
Seat 2: 50CandyJoe (button) folded before Flop (didn't bet)
Seat 3: LeaveItYeah (small blind) folded before Flop
Seat 4: igorsm001 (big blind) collected ($1)
Seat 5: jkitsch111 folded before Flop (didn't bet)
Seat 6: 7bekon7 folded before Flop (didn't bet)



PokerStars Hand #254729025303:  Hold'em No Limit ($0.50/$1.00 USD) - 2025/02/05 2:23:37 WET [2025/02/05 21:23:37 ET]
Table 'Calypso II' 6-max Seat #3 is the button
Seat 1: NinaCox ($27.27 in chips) 
Seat 2: 50CandyJoe ($101.48 in chips) 
Seat 3: LeaveItYeah ($115.98 in chips) 
Seat 4: igorsm001 ($48.48 in chips) 
Seat 5: jkitsch111 ($63.92 in chips) 
Seat 6: 7bekon7 ($120.25 in chips) 
igorsm001: posts small blind $0.50
jkitsch111: posts big blind $1
*** HOLE CARDS ***
7bekon7: folds 
NinaCox: folds 
50CandyJoe: raises $1.20 to $2.20
LeaveItYeah: calls $2.20
igorsm001: calls $1.70
jkitsch111: folds 
*** FLOP *** [7d 2h 4d]
igorsm001: checks 
50CandyJoe: checks 
LeaveItYeah: bets $3.61
igorsm001: calls $3.61
50CandyJoe: folds 
*** TURN *** [7d 2h 4d] [2c]
igorsm001: bets $4
LeaveItYeah: calls $4
*** RIVER *** [7d 2h 4d 2c] [9d]
igorsm001: checks 
LeaveItYeah: bets $13.24
igorsm001: calls $13.24
*** SHOW DOWN ***
LeaveItYeah: shows [9c 7c] (two pair, Nines and Sevens)
igorsm001: mucks hand 
LeaveItYeah collected $46.84 from pot
*** SUMMARY ***
Total pot $49.30 | Rake $2.46 
Board [7d 2h 4d 2c 9d]
Seat 1: NinaCox folded before Flop (didn't bet)
Seat 2: 50CandyJoe folded on the Flop
Seat 3: LeaveItYeah (button) showed [9c 7c] and won ($46.84) with two pair, Nines and Sevens
Seat 4: igorsm001 (small blind) mucked
Seat 5: jkitsch111 (big blind) folded before Flop
Seat 6: 7bekon7 folded before Flop (didn't bet)



PokerStars Hand #254729040306:  Hold'em No Limit ($0.50/$1.00 USD) - 2025/02/05 2:25:20 WET [2025/02/05 21:25:20 ET]
Table 'Calypso II' 6-max Seat #4 is the button
Seat 1: NinaCox ($27.27 in chips) 
Seat 2: 50CandyJoe ($100 in chips) 
Seat 3: LeaveItYeah ($139.77 in chips) 
Seat 4: igorsm001 ($25.43 in chips) 
Seat 5: jkitsch111 ($62.92 in chips) 
Seat 6: 7bekon7 ($120.25 in chips) 
jkitsch111: posts small blind $0.50
7bekon7: posts big blind $1
*** HOLE CARDS ***
NinaCox: folds 
50CandyJoe: folds 
LeaveItYeah: raises $1.25 to $2.25
igorsm001: raises $1.25 to $3.50
jkitsch111: folds 
7bekon7: calls $2.50
LeaveItYeah: calls $1.25
*** FLOP *** [Ad 5s Kh]
7bekon7: checks 
LeaveItYeah: checks 
igorsm001: bets $10.45
7bekon7: calls $10.45
LeaveItYeah: folds 
*** TURN *** [Ad 5s Kh] [6c]
7bekon7: checks 
igorsm001: checks 
*** RIVER *** [Ad 5s Kh 6c] [4h]
7bekon7: bets $12.50
igorsm001: calls $11.48 and is all-in
Uncalled bet ($1.02) returned to 7bekon7
*** SHOW DOWN ***
7bekon7: shows [3s As] (a pair of Aces)
igorsm001: shows [Ah 9h] (a pair of Aces - King+Nine kicker)
igorsm001 collected $52.36 from pot
*** SUMMARY ***
Total pot $54.86 | Rake $2.50 
Board [Ad 5s Kh 6c 4h]
Seat 1: NinaCox folded before Flop (didn't bet)
Seat 2: 50CandyJoe folded before Flop (didn't bet)
Seat 3: LeaveItYeah folded on the Flop
Seat 4: igorsm001 (button) showed [Ah 9h] and won ($52.36) with a pair of Aces
Seat 5: jkitsch111 (small blind) folded before Flop
Seat 6: 7bekon7 (big blind) showed [3s As] and lost with a pair of Aces



PokerStars Hand #254729054451:  Hold'em No Limit ($0.50/$1.00 USD) - 2025/02/05 2:26:58 WET [2025/02/05 21:26:58 ET]
Table 'Calypso II' 6-max Seat #5 is the button
Seat 1: NinaCox ($27.27 in chips) 
Seat 2: 50CandyJoe ($100 in chips) 
Seat 3: LeaveItYeah ($136.27 in chips) 
Seat 4: igorsm001 ($52.36 in chips) 
Seat 5: jkitsch111 ($62.42 in chips) 
Seat 6: 7bekon7 ($100 in chips) 
7bekon7: posts small blind $0.50
NinaCox: posts big blind $1
*** HOLE CARDS ***
50CandyJoe: raises $1.20 to $2.20
LeaveItYeah: folds 
igorsm001: calls $2.20
jkitsch111: folds 
7bekon7: folds 
NinaCox: calls $1.20
*** FLOP *** [7d 7s Kd]
NinaCox: checks 
50CandyJoe: checks 
igorsm001: checks 
*** TURN *** [7d 7s Kd] [9s]
NinaCox: bets $4.38
50CandyJoe: raises $7.62 to $12
igorsm001: folds 
NinaCox: folds 
Uncalled bet ($7.62) returned to 50CandyJoe
50CandyJoe collected $15.07 from pot
50CandyJoe: doesn't show hand 
*** SUMMARY ***
Total pot $15.86 | Rake $0.79 
Board [7d 7s Kd 9s]
Seat 1: NinaCox (big blind) folded on the Turn
Seat 2: 50CandyJoe collected ($15.07)
Seat 3: LeaveItYeah folded before Flop (didn't bet)
Seat 4: igorsm001 folded on the Turn
Seat 5: jkitsch111 (button) folded before Flop (didn't bet)
Seat 6: 7bekon7 (small blind) folded before Flop



PokerStars Hand #254729065602:  Hold'em No Limit ($0.50/$1.00 USD) - 2025/02/05 2:28:16 WET [2025/02/05 21:28:16 ET]
Table 'Calypso II' 6-max Seat #6 is the button
Seat 1: NinaCox ($20.69 in chips) 
Seat 2: 50CandyJoe ($108.49 in chips) 
Seat 3: LeaveItYeah ($136.27 in chips) 
Seat 4: igorsm001 ($50.16 in chips) 
Seat 5: jkitsch111 ($62.42 in chips) 
Seat 6: 7bekon7 ($100 in chips) 
NinaCox: posts small blind $0.50
50CandyJoe: posts big blind $1
*** HOLE CARDS ***
LeaveItYeah: folds 
igorsm001: calls $1
jkitsch111: folds 
7bekon7: folds 
NinaCox: calls $0.50
50CandyJoe: checks 
*** FLOP *** [9h Th 9c]
NinaCox: checks 
50CandyJoe: checks 
igorsm001: bets $2
NinaCox: folds 
50CandyJoe: folds 
Uncalled bet ($2) returned to igorsm001
igorsm001 collected $2.85 from pot
*** SUMMARY ***
Total pot $3 | Rake $0.15 
Board [9h Th 9c]
Seat 1: NinaCox (small blind) folded on the Flop
Seat 2: 50CandyJoe (big blind) folded on the Flop
Seat 3: LeaveItYeah folded before Flop (didn't bet)
Seat 4: igorsm001 collected ($2.85)
Seat 5: jkitsch111 folded before Flop (didn't bet)
Seat 6: 7bekon7 (button) folded before Flop (didn't bet)



PokerStars Hand #254729072897:  Hold'em No Limit ($0.50/$1.00 USD) - 2025/02/05 2:29:08 WET [2025/02/05 21:29:08 ET]
Table 'Calypso II' 6-max Seat #1 is the button
Seat 2: 50CandyJoe ($107.49 in chips) is sitting out
Seat 1: NinaCox ($19.69 in chips) 
Seat 3: LeaveItYeah ($136.27 in chips) 
Seat 4: igorsm001 ($52.01 in chips) 
Seat 5: jkitsch111 ($62.42 in chips) 
Seat 6: 7bekon7 ($100 in chips) 
LeaveItYeah: posts small blind $0.50
igorsm001: posts big blind $1
*** HOLE CARDS ***
jkitsch111: raises $1.50 to $2.50
7bekon7: folds 
NinaCox: calls $2.50
LeaveItYeah: calls $2
igorsm001: calls $1.50
*** FLOP *** [Ah 3s 9c]
LeaveItYeah: checks 
igorsm001: checks 
jkitsch111: bets $2.75
NinaCox: folds 
LeaveItYeah: folds 
igorsm001: folds 
Uncalled bet ($2.75) returned to jkitsch111
jkitsch111 collected $9.50 from pot
*** SUMMARY ***
Total pot $10 | Rake $0.50 
Board [Ah 3s 9c]
Seat 2: 50CandyJoe
Seat 1: NinaCox (button) folded on the Flop
Seat 3: LeaveItYeah (small blind) folded on the Flop
Seat 4: igorsm001 (big blind) folded on the Flop
Seat 5: jkitsch111 collected ($9.50)
Seat 6: 7bekon7 folded before Flop (didn't bet)



PokerStars Hand #254729079953:  Hold'em No Limit ($0.50/$1.00 USD) - 2025/02/05 2:29:57 WET [2025/02/05 21:29:57 ET]
Table 'Calypso II' 6-max Seat #3 is the button
Seat 2: 50CandyJoe ($107.49 in chips) is sitting out
Seat 1: NinaCox ($17.19 in chips) 
Seat 3: LeaveItYeah ($133.77 in chips) 
Seat 4: igorsm001 ($49.51 in chips) 
Seat 5: jkitsch111 ($69.42 in chips) 
Seat 6: 7bekon7 ($100 in chips) 
igorsm001: posts small blind $0.50
jkitsch111: posts big blind $1
*** HOLE CARDS ***
7bekon7: raises $1.50 to $2.50
NinaCox: folds 
LeaveItYeah: folds 
igorsm001: calls $2
jkitsch111: calls $1.50
*** FLOP *** [4s 4c 3s]
igorsm001: checks 
jkitsch111: checks 
7bekon7: checks 
*** TURN *** [4s 4c 3s] [Qs]
igorsm001: bets $2
jkitsch111: calls $2
7bekon7: calls $2
*** RIVER *** [4s 4c 3s Qs] [3c]
igorsm001: checks 
jkitsch111: bets $4.41
7bekon7: calls $4.41
igorsm001: calls $4.41
*** SHOW DOWN ***
jkitsch111: shows [Qh 7h] (two pair, Queens and Fours)
7bekon7: shows [Td Qc] (two pair, Queens and Fours - Ten kicker)
igorsm001: mucks hand 
7bekon7 collected $25.39 from pot
*** SUMMARY ***
Total pot $26.73 | Rake $1.34 
Board [4s 4c 3s Qs 3c]
Seat 2: 50CandyJoe
Seat 1: NinaCox folded before Flop (didn't bet)
Seat 3: LeaveItYeah (button) folded before Flop (didn't bet)
Seat 4: igorsm001 (small blind) mucked
Seat 5: jkitsch111 (big blind) showed [Qh 7h] and lost with two pair, Queens and Fours
Seat 6: 7bekon7 showed [Td Qc] and won ($25.39) with two pair, Queens and Fours



PokerStars Hand #254729091414:  Hold'em No Limit ($0.50/$1.00 USD) - 2025/02/05 2:31:19 WET [2025/02/05 21:31:19 ET]
Table 'Calypso II' 6-max Seat #4 is the button
Seat 2: 50CandyJoe ($107.49 in chips) is sitting out
Seat 1: NinaCox ($17.19 in chips) 
Seat 3: LeaveItYeah ($133.77 in chips) 
Seat 4: igorsm001 ($40.60 in chips) 
Seat 5: jkitsch111 ($60.51 in chips) 
Seat 6: 7bekon7 ($116.48 in chips) 
jkitsch111: posts small blind $0.50
7bekon7: posts big blind $1
*** HOLE CARDS ***
NinaCox: raises $1.50 to $2.50
LeaveItYeah: folds 
igorsm001: calls $2.50
jkitsch111: folds 
7bekon7: calls $1.50
*** FLOP *** [4s 9d 5h]
7bekon7: checks 
NinaCox: checks 
igorsm001: checks 
*** TURN *** [4s 9d 5h] [9h]
7bekon7: bets $5.70
NinaCox: folds 
igorsm001: folds 
Uncalled bet ($5.70) returned to 7bekon7
7bekon7 collected $7.60 from pot
7bekon7: doesn't show hand 
*** SUMMARY ***
Total pot $8 | Rake $0.40 
Board [4s 9d 5h 9h]
Seat 2: 50CandyJoe
Seat 1: NinaCox folded on the Turn
Seat 3: LeaveItYeah folded before Flop (didn't bet)
Seat 4: igorsm001 (button) folded on the Turn
Seat 5: jkitsch111 (small blind) folded before Flop
Seat 6: 7bekon7 (big blind) collected ($7.60)



PokerStars Hand #254729099043:  Hold'em No Limit ($0.50/$1.00 USD) - 2025/02/05 2:32:13 WET [2025/02/05 21:32:13 ET]
Table 'Calypso II' 6-max Seat #5 is the button
Seat 2: 50CandyJoe ($107.49 in chips) is sitting out
Seat 1: NinaCox ($14.69 in chips) 
Seat 3: LeaveItYeah ($133.77 in chips) 
Seat 4: igorsm001 ($38.10 in chips) 
Seat 5: jkitsch111 ($60.01 in chips) 
Seat 6: 7bekon7 ($121.58 in chips) 
7bekon7: posts small blind $0.50
NinaCox: posts big blind $1
50CandyJoe: sits out 
*** HOLE CARDS ***
LeaveItYeah: folds 
igorsm001: calls $1
jkitsch111: raises $1 to $2
7bekon7: folds 
NinaCox: raises $12.69 to $14.69 and is all-in
igorsm001: folds 
jkitsch111: calls $12.69
*** FLOP *** [4d 6h 3h]
*** TURN *** [4d 6h 3h] [2h]
*** RIVER *** [4d 6h 3h 2h] [Ts]
*** SHOW DOWN ***
NinaCox: shows [6d 6s] (three of a kind, Sixes)
jkitsch111: shows [8h 8d] (a pair of Eights)
NinaCox collected $29.34 from pot
*** SUMMARY ***
Total pot $30.88 | Rake $1.54 
Board [4d 6h 3h 2h Ts]
Seat 2: 50CandyJoe
Seat 1: NinaCox (big blind) showed [6d 6s] and won ($29.34) with three of a kind, Sixes
Seat 3: LeaveItYeah folded before Flop (didn't bet)
Seat 4: igorsm001 folded before Flop
Seat 5: jkitsch111 (button) showed [8h 8d] and lost with a pair of Eights
Seat 6: 7bekon7 (small blind) folded before Flop



PokerStars Hand #254729105665:  Hold'em No Limit ($0.50/$1.00 USD) - 2025/02/05 2:33:01 WET [2025/02/05 21:33:01 ET]
Table 'Calypso II' 6-max Seat #6 is the button
Seat 1: NinaCox ($29.34 in chips) 
Seat 2: 50CandyJoe ($107.49 in chips) 
Seat 3: LeaveItYeah ($133.77 in chips) 
Seat 4: igorsm001 ($37.10 in chips) 
Seat 5: jkitsch111 ($45.32 in chips) 
Seat 6: 7bekon7 ($121.08 in chips) 
NinaCox: posts small blind $0.50
50CandyJoe: posts big blind $1
*** HOLE CARDS ***
LeaveItYeah: folds 
igorsm001: calls $1
jkitsch111: folds 
7bekon7: folds 
NinaCox: calls $0.50
50CandyJoe: checks 
*** FLOP *** [7c Jh Jd]
NinaCox: checks 
50CandyJoe: checks 
igorsm001: checks 
*** TURN *** [7c Jh Jd] [4s]
NinaCox: bets $1
50CandyJoe: folds 
igorsm001: calls $1
*** RIVER *** [7c Jh Jd 4s] [3h]
NinaCox: checks 
igorsm001: checks 
*** SHOW DOWN ***
NinaCox: shows [4c 2h] (two pair, Jacks and Fours)
igorsm001: shows [4h 6s] (two pair, Jacks and Fours)
NinaCox collected $2.38 from pot
igorsm001 collected $2.37 from pot
*** SUMMARY ***
Total pot $5 | Rake $0.25 
Board [7c Jh Jd 4s 3h]
Seat 1: NinaCox (small blind) showed [4c 2h] and won ($2.38) with two pair, Jacks and Fours
Seat 2: 50CandyJoe (big blind) folded on the Turn
Seat 3: LeaveItYeah folded before Flop (didn't bet)
Seat 4: igorsm001 showed [4h 6s] and won ($2.37) with two pair, Jacks and Fours
Seat 5: jkitsch111 folded before Flop (didn't bet)
Seat 6: 7bekon7 (button) folded before Flop (didn't bet)



PokerStars Hand #254729114160:  Hold'em No Limit ($0.50/$1.00 USD) - 2025/02/05 2:34:02 WET [2025/02/05 21:34:02 ET]
Table 'Calypso II' 6-max Seat #1 is the button
Seat 1: NinaCox ($29.72 in chips) 
Seat 2: 50CandyJoe ($106.49 in chips) 
Seat 3: LeaveItYeah ($133.77 in chips) 
Seat 4: igorsm001 ($37.47 in chips) 
Seat 5: jkitsch111 ($45.32 in chips) 
Seat 6: 7bekon7 ($121.08 in chips) 
50CandyJoe: posts small blind $0.50
LeaveItYeah: posts big blind $1
*** HOLE CARDS ***
igorsm001: calls $1
jkitsch111: folds 
7bekon7: raises $3 to $4
NinaCox: folds 
50CandyJoe: folds 
LeaveItYeah: folds 
igorsm001: folds 
Uncalled bet ($3) returned to 7bekon7
7bekon7 collected $3.50 from pot
7bekon7: doesn't show hand 
*** SUMMARY ***
Total pot $3.50 | Rake $0 
Seat 1: NinaCox (button) folded before Flop (didn't bet)
Seat 2: 50CandyJoe (small blind) folded before Flop
Seat 3: LeaveItYeah (big blind) folded before Flop
Seat 4: igorsm001 folded before Flop
Seat 5: jkitsch111 folded before Flop (didn't bet)
Seat 6: 7bekon7 collected ($3.50)



PokerStars Hand #254729117804:  Hold'em No Limit ($0.50/$1.00 USD) - 2025/02/05 2:34:29 WET [2025/02/05 21:34:29 ET]
Table 'Calypso II' 6-max Seat #2 is the button
Seat 1: NinaCox ($29.72 in chips) 
Seat 2: 50CandyJoe ($105.99 in chips) 
Seat 3: LeaveItYeah ($132.77 in chips) 
Seat 4: igorsm001 ($36.47 in chips) 
Seat 5: jkitsch111 ($45.32 in chips) 
Seat 6: 7bekon7 ($123.58 in chips) 
LeaveItYeah: posts small blind $0.50
igorsm001: posts big blind $1
*** HOLE CARDS ***
jkitsch111: folds 
7bekon7: folds 
NinaCox: raises $1.50 to $2.50
50CandyJoe: folds 
LeaveItYeah: folds 
igorsm001: calls $1.50
*** FLOP *** [8d 4h 6h]
igorsm001: bets $2
NinaCox: folds 
Uncalled bet ($2) returned to igorsm001
igorsm001 collected $5.22 from pot
*** SUMMARY ***
Total pot $5.50 | Rake $0.28 
Board [8d 4h 6h]
Seat 1: NinaCox folded on the Flop
Seat 2: 50CandyJoe (button) folded before Flop (didn't bet)
Seat 3: LeaveItYeah (small blind) folded before Flop
Seat 4: igorsm001 (big blind) collected ($5.22)
Seat 5: jkitsch111 folded before Flop (didn't bet)
Seat 6: 7bekon7 folded before Flop (didn't bet)



PokerStars Hand #254729123019:  Hold'em No Limit ($0.50/$1.00 USD) - 2025/02/05 2:35:06 WET [2025/02/05 21:35:06 ET]
Table 'Calypso II' 6-max Seat #3 is the button
Seat 1: NinaCox ($27.22 in chips) 
Seat 2: 50CandyJoe ($105.99 in chips) 
Seat 3: LeaveItYeah ($132.27 in chips) 
Seat 4: igorsm001 ($39.19 in chips) 
Seat 5: jkitsch111 ($45.32 in chips) 
Seat 6: 7bekon7 ($123.58 in chips) 
igorsm001: posts small blind $0.50
jkitsch111: posts big blind $1
*** HOLE CARDS ***
7bekon7: folds 
NinaCox: raises $1.50 to $2.50
50CandyJoe: folds 
LeaveItYeah: folds 
igorsm001: folds 
jkitsch111: calls $1.50
*** FLOP *** [9s 5c Qd]
jkitsch111: checks 
NinaCox: bets $1.83
jkitsch111: folds 
Uncalled bet ($1.83) returned to NinaCox
NinaCox collected $5.22 from pot
NinaCox: doesn't show hand 
*** SUMMARY ***
Total pot $5.50 | Rake $0.28 
Board [9s 5c Qd]
Seat 1: NinaCox collected ($5.22)
Seat 2: 50CandyJoe folded before Flop (didn't bet)
Seat 3: LeaveItYeah (button) folded before Flop (didn't bet)
Seat 4: igorsm001 (small blind) folded before Flop
Seat 5: jkitsch111 (big blind) folded on the Flop
Seat 6: 7bekon7 folded before Flop (didn't bet)



PokerStars Hand #254729128472:  Hold'em No Limit ($0.50/$1.00 USD) - 2025/02/05 2:35:45 WET [2025/02/05 21:35:45 ET]
Table 'Calypso II' 6-max Seat #4 is the button
Seat 1: NinaCox ($29.94 in chips) 
Seat 2: 50CandyJoe ($105.99 in chips) 
Seat 3: LeaveItYeah ($132.27 in chips) 
Seat 4: igorsm001 ($38.69 in chips) 
Seat 5: jkitsch111 ($42.82 in chips) 
Seat 6: 7bekon7 ($123.58 in chips) 
jkitsch111: posts small blind $0.50
7bekon7: posts big blind $1
*** HOLE CARDS ***
NinaCox: raises $1.50 to $2.50
50CandyJoe: folds 
LeaveItYeah: folds 
igorsm001: raises $1.50 to $4
jkitsch111: folds 
7bekon7: folds 
NinaCox: calls $1.50
*** FLOP *** [Ad Jd 4h]
NinaCox: checks 
igorsm001: bets $4
NinaCox: folds 
Uncalled bet ($4) returned to igorsm001
igorsm001 collected $9.02 from pot
*** SUMMARY ***
Total pot $9.50 | Rake $0.48 
Board [Ad Jd 4h]
Seat 1: NinaCox folded on the Flop
Seat 2: 50CandyJoe folded before Flop (didn't bet)
Seat 3: LeaveItYeah folded before Flop (didn't bet)
Seat 4: igorsm001 (button) collected ($9.02)
Seat 5: jkitsch111 (small blind) folded before Flop
Seat 6: 7bekon7 (big blind) folded before Flop



PokerStars Hand #254729136171:  Hold'em No Limit ($0.50/$1.00 USD) - 2025/02/05 2:36:39 WET [2025/02/05 21:36:39 ET]
Table 'Calypso II' 6-max Seat #5 is the button
Seat 1: NinaCox ($25.94 in chips) 
Seat 2: 50CandyJoe ($105.99 in chips) 
Seat 3: LeaveItYeah ($132.27 in chips) 
Seat 4: igorsm001 ($43.71 in chips) 
Seat 5: jkitsch111 ($42.32 in chips) 
Seat 6: 7bekon7 ($122.58 in chips) 
7bekon7: posts small blind $0.50
NinaCox: posts big blind $1
*** HOLE CARDS ***
50CandyJoe: raises $1.20 to $2.20
LeaveItYeah: folds 
igorsm001: calls $2.20
jkitsch111: folds 
7bekon7: folds 
NinaCox: calls $1.20
*** FLOP *** [4h Ks 8c]
NinaCox: checks 
50CandyJoe: bets $3.37
igorsm001: folds 
NinaCox: folds 
Uncalled bet ($3.37) returned to 50CandyJoe
50CandyJoe collected $6.74 from pot
50CandyJoe: doesn't show hand 
*** SUMMARY ***
Total pot $7.10 | Rake $0.36 
Board [4h Ks 8c]
Seat 1: NinaCox (big blind) folded on the Flop
Seat 2: 50CandyJoe collected ($6.74)
Seat 3: LeaveItYeah folded before Flop (didn't bet)
Seat 4: igorsm001 folded on the Flop
Seat 5: jkitsch111 (button) folded before Flop (didn't bet)
Seat 6: 7bekon7 (small blind) folded before Flop



PokerStars Hand #254729141399:  Hold'em No Limit ($0.50/$1.00 USD) - 2025/02/05 2:37:16 WET [2025/02/05 21:37:16 ET]
Table 'Calypso II' 6-max Seat #6 is the button
Seat 1: NinaCox ($23.74 in chips) 
Seat 2: 50CandyJoe ($110.53 in chips) 
Seat 3: LeaveItYeah ($132.27 in chips) 
Seat 4: igorsm001 ($41.51 in chips) 
Seat 5: jkitsch111 ($42.32 in chips) 
Seat 6: 7bekon7 ($122.08 in chips) 
NinaCox: posts small blind $0.50
50CandyJoe: posts big blind $1
*** HOLE CARDS ***
LeaveItYeah: raises $1.10 to $2.10
igorsm001: folds 
jkitsch111: folds 
7bekon7: folds 
NinaCox: raises $21.64 to $23.74 and is all-in
50CandyJoe: folds 
LeaveItYeah: folds 
Uncalled bet ($21.64) returned to NinaCox
NinaCox collected $5.20 from pot
NinaCox: doesn't show hand 
*** SUMMARY ***
Total pot $5.20 | Rake $0 
Seat 1: NinaCox (small blind) collected ($5.20)
Seat 2: 50CandyJoe (big blind) folded before Flop
Seat 3: LeaveItYeah folded before Flop
Seat 4: igorsm001 folded before Flop (didn't bet)
Seat 5: jkitsch111 folded before Flop (didn't bet)
Seat 6: 7bekon7 (button) folded before Flop (didn't bet)



PokerStars Hand #254729144544:  Hold'em No Limit ($0.50/$1.00 USD) - 2025/02/05 2:37:38 WET [2025/02/05 21:37:38 ET]
Table 'Calypso II' 6-max Seat #1 is the button
Seat 1: NinaCox ($26.84 in chips) 
Seat 2: 50CandyJoe ($109.53 in chips) 
Seat 3: LeaveItYeah ($130.17 in chips) 
Seat 4: igorsm001 ($41.51 in chips) 
Seat 5: jkitsch111 ($42.32 in chips) 
Seat 6: 7bekon7 ($122.08 in chips) 
50CandyJoe: posts small blind $0.50
LeaveItYeah: posts big blind $1
*** HOLE CARDS ***
igorsm001: calls $1
jkitsch111: folds 
7bekon7: folds 
NinaCox: calls $1
50CandyJoe: folds 
LeaveItYeah: checks 
*** FLOP *** [6h Ad Td]
LeaveItYeah: checks 
igorsm001: checks 
NinaCox: bets $1
LeaveItYeah: folds 
igorsm001: folds 
Uncalled bet ($1) returned to NinaCox
NinaCox collected $3.32 from pot
NinaCox: doesn't show hand 
*** SUMMARY ***
Total pot $3.50 | Rake $0.18 
Board [6h Ad Td]
Seat 1: NinaCox (button) collected ($3.32)
Seat 2: 50CandyJoe (small blind) folded before Flop
Seat 3: LeaveItYeah (big blind) folded on the Flop
Seat 4: igorsm001 folded on the Flop
Seat 5: jkitsch111 folded before Flop (didn't bet)
Seat 6: 7bekon7 folded before Flop (didn't bet)



PokerStars Hand #254729189554:  Hold'em No Limit ($0.50/$1.00 USD) - 2025/02/05 2:43:01 WET [2025/02/05 21:43:01 ET]
Table 'Calypso II' 6-max Seat #1 is the button
Seat 5: Seavus10 ($100 in chips) is sitting out
Seat 1: NinaCox ($32.34 in chips) 
Seat 2: 50CandyJoe ($113.45 in chips) 
Seat 3: LeaveItYeah ($151.01 in chips) 
Seat 4: igorsm001 ($62.92 in chips) 
Seat 6: 7bekon7 ($100.06 in chips) 
50CandyJoe: posts small blind $0.50
LeaveItYeah: posts big blind $1
Seavus10: sits out 
*** HOLE CARDS ***
igorsm001: calls $1
7bekon7: folds 
NinaCox: folds 
50CandyJoe: folds 
LeaveItYeah: checks 
*** FLOP *** [2c Th 3s]
LeaveItYeah: checks 
igorsm001: bets $2.38
LeaveItYeah: folds 
Uncalled bet ($2.38) returned to igorsm001
igorsm001 collected $2.38 from pot
*** SUMMARY ***
Total pot $2.50 | Rake $0.12 
Board [2c Th 3s]
Seat 5: Seavus10
Seat 1: NinaCox (button) folded before Flop (didn't bet)
Seat 2: 50CandyJoe (small blind) folded before Flop
Seat 3: LeaveItYeah (big blind) folded on the Flop
Seat 4: igorsm001 collected ($2.38)
Seat 6: 7bekon7 folded before Flop (didn't bet)



PokerStars Hand #254729194238:  Hold'em No Limit ($0.50/$1.00 USD) - 2025/02/05 2:43:35 WET [2025/02/05 21:43:35 ET]
Table 'Calypso II' 6-max Seat #2 is the button
Seat 5: Seavus10 ($100 in chips) is sitting out
Seat 1: NinaCox ($32.34 in chips) 
Seat 2: 50CandyJoe ($112.95 in chips) 
Seat 3: LeaveItYeah ($150.01 in chips) 
Seat 4: igorsm001 ($64.30 in chips) 
Seat 6: 7bekon7 ($100.06 in chips) 
LeaveItYeah: posts small blind $0.50
igorsm001: posts big blind $1
Seavus10: sits out 
*** HOLE CARDS ***
7bekon7: raises $2 to $3
NinaCox: folds 
50CandyJoe: folds 
LeaveItYeah: folds 
igorsm001: calls $2
*** FLOP *** [Kd Tc 3h]
igorsm001: checks 
7bekon7: bets $5.41
igorsm001: folds 
Uncalled bet ($5.41) returned to 7bekon7
7bekon7 collected $6.18 from pot
7bekon7: doesn't show hand 
*** SUMMARY ***
Total pot $6.50 | Rake $0.32 
Board [Kd Tc 3h]
Seat 5: Seavus10
Seat 1: NinaCox folded before Flop (didn't bet)
Seat 2: 50CandyJoe (button) folded before Flop (didn't bet)
Seat 3: LeaveItYeah (small blind) folded before Flop
Seat 4: igorsm001 (big blind) folded on the Flop
Seat 6: 7bekon7 collected ($6.18)



PokerStars Hand #254729199529:  Hold'em No Limit ($0.50/$1.00 USD) - 2025/02/05 2:44:14 WET [2025/02/05 21:44:14 ET]
Table 'Calypso II' 6-max Seat #3 is the button
Seat 1: NinaCox ($32.34 in chips) 
Seat 2: 50CandyJoe ($112.95 in chips) 
Seat 3: LeaveItYeah ($149.51 in chips) 
Seat 4: igorsm001 ($61.30 in chips) 
Seat 5: Seavus10 ($100 in chips) 
Seat 6: 7bekon7 ($103.24 in chips) 
igorsm001: posts small blind $0.50
Seavus10: posts big blind $1
*** HOLE CARDS ***
7bekon7: folds 
NinaCox: folds 
50CandyJoe: folds 
LeaveItYeah: raises $1.40 to $2.40
igorsm001: calls $1.90
Seavus10: raises $11.10 to $13.50
LeaveItYeah: folds 
igorsm001: folds 
Uncalled bet ($11.10) returned to Seavus10
Seavus10 collected $7.20 from pot
Seavus10: doesn't show hand 
*** SUMMARY ***
Total pot $7.20 | Rake $0 
Seat 1: NinaCox folded before Flop (didn't bet)
Seat 2: 50CandyJoe folded before Flop (didn't bet)
Seat 3: LeaveItYeah (button) folded before Flop
Seat 4: igorsm001 (small blind) folded before Flop
Seat 5: Seavus10 (big blind) collected ($7.20)
Seat 6: 7bekon7 folded before Flop (didn't bet)



PokerStars Hand #254729207686:  Hold'em No Limit ($0.50/$1.00 USD) - 2025/02/05 2:45:12 WET [2025/02/05 21:45:12 ET]
Table 'Calypso II' 6-max Seat #4 is the button
Seat 1: NinaCox ($32.34 in chips) 
Seat 2: 50CandyJoe ($112.95 in chips) 
Seat 3: LeaveItYeah ($147.11 in chips) 
Seat 4: igorsm001 ($58.90 in chips) 
Seat 5: Seavus10 ($104.80 in chips) 
Seat 6: 7bekon7 ($103.24 in chips) 
Seavus10: posts small blind $0.50
7bekon7: posts big blind $1
*** HOLE CARDS ***
NinaCox: folds 
50CandyJoe: folds 
LeaveItYeah: raises $1.25 to $2.25
igorsm001: calls $2.25
Seavus10: calls $1.75
7bekon7: folds 
*** FLOP *** [Kd Js 7h]
Seavus10: checks 
LeaveItYeah: checks 
igorsm001: bets $2
Seavus10: folds 
LeaveItYeah: folds 
Uncalled bet ($2) returned to igorsm001
igorsm001 collected $7.36 from pot
*** SUMMARY ***
Total pot $7.75 | Rake $0.39 
Board [Kd Js 7h]
Seat 1: NinaCox folded before Flop (didn't bet)
Seat 2: 50CandyJoe folded before Flop (didn't bet)
Seat 3: LeaveItYeah folded on the Flop
Seat 4: igorsm001 (button) collected ($7.36)
Seat 5: Seavus10 (small blind) folded on the Flop
Seat 6: 7bekon7 (big blind) folded before Flop



PokerStars Hand #254729214180:  Hold'em No Limit ($0.50/$1.00 USD) - 2025/02/05 2:45:59 WET [2025/02/05 21:45:59 ET]
Table 'Calypso II' 6-max Seat #5 is the button
Seat 1: NinaCox ($32.34 in chips) 
Seat 2: 50CandyJoe ($112.95 in chips) 
Seat 3: LeaveItYeah ($144.86 in chips) 
Seat 4: igorsm001 ($64.01 in chips) 
Seat 5: Seavus10 ($102.55 in chips) 
Seat 6: 7bekon7 ($102.24 in chips) 
7bekon7: posts small blind $0.50
NinaCox: posts big blind $1
*** HOLE CARDS ***
50CandyJoe: folds 
LeaveItYeah: folds 
igorsm001: calls $1
Seavus10: folds 
7bekon7: folds 
NinaCox: checks 
*** FLOP *** [Th Ac 4c]
NinaCox: checks 
igorsm001: checks 
*** TURN *** [Th Ac 4c] [5d]
NinaCox: bets $1
igorsm001: calls $1
*** RIVER *** [Th Ac 4c 5d] [2s]
NinaCox: checks 
igorsm001: bets $4.28
NinaCox: folds 
Uncalled bet ($4.28) returned to igorsm001
igorsm001 collected $4.28 from pot
*** SUMMARY ***
Total pot $4.50 | Rake $0.22 
Board [Th Ac 4c 5d 2s]
Seat 1: NinaCox (big blind) folded on the River
Seat 2: 50CandyJoe folded before Flop (didn't bet)
Seat 3: LeaveItYeah folded before Flop (didn't bet)
Seat 4: igorsm001 collected ($4.28)
Seat 5: Seavus10 (button) folded before Flop (didn't bet)
Seat 6: 7bekon7 (small blind) folded before Flop



PokerStars Hand #254729222072:  Hold'em No Limit ($0.50/$1.00 USD) - 2025/02/05 2:46:56 WET [2025/02/05 21:46:56 ET]
Table 'Calypso II' 6-max Seat #6 is the button
Seat 1: NinaCox ($30.34 in chips) 
Seat 2: 50CandyJoe ($112.95 in chips) 
Seat 3: LeaveItYeah ($144.86 in chips) 
Seat 4: igorsm001 ($66.29 in chips) 
Seat 5: Seavus10 ($102.55 in chips) 
Seat 6: 7bekon7 ($101.74 in chips) 
NinaCox: posts small blind $0.50
50CandyJoe: posts big blind $1
*** HOLE CARDS ***
LeaveItYeah: folds 
igorsm001: calls $1
Seavus10: folds 
7bekon7: raises $4 to $5
NinaCox: raises $25.34 to $30.34 and is all-in
50CandyJoe: folds 
igorsm001: folds 
7bekon7: calls $25.34
*** FLOP *** [6d 9h 3h]
*** TURN *** [6d 9h 3h] [4c]
*** RIVER *** [6d 9h 3h 4c] [7d]
*** SHOW DOWN ***
NinaCox: shows [7h 7c] (three of a kind, Sevens)
7bekon7: shows [Ad Qc] (high card Ace)
NinaCox collected $60.18 from pot
*** SUMMARY ***
Total pot $62.68 | Rake $2.50 
Board [6d 9h 3h 4c 7d]
Seat 1: NinaCox (small blind) showed [7h 7c] and won ($60.18) with three of a kind, Sevens
Seat 2: 50CandyJoe (big blind) folded before Flop
Seat 3: LeaveItYeah folded before Flop (didn't bet)
Seat 4: igorsm001 folded before Flop
Seat 5: Seavus10 folded before Flop (didn't bet)
Seat 6: 7bekon7 (button) showed [Ad Qc] and lost with high card Ace



PokerStars Hand #254729229114:  Hold'em No Limit ($0.50/$1.00 USD) - 2025/02/05 2:47:47 WET [2025/02/05 21:47:47 ET]
Table 'Calypso II' 6-max Seat #1 is the button
Seat 1: NinaCox ($60.18 in chips) 
Seat 2: 50CandyJoe ($111.95 in chips) 
Seat 3: LeaveItYeah ($144.86 in chips) 
Seat 4: igorsm001 ($65.29 in chips) 
Seat 5: Seavus10 ($102.55 in chips) 
Seat 6: 7bekon7 ($100 in chips) 
50CandyJoe: posts small blind $0.50
LeaveItYeah: posts big blind $1
*** HOLE CARDS ***
igorsm001: calls $1
Seavus10: folds 
7bekon7: folds 
NinaCox: folds 
50CandyJoe: folds 
LeaveItYeah: checks 
*** FLOP *** [7s 9c Js]
LeaveItYeah: checks 
igorsm001: checks 
*** TURN *** [7s 9c Js] [2d]
LeaveItYeah: bets $2.98
igorsm001: folds 
Uncalled bet ($2.98) returned to LeaveItYeah
LeaveItYeah collected $2.38 from pot
LeaveItYeah: doesn't show hand 
*** SUMMARY ***
Total pot $2.50 | Rake $0.12 
Board [7s 9c Js 2d]
Seat 1: NinaCox (button) folded before Flop (didn't bet)
Seat 2: 50CandyJoe (small blind) folded before Flop
Seat 3: LeaveItYeah (big blind) collected ($2.38)
Seat 4: igorsm001 folded on the Turn
Seat 5: Seavus10 folded before Flop (didn't bet)
Seat 6: 7bekon7 folded before Flop (didn't bet)



PokerStars Hand #254729235956:  Hold'em No Limit ($0.50/$1.00 USD) - 2025/02/05 2:48:37 WET [2025/02/05 21:48:37 ET]
Table 'Calypso II' 6-max Seat #2 is the button
Seat 1: NinaCox ($60.18 in chips) 
Seat 2: 50CandyJoe ($111.45 in chips) 
Seat 3: LeaveItYeah ($146.24 in chips) 
Seat 4: igorsm001 ($64.29 in chips) 
Seat 5: Seavus10 ($102.55 in chips) 
Seat 6: 7bekon7 ($100 in chips) 
LeaveItYeah: posts small blind $0.50
igorsm001: posts big blind $1
*** HOLE CARDS ***
Seavus10: folds 
7bekon7: raises $2 to $3
NinaCox: folds 
50CandyJoe: calls $3
LeaveItYeah: calls $2.50
igorsm001: calls $2
*** FLOP *** [3s Ts 3d]
LeaveItYeah: checks 
igorsm001: checks 
7bekon7: bets $2.85
50CandyJoe: calls $2.85
LeaveItYeah: folds 
igorsm001: calls $2.85
*** TURN *** [3s Ts 3d] [Ks]
igorsm001: checks 
7bekon7: checks 
50CandyJoe: bets $6.44
igorsm001: calls $6.44
7bekon7: folds 
*** RIVER *** [3s Ts 3d Ks] [8h]
igorsm001: checks 
50CandyJoe: bets $20.96
igorsm001: calls $20.96
*** SHOW DOWN ***
50CandyJoe: shows [6s 5s] (a flush, King high)
igorsm001: mucks hand 
50CandyJoe collected $72.85 from pot
*** SUMMARY ***
Total pot $75.35 | Rake $2.50 
Board [3s Ts 3d Ks 8h]
Seat 1: NinaCox folded before Flop (didn't bet)
Seat 2: 50CandyJoe (button) showed [6s 5s] and won ($72.85) with a flush, King high
Seat 3: LeaveItYeah (small blind) folded on the Flop
Seat 4: igorsm001 (big blind) mucked
Seat 5: Seavus10 folded before Flop (didn't bet)
Seat 6: 7bekon7 folded on the Turn



PokerStars Hand #254729252912:  Hold'em No Limit ($0.50/$1.00 USD) - 2025/02/05 2:50:40 WET [2025/02/05 21:50:40 ET]
Table 'Calypso II' 6-max Seat #3 is the button
Seat 1: NinaCox ($60.18 in chips) 
Seat 2: 50CandyJoe ($151.05 in chips) 
Seat 3: LeaveItYeah ($143.24 in chips) 
Seat 4: igorsm001 ($31.04 in chips) 
Seat 5: Seavus10 ($102.55 in chips) 
Seat 6: 7bekon7 ($100 in chips) 
igorsm001: posts small blind $0.50
Seavus10: posts big blind $1
*** HOLE CARDS ***
7bekon7: folds 
NinaCox: folds 
50CandyJoe: raises $1.20 to $2.20
LeaveItYeah: folds 
igorsm001: calls $1.70
Seavus10: calls $1.20
*** FLOP *** [9d 2c 5c]
igorsm001: checks 
Seavus10: checks 
50CandyJoe: checks 
*** TURN *** [9d 2c 5c] [Ks]
igorsm001: checks 
Seavus10: checks 
50CandyJoe: bets $4.14
igorsm001: folds 
Seavus10: folds 
Uncalled bet ($4.14) returned to 50CandyJoe
50CandyJoe collected $6.27 from pot
50CandyJoe: doesn't show hand 
*** SUMMARY ***
Total pot $6.60 | Rake $0.33 
Board [9d 2c 5c Ks]
Seat 1: NinaCox folded before Flop (didn't bet)
Seat 2: 50CandyJoe collected ($6.27)
Seat 3: LeaveItYeah (button) folded before Flop (didn't bet)
Seat 4: igorsm001 (small blind) folded on the Turn
Seat 5: Seavus10 (big blind) folded on the Turn
Seat 6: 7bekon7 folded before Flop (didn't bet)



PokerStars Hand #254729261645:  Hold'em No Limit ($0.50/$1.00 USD) - 2025/02/05 2:51:43 WET [2025/02/05 21:51:43 ET]
Table 'Calypso II' 6-max Seat #4 is the button
Seat 1: NinaCox ($60.18 in chips) 
Seat 2: 50CandyJoe ($155.12 in chips) 
Seat 3: LeaveItYeah ($143.24 in chips) 
Seat 4: igorsm001 ($28.84 in chips) 
Seat 5: Seavus10 ($100.35 in chips) 
Seat 6: 7bekon7 ($100 in chips) 
Seavus10: posts small blind $0.50
7bekon7: posts big blind $1
*** HOLE CARDS ***
NinaCox: folds 
50CandyJoe: raises $1.20 to $2.20
LeaveItYeah: folds 
igorsm001: calls $2.20
Seavus10: folds 
7bekon7: calls $1.20
*** FLOP *** [Kd Jc 7d]
7bekon7: checks 
50CandyJoe: bets $4.45
igorsm001: calls $4.45
7bekon7: calls $4.45
*** TURN *** [Kd Jc 7d] [9s]
7bekon7: bets $9.72
50CandyJoe: calls $9.72
igorsm001: calls $9.72
*** RIVER *** [Kd Jc 7d 9s] [4c]
7bekon7: bets $83.63 and is all-in
50CandyJoe: folds 
igorsm001: folds 
Uncalled bet ($83.63) returned to 7bekon7
7bekon7 collected $47.13 from pot
7bekon7: doesn't show hand 
*** SUMMARY ***
Total pot $49.61 | Rake $2.48 
Board [Kd Jc 7d 9s 4c]
Seat 1: NinaCox folded before Flop (didn't bet)
Seat 2: 50CandyJoe folded on the River
Seat 3: LeaveItYeah folded before Flop (didn't bet)
Seat 4: igorsm001 (button) folded on the River
Seat 5: Seavus10 (small blind) folded before Flop
Seat 6: 7bekon7 (big blind) collected ($47.13)



PokerStars Hand #254729275221:  Hold'em No Limit ($0.50/$1.00 USD) - 2025/02/05 2:53:23 WET [2025/02/05 21:53:23 ET]
Table 'Calypso II' 6-max Seat #5 is the button
Seat 1: NinaCox ($60.18 in chips) 
Seat 2: 50CandyJoe ($138.75 in chips) 
Seat 3: LeaveItYeah ($143.24 in chips) 
Seat 4: igorsm001 ($12.47 in chips) 
Seat 5: Seavus10 ($100 in chips) 
Seat 6: 7bekon7 ($130.76 in chips) 
7bekon7: posts small blind $0.50
NinaCox: posts big blind $1
*** HOLE CARDS ***
50CandyJoe: raises $1.20 to $2.20
LeaveItYeah: folds 
igorsm001: calls $2.20
Seavus10: folds 
7bekon7: raises $10.80 to $13
NinaCox: folds 
50CandyJoe: calls $10.80
igorsm001: folds 
*** FLOP *** [7s 8d 3d]
7bekon7: bets $13.87
50CandyJoe: raises $18.31 to $32.18
7bekon7: folds 
Uncalled bet ($18.31) returned to 50CandyJoe
50CandyJoe collected $54.44 from pot
50CandyJoe: doesn't show hand 
*** SUMMARY ***
Total pot $56.94 | Rake $2.50 
Board [7s 8d 3d]
Seat 1: NinaCox (big blind) folded before Flop
Seat 2: 50CandyJoe collected ($54.44)
Seat 3: LeaveItYeah folded before Flop (didn't bet)
Seat 4: igorsm001 folded before Flop
Seat 5: Seavus10 (button) folded before Flop (didn't bet)
Seat 6: 7bekon7 (small blind) folded on the Flop



PokerStars Hand #254729285454:  Hold'em No Limit ($0.50/$1.00 USD) - 2025/02/05 2:54:38 WET [2025/02/05 21:54:38 ET]
Table 'Calypso II' 6-max Seat #6 is the button
Seat 1: NinaCox ($59.18 in chips) 
Seat 2: 50CandyJoe ($166.32 in chips) 
Seat 3: LeaveItYeah ($143.24 in chips) 
Seat 4: igorsm001 ($10.27 in chips) 
Seat 5: Seavus10 ($100 in chips) 
Seat 6: 7bekon7 ($103.89 in chips) 
NinaCox: posts small blind $0.50
50CandyJoe: posts big blind $1
*** HOLE CARDS ***
LeaveItYeah: folds 
igorsm001: calls $1
Seavus10: folds 
7bekon7: folds 
NinaCox: calls $0.50
50CandyJoe: checks 
*** FLOP *** [Ah 2d 7h]
NinaCox: checks 
50CandyJoe: checks 
igorsm001: checks 
*** TURN *** [Ah 2d 7h] [4c]
NinaCox: checks 
50CandyJoe: bets $1.88
igorsm001: calls $1.88
NinaCox: folds 
*** RIVER *** [Ah 2d 7h 4c] [5d]
50CandyJoe: checks 
igorsm001: checks 
*** SHOW DOWN ***
50CandyJoe: shows [6s 5s] (a pair of Fives)
igorsm001: mucks hand 
50CandyJoe collected $6.42 from pot
*** SUMMARY ***
Total pot $6.76 | Rake $0.34 
Board [Ah 2d 7h 4c 5d]
Seat 1: NinaCox (small blind) folded on the Turn
Seat 2: 50CandyJoe (big blind) showed [6s 5s] and won ($6.42) with a pair of Fives
Seat 3: LeaveItYeah folded before Flop (didn't bet)
Seat 4: igorsm001 mucked
Seat 5: Seavus10 folded before Flop (didn't bet)
Seat 6: 7bekon7 (button) folded before Flop (didn't bet)



PokerStars Hand #254729293848:  Hold'em No Limit ($0.50/$1.00 USD) - 2025/02/05 2:55:49 WET [2025/02/05 21:55:49 ET]
Table 'Calypso II' 6-max Seat #1 is the button
Seat 1: NinaCox ($58.18 in chips) 
Seat 2: 50CandyJoe ($169.86 in chips) 
Seat 3: LeaveItYeah ($143.24 in chips) 
Seat 4: igorsm001 ($7.39 in chips) 
Seat 5: Seavus10 ($100 in chips) 
Seat 6: 7bekon7 ($103.89 in chips) 
50CandyJoe: posts small blind $0.50
LeaveItYeah: posts big blind $1
*** HOLE CARDS ***
igorsm001: calls $1
Seavus10: folds 
7bekon7: folds 
NinaCox: folds 
50CandyJoe: folds 
LeaveItYeah: checks 
*** FLOP *** [8s 4s 5s]
LeaveItYeah: checks 
igorsm001: bets $6.39 and is all-in
LeaveItYeah: folds 
Uncalled bet ($6.39) returned to igorsm001
igorsm001 collected $2.38 from pot
*** SUMMARY ***
Total pot $2.50 | Rake $0.12 
Board [8s 4s 5s]
Seat 1: NinaCox (button) folded before Flop (didn't bet)
Seat 2: 50CandyJoe (small blind) folded before Flop
Seat 3: LeaveItYeah (big blind) folded on the Flop
Seat 4: igorsm001 collected ($2.38)
Seat 5: Seavus10 folded before Flop (didn't bet)
Seat 6: 7bekon7 folded before Flop (didn't bet)



PokerStars Hand #254729297905:  Hold'em No Limit ($0.50/$1.00 USD) - 2025/02/05 2:56:27 WET [2025/02/05 21:56:27 ET]
Table 'Calypso II' 6-max Seat #2 is the button
Seat 1: NinaCox ($58.18 in chips) 
Seat 2: 50CandyJoe ($169.36 in chips) 
Seat 3: LeaveItYeah ($142.24 in chips) 
Seat 4: igorsm001 ($8.77 in chips) 
Seat 5: Seavus10 ($100 in chips) 
Seat 6: 7bekon7 ($103.89 in chips) 
LeaveItYeah: posts small blind $0.50
igorsm001: posts big blind $1
*** HOLE CARDS ***
Seavus10: folds 
7bekon7: raises $1.50 to $2.50
NinaCox: folds 
50CandyJoe: folds 
LeaveItYeah: raises $9.50 to $12
igorsm001: folds 
7bekon7: folds 
Uncalled bet ($9.50) returned to LeaveItYeah
LeaveItYeah collected $6 from pot
LeaveItYeah: doesn't show hand 
*** SUMMARY ***
Total pot $6 | Rake $0 
Seat 1: NinaCox folded before Flop (didn't bet)
Seat 2: 50CandyJoe (button) folded before Flop (didn't bet)
Seat 3: LeaveItYeah (small blind) collected ($6)
Seat 4: igorsm001 (big blind) folded before Flop
Seat 5: Seavus10 folded before Flop (didn't bet)
Seat 6: 7bekon7 folded before Flop



PokerStars Hand #254729302178:  Hold'em No Limit ($0.50/$1.00 USD) - 2025/02/05 2:57:07 WET [2025/02/05 21:57:07 ET]
Table 'Calypso II' 6-max Seat #3 is the button
Seat 1: NinaCox ($58.18 in chips) 
Seat 2: 50CandyJoe ($169.36 in chips) 
Seat 3: LeaveItYeah ($145.74 in chips) 
Seat 4: igorsm001 ($7.77 in chips) 
Seat 5: Seavus10 ($100 in chips) 
Seat 6: 7bekon7 ($101.39 in chips) 
igorsm001: posts small blind $0.50
Seavus10: posts big blind $1
*** HOLE CARDS ***
7bekon7: folds 
NinaCox: folds 
50CandyJoe: raises $1.20 to $2.20
LeaveItYeah: calls $2.20
igorsm001: calls $1.70
Seavus10: folds 
*** FLOP *** [9c 2d 5s]
igorsm001: bets $5.57 and is all-in
50CandyJoe: folds 
LeaveItYeah: folds 
Uncalled bet ($5.57) returned to igorsm001
igorsm001 collected $7.22 from pot
*** SUMMARY ***
Total pot $7.60 | Rake $0.38 
Board [9c 2d 5s]
Seat 1: NinaCox folded before Flop (didn't bet)
Seat 2: 50CandyJoe folded on the Flop
Seat 3: LeaveItYeah (button) folded on the Flop
Seat 4: igorsm001 (small blind) collected ($7.22)
Seat 5: Seavus10 (big blind) folded before Flop
Seat 6: 7bekon7 folded before Flop (didn't bet)



PokerStars Hand #254729307275:  Hold'em No Limit ($0.50/$1.00 USD) - 2025/02/05 2:57:56 WET [2025/02/05 21:57:56 ET]
Table 'Calypso II' 6-max Seat #4 is the button
Seat 1: NinaCox ($58.18 in chips) 
Seat 2: 50CandyJoe ($167.16 in chips) 
Seat 3: LeaveItYeah ($143.54 in chips) 
Seat 4: igorsm001 ($12.79 in chips) 
Seat 5: Seavus10 ($100 in chips) 
Seat 6: 7bekon7 ($101.39 in chips) 
Seavus10: posts small blind $0.50
7bekon7: posts big blind $1
*** HOLE CARDS ***
NinaCox: folds 
50CandyJoe: folds 
LeaveItYeah: folds 
igorsm001: calls $1
Seavus10: folds 
7bekon7: checks 
*** FLOP *** [Th Qd Jh]
7bekon7: checks 
igorsm001: checks 
*** TURN *** [Th Qd Jh] [5s]
7bekon7: checks 
igorsm001: checks 
*** RIVER *** [Th Qd Jh 5s] [Ad]
7bekon7: bets $1.19
igorsm001: raises $10.60 to $11.79 and is all-in
7bekon7: folds 
Uncalled bet ($10.60) returned to igorsm001
igorsm001 collected $4.64 from pot
*** SUMMARY ***
Total pot $4.88 | Rake $0.24 
Board [Th Qd Jh 5s Ad]
Seat 1: NinaCox folded before Flop (didn't bet)
Seat 2: 50CandyJoe folded before Flop (didn't bet)
Seat 3: LeaveItYeah folded before Flop (didn't bet)
Seat 4: igorsm001 (button) collected ($4.64)
Seat 5: Seavus10 (small blind) folded before Flop
Seat 6: 7bekon7 (big blind) folded on the River



PokerStars Hand #254729315426:  Hold'em No Limit ($0.50/$1.00 USD) - 2025/02/05 2:59:13 WET [2025/02/05 21:59:13 ET]
Table 'Calypso II' 6-max Seat #5 is the button
Seat 1: NinaCox ($58.18 in chips) 
Seat 2: 50CandyJoe ($167.16 in chips) 
Seat 3: LeaveItYeah ($143.54 in chips) 
Seat 4: igorsm001 ($15.24 in chips) 
Seat 5: Seavus10 ($100 in chips) 
Seat 6: 7bekon7 ($100 in chips) 
7bekon7: posts small blind $0.50
NinaCox: posts big blind $1
*** HOLE CARDS ***
50CandyJoe: folds 
LeaveItYeah: folds 
igorsm001: calls $1
Seavus10: folds 
7bekon7: folds 
NinaCox: checks 
*** FLOP *** [Qd 9d 9h]
NinaCox: checks 
igorsm001: checks 
*** TURN *** [Qd 9d 9h] [7c]
NinaCox: checks 
igorsm001: checks 
*** RIVER *** [Qd 9d 9h 7c] [Jc]
NinaCox: checks 
igorsm001: bets $2
NinaCox: folds 
Uncalled bet ($2) returned to igorsm001
igorsm001 collected $2.38 from pot
*** SUMMARY ***
Total pot $2.50 | Rake $0.12 
Board [Qd 9d 9h 7c Jc]
Seat 1: NinaCox (big blind) folded on the River
Seat 2: 50CandyJoe folded before Flop (didn't bet)
Seat 3: LeaveItYeah folded before Flop (didn't bet)
Seat 4: igorsm001 collected ($2.38)
Seat 5: Seavus10 (button) folded before Flop (didn't bet)
Seat 6: 7bekon7 (small blind) folded before Flop



PokerStars Hand #254729322513:  Hold'em No Limit ($0.50/$1.00 USD) - 2025/02/05 3:00:18 WET [2025/02/05 22:00:18 ET]
Table 'Calypso II' 6-max Seat #6 is the button
Seat 1: NinaCox ($57.18 in chips) 
Seat 2: 50CandyJoe ($167.16 in chips) 
Seat 3: LeaveItYeah ($143.54 in chips) 
Seat 4: igorsm001 ($16.62 in chips) 
Seat 5: Seavus10 ($100 in chips) 
Seat 6: 7bekon7 ($100 in chips) 
NinaCox: posts small blind $0.50
50CandyJoe: posts big blind $1
*** HOLE CARDS ***
LeaveItYeah: folds 
igorsm001: calls $1
Seavus10: folds 
7bekon7: folds 
NinaCox: raises $3 to $4
50CandyJoe: folds 
igorsm001: folds 
Uncalled bet ($3) returned to NinaCox
NinaCox collected $3 from pot
NinaCox: doesn't show hand 
*** SUMMARY ***
Total pot $3 | Rake $0 
Seat 1: NinaCox (small blind) collected ($3)
Seat 2: 50CandyJoe (big blind) folded before Flop
Seat 3: LeaveItYeah folded before Flop (didn't bet)
Seat 4: igorsm001 folded before Flop
Seat 5: Seavus10 folded before Flop (didn't bet)
Seat 6: 7bekon7 (button) folded before Flop (didn't bet)



PokerStars Hand #254729326471:  Hold'em No Limit ($0.50/$1.00 USD) - 2025/02/05 3:00:51 WET [2025/02/05 22:00:51 ET]
Table 'Calypso II' 6-max Seat #1 is the button
Seat 1: NinaCox ($59.18 in chips) 
Seat 2: 50CandyJoe ($166.16 in chips) 
Seat 3: LeaveItYeah ($143.54 in chips) 
Seat 4: igorsm001 ($15.62 in chips) 
Seat 5: Seavus10 ($100 in chips) 
Seat 6: 7bekon7 ($100 in chips) 
50CandyJoe: posts small blind $0.50
LeaveItYeah: posts big blind $1
*** HOLE CARDS ***
igorsm001: calls $1
Seavus10: folds 
7bekon7: folds 
NinaCox: folds 
50CandyJoe: folds 
LeaveItYeah: checks 
*** FLOP *** [4c 7h 4d]
LeaveItYeah: checks 
igorsm001: checks 
*** TURN *** [4c 7h 4d] [8c]
LeaveItYeah: checks 
igorsm001: bets $2.38
LeaveItYeah: folds 
Uncalled bet ($2.38) returned to igorsm001
igorsm001 collected $2.38 from pot
*** SUMMARY ***
Total pot $2.50 | Rake $0.12 
Board [4c 7h 4d 8c]
Seat 1: NinaCox (button) folded before Flop (didn't bet)
Seat 2: 50CandyJoe (small blind) folded before Flop
Seat 3: LeaveItYeah (big blind) folded on the Turn
Seat 4: igorsm001 collected ($2.38)
Seat 5: Seavus10 folded before Flop (didn't bet)
Seat 6: 7bekon7 folded before Flop (didn't bet)



PokerStars Hand #254729333492:  Hold'em No Limit ($0.50/$1.00 USD) - 2025/02/05 3:01:46 WET [2025/02/05 22:01:46 ET]
Table 'Calypso II' 6-max Seat #2 is the button
Seat 1: NinaCox ($59.18 in chips) 
Seat 2: 50CandyJoe ($165.66 in chips) 
Seat 3: LeaveItYeah ($142.54 in chips) 
Seat 4: igorsm001 ($17 in chips) 
Seat 5: Seavus10 ($100 in chips) 
Seat 6: 7bekon7 ($100 in chips) 
LeaveItYeah: posts small blind $0.50
igorsm001: posts big blind $1
*** HOLE CARDS ***
Seavus10: folds 
7bekon7: folds 
NinaCox: folds 
50CandyJoe: folds 
LeaveItYeah: folds 
Uncalled bet ($0.50) returned to igorsm001
igorsm001 collected $1 from pot
*** SUMMARY ***
Total pot $1 | Rake $0 
Seat 1: NinaCox folded before Flop (didn't bet)
Seat 2: 50CandyJoe (button) folded before Flop (didn't bet)
Seat 3: LeaveItYeah (small blind) folded before Flop
Seat 4: igorsm001 (big blind) collected ($1)
Seat 5: Seavus10 folded before Flop (didn't bet)
Seat 6: 7bekon7 folded before Flop (didn't bet)



PokerStars Hand #254729336209:  Hold'em No Limit ($0.50/$1.00 USD) - 2025/02/05 3:02:07 WET [2025/02/05 22:02:07 ET]
Table 'Calypso II' 6-max Seat #3 is the button
Seat 1: NinaCox ($59.18 in chips) 
Seat 2: 50CandyJoe ($165.66 in chips) 
Seat 3: LeaveItYeah ($142.04 in chips) 
Seat 4: igorsm001 ($17.50 in chips) 
Seat 5: Seavus10 ($100 in chips) 
Seat 6: 7bekon7 ($100 in chips) 
igorsm001: posts small blind $0.50
Seavus10: posts big blind $1
*** HOLE CARDS ***
7bekon7: folds 
NinaCox: folds 
50CandyJoe: folds 
LeaveItYeah: folds 
igorsm001: calls $0.50
Seavus10: checks 
*** FLOP *** [4s 9s Td]
igorsm001: bets $1.90
Seavus10: folds 
Uncalled bet ($1.90) returned to igorsm001
igorsm001 collected $1.90 from pot
igorsm001: doesn't show hand 
*** SUMMARY ***
Total pot $2 | Rake $0.10 
Board [4s 9s Td]
Seat 1: NinaCox folded before Flop (didn't bet)
Seat 2: 50CandyJoe folded before Flop (didn't bet)
Seat 3: LeaveItYeah (button) folded before Flop (didn't bet)
Seat 4: igorsm001 (small blind) collected ($1.90)
Seat 5: Seavus10 (big blind) folded on the Flop
Seat 6: 7bekon7 folded before Flop (didn't bet)



PokerStars Hand #254729341017:  Hold'em No Limit ($0.50/$1.00 USD) - 2025/02/05 3:02:43 WET [2025/02/05 22:02:43 ET]
Table 'Calypso II' 6-max Seat #4 is the button
Seat 1: NinaCox ($59.18 in chips) 
Seat 2: 50CandyJoe ($165.66 in chips) 
Seat 3: LeaveItYeah ($142.04 in chips) 
Seat 4: igorsm001 ($18.40 in chips) 
Seat 5: Seavus10 ($100 in chips) 
Seat 6: 7bekon7 ($100 in chips) 
Seavus10: posts small blind $0.50
7bekon7: posts big blind $1
*** HOLE CARDS ***
NinaCox: folds 
50CandyJoe: folds 
LeaveItYeah: raises $1.25 to $2.25
igorsm001: calls $2.25
Seavus10: folds 
7bekon7: folds 
*** FLOP *** [Jh Td 8s]
LeaveItYeah: checks 
igorsm001: checks 
*** TURN *** [Jh Td 8s] [2c]
LeaveItYeah: checks 
igorsm001: bets $2
LeaveItYeah: calls $2
*** RIVER *** [Jh Td 8s 2c] [Th]
LeaveItYeah: checks 
igorsm001: bets $9.50
LeaveItYeah: folds 
Uncalled bet ($9.50) returned to igorsm001
igorsm001 collected $9.50 from pot
igorsm001: doesn't show hand 
*** SUMMARY ***
Total pot $10 | Rake $0.50 
Board [Jh Td 8s 2c Th]
Seat 1: NinaCox folded before Flop (didn't bet)
Seat 2: 50CandyJoe folded before Flop (didn't bet)
Seat 3: LeaveItYeah folded on the River
Seat 4: igorsm001 (button) collected ($9.50)
Seat 5: Seavus10 (small blind) folded before Flop
Seat 6: 7bekon7 (big blind) folded before Flop



PokerStars Hand #254729353336:  Hold'em No Limit ($0.50/$1.00 USD) - 2025/02/05 3:04:15 WET [2025/02/05 22:04:15 ET]
Table 'Calypso II' 6-max Seat #5 is the button
Seat 1: NinaCox ($59.18 in chips) 
Seat 2: 50CandyJoe ($165.66 in chips) 
Seat 3: LeaveItYeah ($137.79 in chips) 
Seat 4: igorsm001 ($23.65 in chips) 
Seat 5: Seavus10 ($100 in chips) 
Seat 6: 7bekon7 ($100 in chips) 
7bekon7: posts small blind $0.50
NinaCox: posts big blind $1
*** HOLE CARDS ***
50CandyJoe: raises $1.20 to $2.20
LeaveItYeah: folds 
igorsm001: calls $2.20
Seavus10: folds 
7bekon7: folds 
NinaCox: calls $1.20
*** FLOP *** [6s 7h 4s]
NinaCox: checks 
50CandyJoe: checks 
igorsm001: bets $6.74
NinaCox: raises $50.24 to $56.98 and is all-in
50CandyJoe: folds 
igorsm001: calls $14.71 and is all-in
Uncalled bet ($35.53) returned to NinaCox
*** TURN *** [6s 7h 4s] [3c]
*** RIVER *** [6s 7h 4s 3c] [5h]
*** SHOW DOWN ***
NinaCox: shows [6h 4c] (a straight, Three to Seven)
igorsm001: shows [4d Tc] (a straight, Three to Seven)
NinaCox collected $23.75 from pot
igorsm001 cashed out the hand for $7.35 | Cash Out Fee $0.15
*** SUMMARY ***
Total pot $50 | Rake $2.50 
Board [6s 7h 4s 3c 5h]
Seat 1: NinaCox (big blind) showed [6h 4c] and won ($23.75) with a straight, Three to Seven
Seat 2: 50CandyJoe folded on the Flop
Seat 3: LeaveItYeah folded before Flop (didn't bet)
Seat 4: igorsm001 showed [4d Tc] and won ($23.75) with a straight, Three to Seven (pot not awarded as player cashed out)
Seat 5: Seavus10 (button) folded before Flop (didn't bet)
Seat 6: 7bekon7 (small blind) folded before Flop



PokerStars Hand #254729362721:  Hold'em No Limit ($0.50/$1.00 USD) - 2025/02/05 3:05:25 WET [2025/02/05 22:05:25 ET]
Table 'Calypso II' 6-max Seat #6 is the button
Seat 1: NinaCox ($59.28 in chips) 
Seat 2: 50CandyJoe ($163.46 in chips) 
Seat 3: LeaveItYeah ($137.79 in chips) 
Seat 4: igorsm001 ($7.35 in chips) 
Seat 5: Seavus10 ($100 in chips) 
Seat 6: 7bekon7 ($100 in chips) 
NinaCox: posts small blind $0.50
50CandyJoe: posts big blind $1
*** HOLE CARDS ***
LeaveItYeah: raises $1.10 to $2.10
igorsm001: calls $2.10
Seavus10: folds 
7bekon7: calls $2.10
NinaCox: calls $1.60
50CandyJoe: calls $1.10
*** FLOP *** [5c Qs 2d]
NinaCox: checks 
50CandyJoe: checks 
LeaveItYeah: checks 
igorsm001: checks 
7bekon7: bets $2.50
NinaCox: folds 
50CandyJoe: folds 
LeaveItYeah: folds 
igorsm001: folds 
Uncalled bet ($2.50) returned to 7bekon7
7bekon7 collected $9.98 from pot
7bekon7: doesn't show hand 
*** SUMMARY ***
Total pot $10.50 | Rake $0.52 
Board [5c Qs 2d]
Seat 1: NinaCox (small blind) folded on the Flop
Seat 2: 50CandyJoe (big blind) folded on the Flop
Seat 3: LeaveItYeah folded on the Flop
Seat 4: igorsm001 folded on the Flop
Seat 5: Seavus10 folded before Flop (didn't bet)
Seat 6: 7bekon7 (button) collected ($9.98)



PokerStars Hand #254729376645:  Hold'em No Limit ($0.50/$1.00 USD) - 2025/02/05 3:07:10 WET [2025/02/05 22:07:10 ET]
Table 'Calypso II' 6-max Seat #1 is the button
Seat 1: NinaCox ($57.18 in chips) 
Seat 2: 50CandyJoe ($161.36 in chips) 
Seat 3: LeaveItYeah ($135.69 in chips) 
Seat 4: igorsm001 ($5.25 in chips) 
Seat 5: Seavus10 ($100 in chips) 
Seat 6: 7bekon7 ($107.88 in chips) 
50CandyJoe: posts small blind $0.50
LeaveItYeah: posts big blind $1
*** HOLE CARDS ***
igorsm001: calls $1
Seavus10: raises $3.50 to $4.50
7bekon7: folds 
NinaCox: folds 
50CandyJoe: folds 
LeaveItYeah: folds 
igorsm001: folds 
Uncalled bet ($3.50) returned to Seavus10
Seavus10 collected $3.50 from pot
Seavus10: doesn't show hand 
*** SUMMARY ***
Total pot $3.50 | Rake $0 
Seat 1: NinaCox (button) folded before Flop (didn't bet)
Seat 2: 50CandyJoe (small blind) folded before Flop
Seat 3: LeaveItYeah (big blind) folded before Flop
Seat 4: igorsm001 folded before Flop
Seat 5: Seavus10 collected ($3.50)
Seat 6: 7bekon7 folded before Flop (didn't bet)



PokerStars Hand #254729381215:  Hold'em No Limit ($0.50/$1.00 USD) - 2025/02/05 3:07:44 WET [2025/02/05 22:07:44 ET]
Table 'Calypso II' 6-max Seat #2 is the button
Seat 1: NinaCox ($57.18 in chips) 
Seat 2: 50CandyJoe ($160.86 in chips) 
Seat 3: LeaveItYeah ($134.69 in chips) 
Seat 4: igorsm001 ($4.25 in chips) 
Seat 5: Seavus10 ($102.50 in chips) 
Seat 6: 7bekon7 ($107.88 in chips) 
LeaveItYeah: posts small blind $0.50
igorsm001: posts big blind $1
*** HOLE CARDS ***
Seavus10: folds 
7bekon7: folds 
NinaCox: raises $1 to $2
50CandyJoe: raises $5 to $7
LeaveItYeah: folds 
igorsm001: calls $3.25 and is all-in
NinaCox: calls $5
*** FLOP *** [9s 2s Kd]
NinaCox: checks 
50CandyJoe: checks 
*** TURN *** [9s 2s Kd] [Kh]
NinaCox: checks 
50CandyJoe: checks 
*** RIVER *** [9s 2s Kd Kh] [2c]
NinaCox: checks 
50CandyJoe: checks 
*** SHOW DOWN ***
NinaCox: shows [Ts Ah] (two pair, Kings and Deuces)
50CandyJoe: shows [Ac Td] (two pair, Kings and Deuces)
NinaCox collected $2.61 from side pot
50CandyJoe collected $2.61 from side pot
igorsm001: shows [As Jc] (two pair, Kings and Deuces)
igorsm001 collected $4.20 from main pot
NinaCox collected $4.20 from main pot
50CandyJoe collected $4.19 from main pot
*** SUMMARY ***
Total pot $18.75 Main pot $12.59. Side pot $5.22. | Rake $0.94 
Board [9s 2s Kd Kh 2c]
Seat 1: NinaCox showed [Ts Ah] and won ($6.81) with two pair, Kings and Deuces
Seat 2: 50CandyJoe (button) showed [Ac Td] and won ($6.80) with two pair, Kings and Deuces
Seat 3: LeaveItYeah (small blind) folded before Flop
Seat 4: igorsm001 (big blind) showed [As Jc] and won ($4.20) with two pair, Kings and Deuces
Seat 5: Seavus10 folded before Flop (didn't bet)
Seat 6: 7bekon7 folded before Flop (didn't bet)



PokerStars Hand #254729389038:  Hold'em No Limit ($0.50/$1.00 USD) - 2025/02/05 3:08:43 WET [2025/02/05 22:08:43 ET]
Table 'Calypso II' 6-max Seat #3 is the button
Seat 1: NinaCox ($56.99 in chips) 
Seat 2: 50CandyJoe ($160.66 in chips) 
Seat 3: LeaveItYeah ($134.19 in chips) 
Seat 4: igorsm001 ($4.20 in chips) 
Seat 5: Seavus10 ($102.50 in chips) 
Seat 6: 7bekon7 ($107.88 in chips) 
igorsm001: posts small blind $0.50
Seavus10: posts big blind $1
*** HOLE CARDS ***
7bekon7: raises $1.25 to $2.25
NinaCox: folds 
50CandyJoe: folds 
LeaveItYeah: folds 
igorsm001: folds 
Seavus10: folds 
Uncalled bet ($1.25) returned to 7bekon7
7bekon7 collected $2.50 from pot
7bekon7: doesn't show hand 
*** SUMMARY ***
Total pot $2.50 | Rake $0 
Seat 1: NinaCox folded before Flop (didn't bet)
Seat 2: 50CandyJoe folded before Flop (didn't bet)
Seat 3: LeaveItYeah (button) folded before Flop (didn't bet)
Seat 4: igorsm001 (small blind) folded before Flop
Seat 5: Seavus10 (big blind) folded before Flop
Seat 6: 7bekon7 collected ($2.50)



PokerStars Hand #254729393653:  Hold'em No Limit ($0.50/$1.00 USD) - 2025/02/05 3:09:20 WET [2025/02/05 22:09:20 ET]
Table 'Calypso II' 6-max Seat #4 is the button
Seat 1: NinaCox ($56.99 in chips) 
Seat 2: 50CandyJoe ($160.66 in chips) 
Seat 3: LeaveItYeah ($134.19 in chips) 
Seat 4: igorsm001 ($3.70 in chips) 
Seat 5: Seavus10 ($101.50 in chips) 
Seat 6: 7bekon7 ($109.38 in chips) 
Seavus10: posts small blind $0.50
7bekon7: posts big blind $1
*** HOLE CARDS ***
NinaCox: raises $1 to $2
50CandyJoe: folds 
LeaveItYeah: folds 
igorsm001: raises $1 to $3
Seavus10: folds 
7bekon7: folds 
NinaCox: raises $1 to $4
igorsm001: calls $0.70 and is all-in
Uncalled bet ($0.30) returned to NinaCox
*** FLOP *** [7s Jd Kh]
*** TURN *** [7s Jd Kh] [Ks]
*** RIVER *** [7s Jd Kh Ks] [Qc]
*** SHOW DOWN ***
NinaCox: shows [8c Ad] (a pair of Kings)
igorsm001: shows [3c Ac] (a pair of Kings)
NinaCox collected $4.23 from pot
igorsm001 cashed out the hand for $3.10 | Cash Out Fee $0.06
*** SUMMARY ***
Total pot $8.90 | Rake $0.44 
Board [7s Jd Kh Ks Qc]
Seat 1: NinaCox showed [8c Ad] and won ($4.23) with a pair of Kings
Seat 2: 50CandyJoe folded before Flop (didn't bet)
Seat 3: LeaveItYeah folded before Flop (didn't bet)
Seat 4: igorsm001 (button) showed [3c Ac] and won ($4.23) with a pair of Kings (pot not awarded as player cashed out)
Seat 5: Seavus10 (small blind) folded before Flop
Seat 6: 7bekon7 (big blind) folded before Flop



PokerStars Hand #254729400992:  Hold'em No Limit ($0.50/$1.00 USD) - 2025/02/05 3:10:16 WET [2025/02/05 22:10:16 ET]
Table 'Calypso II' 6-max Seat #5 is the button
Seat 1: NinaCox ($57.52 in chips) 
Seat 2: 50CandyJoe ($160.66 in chips) 
Seat 3: LeaveItYeah ($134.19 in chips) 
Seat 4: igorsm001 ($3.10 in chips) 
Seat 5: Seavus10 ($101 in chips) 
Seat 6: 7bekon7 ($108.38 in chips) 
7bekon7: posts small blind $0.50
NinaCox: posts big blind $1
*** HOLE CARDS ***
50CandyJoe: folds 
LeaveItYeah: raises $1.10 to $2.10
igorsm001: raises $1 to $3.10 and is all-in
Seavus10: folds 
7bekon7: folds 
NinaCox: folds 
LeaveItYeah: calls $1
*** FLOP *** [5d 8c Th]
*** TURN *** [5d 8c Th] [Tc]
*** RIVER *** [5d 8c Th Tc] [9s]
*** SHOW DOWN ***
LeaveItYeah: shows [Qc Js] (a straight, Eight to Queen)
igorsm001: shows [Ts As] (three of a kind, Tens)
LeaveItYeah collected $7.32 from pot
*** SUMMARY ***
Total pot $7.70 | Rake $0.38 
Board [5d 8c Th Tc 9s]
Seat 1: NinaCox (big blind) folded before Flop
Seat 2: 50CandyJoe folded before Flop (didn't bet)
Seat 3: LeaveItYeah showed [Qc Js] and won ($7.32) with a straight, Eight to Queen
Seat 4: igorsm001 showed [Ts As] and lost with three of a kind, Tens
Seat 5: Seavus10 (button) folded before Flop (didn't bet)
Seat 6: 7bekon7 (small blind) folded before Flop



PokerStars Hand #254729405635:  Hold'em No Limit ($0.50/$1.00 USD) - 2025/02/05 3:10:51 WET [2025/02/05 22:10:51 ET]
Table 'Calypso II' 6-max Seat #6 is the button
Seat 4: igorsm001 ($0 in chips) is sitting out
Seat 1: NinaCox ($56.52 in chips) 
Seat 2: 50CandyJoe ($160.66 in chips) 
Seat 3: LeaveItYeah ($138.41 in chips) 
Seat 5: Seavus10 ($101 in chips) 
Seat 6: 7bekon7 ($107.88 in chips) 
NinaCox: posts small blind $0.50
50CandyJoe: posts big blind $1
*** HOLE CARDS ***
LeaveItYeah: raises $1.10 to $2.10
Seavus10: raises $5.25 to $7.35
7bekon7: folds 
NinaCox: calls $6.85
50CandyJoe: folds 
LeaveItYeah: calls $5.25
*** FLOP *** [3s 5h 5d]
NinaCox: checks 
LeaveItYeah: checks 
Seavus10: bets $7.29
NinaCox: calls $7.29
LeaveItYeah: folds 
*** TURN *** [3s 5h 5d] [Js]
NinaCox: checks 
Seavus10: bets $11.80
NinaCox: calls $11.80
*** RIVER *** [3s 5h 5d Js] [6h]
NinaCox: checks 
Seavus10: checks 
*** SHOW DOWN ***
NinaCox: shows [9h 9s] (two pair, Nines and Fives)
Seavus10: mucks hand 
NinaCox collected $58.73 from pot
*** SUMMARY ***
Total pot $61.23 | Rake $2.50 
Board [3s 5h 5d Js 6h]
Seat 4: igorsm001
Seat 1: NinaCox (small blind) showed [9h 9s] and won ($58.73) with two pair, Nines and Fives
Seat 2: 50CandyJoe (big blind) folded before Flop
Seat 3: LeaveItYeah folded on the Flop
Seat 5: Seavus10 mucked
Seat 6: 7bekon7 (button) folded before Flop (didn't bet)



PokerStars Hand #254729417219:  Hold'em No Limit ($0.50/$1.00 USD) - 2025/02/05 3:12:19 WET [2025/02/05 22:12:19 ET]
Table 'Calypso II' 6-max Seat #1 is the button
Seat 4: igorsm001 ($0 in chips) is sitting out
Seat 1: NinaCox ($88.81 in chips) 
Seat 2: 50CandyJoe ($159.66 in chips) 
Seat 3: LeaveItYeah ($131.06 in chips) 
Seat 5: Seavus10 ($100 in chips) 
Seat 6: 7bekon7 ($107.88 in chips) 
50CandyJoe: posts small blind $0.50
LeaveItYeah: posts big blind $1
*** HOLE CARDS ***
Seavus10: folds 
7bekon7: raises $1.25 to $2.25
igorsm001 leaves the table
NinaCox: folds 
50CandyJoe: folds 
LeaveItYeah: folds 
Uncalled bet ($1.25) returned to 7bekon7
7bekon7 collected $2.50 from pot
7bekon7: doesn't show hand 
*** SUMMARY ***
Total pot $2.50 | Rake $0 
Seat 4: igorsm001
Seat 1: NinaCox (button) folded before Flop (didn't bet)
Seat 2: 50CandyJoe (small blind) folded before Flop
Seat 3: LeaveItYeah (big blind) folded before Flop
Seat 5: Seavus10 folded before Flop (didn't bet)
Seat 6: 7bekon7 collected ($2.50)



PokerStars Hand #254729419866:  Hold'em No Limit ($0.50/$1.00 USD) - 2025/02/05 3:12:40 WET [2025/02/05 22:12:40 ET]
Table 'Calypso II' 6-max Seat #2 is the button
Seat 1: NinaCox ($88.81 in chips) 
Seat 2: 50CandyJoe ($159.16 in chips) 
Seat 3: LeaveItYeah ($130.06 in chips) 
Seat 5: Seavus10 ($100 in chips) 
Seat 6: 7bekon7 ($109.38 in chips) 
LeaveItYeah: posts small blind $0.50
Seavus10: posts big blind $1
*** HOLE CARDS ***
7bekon7: folds 
NinaCox: folds 
50CandyJoe: folds 
LeaveItYeah: raises $2 to $3
Seavus10: raises $6 to $9
LeaveItYeah: folds 
Uncalled bet ($6) returned to Seavus10
Seavus10 collected $6 from pot
Seavus10: doesn't show hand 
*** SUMMARY ***
Total pot $6 | Rake $0 
Seat 1: NinaCox folded before Flop (didn't bet)
Seat 2: 50CandyJoe (button) folded before Flop (didn't bet)
Seat 3: LeaveItYeah (small blind) folded before Flop
Seat 5: Seavus10 (big blind) collected ($6)
Seat 6: 7bekon7 folded before Flop (didn't bet)



PokerStars Hand #254729424208:  Hold'em No Limit ($0.50/$1.00 USD) - 2025/02/05 3:13:14 WET [2025/02/05 22:13:14 ET]
Table 'Calypso II' 6-max Seat #3 is the button
Seat 6: 7bekon7 ($109.38 in chips) is sitting out
Seat 1: NinaCox ($88.81 in chips) 
Seat 2: 50CandyJoe ($159.16 in chips) 
Seat 3: LeaveItYeah ($127.06 in chips) 
Seat 5: Seavus10 ($103 in chips) 
Seavus10: posts small blind $0.50
7bekon7: is sitting out 
NinaCox: posts big blind $1
*** HOLE CARDS ***
7bekon7 leaves the table
50CandyJoe: raises $1.20 to $2.20
fish my nuts joins the table at seat #4 
MaRKiToScoK joins the table at seat #6 
LeaveItYeah: folds 
Seavus10: folds 
NinaCox: folds 
Uncalled bet ($1.20) returned to 50CandyJoe
50CandyJoe collected $2.50 from pot
50CandyJoe: doesn't show hand 
*** SUMMARY ***
Total pot $2.50 | Rake $0 
Seat 6: 7bekon7
Seat 1: NinaCox (big blind) folded before Flop
Seat 2: 50CandyJoe collected ($2.50)
Seat 3: LeaveItYeah (button) folded before Flop (didn't bet)
Seat 5: Seavus10 (small blind) folded before Flop



PokerStars Hand #254729426966:  Hold'em No Limit ($0.50/$1.00 USD) - 2025/02/05 3:13:35 WET [2025/02/05 22:13:35 ET]
Table 'Calypso II' 6-max Seat #5 is the button
Seat 4: fish my nuts ($100 in chips) is sitting out
Seat 6: MaRKiToScoK ($100 in chips) is sitting out
Seat 1: NinaCox ($87.81 in chips) 
Seat 2: 50CandyJoe ($160.66 in chips) 
Seat 3: LeaveItYeah ($127.06 in chips) 
Seat 5: Seavus10 ($102.50 in chips) 
NinaCox: posts small blind $0.50
50CandyJoe: posts big blind $1
fish my nuts: sits out 
*** HOLE CARDS ***
LeaveItYeah: folds 
Seavus10: raises $1.50 to $2.50
NinaCox: folds 
50CandyJoe: folds 
Uncalled bet ($1.50) returned to Seavus10
Seavus10 collected $2.50 from pot
Seavus10: doesn't show hand 
*** SUMMARY ***
Total pot $2.50 | Rake $0 
Seat 4: fish my nuts
Seat 6: MaRKiToScoK
Seat 1: NinaCox (small blind) folded before Flop
Seat 2: 50CandyJoe (big blind) folded before Flop
Seat 3: LeaveItYeah folded before Flop (didn't bet)
Seat 5: Seavus10 (button) collected ($2.50)



PokerStars Hand #254729429099:  Hold'em No Limit ($0.50/$1.00 USD) - 2025/02/05 3:13:52 WET [2025/02/05 22:13:52 ET]
Table 'Calypso II' 6-max Seat #1 is the button
Seat 4: fish my nuts ($100 in chips) is sitting out
Seat 6: MaRKiToScoK ($100 in chips) is sitting out
Seat 1: NinaCox ($87.31 in chips) 
Seat 2: 50CandyJoe ($159.66 in chips) 
Seat 3: LeaveItYeah ($127.06 in chips) 
Seat 5: Seavus10 ($104 in chips) 
50CandyJoe: posts small blind $0.50
LeaveItYeah: posts big blind $1
fish my nuts: sits out 
MaRKiToScoK: sits out 
*** HOLE CARDS ***
Seavus10: folds 
NinaCox: raises $1.50 to $2.50
50CandyJoe: folds 
LeaveItYeah: folds 
Uncalled bet ($1.50) returned to NinaCox
NinaCox collected $2.50 from pot
NinaCox: doesn't show hand 
*** SUMMARY ***
Total pot $2.50 | Rake $0 
Seat 4: fish my nuts
Seat 6: MaRKiToScoK
Seat 1: NinaCox (button) collected ($2.50)
Seat 2: 50CandyJoe (small blind) folded before Flop
Seat 3: LeaveItYeah (big blind) folded before Flop
Seat 5: Seavus10 folded before Flop (didn't bet)



PokerStars Hand #254729431832:  Hold'em No Limit ($0.50/$1.00 USD) - 2025/02/05 3:14:13 WET [2025/02/05 22:14:13 ET]
Table 'Calypso II' 6-max Seat #2 is the button
Seat 6: MaRKiToScoK ($100 in chips) is sitting out
Seat 1: NinaCox ($88.81 in chips) 
Seat 2: 50CandyJoe ($159.16 in chips) 
Seat 3: LeaveItYeah ($126.06 in chips) 
Seat 4: fish my nuts ($100 in chips) 
Seat 5: Seavus10 ($104 in chips) 
LeaveItYeah: posts small blind $0.50
fish my nuts: posts big blind $1
MaRKiToScoK: sits out 
*** HOLE CARDS ***
Seavus10: folds 
NinaCox: raises $1.50 to $2.50
50CandyJoe: raises $5 to $7.50
LeaveItYeah: folds 
fish my nuts: folds 
NinaCox: calls $5
*** FLOP *** [Td 9h 2s]
NinaCox: checks 
50CandyJoe: bets $7.84
NinaCox: folds 
Uncalled bet ($7.84) returned to 50CandyJoe
50CandyJoe collected $15.68 from pot
50CandyJoe: doesn't show hand 
*** SUMMARY ***
Total pot $16.50 | Rake $0.82 
Board [Td 9h 2s]
Seat 6: MaRKiToScoK
Seat 1: NinaCox folded on the Flop
Seat 2: 50CandyJoe (button) collected ($15.68)
Seat 3: LeaveItYeah (small blind) folded before Flop
Seat 4: fish my nuts (big blind) folded before Flop
Seat 5: Seavus10 folded before Flop (didn't bet)



PokerStars Hand #254729438556:  Hold'em No Limit ($0.50/$1.00 USD) - 2025/02/05 3:15:05 WET [2025/02/05 22:15:05 ET]
Table 'Calypso II' 6-max Seat #3 is the button
Seat 6: MaRKiToScoK ($100 in chips) is sitting out
Seat 1: NinaCox ($81.31 in chips) 
Seat 2: 50CandyJoe ($167.34 in chips) 
Seat 3: LeaveItYeah ($125.56 in chips) 
Seat 4: fish my nuts ($100 in chips) 
Seat 5: Seavus10 ($104 in chips) 
fish my nuts: posts small blind $0.50
Seavus10: posts big blind $1
MaRKiToScoK: sits out 
*** HOLE CARDS ***
NinaCox: folds 
50CandyJoe: folds 
LeaveItYeah: raises $1.40 to $2.40
fish my nuts: folds 
Seavus10: calls $1.40
*** FLOP *** [Td 4d Ks]
Seavus10: checks 
LeaveItYeah: bets $6.30
Seavus10: folds 
Uncalled bet ($6.30) returned to LeaveItYeah
LeaveItYeah collected $5.04 from pot
LeaveItYeah: doesn't show hand 
*** SUMMARY ***
Total pot $5.30 | Rake $0.26 
Board [Td 4d Ks]
Seat 6: MaRKiToScoK
Seat 1: NinaCox folded before Flop (didn't bet)
Seat 2: 50CandyJoe folded before Flop (didn't bet)
Seat 3: LeaveItYeah (button) collected ($5.04)
Seat 4: fish my nuts (small blind) folded before Flop
Seat 5: Seavus10 (big blind) folded on the Flop



PokerStars Hand #254729442710:  Hold'em No Limit ($0.50/$1.00 USD) - 2025/02/05 3:15:37 WET [2025/02/05 22:15:37 ET]
Table 'Calypso II' 6-max Seat #4 is the button
Seat 1: NinaCox ($81.31 in chips) 
Seat 2: 50CandyJoe ($167.34 in chips) 
Seat 3: LeaveItYeah ($128.20 in chips) 
Seat 4: fish my nuts ($100 in chips) 
Seat 5: Seavus10 ($101.60 in chips) 
Seat 6: MaRKiToScoK ($100 in chips) 
Seavus10: posts small blind $0.50
MaRKiToScoK: posts big blind $1
*** HOLE CARDS ***
NinaCox: folds 
50CandyJoe: folds 
LeaveItYeah: folds 
fish my nuts: folds 
Seavus10: folds 
Uncalled bet ($0.50) returned to MaRKiToScoK
MaRKiToScoK collected $1 from pot
*** SUMMARY ***
Total pot $1 | Rake $0 
Seat 1: NinaCox folded before Flop (didn't bet)
Seat 2: 50CandyJoe folded before Flop (didn't bet)
Seat 3: LeaveItYeah folded before Flop (didn't bet)
Seat 4: fish my nuts (button) folded before Flop (didn't bet)
Seat 5: Seavus10 (small blind) folded before Flop
Seat 6: MaRKiToScoK (big blind) collected ($1)



PokerStars Hand #254729447708:  Hold'em No Limit ($0.50/$1.00 USD) - 2025/02/05 3:16:16 WET [2025/02/05 22:16:16 ET]
Table 'Calypso II' 6-max Seat #5 is the button
Seat 1: NinaCox ($81.31 in chips) 
Seat 2: 50CandyJoe ($167.34 in chips) 
Seat 3: LeaveItYeah ($128.20 in chips) 
Seat 4: fish my nuts ($100 in chips) 
Seat 5: Seavus10 ($101.10 in chips) 
Seat 6: MaRKiToScoK ($100.50 in chips) 
MaRKiToScoK: posts small blind $0.50
NinaCox: posts big blind $1
*** HOLE CARDS ***
50CandyJoe: folds 
LeaveItYeah: folds 
fish my nuts: folds 
Seavus10: folds 
MaRKiToScoK: raises $2 to $3
NinaCox: calls $2
*** FLOP *** [Jh Qd 7s]
MaRKiToScoK: bets $1.88
NinaCox: raises $4.12 to $6
MaRKiToScoK: calls $4.12
*** TURN *** [Jh Qd 7s] [3h]
MaRKiToScoK: checks 
NinaCox: bets $16
MaRKiToScoK: folds 
Uncalled bet ($16) returned to NinaCox
NinaCox collected $17.10 from pot
NinaCox: doesn't show hand 
*** SUMMARY ***
Total pot $18 | Rake $0.90 
Board [Jh Qd 7s 3h]
Seat 1: NinaCox (big blind) collected ($17.10)
Seat 2: 50CandyJoe folded before Flop (didn't bet)
Seat 3: LeaveItYeah folded before Flop (didn't bet)
Seat 4: fish my nuts folded before Flop (didn't bet)
Seat 5: Seavus10 (button) folded before Flop (didn't bet)
Seat 6: MaRKiToScoK (small blind) folded on the Turn



PokerStars Hand #254729457957:  Hold'em No Limit ($0.50/$1.00 USD) - 2025/02/05 3:17:35 WET [2025/02/05 22:17:35 ET]
Table 'Calypso II' 6-max Seat #6 is the button
Seat 1: NinaCox ($89.41 in chips) 
Seat 2: 50CandyJoe ($167.34 in chips) 
Seat 3: LeaveItYeah ($128.20 in chips) 
Seat 4: fish my nuts ($100 in chips) 
Seat 5: Seavus10 ($101.10 in chips) 
Seat 6: MaRKiToScoK ($100 in chips) 
NinaCox: posts small blind $0.50
50CandyJoe: posts big blind $1
*** HOLE CARDS ***
LeaveItYeah: folds 
fish my nuts: raises $1.30 to $2.30
Seavus10: folds 
MaRKiToScoK: calls $2.30
NinaCox: folds 
50CandyJoe: folds 
*** FLOP *** [8d 4c 8h]
fish my nuts: checks 
MaRKiToScoK: checks 
*** TURN *** [8d 4c 8h] [3d]
fish my nuts: bets $2.03
MaRKiToScoK: folds 
Uncalled bet ($2.03) returned to fish my nuts
fish my nuts collected $5.80 from pot
fish my nuts: doesn't show hand 
*** SUMMARY ***
Total pot $6.10 | Rake $0.30 
Board [8d 4c 8h 3d]
Seat 1: NinaCox (small blind) folded before Flop
Seat 2: 50CandyJoe (big blind) folded before Flop
Seat 3: LeaveItYeah folded before Flop (didn't bet)
Seat 4: fish my nuts collected ($5.80)
Seat 5: Seavus10 folded before Flop (didn't bet)
Seat 6: MaRKiToScoK (button) folded on the Turn



PokerStars Hand #254729464165:  Hold'em No Limit ($0.50/$1.00 USD) - 2025/02/05 3:18:25 WET [2025/02/05 22:18:25 ET]
Table 'Calypso II' 6-max Seat #1 is the button
Seat 1: NinaCox ($88.91 in chips) 
Seat 2: 50CandyJoe ($166.34 in chips) 
Seat 3: LeaveItYeah ($128.20 in chips) 
Seat 4: fish my nuts ($103.50 in chips) 
Seat 5: Seavus10 ($101.10 in chips) 
Seat 6: MaRKiToScoK ($100 in chips) 
50CandyJoe: posts small blind $0.50
LeaveItYeah: posts big blind $1
*** HOLE CARDS ***
fish my nuts: folds 
Seavus10: raises $1.20 to $2.20
MaRKiToScoK: raises $4.84 to $7.04
NinaCox: folds 
50CandyJoe: folds 
LeaveItYeah: folds 
Seavus10: calls $4.84
*** FLOP *** [Ac 7c 3c]
Seavus10: checks 
MaRKiToScoK: bets $3.50
Seavus10: folds 
Uncalled bet ($3.50) returned to MaRKiToScoK
MaRKiToScoK collected $14.80 from pot
*** SUMMARY ***
Total pot $15.58 | Rake $0.78 
Board [Ac 7c 3c]
Seat 1: NinaCox (button) folded before Flop (didn't bet)
Seat 2: 50CandyJoe (small blind) folded before Flop
Seat 3: LeaveItYeah (big blind) folded before Flop
Seat 4: fish my nuts folded before Flop (didn't bet)
Seat 5: Seavus10 folded on the Flop
Seat 6: MaRKiToScoK collected ($14.80)



PokerStars Hand #254729470774:  Hold'em No Limit ($0.50/$1.00 USD) - 2025/02/05 3:19:15 WET [2025/02/05 22:19:15 ET]
Table 'Calypso II' 6-max Seat #2 is the button
Seat 3: LeaveItYeah ($127.20 in chips) is sitting out
Seat 1: NinaCox ($88.91 in chips) 
Seat 2: 50CandyJoe ($165.84 in chips) 
Seat 4: fish my nuts ($103.50 in chips) 
Seat 5: Seavus10 ($100 in chips) 
Seat 6: MaRKiToScoK ($107.76 in chips) 
fish my nuts: posts small blind $0.50
Seavus10: posts big blind $1
*** HOLE CARDS ***
MaRKiToScoK: raises $1 to $2
NinaCox: folds 
50CandyJoe: folds 
fish my nuts: raises $9 to $11
Seavus10: folds 
MaRKiToScoK: folds 
Uncalled bet ($9) returned to fish my nuts
fish my nuts collected $5 from pot
fish my nuts: doesn't show hand 
*** SUMMARY ***
Total pot $5 | Rake $0 
Seat 3: LeaveItYeah
Seat 1: NinaCox folded before Flop (didn't bet)
Seat 2: 50CandyJoe (button) folded before Flop (didn't bet)
Seat 4: fish my nuts (small blind) collected ($5)
Seat 5: Seavus10 (big blind) folded before Flop
Seat 6: MaRKiToScoK folded before Flop



PokerStars Hand #254729474227:  Hold'em No Limit ($0.50/$1.00 USD) - 2025/02/05 3:19:42 WET [2025/02/05 22:19:42 ET]
Table 'Calypso II' 6-max Seat #4 is the button
Seat 3: LeaveItYeah ($127.20 in chips) is sitting out
Seat 1: NinaCox ($88.91 in chips) 
Seat 2: 50CandyJoe ($165.84 in chips) 
Seat 4: fish my nuts ($106.50 in chips) 
Seat 5: Seavus10 ($100 in chips) 
Seat 6: MaRKiToScoK ($105.76 in chips) 
Seavus10: posts small blind $0.50
MaRKiToScoK: posts big blind $1
*** HOLE CARDS ***
NinaCox: folds 
50CandyJoe: raises $1.20 to $2.20
fish my nuts: folds 
Seavus10: folds 
MaRKiToScoK: raises $10.30 to $12.50
50CandyJoe: folds 
Uncalled bet ($10.30) returned to MaRKiToScoK
MaRKiToScoK collected $4.90 from pot
*** SUMMARY ***
Total pot $4.90 | Rake $0 
Seat 3: LeaveItYeah
Seat 1: NinaCox folded before Flop (didn't bet)
Seat 2: 50CandyJoe folded before Flop
Seat 4: fish my nuts (button) folded before Flop (didn't bet)
Seat 5: Seavus10 (small blind) folded before Flop
Seat 6: MaRKiToScoK (big blind) collected ($4.90)



PokerStars Hand #254729480082:  Hold'em No Limit ($0.50/$1.00 USD) - 2025/02/05 3:20:28 WET [2025/02/05 22:20:28 ET]
Table 'Calypso II' 6-max Seat #5 is the button
Seat 3: LeaveItYeah ($127.20 in chips) is sitting out
Seat 1: NinaCox ($88.91 in chips) 
Seat 2: 50CandyJoe ($163.64 in chips) 
Seat 4: fish my nuts ($106.50 in chips) 
Seat 5: Seavus10 ($100 in chips) 
Seat 6: MaRKiToScoK ($108.46 in chips) 
MaRKiToScoK: posts small blind $0.50
NinaCox: posts big blind $1
LeaveItYeah: sits out 
*** HOLE CARDS ***
50CandyJoe: folds 
fish my nuts: raises $1.30 to $2.30
Seavus10: folds 
MaRKiToScoK: folds 
NinaCox: calls $1.30
*** FLOP *** [3c Ad 6d]
NinaCox: checks 
fish my nuts: bets $5.47
NinaCox: folds 
Uncalled bet ($5.47) returned to fish my nuts
fish my nuts collected $4.84 from pot
fish my nuts: doesn't show hand 
*** SUMMARY ***
Total pot $5.10 | Rake $0.26 
Board [3c Ad 6d]
Seat 3: LeaveItYeah
Seat 1: NinaCox (big blind) folded on the Flop
Seat 2: 50CandyJoe folded before Flop (didn't bet)
Seat 4: fish my nuts collected ($4.84)
Seat 5: Seavus10 (button) folded before Flop (didn't bet)
Seat 6: MaRKiToScoK (small blind) folded before Flop



PokerStars Hand #254729484757:  Hold'em No Limit ($0.50/$1.00 USD) - 2025/02/05 3:21:04 WET [2025/02/05 22:21:04 ET]
Table 'Calypso II' 6-max Seat #6 is the button
Seat 3: LeaveItYeah ($127.20 in chips) is sitting out
Seat 1: NinaCox ($86.61 in chips) 
Seat 2: 50CandyJoe ($163.64 in chips) 
Seat 4: fish my nuts ($109.04 in chips) 
Seat 5: Seavus10 ($100 in chips) 
Seat 6: MaRKiToScoK ($107.96 in chips) 
NinaCox: posts small blind $0.50
50CandyJoe: posts big blind $1
LeaveItYeah: sits out 
*** HOLE CARDS ***
fish my nuts: folds 
Seavus10: raises $1.20 to $2.20
MaRKiToScoK: folds 
NinaCox: folds 
50CandyJoe: folds 
Uncalled bet ($1.20) returned to Seavus10
Seavus10 collected $2.50 from pot
Seavus10: doesn't show hand 
*** SUMMARY ***
Total pot $2.50 | Rake $0 
Seat 3: LeaveItYeah
Seat 1: NinaCox (small blind) folded before Flop
Seat 2: 50CandyJoe (big blind) folded before Flop
Seat 4: fish my nuts folded before Flop (didn't bet)
Seat 5: Seavus10 collected ($2.50)
Seat 6: MaRKiToScoK (button) folded before Flop (didn't bet)



PokerStars Hand #254729487500:  Hold'em No Limit ($0.50/$1.00 USD) - 2025/02/05 3:21:25 WET [2025/02/05 22:21:25 ET]
Table 'Calypso II' 6-max Seat #1 is the button
Seat 1: NinaCox ($86.11 in chips) 
Seat 2: 50CandyJoe ($162.64 in chips) 
Seat 3: LeaveItYeah ($127.20 in chips) 
Seat 4: fish my nuts ($109.04 in chips) 
Seat 5: Seavus10 ($101.50 in chips) 
Seat 6: MaRKiToScoK ($107.96 in chips) 
50CandyJoe: posts small blind $0.50
LeaveItYeah: posts big blind $1
*** HOLE CARDS ***
fish my nuts: folds 
fish my nuts leaves the table
Seavus10: folds 
MaRKiToScoK: folds 
NinaCox: folds 
50CandyJoe: raises $2 to $3
LeaveItYeah: folds 
Uncalled bet ($2) returned to 50CandyJoe
50CandyJoe collected $2 from pot
50CandyJoe: doesn't show hand 
*** SUMMARY ***
Total pot $2 | Rake $0 
Seat 1: NinaCox (button) folded before Flop (didn't bet)
Seat 2: 50CandyJoe (small blind) collected ($2)
Seat 3: LeaveItYeah (big blind) folded before Flop
Seat 4: fish my nuts folded before Flop (didn't bet)
Seat 5: Seavus10 folded before Flop (didn't bet)
Seat 6: MaRKiToScoK folded before Flop (didn't bet)



PokerStars Hand #254729491557:  Hold'em No Limit ($0.50/$1.00 USD) - 2025/02/05 3:21:58 WET [2025/02/05 22:21:58 ET]
Table 'Calypso II' 6-max Seat #2 is the button
Seat 1: NinaCox ($86.11 in chips) 
Seat 2: 50CandyJoe ($163.64 in chips) 
Seat 3: LeaveItYeah ($126.20 in chips) 
Seat 5: Seavus10 ($101.50 in chips) 
Seat 6: MaRKiToScoK ($107.96 in chips) 
LeaveItYeah: posts small blind $0.50
Seavus10: posts big blind $1
*** HOLE CARDS ***
MaRKiToScoK: folds 
NinaCox: folds 
50CandyJoe: raises $1.50 to $2.50
LeaveItYeah: folds 
Seavus10: folds 
Uncalled bet ($1.50) returned to 50CandyJoe
50CandyJoe collected $2.50 from pot
50CandyJoe: doesn't show hand 
*** SUMMARY ***
Total pot $2.50 | Rake $0 
Seat 1: NinaCox folded before Flop (didn't bet)
Seat 2: 50CandyJoe (button) collected ($2.50)
Seat 3: LeaveItYeah (small blind) folded before Flop
Seat 5: Seavus10 (big blind) folded before Flop
Seat 6: MaRKiToScoK folded before Flop (didn't bet)



PokerStars Hand #254729493961:  Hold'em No Limit ($0.50/$1.00 USD) - 2025/02/05 3:22:17 WET [2025/02/05 22:22:17 ET]
Table 'Calypso II' 6-max Seat #3 is the button
Seat 1: NinaCox ($86.11 in chips) 
Seat 2: 50CandyJoe ($165.14 in chips) 
Seat 3: LeaveItYeah ($125.70 in chips) 
Seat 5: Seavus10 ($100.50 in chips) 
Seat 6: MaRKiToScoK ($107.96 in chips) 
Seavus10: posts small blind $0.50
MaRKiToScoK: posts big blind $1
*** HOLE CARDS ***
NinaCox: folds 
50CandyJoe: folds 
LeaveItYeah: raises $1.40 to $2.40
Seavus10: raises $8.60 to $11
MaRKiToScoK: folds 
LeaveItYeah: folds 
Uncalled bet ($8.60) returned to Seavus10
Seavus10 collected $5.80 from pot
Seavus10: doesn't show hand 
*** SUMMARY ***
Total pot $5.80 | Rake $0 
Seat 1: NinaCox folded before Flop (didn't bet)
Seat 2: 50CandyJoe folded before Flop (didn't bet)
Seat 3: LeaveItYeah (button) folded before Flop
Seat 5: Seavus10 (small blind) collected ($5.80)
Seat 6: MaRKiToScoK (big blind) folded before Flop



PokerStars Hand #254729497774:  Hold'em No Limit ($0.50/$1.00 USD) - 2025/02/05 3:22:46 WET [2025/02/05 22:22:46 ET]
Table 'Calypso II' 6-max Seat #5 is the button
Seat 1: NinaCox ($86.11 in chips) 
Seat 2: 50CandyJoe ($165.14 in chips) 
Seat 3: LeaveItYeah ($123.30 in chips) 
Seat 5: Seavus10 ($103.90 in chips) 
Seat 6: MaRKiToScoK ($106.96 in chips) 
MaRKiToScoK: posts small blind $0.50
NinaCox: posts big blind $1
*** HOLE CARDS ***
50CandyJoe: folds 
LeaveItYeah: raises $1.25 to $2.25
Seavus10: folds 
MaRKiToScoK: calls $1.75
NinaCox: calls $1.25
*** FLOP *** [4s 5h 6s]
MaRKiToScoK: checks 
iTrustU21 joins the table at seat #4 
NinaCox: checks 
LeaveItYeah: checks 
*** TURN *** [4s 5h 6s] [9h]
MaRKiToScoK: checks 
NinaCox: checks 
LeaveItYeah: checks 
*** RIVER *** [4s 5h 6s 9h] [Qd]
MaRKiToScoK: checks 
NinaCox: checks 
LeaveItYeah: checks 
*** SHOW DOWN ***
MaRKiToScoK: shows [Jd Ac] (high card Ace)
NinaCox: mucks hand 
LeaveItYeah: shows [5c As] (a pair of Fives)
LeaveItYeah collected $6.41 from pot
*** SUMMARY ***
Total pot $6.75 | Rake $0.34 
Board [4s 5h 6s 9h Qd]
Seat 1: NinaCox (big blind) mucked
Seat 2: 50CandyJoe folded before Flop (didn't bet)
Seat 3: LeaveItYeah showed [5c As] and won ($6.41) with a pair of Fives
Seat 5: Seavus10 (button) folded before Flop (didn't bet)
Seat 6: MaRKiToScoK (small blind) showed [Jd Ac] and lost with high card Ace



PokerStars Hand #254729509443:  Hold'em No Limit ($0.50/$1.00 USD) - 2025/02/05 3:24:18 WET [2025/02/05 22:24:18 ET]
Table 'Calypso II' 6-max Seat #6 is the button
Seat 4: iTrustU21 ($100 in chips) is sitting out
Seat 1: NinaCox ($83.86 in chips) 
Seat 2: 50CandyJoe ($165.14 in chips) 
Seat 3: LeaveItYeah ($127.46 in chips) 
Seat 5: Seavus10 ($103.90 in chips) 
Seat 6: MaRKiToScoK ($104.71 in chips) 
NinaCox: posts small blind $0.50
50CandyJoe: posts big blind $1
iTrustU21: sits out 
*** HOLE CARDS ***
LeaveItYeah: folds 
Seavus10: raises $1.20 to $2.20
MaRKiToScoK: folds 
NinaCox: calls $1.70
50CandyJoe: folds 
*** FLOP *** [Tc 2s Jh]
NinaCox: checks 
Seavus10: bets $1.71
NinaCox: calls $1.71
*** TURN *** [Tc 2s Jh] [5c]
NinaCox: checks 
Seavus10: bets $12.99
NinaCox: folds 
Uncalled bet ($12.99) returned to Seavus10
Seavus10 collected $8.38 from pot
Seavus10: doesn't show hand 
*** SUMMARY ***
Total pot $8.82 | Rake $0.44 
Board [Tc 2s Jh 5c]
Seat 4: iTrustU21
Seat 1: NinaCox (small blind) folded on the Turn
Seat 2: 50CandyJoe (big blind) folded before Flop
Seat 3: LeaveItYeah folded before Flop (didn't bet)
Seat 5: Seavus10 collected ($8.38)
Seat 6: MaRKiToScoK (button) folded before Flop (didn't bet)



PokerStars Hand #254729516276:  Hold'em No Limit ($0.50/$1.00 USD) - 2025/02/05 3:25:12 WET [2025/02/05 22:25:12 ET]
Table 'Calypso II' 6-max Seat #1 is the button
Seat 4: iTrustU21 ($100 in chips) is sitting out
Seat 1: NinaCox ($79.95 in chips) 
Seat 2: 50CandyJoe ($164.14 in chips) 
Seat 3: LeaveItYeah ($127.46 in chips) 
Seat 5: Seavus10 ($108.37 in chips) 
Seat 6: MaRKiToScoK ($104.71 in chips) 
50CandyJoe: posts small blind $0.50
LeaveItYeah: posts big blind $1
iTrustU21: sits out 
*** HOLE CARDS ***
Seavus10: folds 
MaRKiToScoK: folds 
NinaCox: raises $1.50 to $2.50
50CandyJoe: folds 
LeaveItYeah: folds 
Uncalled bet ($1.50) returned to NinaCox
NinaCox collected $2.50 from pot
NinaCox: doesn't show hand 
*** SUMMARY ***
Total pot $2.50 | Rake $0 
Seat 4: iTrustU21
Seat 1: NinaCox (button) collected ($2.50)
Seat 2: 50CandyJoe (small blind) folded before Flop
Seat 3: LeaveItYeah (big blind) folded before Flop
Seat 5: Seavus10 folded before Flop (didn't bet)
Seat 6: MaRKiToScoK folded before Flop (didn't bet)



PokerStars Hand #254729519721:  Hold'em No Limit ($0.50/$1.00 USD) - 2025/02/05 3:25:40 WET [2025/02/05 22:25:40 ET]
Table 'Calypso II' 6-max Seat #2 is the button
Seat 1: NinaCox ($81.45 in chips) 
Seat 2: 50CandyJoe ($163.64 in chips) 
Seat 3: LeaveItYeah ($126.46 in chips) 
Seat 4: iTrustU21 ($100 in chips) 
Seat 5: Seavus10 ($108.37 in chips) 
Seat 6: MaRKiToScoK ($104.71 in chips) 
LeaveItYeah: posts small blind $0.50
iTrustU21: posts big blind $1
*** HOLE CARDS ***
Seavus10: folds 
MaRKiToScoK: folds 
NinaCox: raises $1.50 to $2.50
50CandyJoe: folds 
LeaveItYeah: folds 
iTrustU21: folds 
Uncalled bet ($1.50) returned to NinaCox
NinaCox collected $2.50 from pot
NinaCox: doesn't show hand 
*** SUMMARY ***
Total pot $2.50 | Rake $0 
Seat 1: NinaCox collected ($2.50)
Seat 2: 50CandyJoe (button) folded before Flop (didn't bet)
Seat 3: LeaveItYeah (small blind) folded before Flop
Seat 4: iTrustU21 (big blind) folded before Flop
Seat 5: Seavus10 folded before Flop (didn't bet)
Seat 6: MaRKiToScoK folded before Flop (didn't bet)



PokerStars Hand #254729523454:  Hold'em No Limit ($0.50/$1.00 USD) - 2025/02/05 3:26:09 WET [2025/02/05 22:26:09 ET]
Table 'Calypso II' 6-max Seat #3 is the button
Seat 1: NinaCox ($82.95 in chips) 
Seat 2: 50CandyJoe ($163.64 in chips) 
Seat 3: LeaveItYeah ($125.96 in chips) 
Seat 4: iTrustU21 ($100 in chips) 
Seat 5: Seavus10 ($108.37 in chips) 
Seat 6: MaRKiToScoK ($104.71 in chips) 
iTrustU21: posts small blind $0.50
Seavus10: posts big blind $1
*** HOLE CARDS ***
MaRKiToScoK: raises $1 to $2
NinaCox: folds 
50CandyJoe: folds 
LeaveItYeah: folds 
iTrustU21: folds 
Seavus10: calls $1
*** FLOP *** [9h 3c Kd]
Seavus10: checks 
MaRKiToScoK: bets $1.41
Seavus10: folds 
Uncalled bet ($1.41) returned to MaRKiToScoK
MaRKiToScoK collected $4.28 from pot
*** SUMMARY ***
Total pot $4.50 | Rake $0.22 
Board [9h 3c Kd]
Seat 1: NinaCox folded before Flop (didn't bet)
Seat 2: 50CandyJoe folded before Flop (didn't bet)
Seat 3: LeaveItYeah (button) folded before Flop (didn't bet)
Seat 4: iTrustU21 (small blind) folded before Flop
Seat 5: Seavus10 (big blind) folded on the Flop
Seat 6: MaRKiToScoK collected ($4.28)



PokerStars Hand #254729528301:  Hold'em No Limit ($0.50/$1.00 USD) - 2025/02/05 3:26:49 WET [2025/02/05 22:26:49 ET]
Table 'Calypso II' 6-max Seat #4 is the button
Seat 1: NinaCox ($82.95 in chips) 
Seat 2: 50CandyJoe ($163.64 in chips) 
Seat 3: LeaveItYeah ($125.96 in chips) 
Seat 4: iTrustU21 ($100 in chips) 
Seat 5: Seavus10 ($106.37 in chips) 
Seat 6: MaRKiToScoK ($106.99 in chips) 
Seavus10: posts small blind $0.50
MaRKiToScoK: posts big blind $1
*** HOLE CARDS ***
NinaCox: folds 
50CandyJoe: folds 
LeaveItYeah: folds 
iTrustU21: folds 
Seavus10: raises $2 to $3
MaRKiToScoK: calls $2
*** FLOP *** [5d 2d Ac]
Seavus10: checks 
MaRKiToScoK: bets $1.43
Seavus10: folds 
Uncalled bet ($1.43) returned to MaRKiToScoK
MaRKiToScoK collected $5.70 from pot
*** SUMMARY ***
Total pot $6 | Rake $0.30 
Board [5d 2d Ac]
Seat 1: NinaCox folded before Flop (didn't bet)
Seat 2: 50CandyJoe folded before Flop (didn't bet)
Seat 3: LeaveItYeah folded before Flop (didn't bet)
Seat 4: iTrustU21 (button) folded before Flop (didn't bet)
Seat 5: Seavus10 (small blind) folded on the Flop
Seat 6: MaRKiToScoK (big blind) collected ($5.70)



PokerStars Hand #254729533472:  Hold'em No Limit ($0.50/$1.00 USD) - 2025/02/05 3:27:30 WET [2025/02/05 22:27:30 ET]
Table 'Calypso II' 6-max Seat #5 is the button
Seat 1: NinaCox ($82.95 in chips) 
Seat 2: 50CandyJoe ($163.64 in chips) 
Seat 3: LeaveItYeah ($125.96 in chips) 
Seat 4: iTrustU21 ($100 in chips) 
Seat 5: Seavus10 ($103.37 in chips) 
Seat 6: MaRKiToScoK ($109.69 in chips) 
MaRKiToScoK: posts small blind $0.50
NinaCox: posts big blind $1
*** HOLE CARDS ***
50CandyJoe: raises $1.20 to $2.20
LeaveItYeah: folds 
iTrustU21: raises $5.30 to $7.50
Seavus10: folds 
MaRKiToScoK: folds 
NinaCox: folds 
50CandyJoe: folds 
Uncalled bet ($5.30) returned to iTrustU21
iTrustU21 collected $5.90 from pot
iTrustU21: doesn't show hand 
*** SUMMARY ***
Total pot $5.90 | Rake $0 
Seat 1: NinaCox (big blind) folded before Flop
Seat 2: 50CandyJoe folded before Flop
Seat 3: LeaveItYeah folded before Flop (didn't bet)
Seat 4: iTrustU21 collected ($5.90)
Seat 5: Seavus10 (button) folded before Flop (didn't bet)
Seat 6: MaRKiToScoK (small blind) folded before Flop



PokerStars Hand #254729536000:  Hold'em No Limit ($0.50/$1.00 USD) - 2025/02/05 3:27:50 WET [2025/02/05 22:27:50 ET]
Table 'Calypso II' 6-max Seat #6 is the button
Seat 1: NinaCox ($81.95 in chips) 
Seat 2: 50CandyJoe ($161.44 in chips) 
Seat 3: LeaveItYeah ($125.96 in chips) 
Seat 4: iTrustU21 ($103.70 in chips) 
Seat 5: Seavus10 ($103.37 in chips) 
Seat 6: MaRKiToScoK ($109.19 in chips) 
NinaCox: posts small blind $0.50
50CandyJoe: posts big blind $1
*** HOLE CARDS ***
LeaveItYeah: folds 
iTrustU21: folds 
Seavus10: folds 
MaRKiToScoK: raises $1.50 to $2.50
NinaCox: folds 
50CandyJoe: folds 
Uncalled bet ($1.50) returned to MaRKiToScoK
MaRKiToScoK collected $2.50 from pot
*** SUMMARY ***
Total pot $2.50 | Rake $0 
Seat 1: NinaCox (small blind) folded before Flop
Seat 2: 50CandyJoe (big blind) folded before Flop
Seat 3: LeaveItYeah folded before Flop (didn't bet)
Seat 4: iTrustU21 folded before Flop (didn't bet)
Seat 5: Seavus10 folded before Flop (didn't bet)
Seat 6: MaRKiToScoK (button) collected ($2.50)



PokerStars Hand #254729538946:  Hold'em No Limit ($0.50/$1.00 USD) - 2025/02/05 3:28:14 WET [2025/02/05 22:28:14 ET]
Table 'Calypso II' 6-max Seat #1 is the button
Seat 1: NinaCox ($81.45 in chips) 
Seat 2: 50CandyJoe ($160.44 in chips) 
Seat 3: LeaveItYeah ($125.96 in chips) 
Seat 4: iTrustU21 ($103.70 in chips) 
Seat 5: Seavus10 ($103.37 in chips) 
Seat 6: MaRKiToScoK ($110.69 in chips) 
50CandyJoe: posts small blind $0.50
LeaveItYeah: posts big blind $1
*** HOLE CARDS ***
iTrustU21: folds 
Seavus10: folds 
MaRKiToScoK: raises $1.20 to $2.20
NinaCox: raises $3.80 to $6
50CandyJoe: raises $12 to $18
LeaveItYeah: folds 
MaRKiToScoK: folds 
NinaCox: raises $63.45 to $81.45 and is all-in
50CandyJoe: calls $63.45
*** FIRST FLOP *** [3d Qh 5c]
*** FIRST TURN *** [3d Qh 5c] [7h]
*** FIRST RIVER *** [3d Qh 5c 7h] [Ac]
*** SECOND FLOP *** [5d Js 6h]
*** SECOND TURN *** [5d Js 6h] [Td]
*** SECOND RIVER *** [5d Js 6h Td] [8d]
*** FIRST SHOW DOWN ***
50CandyJoe: shows [Ks Kd] (a pair of Kings)
NinaCox: shows [Ah Ad] (three of a kind, Aces)
NinaCox collected $81.80 from pot
*** SECOND SHOW DOWN ***
50CandyJoe: shows [Ks Kd] (a pair of Kings)
NinaCox: shows [Ah Ad] (a pair of Aces)
NinaCox collected $81.80 from pot
*** SUMMARY ***
Total pot $166.10 | Rake $2.50 
Hand was run twice
FIRST Board [3d Qh 5c 7h Ac]
SECOND Board [5d Js 6h Td 8d]
Seat 1: NinaCox (button) showed [Ah Ad] and won ($81.80) with three of a kind, Aces, and won ($81.80) with a pair of Aces
Seat 2: 50CandyJoe (small blind) showed [Ks Kd] and lost with a pair of Kings, and lost with a pair of Kings
Seat 3: LeaveItYeah (big blind) folded before Flop
Seat 4: iTrustU21 folded before Flop (didn't bet)
Seat 5: Seavus10 folded before Flop (didn't bet)
Seat 6: MaRKiToScoK folded before Flop



PokerStars Hand #254729545630:  Hold'em No Limit ($0.50/$1.00 USD) - 2025/02/05 3:29:09 WET [2025/02/05 22:29:09 ET]
Table 'Calypso II' 6-max Seat #2 is the button
Seat 1: NinaCox ($163.60 in chips) 
Seat 2: 50CandyJoe ($100 in chips) 
Seat 3: LeaveItYeah ($124.96 in chips) 
Seat 4: iTrustU21 ($103.70 in chips) 
Seat 5: Seavus10 ($103.37 in chips) 
Seat 6: MaRKiToScoK ($108.49 in chips) 
LeaveItYeah: posts small blind $0.50
iTrustU21: posts big blind $1
*** HOLE CARDS ***
Seavus10: folds 
MaRKiToScoK: folds 
NinaCox: folds 
50CandyJoe: folds 
LeaveItYeah: raises $2 to $3
iTrustU21: calls $2
*** FLOP *** [7d 8c 9c]
LeaveItYeah: checks 
iTrustU21: bets $2.74
LeaveItYeah: calls $2.74
*** TURN *** [7d 8c 9c] [5s]
LeaveItYeah: checks 
iTrustU21: checks 
*** RIVER *** [7d 8c 9c 5s] [Th]
LeaveItYeah: checks 
iTrustU21: checks 
*** SHOW DOWN ***
LeaveItYeah: shows [4c 6c] (a straight, Six to Ten)
iTrustU21: mucks hand 
LeaveItYeah collected $10.91 from pot
*** SUMMARY ***
Total pot $11.48 | Rake $0.57 
Board [7d 8c 9c 5s Th]
Seat 1: NinaCox folded before Flop (didn't bet)
Seat 2: 50CandyJoe (button) folded before Flop (didn't bet)
Seat 3: LeaveItYeah (small blind) showed [4c 6c] and won ($10.91) with a straight, Six to Ten
Seat 4: iTrustU21 (big blind) mucked
Seat 5: Seavus10 folded before Flop (didn't bet)
Seat 6: MaRKiToScoK folded before Flop (didn't bet)



PokerStars Hand #254729555356:  Hold'em No Limit ($0.50/$1.00 USD) - 2025/02/05 3:30:27 WET [2025/02/05 22:30:27 ET]
Table 'Calypso II' 6-max Seat #3 is the button
Seat 1: NinaCox ($163.60 in chips) 
Seat 2: 50CandyJoe ($100 in chips) 
Seat 3: LeaveItYeah ($130.13 in chips) 
Seat 4: iTrustU21 ($100 in chips) 
Seat 5: Seavus10 ($103.37 in chips) 
Seat 6: MaRKiToScoK ($108.49 in chips) 
iTrustU21: posts small blind $0.50
Seavus10: posts big blind $1
*** HOLE CARDS ***
MaRKiToScoK: folds 
NinaCox: folds 
50CandyJoe: folds 
LeaveItYeah: raises $1.40 to $2.40
iTrustU21: folds 
Seavus10: raises $10.65 to $13.05
LeaveItYeah: calls $10.65
*** FLOP *** [8s 5c 6c]
Seavus10: checks 
LeaveItYeah: bets $12.64
Seavus10: folds 
Uncalled bet ($12.64) returned to LeaveItYeah
LeaveItYeah collected $25.27 from pot
LeaveItYeah: doesn't show hand 
*** SUMMARY ***
Total pot $26.60 | Rake $1.33 
Board [8s 5c 6c]
Seat 1: NinaCox folded before Flop (didn't bet)
Seat 2: 50CandyJoe folded before Flop (didn't bet)
Seat 3: LeaveItYeah (button) collected ($25.27)
Seat 4: iTrustU21 (small blind) folded before Flop
Seat 5: Seavus10 (big blind) folded on the Flop
Seat 6: MaRKiToScoK folded before Flop (didn't bet)



PokerStars Hand #254729562408:  Hold'em No Limit ($0.50/$1.00 USD) - 2025/02/05 3:31:23 WET [2025/02/05 22:31:23 ET]
Table 'Calypso II' 6-max Seat #4 is the button
Seat 1: NinaCox ($163.60 in chips) 
Seat 2: 50CandyJoe ($100 in chips) 
Seat 3: LeaveItYeah ($142.35 in chips) 
Seat 4: iTrustU21 ($100 in chips) 
Seat 5: Seavus10 ($100 in chips) 
Seat 6: MaRKiToScoK ($108.49 in chips) 
Seavus10: posts small blind $0.50
MaRKiToScoK: posts big blind $1
*** HOLE CARDS ***
NinaCox: folds 
50CandyJoe: folds 
LeaveItYeah: raises $1.25 to $2.25
iTrustU21: folds 
Seavus10: folds 
MaRKiToScoK: calls $1.25
*** FLOP *** [8d 5d Kh]
MaRKiToScoK: checks 
LeaveItYeah: bets $1.90
MaRKiToScoK: folds 
Uncalled bet ($1.90) returned to LeaveItYeah
LeaveItYeah collected $4.75 from pot
LeaveItYeah: doesn't show hand 
*** SUMMARY ***
Total pot $5 | Rake $0.25 
Board [8d 5d Kh]
Seat 1: NinaCox folded before Flop (didn't bet)
Seat 2: 50CandyJoe folded before Flop (didn't bet)
Seat 3: LeaveItYeah collected ($4.75)
Seat 4: iTrustU21 (button) folded before Flop (didn't bet)
Seat 5: Seavus10 (small blind) folded before Flop
Seat 6: MaRKiToScoK (big blind) folded on the Flop



PokerStars Hand #254729566703:  Hold'em No Limit ($0.50/$1.00 USD) - 2025/02/05 3:31:59 WET [2025/02/05 22:31:59 ET]
Table 'Calypso II' 6-max Seat #5 is the button
Seat 1: NinaCox ($163.60 in chips) 
Seat 2: 50CandyJoe ($100 in chips) 
Seat 3: LeaveItYeah ($144.85 in chips) 
Seat 4: iTrustU21 ($100 in chips) 
Seat 5: Seavus10 ($100 in chips) 
Seat 6: MaRKiToScoK ($106.24 in chips) 
MaRKiToScoK: posts small blind $0.50
NinaCox: posts big blind $1
*** HOLE CARDS ***
50CandyJoe: folds 
LeaveItYeah: folds 
iTrustU21: folds 
Seavus10: raises $1.50 to $2.50
MaRKiToScoK: calls $2
NinaCox: calls $1.50
*** FLOP *** [8c 8h Jd]
MaRKiToScoK: checks 
NinaCox: checks 
Seavus10: checks 
*** TURN *** [8c 8h Jd] [5s]
MaRKiToScoK: checks 
NinaCox: checks 
Seavus10: bets $2.35
MaRKiToScoK: calls $2.35
NinaCox: calls $2.35
*** RIVER *** [8c 8h Jd 5s] [Qd]
MaRKiToScoK: bets $1.50
NinaCox: folds 
Seavus10: folds 
Uncalled bet ($1.50) returned to MaRKiToScoK
MaRKiToScoK collected $13.82 from pot
*** SUMMARY ***
Total pot $14.55 | Rake $0.73 
Board [8c 8h Jd 5s Qd]
Seat 1: NinaCox (big blind) folded on the River
Seat 2: 50CandyJoe folded before Flop (didn't bet)
Seat 3: LeaveItYeah folded before Flop (didn't bet)
Seat 4: iTrustU21 folded before Flop (didn't bet)
Seat 5: Seavus10 (button) folded on the River
Seat 6: MaRKiToScoK (small blind) collected ($13.82)



PokerStars Hand #254729576555:  Hold'em No Limit ($0.50/$1.00 USD) - 2025/02/05 3:33:19 WET [2025/02/05 22:33:19 ET]
Table 'Calypso II' 6-max Seat #6 is the button
Seat 1: NinaCox ($158.75 in chips) 
Seat 2: 50CandyJoe ($100 in chips) 
Seat 3: LeaveItYeah ($144.85 in chips) 
Seat 4: iTrustU21 ($100 in chips) 
Seat 5: Seavus10 ($100 in chips) 
Seat 6: MaRKiToScoK ($115.21 in chips) 
NinaCox: posts small blind $0.50
50CandyJoe: posts big blind $1
*** HOLE CARDS ***
LeaveItYeah: folds 
iTrustU21: folds 
Seavus10: folds 
MaRKiToScoK: raises $1.50 to $2.50
NinaCox: folds 
50CandyJoe: calls $1.50
*** FLOP *** [Kd Jd As]
50CandyJoe: checks 
MaRKiToScoK: bets $1.30
50CandyJoe: folds 
Uncalled bet ($1.30) returned to MaRKiToScoK
MaRKiToScoK collected $5.22 from pot
*** SUMMARY ***
Total pot $5.50 | Rake $0.28 
Board [Kd Jd As]
Seat 1: NinaCox (small blind) folded before Flop
Seat 2: 50CandyJoe (big blind) folded on the Flop
Seat 3: LeaveItYeah folded before Flop (didn't bet)
Seat 4: iTrustU21 folded before Flop (didn't bet)
Seat 5: Seavus10 folded before Flop (didn't bet)
Seat 6: MaRKiToScoK (button) collected ($5.22)



PokerStars Hand #254729580586:  Hold'em No Limit ($0.50/$1.00 USD) - 2025/02/05 3:33:52 WET [2025/02/05 22:33:52 ET]
Table 'Calypso II' 6-max Seat #1 is the button
Seat 1: NinaCox ($158.25 in chips) 
Seat 2: 50CandyJoe ($100 in chips) 
Seat 3: LeaveItYeah ($144.85 in chips) 
Seat 4: iTrustU21 ($100 in chips) 
Seat 5: Seavus10 ($100 in chips) 
Seat 6: MaRKiToScoK ($117.93 in chips) 
50CandyJoe: posts small blind $0.50
LeaveItYeah: posts big blind $1
*** HOLE CARDS ***
iTrustU21: raises $1.20 to $2.20
Seavus10: folds 
MaRKiToScoK: folds 
NinaCox: folds 
50CandyJoe: folds 
LeaveItYeah: calls $1.20
*** FLOP *** [8h 9h 4s]
LeaveItYeah: checks 
iTrustU21: checks 
*** TURN *** [8h 9h 4s] [Ah]
LeaveItYeah: checks 
iTrustU21: bets $2.50
LeaveItYeah: folds 
Uncalled bet ($2.50) returned to iTrustU21
iTrustU21 collected $4.66 from pot
iTrustU21: doesn't show hand 
MaRKiToScoK leaves the table
*** SUMMARY ***
Total pot $4.90 | Rake $0.24 
Board [8h 9h 4s Ah]
Seat 1: NinaCox (button) folded before Flop (didn't bet)
Seat 2: 50CandyJoe (small blind) folded before Flop
Seat 3: LeaveItYeah (big blind) folded on the Turn
Seat 4: iTrustU21 collected ($4.66)
Seat 5: Seavus10 folded before Flop (didn't bet)
Seat 6: MaRKiToScoK folded before Flop (didn't bet)



PokerStars Hand #254729587088:  Hold'em No Limit ($0.50/$1.00 USD) - 2025/02/05 3:34:45 WET [2025/02/05 22:34:45 ET]
Table 'Calypso II' 6-max Seat #2 is the button
Seat 4: iTrustU21 ($102.46 in chips) is sitting out
Seat 1: NinaCox ($158.25 in chips) 
Seat 2: 50CandyJoe ($100 in chips) 
Seat 3: LeaveItYeah ($142.65 in chips) 
Seat 5: Seavus10 ($100 in chips) 
LeaveItYeah: posts small blind $0.50
iTrustU21: is sitting out 
Seavus10: posts big blind $1
*** HOLE CARDS ***
iTrustU21 leaves the table
NinaCox: raises $1.50 to $2.50
50CandyJoe: folds 
LeaveItYeah: folds 
Seavus10: raises $10.55 to $13.05
NinaCox: folds 
Uncalled bet ($10.55) returned to Seavus10
Seavus10 collected $5.50 from pot
Seavus10: doesn't show hand 
*** SUMMARY ***
Total pot $5.50 | Rake $0 
Seat 4: iTrustU21
Seat 1: NinaCox folded before Flop
Seat 2: 50CandyJoe (button) folded before Flop (didn't bet)
Seat 3: LeaveItYeah (small blind) folded before Flop
Seat 5: Seavus10 (big blind) collected ($5.50)



PokerStars Hand #254729590969:  Hold'em No Limit ($0.50/$1.00 USD) - 2025/02/05 3:35:17 WET [2025/02/05 22:35:17 ET]
Table 'Calypso II' 6-max Seat #3 is the button
Seat 1: NinaCox ($155.75 in chips) 
Seat 2: 50CandyJoe ($100 in chips) 
Seat 3: LeaveItYeah ($142.15 in chips) 
Seat 5: Seavus10 ($103 in chips) 
Seavus10: posts small blind $0.50
NinaCox: posts big blind $1
*** HOLE CARDS ***
50CandyJoe: folds 
LeaveItYeah: raises $1.40 to $2.40
Seavus10: folds 
NinaCox: calls $1.40
*** FLOP *** [Jd Jc 6d]
NinaCox: checks 
LeaveItYeah: bets $2.02
NinaCox: calls $2.02
*** TURN *** [Jd Jc 6d] [Qh]
NinaCox: checks 
LeaveItYeah: bets $5.41
NinaCox: raises $8.59 to $14
LeaveItYeah: calls $8.59
*** RIVER *** [Jd Jc 6d Qh] [8h]
NinaCox: bets $27
LeaveItYeah: calls $27
*** SHOW DOWN ***
NinaCox: shows [Jh 6h] (a full house, Jacks full of Sixes)
LeaveItYeah: mucks hand 
NinaCox collected $90.34 from pot
*** SUMMARY ***
Total pot $91.34 | Rake $1 
Board [Jd Jc 6d Qh 8h]
Seat 1: NinaCox (big blind) showed [Jh 6h] and won ($90.34) with a full house, Jacks full of Sixes
Seat 2: 50CandyJoe folded before Flop (didn't bet)
Seat 3: LeaveItYeah (button) mucked
Seat 5: Seavus10 (small blind) folded before Flop



PokerStars Hand #254729603008:  Hold'em No Limit ($0.50/$1.00 USD) - 2025/02/05 3:36:55 WET [2025/02/05 22:36:55 ET]
Table 'Calypso II' 6-max Seat #5 is the button
Seat 1: NinaCox ($200.67 in chips) 
Seat 2: 50CandyJoe ($100 in chips) 
Seat 3: LeaveItYeah ($100 in chips) 
Seat 5: Seavus10 ($102.50 in chips) 
NinaCox: posts small blind $0.50
50CandyJoe: posts big blind $1
*** HOLE CARDS ***
LeaveItYeah: folds 
Seavus10: folds 
NinaCox: calls $0.50
50CandyJoe: checks 
*** FLOP *** [3h 3d 9s]
NinaCox: checks 
50CandyJoe: checks 
*** TURN *** [3h 3d 9s] [4d]
pr0tecto joins the table at seat #4 
NinaCox: checks 
pufox joins the table at seat #6 
50CandyJoe: bets $1.90
NinaCox: folds 
Uncalled bet ($1.90) returned to 50CandyJoe
50CandyJoe collected $1.90 from pot
50CandyJoe: doesn't show hand 
*** SUMMARY ***
Total pot $2 | Rake $0.10 
Board [3h 3d 9s 4d]
Seat 1: NinaCox (small blind) folded on the Turn
Seat 2: 50CandyJoe (big blind) collected ($1.90)
Seat 3: LeaveItYeah folded before Flop (didn't bet)
Seat 5: Seavus10 (button) folded before Flop (didn't bet)



PokerStars Hand #254729609896:  Hold'em No Limit ($0.50/$1.00 USD) - 2025/02/05 3:37:51 WET [2025/02/05 22:37:51 ET]
Table 'Calypso II' 6-max Seat #1 is the button
Seat 4: pr0tecto ($100 in chips) is sitting out
Seat 6: pufox ($100 in chips) is sitting out
Seat 1: NinaCox ($199.67 in chips) 
Seat 2: 50CandyJoe ($100.90 in chips) 
Seat 3: LeaveItYeah ($100 in chips) 
Seat 5: Seavus10 ($102.50 in chips) 
50CandyJoe: posts small blind $0.50
LeaveItYeah: posts big blind $1
pr0tecto: sits out 
*** HOLE CARDS ***
Seavus10: folds 
pufox leaves the table
NinaCox: folds 
50CandyJoe: folds 
Uncalled bet ($0.50) returned to LeaveItYeah
LeaveItYeah collected $1 from pot
LeaveItYeah: doesn't show hand 
*** SUMMARY ***
Total pot $1 | Rake $0 
Seat 4: pr0tecto
Seat 6: pufox
Seat 1: NinaCox (button) folded before Flop (didn't bet)
Seat 2: 50CandyJoe (small blind) folded before Flop
Seat 3: LeaveItYeah (big blind) collected ($1)
Seat 5: Seavus10 folded before Flop (didn't bet)



