PokerStars Hand #254715000794:  Hold'em No Limit ($0.50/$1.00 USD) - 2025/02/05 4:34:46 WET [2025/02/04 23:34:46 ET]
Table 'Ajax' 6-max Seat #2 is the button
Seat 2: 7bekon7 ($100.50 in chips) 
Seat 4: Supermegopro ($110.50 in chips) 
7bekon7: posts small blind $0.50
Supermegopro: posts big blind $1
*** HOLE CARDS ***
7bekon7: raises $2 to $3
Supermegopro: calls $2
*** FLOP *** [Ah 4c 3c]
Supermegopro: checks 
7bekon7: bets $1.43
Supermegopro: calls $1.43
*** TURN *** [Ah 4c 3c] [Tc]
Supermegopro: checks 
7bekon7: checks 
*** RIVER *** [Ah 4c 3c Tc] [Kh]
Supermegopro: bets $7.16
7bekon7: folds 
Uncalled bet ($7.16) returned to Supermegopro
Supermegopro collected $8.42 from pot
Supermegopro: doesn't show hand 
*** SUMMARY ***
Total pot $8.86 | Rake $0.44 
Board [Ah 4c 3c Tc Kh]
Seat 2: 7bekon7 (button) (small blind) folded on the River
Seat 4: Supermegopro (big blind) collected ($8.42)



PokerStars Hand #254715005411:  Hold'em No Limit ($0.50/$1.00 USD) - 2025/02/05 4:35:36 WET [2025/02/04 23:35:36 ET]
Table 'Ajax' 6-max Seat #4 is the button
Seat 2: 7bekon7 ($100 in chips) 
Seat 4: Supermegopro ($114.49 in chips) 
Supermegopro: posts small blind $0.50
7bekon7: posts big blind $1
*** HOLE CARDS ***
Supermegopro: raises $1.50 to $2.50
7bekon7: calls $1.50
*** FLOP *** [6c Ks Jh]
7bekon7: checks 
Supermegopro: checks 
*** TURN *** [6c Ks Jh] [4h]
7bekon7: bets $2.38
Supermegopro: folds 
Uncalled bet ($2.38) returned to 7bekon7
7bekon7 collected $4.75 from pot
7bekon7: doesn't show hand 
*** SUMMARY ***
Total pot $5 | Rake $0.25 
Board [6c Ks Jh 4h]
Seat 2: 7bekon7 (big blind) collected ($4.75)
Seat 4: Supermegopro (button) (small blind) folded on the Turn



PokerStars Hand #254714997576:  Hold'em No Limit ($0.50/$1.00 USD) - 2025/02/05 4:34:11 WET [2025/02/04 23:34:11 ET]
Table 'Ajax' 6-max Seat #2 is the button
Seat 2: 7bekon7 ($100 in chips) 
Seat 4: Supermegopro ($100 in chips) 
7bekon7: posts small blind $0.50
Supermegopro: posts big blind $1
*** HOLE CARDS ***
7bekon7: raises $2 to $3
Supermegopro: raises $9 to $12
7bekon7: calls $9
*** FLOP *** [Tc 4h 7h]
Supermegopro: bets $11.50
7bekon7: folds 
Uncalled bet ($11.50) returned to Supermegopro
Supermegopro collected $23 from pot
Supermegopro: doesn't show hand 
*** SUMMARY ***
Total pot $24 | Rake $1 
Board [Tc 4h 7h]
Seat 2: 7bekon7 (button) (small blind) folded on the Flop
Seat 4: Supermegopro (big blind) collected ($23)



PokerStars Hand #254714999859:  Hold'em No Limit ($0.50/$1.00 USD) - 2025/02/05 4:34:36 WET [2025/02/04 23:34:36 ET]
Table 'Ajax' 6-max Seat #4 is the button
Seat 2: 7bekon7 ($100 in chips) 
Seat 4: Supermegopro ($111 in chips) 
Supermegopro: posts small blind $0.50
7bekon7: posts big blind $1
*** HOLE CARDS ***
Supermegopro: folds 
Uncalled bet ($0.50) returned to 7bekon7
7bekon7 collected $1 from pot
7bekon7: doesn't show hand 
*** SUMMARY ***
Total pot $1 | Rake $0 
Seat 2: 7bekon7 (big blind) collected ($1)
Seat 4: Supermegopro (button) (small blind) folded before Flop



