PokerStars Hand #254724901111:  Hold'em No Limit ($0.50/$1.00 USD) - 2025/02/05 21:21:01 WET [2025/02/05 16:21:01 ET]
Table 'Pia II' 6-max Seat #4 is the button
Seat 3: bamboe-x ($100 in chips) 
Seat 4: IREQO ($91.47 in chips) 
Seat 5: G.Andrei95 ($100.50 in chips) 
Seat 6: lommer93 ($20 in chips) 
G.Andrei95: posts small blind $0.50
lommer93: posts big blind $1
*** HOLE CARDS ***
bamboe-x: raises $1 to $2
IREQO: folds 
G.Andrei95: folds 
lommer93: calls $1
*** FLOP *** [8c Js 5d]
lommer93: bets $2.14
bamboe-x: calls $2.14
*** TURN *** [8c Js 5d] [9h]
lommer93: checks 
BumHuntKing joins the table at seat #1 
bamboe-x: checks 
*** RIVER *** [8c Js 5d 9h] [Td]
lommer93: checks 
bamboe-x: bets $8.34
lommer93: folds 
Uncalled bet ($8.34) returned to bamboe-x
bamboe-x collected $8.34 from pot
bamboe-x: doesn't show hand 
*** SUMMARY ***
Total pot $8.78 | Rake $0.44 
Board [8c Js 5d 9h Td]
Seat 3: bamboe-x collected ($8.34)
Seat 4: IREQO (button) folded before Flop (didn't bet)
Seat 5: G.Andrei95 (small blind) folded before Flop
Seat 6: lommer93 (big blind) folded on the River



PokerStars Hand #254724915457:  Hold'em No Limit ($0.50/$1.00 USD) - 2025/02/05 21:21:46 WET [2025/02/05 16:21:46 ET]
Table 'Pia II' 6-max Seat #5 is the button
Seat 1: BumHuntKing ($100 in chips) 
Seat 3: bamboe-x ($104.20 in chips) 
Seat 4: IREQO ($91.47 in chips) 
Seat 5: G.Andrei95 ($100 in chips) 
Seat 6: lommer93 ($15.86 in chips) 
lommer93: posts small blind $0.50
BumHuntKing: posts big blind $1
*** HOLE CARDS ***
bamboe-x: folds 
IREQO: folds 
G.Andrei95: folds 
lommer93: calls $0.50
BumHuntKing: raises $2.50 to $3.50
lommer93: folds 
Uncalled bet ($2.50) returned to BumHuntKing
BumHuntKing collected $2 from pot
BumHuntKing: doesn't show hand 
*** SUMMARY ***
Total pot $2 | Rake $0 
Seat 1: BumHuntKing (big blind) collected ($2)
Seat 3: bamboe-x folded before Flop (didn't bet)
Seat 4: IREQO folded before Flop (didn't bet)
Seat 5: G.Andrei95 (button) folded before Flop (didn't bet)
Seat 6: lommer93 (small blind) folded before Flop



PokerStars Hand #254724920209:  Hold'em No Limit ($0.50/$1.00 USD) - 2025/02/05 21:22:01 WET [2025/02/05 16:22:01 ET]
Table 'Pia II' 6-max Seat #6 is the button
Seat 1: BumHuntKing ($101 in chips) 
Seat 3: bamboe-x ($104.20 in chips) 
Seat 4: IREQO ($91.47 in chips) 
Seat 5: G.Andrei95 ($100 in chips) 
Seat 6: lommer93 ($14.86 in chips) 
BumHuntKing: posts small blind $0.50
bamboe-x: posts big blind $1
*** HOLE CARDS ***
IREQO: folds 
G.Andrei95: folds 
lommer93: folds 
BumHuntKing: folds 
Uncalled bet ($0.50) returned to bamboe-x
bamboe-x collected $1 from pot
bamboe-x: doesn't show hand 
*** SUMMARY ***
Total pot $1 | Rake $0 
Seat 1: BumHuntKing (small blind) folded before Flop
Seat 3: bamboe-x (big blind) collected ($1)
Seat 4: IREQO folded before Flop (didn't bet)
Seat 5: G.Andrei95 folded before Flop (didn't bet)
Seat 6: lommer93 (button) folded before Flop (didn't bet)



PokerStars Hand #254724923438:  Hold'em No Limit ($0.50/$1.00 USD) - 2025/02/05 21:22:11 WET [2025/02/05 16:22:11 ET]
Table 'Pia II' 6-max Seat #1 is the button
Seat 1: BumHuntKing ($100.50 in chips) 
Seat 3: bamboe-x ($104.70 in chips) 
Seat 4: IREQO ($91.47 in chips) 
Seat 5: G.Andrei95 ($100 in chips) 
Seat 6: lommer93 ($14.86 in chips) 
bamboe-x: posts small blind $0.50
IREQO: posts big blind $1
*** HOLE CARDS ***
G.Andrei95: folds 
lommer93: folds 
BumHuntKing: folds 
bamboe-x: raises $1 to $2
IREQO: folds 
Uncalled bet ($1) returned to bamboe-x
bamboe-x collected $2 from pot
bamboe-x: doesn't show hand 
*** SUMMARY ***
Total pot $2 | Rake $0 
Seat 1: BumHuntKing (button) folded before Flop (didn't bet)
Seat 3: bamboe-x (small blind) collected ($2)
Seat 4: IREQO (big blind) folded before Flop
Seat 5: G.Andrei95 folded before Flop (didn't bet)
Seat 6: lommer93 folded before Flop (didn't bet)



PokerStars Hand #254724927844:  Hold'em No Limit ($0.50/$1.00 USD) - 2025/02/05 21:22:25 WET [2025/02/05 16:22:25 ET]
Table 'Pia II' 6-max Seat #3 is the button
Seat 1: BumHuntKing ($100.50 in chips) 
Seat 3: bamboe-x ($105.70 in chips) 
Seat 4: IREQO ($90.47 in chips) 
Seat 5: G.Andrei95 ($100 in chips) 
Seat 6: lommer93 ($14.86 in chips) 
IREQO: posts small blind $0.50
G.Andrei95: posts big blind $1
*** HOLE CARDS ***
lommer93: raises $2 to $3
BumHuntKing: folds 
bamboe-x: folds 
IREQO: folds 
G.Andrei95: folds 
Uncalled bet ($2) returned to lommer93
G.Andrei95 leaves the table
lommer93 collected $2.50 from pot
lommer93: doesn't show hand 
*** SUMMARY ***
Total pot $2.50 | Rake $0 
Seat 1: BumHuntKing folded before Flop (didn't bet)
Seat 3: bamboe-x (button) folded before Flop (didn't bet)
Seat 4: IREQO (small blind) folded before Flop
Seat 5: G.Andrei95 (big blind) folded before Flop
Seat 6: lommer93 collected ($2.50)



PokerStars Hand #254724934233:  Hold'em No Limit ($0.50/$1.00 USD) - 2025/02/05 21:22:45 WET [2025/02/05 16:22:45 ET]
Table 'Pia II' 6-max Seat #4 is the button
Seat 1: BumHuntKing ($100.50 in chips) 
Seat 3: bamboe-x ($105.70 in chips) 
Seat 4: IREQO ($89.97 in chips) 
Seat 6: lommer93 ($16.36 in chips) 
lommer93: posts small blind $0.50
BumHuntKing: posts big blind $1
*** HOLE CARDS ***
bamboe-x: folds 
IREQO: folds 
lommer93: folds 
Uncalled bet ($0.50) returned to BumHuntKing
BumHuntKing collected $1 from pot
BumHuntKing: doesn't show hand 
*** SUMMARY ***
Total pot $1 | Rake $0 
Seat 1: BumHuntKing (big blind) collected ($1)
Seat 3: bamboe-x folded before Flop (didn't bet)
Seat 4: IREQO (button) folded before Flop (didn't bet)
Seat 6: lommer93 (small blind) folded before Flop



PokerStars Hand #254724938665:  Hold'em No Limit ($0.50/$1.00 USD) - 2025/02/05 21:22:59 WET [2025/02/05 16:22:59 ET]
Table 'Pia II' 6-max Seat #6 is the button
Seat 1: BumHuntKing ($101 in chips) 
Seat 3: bamboe-x ($105.70 in chips) 
Seat 4: IREQO ($89.97 in chips) 
Seat 6: lommer93 ($15.86 in chips) 
BumHuntKing: posts small blind $0.50
bamboe-x: posts big blind $1
*** HOLE CARDS ***
IREQO: folds 
lommer93: folds 
BumHuntKing: raises $1.50 to $2.50
bamboe-x: folds 
Uncalled bet ($1.50) returned to BumHuntKing
BumHuntKing collected $2 from pot
BumHuntKing: doesn't show hand 
*** SUMMARY ***
Total pot $2 | Rake $0 
Seat 1: BumHuntKing (small blind) collected ($2)
Seat 3: bamboe-x (big blind) folded before Flop
Seat 4: IREQO folded before Flop (didn't bet)
Seat 6: lommer93 (button) folded before Flop (didn't bet)



PokerStars Hand #254725074517:  Hold'em No Limit ($0.50/$1.00 USD) - 2025/02/05 21:30:08 WET [2025/02/05 16:30:08 ET]
Table 'Pia II' 6-max Seat #3 is the button
Seat 1: BumHuntKing ($100 in chips) 
Seat 2: socito ($106.07 in chips) 
Seat 3: bamboe-x ($102.70 in chips) 
Seat 4: IREQO ($89.19 in chips) 
Seat 5: Iseedora ($100 in chips) 
Seat 6: lommer93 ($21.45 in chips) 
IREQO: posts small blind $0.50
Iseedora: posts big blind $1
*** HOLE CARDS ***
lommer93: calls $1
BumHuntKing: folds 
socito: raises $1.50 to $2.50
bamboe-x: folds 
IREQO: folds 
Iseedora: folds 
lommer93: calls $1.50
*** FLOP *** [7h 8d Ad]
lommer93: checks 
socito: checks 
*** TURN *** [7h 8d Ad] [Js]
lommer93: checks 
socito: bets $4.64
lommer93: folds 
Uncalled bet ($4.64) returned to socito
socito collected $6.18 from pot
socito: doesn't show hand 
*** SUMMARY ***
Total pot $6.50 | Rake $0.32 
Board [7h 8d Ad Js]
Seat 1: BumHuntKing folded before Flop (didn't bet)
Seat 2: socito collected ($6.18)
Seat 3: bamboe-x (button) folded before Flop (didn't bet)
Seat 4: IREQO (small blind) folded before Flop
Seat 5: Iseedora (big blind) folded before Flop
Seat 6: lommer93 folded on the Turn



PokerStars Hand #254725090451:  Hold'em No Limit ($0.50/$1.00 USD) - 2025/02/05 21:30:57 WET [2025/02/05 16:30:57 ET]
Table 'Pia II' 6-max Seat #4 is the button
Seat 1: BumHuntKing ($100 in chips) 
Seat 2: socito ($109.75 in chips) 
Seat 3: bamboe-x ($102.70 in chips) 
Seat 4: IREQO ($88.69 in chips) 
Seat 5: Iseedora ($100 in chips) 
Seat 6: lommer93 ($18.95 in chips) 
Iseedora: posts small blind $0.50
lommer93: posts big blind $1
*** HOLE CARDS ***
BumHuntKing: folds 
socito: folds 
bamboe-x: raises $1 to $2
IREQO: folds 
Iseedora: folds 
lommer93: calls $1
*** FLOP *** [9h Td 2h]
lommer93: checks 
bamboe-x: bets $4.28
lommer93: calls $4.28
*** TURN *** [9h Td 2h] [8h]
lommer93: checks 
bamboe-x: checks 
*** RIVER *** [9h Td 2h 8h] [3s]
lommer93: bets $12.67 and is all-in
bamboe-x: calls $12.67
*** SHOW DOWN ***
lommer93: shows [2d 2c] (three of a kind, Deuces)
bamboe-x: shows [9s 8s] (two pair, Nines and Eights)
lommer93 collected $36.48 from pot
*** SUMMARY ***
Total pot $38.40 | Rake $1.92 
Board [9h Td 2h 8h 3s]
Seat 1: BumHuntKing folded before Flop (didn't bet)
Seat 2: socito folded before Flop (didn't bet)
Seat 3: bamboe-x showed [9s 8s] and lost with two pair, Nines and Eights
Seat 4: IREQO (button) folded before Flop (didn't bet)
Seat 5: Iseedora (small blind) folded before Flop
Seat 6: lommer93 (big blind) showed [2d 2c] and won ($36.48) with three of a kind, Deuces



PokerStars Hand #254725105855:  Hold'em No Limit ($0.50/$1.00 USD) - 2025/02/05 21:31:45 WET [2025/02/05 16:31:45 ET]
Table 'Pia II' 6-max Seat #5 is the button
Seat 1: BumHuntKing ($100 in chips) 
Seat 2: socito ($109.75 in chips) 
Seat 3: bamboe-x ($83.75 in chips) 
Seat 4: IREQO ($88.69 in chips) 
Seat 5: Iseedora ($100 in chips) 
Seat 6: lommer93 ($36.48 in chips) 
lommer93: posts small blind $0.50
BumHuntKing: posts big blind $1
*** HOLE CARDS ***
socito: folds 
bamboe-x: folds 
IREQO: folds 
Iseedora: folds 
lommer93: folds 
Uncalled bet ($0.50) returned to BumHuntKing
BumHuntKing collected $1 from pot
BumHuntKing: doesn't show hand 
*** SUMMARY ***
Total pot $1 | Rake $0 
Seat 1: BumHuntKing (big blind) collected ($1)
Seat 2: socito folded before Flop (didn't bet)
Seat 3: bamboe-x folded before Flop (didn't bet)
Seat 4: IREQO folded before Flop (didn't bet)
Seat 5: Iseedora (button) folded before Flop (didn't bet)
Seat 6: lommer93 (small blind) folded before Flop



PokerStars Hand #254725111561:  Hold'em No Limit ($0.50/$1.00 USD) - 2025/02/05 21:32:04 WET [2025/02/05 16:32:04 ET]
Table 'Pia II' 6-max Seat #6 is the button
Seat 1: BumHuntKing ($100.50 in chips) 
Seat 2: socito ($109.75 in chips) 
Seat 3: bamboe-x ($83.75 in chips) 
Seat 4: IREQO ($88.69 in chips) 
Seat 5: Iseedora ($100 in chips) 
Seat 6: lommer93 ($35.98 in chips) 
BumHuntKing: posts small blind $0.50
socito: posts big blind $1
*** HOLE CARDS ***
bamboe-x: folds 
IREQO: folds 
Iseedora: folds 
lommer93: folds 
BumHuntKing: folds 
Uncalled bet ($0.50) returned to socito
socito collected $1 from pot
socito: doesn't show hand 
*** SUMMARY ***
Total pot $1 | Rake $0 
Seat 1: BumHuntKing (small blind) folded before Flop
Seat 2: socito (big blind) collected ($1)
Seat 3: bamboe-x folded before Flop (didn't bet)
Seat 4: IREQO folded before Flop (didn't bet)
Seat 5: Iseedora folded before Flop (didn't bet)
Seat 6: lommer93 (button) folded before Flop (didn't bet)



PokerStars Hand #254725116268:  Hold'em No Limit ($0.50/$1.00 USD) - 2025/02/05 21:32:19 WET [2025/02/05 16:32:19 ET]
Table 'Pia II' 6-max Seat #1 is the button
Seat 1: BumHuntKing ($100 in chips) 
Seat 2: socito ($110.25 in chips) 
Seat 3: bamboe-x ($83.75 in chips) 
Seat 4: IREQO ($88.69 in chips) 
Seat 5: Iseedora ($100 in chips) 
Seat 6: lommer93 ($35.98 in chips) 
socito: posts small blind $0.50
bamboe-x: posts big blind $1
*** HOLE CARDS ***
IREQO: folds 
Iseedora: folds 
lommer93: raises $2 to $3
BumHuntKing: folds 
socito: folds 
bamboe-x: folds 
Uncalled bet ($2) returned to lommer93
lommer93 collected $2.50 from pot
lommer93: doesn't show hand 
*** SUMMARY ***
Total pot $2.50 | Rake $0 
Seat 1: BumHuntKing (button) folded before Flop (didn't bet)
Seat 2: socito (small blind) folded before Flop
Seat 3: bamboe-x (big blind) folded before Flop
Seat 4: IREQO folded before Flop (didn't bet)
Seat 5: Iseedora folded before Flop (didn't bet)
Seat 6: lommer93 collected ($2.50)



PokerStars Hand #254725123537:  Hold'em No Limit ($0.50/$1.00 USD) - 2025/02/05 21:32:41 WET [2025/02/05 16:32:41 ET]
Table 'Pia II' 6-max Seat #2 is the button
Seat 1: BumHuntKing ($100 in chips) 
Seat 2: socito ($109.75 in chips) 
Seat 3: bamboe-x ($82.75 in chips) 
Seat 4: IREQO ($88.69 in chips) 
Seat 5: Iseedora ($100 in chips) 
Seat 6: lommer93 ($37.48 in chips) 
bamboe-x: posts small blind $0.50
IREQO: posts big blind $1
*** HOLE CARDS ***
Iseedora: folds 
lommer93: calls $1
BumHuntKing: folds 
socito: folds 
bamboe-x: folds 
IREQO: checks 
*** FLOP *** [8s 5s Th]
IREQO: checks 
lommer93: bets $1.19
IREQO: folds 
Uncalled bet ($1.19) returned to lommer93
lommer93 collected $2.38 from pot
lommer93: doesn't show hand 
BumHuntKing leaves the table
*** SUMMARY ***
Total pot $2.50 | Rake $0.12 
Board [8s 5s Th]
Seat 1: BumHuntKing folded before Flop (didn't bet)
Seat 2: socito (button) folded before Flop (didn't bet)
Seat 3: bamboe-x (small blind) folded before Flop
Seat 4: IREQO (big blind) folded on the Flop
Seat 5: Iseedora folded before Flop (didn't bet)
Seat 6: lommer93 collected ($2.38)



PokerStars Hand #254725134839:  Hold'em No Limit ($0.50/$1.00 USD) - 2025/02/05 21:33:17 WET [2025/02/05 16:33:17 ET]
Table 'Pia II' 6-max Seat #3 is the button
Seat 2: socito ($109.75 in chips) 
Seat 3: bamboe-x ($82.25 in chips) 
Seat 4: IREQO ($87.69 in chips) 
Seat 5: Iseedora ($100 in chips) 
Seat 6: lommer93 ($38.86 in chips) 
IREQO: posts small blind $0.50
Iseedora: posts big blind $1
*** HOLE CARDS ***
lommer93: folds 
socito: raises $1.50 to $2.50
bamboe-x: folds 
Dante21b joins the table at seat #1 
IREQO: folds 
Iseedora: folds 
Uncalled bet ($1.50) returned to socito
socito collected $2.50 from pot
socito: doesn't show hand 
*** SUMMARY ***
Total pot $2.50 | Rake $0 
Seat 2: socito collected ($2.50)
Seat 3: bamboe-x (button) folded before Flop (didn't bet)
Seat 4: IREQO (small blind) folded before Flop
Seat 5: Iseedora (big blind) folded before Flop
Seat 6: lommer93 folded before Flop (didn't bet)



PokerStars Hand #254725144398:  Hold'em No Limit ($0.50/$1.00 USD) - 2025/02/05 21:33:47 WET [2025/02/05 16:33:47 ET]
Table 'Pia II' 6-max Seat #4 is the button
Seat 1: Dante21b ($100 in chips) is sitting out
Seat 2: socito ($111.25 in chips) 
Seat 3: bamboe-x ($82.25 in chips) 
Seat 4: IREQO ($87.19 in chips) 
Seat 5: Iseedora ($100 in chips) 
Seat 6: lommer93 ($38.86 in chips) 
Iseedora: posts small blind $0.50
lommer93: posts big blind $1
Dante21b: sits out 
*** HOLE CARDS ***
socito: folds 
bamboe-x: folds 
IREQO: folds 
Iseedora: folds 
Uncalled bet ($0.50) returned to lommer93
lommer93 collected $1 from pot
lommer93: doesn't show hand 
*** SUMMARY ***
Total pot $1 | Rake $0 
Seat 1: Dante21b
Seat 2: socito folded before Flop (didn't bet)
Seat 3: bamboe-x folded before Flop (didn't bet)
Seat 4: IREQO (button) folded before Flop (didn't bet)
Seat 5: Iseedora (small blind) folded before Flop
Seat 6: lommer93 (big blind) collected ($1)



PokerStars Hand #254725149928:  Hold'em No Limit ($0.50/$1.00 USD) - 2025/02/05 21:34:05 WET [2025/02/05 16:34:05 ET]
Table 'Pia II' 6-max Seat #5 is the button
Seat 1: Dante21b ($100 in chips) 
Seat 2: socito ($111.25 in chips) 
Seat 3: bamboe-x ($82.25 in chips) 
Seat 4: IREQO ($87.19 in chips) 
Seat 5: Iseedora ($100 in chips) 
Seat 6: lommer93 ($39.36 in chips) 
lommer93: posts small blind $0.50
Dante21b: posts big blind $1
*** HOLE CARDS ***
socito: folds 
bamboe-x: folds 
IREQO: raises $1.50 to $2.50
Iseedora: raises $5 to $7.50
lommer93: folds 
Dante21b: folds 
IREQO: folds 
Uncalled bet ($5) returned to Iseedora
Iseedora collected $6.50 from pot
Iseedora: doesn't show hand 
*** SUMMARY ***
Total pot $6.50 | Rake $0 
Seat 1: Dante21b (big blind) folded before Flop
Seat 2: socito folded before Flop (didn't bet)
Seat 3: bamboe-x folded before Flop (didn't bet)
Seat 4: IREQO folded before Flop
Seat 5: Iseedora (button) collected ($6.50)
Seat 6: lommer93 (small blind) folded before Flop



PokerStars Hand #254725163229:  Hold'em No Limit ($0.50/$1.00 USD) - 2025/02/05 21:34:48 WET [2025/02/05 16:34:48 ET]
Table 'Pia II' 6-max Seat #6 is the button
Seat 1: Dante21b ($99 in chips) 
Seat 2: socito ($111.25 in chips) 
Seat 3: bamboe-x ($82.25 in chips) 
Seat 4: IREQO ($84.69 in chips) 
Seat 5: Iseedora ($104 in chips) 
Seat 6: lommer93 ($38.86 in chips) 
Dante21b: posts small blind $0.50
socito: posts big blind $1
*** HOLE CARDS ***
bamboe-x: folds 
IREQO: folds 
Iseedora: raises $1.50 to $2.50
lommer93: folds 
Dante21b: folds 
socito: folds 
Uncalled bet ($1.50) returned to Iseedora
Iseedora collected $2.50 from pot
Iseedora: doesn't show hand 
*** SUMMARY ***
Total pot $2.50 | Rake $0 
Seat 1: Dante21b (small blind) folded before Flop
Seat 2: socito (big blind) folded before Flop
Seat 3: bamboe-x folded before Flop (didn't bet)
Seat 4: IREQO folded before Flop (didn't bet)
Seat 5: Iseedora collected ($2.50)
Seat 6: lommer93 (button) folded before Flop (didn't bet)



PokerStars Hand #254725169163:  Hold'em No Limit ($0.50/$1.00 USD) - 2025/02/05 21:35:07 WET [2025/02/05 16:35:07 ET]
Table 'Pia II' 6-max Seat #1 is the button
Seat 1: Dante21b ($98.50 in chips) 
Seat 2: socito ($110.25 in chips) 
Seat 3: bamboe-x ($82.25 in chips) 
Seat 4: IREQO ($84.69 in chips) 
Seat 5: Iseedora ($105.50 in chips) 
Seat 6: lommer93 ($38.86 in chips) 
socito: posts small blind $0.50
bamboe-x: posts big blind $1
*** HOLE CARDS ***
IREQO: folds 
Iseedora: folds 
lommer93 has timed out
lommer93: folds 
Dante21b: folds 
socito: folds 
Uncalled bet ($0.50) returned to bamboe-x
bamboe-x collected $1 from pot
bamboe-x: doesn't show hand 
*** SUMMARY ***
Total pot $1 | Rake $0 
Seat 1: Dante21b (button) folded before Flop (didn't bet)
Seat 2: socito (small blind) folded before Flop
Seat 3: bamboe-x (big blind) collected ($1)
Seat 4: IREQO folded before Flop (didn't bet)
Seat 5: Iseedora folded before Flop (didn't bet)
Seat 6: lommer93 folded before Flop (didn't bet)



PokerStars Hand #254725177677:  Hold'em No Limit ($0.50/$1.00 USD) - 2025/02/05 21:35:34 WET [2025/02/05 16:35:34 ET]
Table 'Pia II' 6-max Seat #2 is the button
Seat 1: Dante21b ($98.50 in chips) 
Seat 2: socito ($109.75 in chips) 
Seat 3: bamboe-x ($82.75 in chips) 
Seat 4: IREQO ($84.69 in chips) 
Seat 5: Iseedora ($105.50 in chips) 
Seat 6: lommer93 ($38.86 in chips) 
bamboe-x: posts small blind $0.50
IREQO: posts big blind $1
*** HOLE CARDS ***
Iseedora: folds 
lommer93: raises $2 to $3
Dante21b: folds 
socito: folds 
bamboe-x: folds 
IREQO: folds 
Uncalled bet ($2) returned to lommer93
lommer93 collected $2.50 from pot
lommer93: doesn't show hand 
*** SUMMARY ***
Total pot $2.50 | Rake $0 
Seat 1: Dante21b folded before Flop (didn't bet)
Seat 2: socito (button) folded before Flop (didn't bet)
Seat 3: bamboe-x (small blind) folded before Flop
Seat 4: IREQO (big blind) folded before Flop
Seat 5: Iseedora folded before Flop (didn't bet)
Seat 6: lommer93 collected ($2.50)



PokerStars Hand #254725183085:  Hold'em No Limit ($0.50/$1.00 USD) - 2025/02/05 21:35:51 WET [2025/02/05 16:35:51 ET]
Table 'Pia II' 6-max Seat #3 is the button
Seat 1: Dante21b ($98.50 in chips) 
Seat 2: socito ($109.75 in chips) 
Seat 3: bamboe-x ($82.25 in chips) 
Seat 4: IREQO ($83.69 in chips) 
Seat 5: Iseedora ($105.50 in chips) 
Seat 6: lommer93 ($40.36 in chips) 
IREQO: posts small blind $0.50
Iseedora: posts big blind $1
*** HOLE CARDS ***
lommer93: folds 
Dante21b: raises $1.50 to $2.50
socito: folds 
bamboe-x: folds 
IREQO: folds 
Iseedora: folds 
Uncalled bet ($1.50) returned to Dante21b
Dante21b collected $2.50 from pot
Dante21b: doesn't show hand 
*** SUMMARY ***
Total pot $2.50 | Rake $0 
Seat 1: Dante21b collected ($2.50)
Seat 2: socito folded before Flop (didn't bet)
Seat 3: bamboe-x (button) folded before Flop (didn't bet)
Seat 4: IREQO (small blind) folded before Flop
Seat 5: Iseedora (big blind) folded before Flop
Seat 6: lommer93 folded before Flop (didn't bet)



PokerStars Hand #254725189561:  Hold'em No Limit ($0.50/$1.00 USD) - 2025/02/05 21:36:11 WET [2025/02/05 16:36:11 ET]
Table 'Pia II' 6-max Seat #4 is the button
Seat 1: Dante21b ($100 in chips) 
Seat 2: socito ($109.75 in chips) 
Seat 3: bamboe-x ($82.25 in chips) 
Seat 4: IREQO ($83.19 in chips) 
Seat 5: Iseedora ($104.50 in chips) 
Seat 6: lommer93 ($40.36 in chips) 
Iseedora: posts small blind $0.50
lommer93: posts big blind $1
*** HOLE CARDS ***
Dante21b: folds 
socito: folds 
bamboe-x: folds 
IREQO: folds 
Iseedora: folds 
Uncalled bet ($0.50) returned to lommer93
lommer93 collected $1 from pot
lommer93: doesn't show hand 
*** SUMMARY ***
Total pot $1 | Rake $0 
Seat 1: Dante21b folded before Flop (didn't bet)
Seat 2: socito folded before Flop (didn't bet)
Seat 3: bamboe-x folded before Flop (didn't bet)
Seat 4: IREQO (button) folded before Flop (didn't bet)
Seat 5: Iseedora (small blind) folded before Flop
Seat 6: lommer93 (big blind) collected ($1)



PokerStars Hand #254725193474:  Hold'em No Limit ($0.50/$1.00 USD) - 2025/02/05 21:36:24 WET [2025/02/05 16:36:24 ET]
Table 'Pia II' 6-max Seat #5 is the button
Seat 1: Dante21b ($100 in chips) 
Seat 2: socito ($109.75 in chips) 
Seat 3: bamboe-x ($82.25 in chips) 
Seat 4: IREQO ($83.19 in chips) 
Seat 5: Iseedora ($104 in chips) 
Seat 6: lommer93 ($40.86 in chips) 
lommer93: posts small blind $0.50
Dante21b: posts big blind $1
*** HOLE CARDS ***
socito: raises $1.50 to $2.50
bamboe-x: calls $2.50
IREQO: folds 
Iseedora: folds 
lommer93: folds 
Dante21b: folds 
*** FLOP *** [Jh Th 8d]
socito: bets $2.04
bamboe-x: folds 
Uncalled bet ($2.04) returned to socito
socito collected $6.18 from pot
socito: doesn't show hand 
*** SUMMARY ***
Total pot $6.50 | Rake $0.32 
Board [Jh Th 8d]
Seat 1: Dante21b (big blind) folded before Flop
Seat 2: socito collected ($6.18)
Seat 3: bamboe-x folded on the Flop
Seat 4: IREQO folded before Flop (didn't bet)
Seat 5: Iseedora (button) folded before Flop (didn't bet)
Seat 6: lommer93 (small blind) folded before Flop



PokerStars Hand #254725200722:  Hold'em No Limit ($0.50/$1.00 USD) - 2025/02/05 21:36:47 WET [2025/02/05 16:36:47 ET]
Table 'Pia II' 6-max Seat #6 is the button
Seat 1: Dante21b ($99 in chips) 
Seat 2: socito ($113.43 in chips) 
Seat 3: bamboe-x ($79.75 in chips) 
Seat 4: IREQO ($83.19 in chips) 
Seat 5: Iseedora ($104 in chips) 
Seat 6: lommer93 ($40.36 in chips) 
Dante21b: posts small blind $0.50
socito: posts big blind $1
*** HOLE CARDS ***
bamboe-x: folds 
IREQO: raises $1.50 to $2.50
Iseedora: folds 
lommer93: folds 
Dante21b: folds 
socito: folds 
Uncalled bet ($1.50) returned to IREQO
IREQO collected $2.50 from pot
IREQO: doesn't show hand 
*** SUMMARY ***
Total pot $2.50 | Rake $0 
Seat 1: Dante21b (small blind) folded before Flop
Seat 2: socito (big blind) folded before Flop
Seat 3: bamboe-x folded before Flop (didn't bet)
Seat 4: IREQO collected ($2.50)
Seat 5: Iseedora folded before Flop (didn't bet)
Seat 6: lommer93 (button) folded before Flop (didn't bet)



PokerStars Hand #254725206171:  Hold'em No Limit ($0.50/$1.00 USD) - 2025/02/05 21:37:04 WET [2025/02/05 16:37:04 ET]
Table 'Pia II' 6-max Seat #1 is the button
Seat 1: Dante21b ($98.50 in chips) 
Seat 2: socito ($112.43 in chips) 
Seat 3: bamboe-x ($79.75 in chips) 
Seat 4: IREQO ($84.69 in chips) 
Seat 5: Iseedora ($104 in chips) 
Seat 6: lommer93 ($40.36 in chips) 
socito: posts small blind $0.50
bamboe-x: posts big blind $1
*** HOLE CARDS ***
IREQO: folds 
IREQO leaves the table
Iseedora: folds 
lommer93: folds 
Dante21b has timed out
Dante21b: folds 
socito: folds 
Uncalled bet ($0.50) returned to bamboe-x
bamboe-x collected $1 from pot
bamboe-x: doesn't show hand 
*** SUMMARY ***
Total pot $1 | Rake $0 
Seat 1: Dante21b (button) folded before Flop (didn't bet)
Seat 2: socito (small blind) folded before Flop
Seat 3: bamboe-x (big blind) collected ($1)
Seat 4: IREQO folded before Flop (didn't bet)
Seat 5: Iseedora folded before Flop (didn't bet)
Seat 6: lommer93 folded before Flop (didn't bet)



PokerStars Hand #254725213777:  Hold'em No Limit ($0.50/$1.00 USD) - 2025/02/05 21:37:29 WET [2025/02/05 16:37:29 ET]
Table 'Pia II' 6-max Seat #2 is the button
Seat 1: Dante21b ($98.50 in chips) is sitting out
Seat 2: socito ($111.93 in chips) 
Seat 3: bamboe-x ($80.25 in chips) 
Seat 5: Iseedora ($104 in chips) 
Seat 6: lommer93 ($40.36 in chips) 
bamboe-x: posts small blind $0.50
Iseedora: posts big blind $1
*** HOLE CARDS ***
MaikonAll joins the table at seat #4 
lommer93: folds 
socito: folds 
bamboe-x: folds 
Uncalled bet ($0.50) returned to Iseedora
Iseedora collected $1 from pot
Iseedora: doesn't show hand 
*** SUMMARY ***
Total pot $1 | Rake $0 
Seat 1: Dante21b
Seat 2: socito (button) folded before Flop (didn't bet)
Seat 3: bamboe-x (small blind) folded before Flop
Seat 5: Iseedora (big blind) collected ($1)
Seat 6: lommer93 folded before Flop (didn't bet)



PokerStars Hand #254725217168:  Hold'em No Limit ($0.50/$1.00 USD) - 2025/02/05 21:37:40 WET [2025/02/05 16:37:40 ET]
Table 'Pia II' 6-max Seat #3 is the button
Seat 4: MaikonAll ($100 in chips) is sitting out
Seat 1: Dante21b ($98.50 in chips) 
Seat 2: socito ($111.93 in chips) 
Seat 3: bamboe-x ($79.75 in chips) 
Seat 5: Iseedora ($104.50 in chips) 
Seat 6: lommer93 ($40.36 in chips) 
Iseedora: posts small blind $0.50
lommer93: posts big blind $1
*** HOLE CARDS ***
Dante21b: folds 
socito: raises $1.50 to $2.50
bamboe-x: folds 
Iseedora: folds 
lommer93: calls $1.50
*** FLOP *** [Ks Ac Td]
lommer93: bets $2.61
socito: folds 
Uncalled bet ($2.61) returned to lommer93
lommer93 collected $5.22 from pot
lommer93: doesn't show hand 
*** SUMMARY ***
Total pot $5.50 | Rake $0.28 
Board [Ks Ac Td]
Seat 4: MaikonAll
Seat 1: Dante21b folded before Flop (didn't bet)
Seat 2: socito folded on the Flop
Seat 3: bamboe-x (button) folded before Flop (didn't bet)
Seat 5: Iseedora (small blind) folded before Flop
Seat 6: lommer93 (big blind) collected ($5.22)



PokerStars Hand #254725225062:  Hold'em No Limit ($0.50/$1.00 USD) - 2025/02/05 21:38:05 WET [2025/02/05 16:38:05 ET]
Table 'Pia II' 6-max Seat #5 is the button
Seat 4: MaikonAll ($100 in chips) is sitting out
Seat 1: Dante21b ($98.50 in chips) 
Seat 2: socito ($109.43 in chips) 
Seat 3: bamboe-x ($79.75 in chips) 
Seat 5: Iseedora ($104 in chips) 
Seat 6: lommer93 ($43.08 in chips) 
lommer93: posts small blind $0.50
Dante21b: posts big blind $1
MaikonAll: sits out 
*** HOLE CARDS ***
socito: folds 
bamboe-x: folds 
Iseedora: folds 
lommer93: folds 
Uncalled bet ($0.50) returned to Dante21b
Dante21b collected $1 from pot
Dante21b: doesn't show hand 
*** SUMMARY ***
Total pot $1 | Rake $0 
Seat 4: MaikonAll
Seat 1: Dante21b (big blind) collected ($1)
Seat 2: socito folded before Flop (didn't bet)
Seat 3: bamboe-x folded before Flop (didn't bet)
Seat 5: Iseedora (button) folded before Flop (didn't bet)
Seat 6: lommer93 (small blind) folded before Flop



PokerStars Hand #254725234392:  Hold'em No Limit ($0.50/$1.00 USD) - 2025/02/05 21:38:36 WET [2025/02/05 16:38:36 ET]
Table 'Pia II' 6-max Seat #6 is the button
Seat 4: MaikonAll ($100 in chips) is sitting out
Seat 1: Dante21b ($99 in chips) 
Seat 2: socito ($109.43 in chips) 
Seat 3: bamboe-x ($79.75 in chips) 
Seat 5: Iseedora ($104 in chips) 
Seat 6: lommer93 ($42.58 in chips) 
Dante21b: posts small blind $0.50
socito: posts big blind $1
MaikonAll: sits out 
*** HOLE CARDS ***
bamboe-x: folds 
Iseedora: folds 
lommer93: folds 
Dante21b: raises $2 to $3
socito: raises $6 to $9
Dante21b: folds 
Uncalled bet ($6) returned to socito
socito collected $6 from pot
socito: doesn't show hand 
*** SUMMARY ***
Total pot $6 | Rake $0 
Seat 4: MaikonAll
Seat 1: Dante21b (small blind) folded before Flop
Seat 2: socito (big blind) collected ($6)
Seat 3: bamboe-x folded before Flop (didn't bet)
Seat 5: Iseedora folded before Flop (didn't bet)
Seat 6: lommer93 (button) folded before Flop (didn't bet)



PokerStars Hand #254725243604:  Hold'em No Limit ($0.50/$1.00 USD) - 2025/02/05 21:39:05 WET [2025/02/05 16:39:05 ET]
Table 'Pia II' 6-max Seat #1 is the button
Seat 4: MaikonAll ($100 in chips) is sitting out
Seat 1: Dante21b ($96 in chips) 
Seat 2: socito ($112.43 in chips) 
Seat 3: bamboe-x ($79.75 in chips) 
Seat 5: Iseedora ($104 in chips) 
Seat 6: lommer93 ($42.58 in chips) 
socito: posts small blind $0.50
bamboe-x: posts big blind $1
MaikonAll: sits out 
*** HOLE CARDS ***
Iseedora: folds 
lommer93: folds 
Dante21b: raises $1.50 to $2.50
socito: raises $9 to $11.50
bamboe-x: folds 
Dante21b: folds 
Uncalled bet ($9) returned to socito
socito collected $6 from pot
socito: doesn't show hand 
*** SUMMARY ***
Total pot $6 | Rake $0 
Seat 4: MaikonAll
Seat 1: Dante21b (button) folded before Flop
Seat 2: socito (small blind) collected ($6)
Seat 3: bamboe-x (big blind) folded before Flop
Seat 5: Iseedora folded before Flop (didn't bet)
Seat 6: lommer93 folded before Flop (didn't bet)



PokerStars Hand #254725251950:  Hold'em No Limit ($0.50/$1.00 USD) - 2025/02/05 21:39:31 WET [2025/02/05 16:39:31 ET]
Table 'Pia II' 6-max Seat #2 is the button
Seat 1: Dante21b ($100 in chips) 
Seat 2: socito ($115.93 in chips) 
Seat 3: bamboe-x ($78.75 in chips) 
Seat 4: MaikonAll ($100 in chips) 
Seat 5: Iseedora ($104 in chips) 
Seat 6: lommer93 ($42.58 in chips) 
bamboe-x: posts small blind $0.50
MaikonAll: posts big blind $1
*** HOLE CARDS ***
Iseedora: folds 
lommer93: folds 
Dante21b: raises $1.50 to $2.50
socito: raises $5 to $7.50
bamboe-x: folds 
MaikonAll: folds 
Dante21b: raises $13.50 to $21
socito: folds 
Uncalled bet ($13.50) returned to Dante21b
Dante21b collected $16.50 from pot
Dante21b: doesn't show hand 
*** SUMMARY ***
Total pot $16.50 | Rake $0 
Seat 1: Dante21b collected ($16.50)
Seat 2: socito (button) folded before Flop
Seat 3: bamboe-x (small blind) folded before Flop
Seat 4: MaikonAll (big blind) folded before Flop
Seat 5: Iseedora folded before Flop (didn't bet)
Seat 6: lommer93 folded before Flop (didn't bet)



PokerStars Hand #254725266482:  Hold'em No Limit ($0.50/$1.00 USD) - 2025/02/05 21:40:18 WET [2025/02/05 16:40:18 ET]
Table 'Pia II' 6-max Seat #3 is the button
Seat 1: Dante21b ($109 in chips) 
Seat 2: socito ($108.43 in chips) 
Seat 3: bamboe-x ($78.25 in chips) 
Seat 4: MaikonAll ($100 in chips) 
Seat 5: Iseedora ($104 in chips) 
Seat 6: lommer93 ($42.58 in chips) 
MaikonAll: posts small blind $0.50
Iseedora: posts big blind $1
*** HOLE CARDS ***
lommer93: folds 
Dante21b: folds 
socito: folds 
bamboe-x: folds 
MaikonAll: folds 
Uncalled bet ($0.50) returned to Iseedora
Iseedora collected $1 from pot
Iseedora: doesn't show hand 
*** SUMMARY ***
Total pot $1 | Rake $0 
Seat 1: Dante21b folded before Flop (didn't bet)
Seat 2: socito folded before Flop (didn't bet)
Seat 3: bamboe-x (button) folded before Flop (didn't bet)
Seat 4: MaikonAll (small blind) folded before Flop
Seat 5: Iseedora (big blind) collected ($1)
Seat 6: lommer93 folded before Flop (didn't bet)



PokerStars Hand #254725271691:  Hold'em No Limit ($0.50/$1.00 USD) - 2025/02/05 21:40:34 WET [2025/02/05 16:40:34 ET]
Table 'Pia II' 6-max Seat #4 is the button
Seat 1: Dante21b ($109 in chips) 
Seat 2: socito ($108.43 in chips) 
Seat 3: bamboe-x ($78.25 in chips) 
Seat 4: MaikonAll ($100 in chips) 
Seat 5: Iseedora ($104.50 in chips) 
Seat 6: lommer93 ($42.58 in chips) 
Iseedora: posts small blind $0.50
lommer93: posts big blind $1
*** HOLE CARDS ***
Dante21b: raises $1.50 to $2.50
socito: folds 
bamboe-x: folds 
MaikonAll: calls $2.50
Iseedora: folds 
lommer93: folds 
*** FLOP *** [Th 2d 2h]
Dante21b: checks 
MaikonAll: checks 
*** TURN *** [Th 2d 2h] [7d]
Dante21b: bets $4.08
MaikonAll: calls $4.08
*** RIVER *** [Th 2d 2h 7d] [Qd]
Dante21b: bets $9.19
MaikonAll: calls $9.19
*** SHOW DOWN ***
Dante21b: shows [Ah Ad] (two pair, Aces and Deuces)
MaikonAll: mucks hand 
Dante21b collected $31.39 from pot
*** SUMMARY ***
Total pot $33.04 | Rake $1.65 
Board [Th 2d 2h 7d Qd]
Seat 1: Dante21b showed [Ah Ad] and won ($31.39) with two pair, Aces and Deuces
Seat 2: socito folded before Flop (didn't bet)
Seat 3: bamboe-x folded before Flop (didn't bet)
Seat 4: MaikonAll (button) mucked
Seat 5: Iseedora (small blind) folded before Flop
Seat 6: lommer93 (big blind) folded before Flop



PokerStars Hand #254725291746:  Hold'em No Limit ($0.50/$1.00 USD) - 2025/02/05 21:41:39 WET [2025/02/05 16:41:39 ET]
Table 'Pia II' 6-max Seat #5 is the button
Seat 1: Dante21b ($124.62 in chips) 
Seat 2: socito ($108.43 in chips) 
Seat 3: bamboe-x ($78.25 in chips) 
Seat 4: MaikonAll ($100 in chips) 
Seat 5: Iseedora ($104 in chips) 
Seat 6: lommer93 ($41.58 in chips) 
lommer93: posts small blind $0.50
Dante21b: posts big blind $1
*** HOLE CARDS ***
socito: folds 
bamboe-x: folds 
MaikonAll: folds 
Iseedora: raises $1.50 to $2.50
lommer93: calls $2
Dante21b: folds 
*** FLOP *** [5h 3d 6d]
lommer93: bets $2.85
Iseedora: folds 
Uncalled bet ($2.85) returned to lommer93
lommer93 collected $5.70 from pot
lommer93: doesn't show hand 
*** SUMMARY ***
Total pot $6 | Rake $0.30 
Board [5h 3d 6d]
Seat 1: Dante21b (big blind) folded before Flop
Seat 2: socito folded before Flop (didn't bet)
Seat 3: bamboe-x folded before Flop (didn't bet)
Seat 4: MaikonAll folded before Flop (didn't bet)
Seat 5: Iseedora (button) folded on the Flop
Seat 6: lommer93 (small blind) collected ($5.70)



PokerStars Hand #254725302375:  Hold'em No Limit ($0.50/$1.00 USD) - 2025/02/05 21:42:13 WET [2025/02/05 16:42:13 ET]
Table 'Pia II' 6-max Seat #6 is the button
Seat 1: Dante21b ($123.62 in chips) 
Seat 2: socito ($108.43 in chips) 
Seat 3: bamboe-x ($78.25 in chips) 
Seat 4: MaikonAll ($100 in chips) 
Seat 5: Iseedora ($101.50 in chips) 
Seat 6: lommer93 ($44.78 in chips) 
Dante21b: posts small blind $0.50
socito: posts big blind $1
*** HOLE CARDS ***
bamboe-x: folds 
MaikonAll: folds 
Iseedora: folds 
lommer93: folds 
Dante21b: folds 
Uncalled bet ($0.50) returned to socito
socito collected $1 from pot
socito: doesn't show hand 
*** SUMMARY ***
Total pot $1 | Rake $0 
Seat 1: Dante21b (small blind) folded before Flop
Seat 2: socito (big blind) collected ($1)
Seat 3: bamboe-x folded before Flop (didn't bet)
Seat 4: MaikonAll folded before Flop (didn't bet)
Seat 5: Iseedora folded before Flop (didn't bet)
Seat 6: lommer93 (button) folded before Flop (didn't bet)



PokerStars Hand #254725306991:  Hold'em No Limit ($0.50/$1.00 USD) - 2025/02/05 21:42:28 WET [2025/02/05 16:42:28 ET]
Table 'Pia II' 6-max Seat #1 is the button
Seat 1: Dante21b ($123.12 in chips) 
Seat 2: socito ($108.93 in chips) 
Seat 3: bamboe-x ($78.25 in chips) 
Seat 4: MaikonAll ($100 in chips) 
Seat 5: Iseedora ($101.50 in chips) 
Seat 6: lommer93 ($44.78 in chips) 
socito: posts small blind $0.50
bamboe-x: posts big blind $1
*** HOLE CARDS ***
MaikonAll: raises $1.30 to $2.30
Iseedora: folds 
lommer93: folds 
Dante21b: folds 
socito: folds 
bamboe-x: folds 
Uncalled bet ($1.30) returned to MaikonAll
MaikonAll collected $2.50 from pot
MaikonAll: doesn't show hand 
*** SUMMARY ***
Total pot $2.50 | Rake $0 
Seat 1: Dante21b (button) folded before Flop (didn't bet)
Seat 2: socito (small blind) folded before Flop
Seat 3: bamboe-x (big blind) folded before Flop
Seat 4: MaikonAll collected ($2.50)
Seat 5: Iseedora folded before Flop (didn't bet)
Seat 6: lommer93 folded before Flop (didn't bet)



PokerStars Hand #254725312184:  Hold'em No Limit ($0.50/$1.00 USD) - 2025/02/05 21:42:45 WET [2025/02/05 16:42:45 ET]
Table 'Pia II' 6-max Seat #2 is the button
Seat 1: Dante21b ($123.12 in chips) 
Seat 2: socito ($108.43 in chips) 
Seat 3: bamboe-x ($77.25 in chips) 
Seat 4: MaikonAll ($101.50 in chips) 
Seat 5: Iseedora ($101.50 in chips) 
Seat 6: lommer93 ($44.78 in chips) 
bamboe-x: posts small blind $0.50
MaikonAll: posts big blind $1
*** HOLE CARDS ***
Iseedora: folds 
lommer93: calls $1
Dante21b: folds 
socito: folds 
bamboe-x: folds 
MaikonAll: checks 
*** FLOP *** [3s 9s 4c]
MaikonAll: checks 
lommer93: checks 
*** TURN *** [3s 9s 4c] [Td]
MaikonAll: checks 
lommer93: bets $1.19
MaikonAll: calls $1.19
*** RIVER *** [3s 9s 4c Td] [2c]
MaikonAll: checks 
lommer93: checks 
*** SHOW DOWN ***
MaikonAll: shows [4d 5h] (a pair of Fours)
lommer93: mucks hand 
MaikonAll collected $4.64 from pot
*** SUMMARY ***
Total pot $4.88 | Rake $0.24 
Board [3s 9s 4c Td 2c]
Seat 1: Dante21b folded before Flop (didn't bet)
Seat 2: socito (button) folded before Flop (didn't bet)
Seat 3: bamboe-x (small blind) folded before Flop
Seat 4: MaikonAll (big blind) showed [4d 5h] and won ($4.64) with a pair of Fours
Seat 5: Iseedora folded before Flop (didn't bet)
Seat 6: lommer93 mucked



PokerStars Hand #254725336375:  Hold'em No Limit ($0.50/$1.00 USD) - 2025/02/05 21:44:03 WET [2025/02/05 16:44:03 ET]
Table 'Pia II' 6-max Seat #3 is the button
Seat 1: Dante21b ($123.12 in chips) 
Seat 2: socito ($108.43 in chips) 
Seat 3: bamboe-x ($76.75 in chips) 
Seat 4: MaikonAll ($103.95 in chips) 
Seat 5: Iseedora ($101.50 in chips) 
Seat 6: lommer93 ($42.59 in chips) 
MaikonAll: posts small blind $0.50
Iseedora: posts big blind $1
*** HOLE CARDS ***
lommer93: folds 
Dante21b: raises $1.50 to $2.50
socito: raises $5 to $7.50
bamboe-x: folds 
MaikonAll: raises $13.50 to $21
Iseedora: folds 
Dante21b: folds 
socito: folds 
Uncalled bet ($13.50) returned to MaikonAll
MaikonAll collected $18.50 from pot
MaikonAll: doesn't show hand 
*** SUMMARY ***
Total pot $18.50 | Rake $0 
Seat 1: Dante21b folded before Flop
Seat 2: socito folded before Flop
Seat 3: bamboe-x (button) folded before Flop (didn't bet)
Seat 4: MaikonAll (small blind) collected ($18.50)
Seat 5: Iseedora (big blind) folded before Flop
Seat 6: lommer93 folded before Flop (didn't bet)



PokerStars Hand #254725352317:  Hold'em No Limit ($0.50/$1.00 USD) - 2025/02/05 21:44:54 WET [2025/02/05 16:44:54 ET]
Table 'Pia II' 6-max Seat #4 is the button
Seat 1: Dante21b ($120.62 in chips) 
Seat 2: socito ($100.93 in chips) 
Seat 3: bamboe-x ($76.75 in chips) 
Seat 4: MaikonAll ($114.95 in chips) 
Seat 5: Iseedora ($100.50 in chips) 
Seat 6: lommer93 ($42.59 in chips) 
Iseedora: posts small blind $0.50
lommer93: posts big blind $1
*** HOLE CARDS ***
Dante21b: folds 
socito: folds 
bamboe-x: folds 
MaikonAll: raises $1.50 to $2.50
Iseedora: folds 
lommer93: folds 
Uncalled bet ($1.50) returned to MaikonAll
MaikonAll collected $2.50 from pot
MaikonAll: doesn't show hand 
*** SUMMARY ***
Total pot $2.50 | Rake $0 
Seat 1: Dante21b folded before Flop (didn't bet)
Seat 2: socito folded before Flop (didn't bet)
Seat 3: bamboe-x folded before Flop (didn't bet)
Seat 4: MaikonAll (button) collected ($2.50)
Seat 5: Iseedora (small blind) folded before Flop
Seat 6: lommer93 (big blind) folded before Flop



PokerStars Hand #254725361670:  Hold'em No Limit ($0.50/$1.00 USD) - 2025/02/05 21:45:24 WET [2025/02/05 16:45:24 ET]
Table 'Pia II' 6-max Seat #5 is the button
Seat 1: Dante21b ($120.62 in chips) 
Seat 2: socito ($100.93 in chips) 
Seat 3: bamboe-x ($76.75 in chips) 
Seat 4: MaikonAll ($116.45 in chips) 
Seat 5: Iseedora ($100 in chips) 
Seat 6: lommer93 ($41.59 in chips) 
lommer93: posts small blind $0.50
Dante21b: posts big blind $1
*** HOLE CARDS ***
socito: raises $1.50 to $2.50
bamboe-x: folds 
MaikonAll: folds 
Iseedora: folds 
lommer93: calls $2
Dante21b: folds 
*** FLOP *** [Tc 6d Th]
lommer93: checks 
socito: bets $1.43
lommer93: folds 
Uncalled bet ($1.43) returned to socito
socito collected $5.70 from pot
socito: doesn't show hand 
*** SUMMARY ***
Total pot $6 | Rake $0.30 
Board [Tc 6d Th]
Seat 1: Dante21b (big blind) folded before Flop
Seat 2: socito collected ($5.70)
Seat 3: bamboe-x folded before Flop (didn't bet)
Seat 4: MaikonAll folded before Flop (didn't bet)
Seat 5: Iseedora (button) folded before Flop (didn't bet)
Seat 6: lommer93 (small blind) folded on the Flop



PokerStars Hand #254725373702:  Hold'em No Limit ($0.50/$1.00 USD) - 2025/02/05 21:46:02 WET [2025/02/05 16:46:02 ET]
Table 'Pia II' 6-max Seat #6 is the button
Seat 1: Dante21b ($119.62 in chips) 
Seat 2: socito ($104.13 in chips) 
Seat 3: bamboe-x ($76.75 in chips) 
Seat 4: MaikonAll ($116.45 in chips) 
Seat 5: Iseedora ($100 in chips) 
Seat 6: lommer93 ($39.09 in chips) 
Dante21b: posts small blind $0.50
socito: posts big blind $1
*** HOLE CARDS ***
bamboe-x: folds 
bamboe-x leaves the table
MaikonAll: raises $1.30 to $2.30
Iseedora: folds 
lommer93: folds 
lommer93 leaves the table
Dante21b: folds 
vadjkeee joins the table at seat #3 
socito: raises $9.20 to $11.50
MaikonAll: folds 
Uncalled bet ($9.20) returned to socito
socito collected $5.10 from pot
socito: doesn't show hand 
*** SUMMARY ***
Total pot $5.10 | Rake $0 
Seat 1: Dante21b (small blind) folded before Flop
Seat 2: socito (big blind) collected ($5.10)
Seat 3: bamboe-x folded before Flop (didn't bet)
Seat 4: MaikonAll folded before Flop
Seat 5: Iseedora folded before Flop (didn't bet)
Seat 6: lommer93 (button) folded before Flop (didn't bet)



PokerStars Hand #254725383904:  Hold'em No Limit ($0.50/$1.00 USD) - 2025/02/05 21:46:36 WET [2025/02/05 16:46:36 ET]
Table 'Pia II' 6-max Seat #1 is the button
Seat 3: vadjkeee ($100 in chips) is sitting out
Seat 1: Dante21b ($119.12 in chips) 
Seat 4: MaikonAll ($114.15 in chips) 
Seat 5: Iseedora ($100 in chips) 
MaikonAll: posts small blind $0.50
Iseedora: posts big blind $1
*** HOLE CARDS ***
Dante21b: folds 
MaikonAll: folds 
Uncalled bet ($0.50) returned to Iseedora
Iseedora collected $1 from pot
Iseedora: doesn't show hand 
*** SUMMARY ***
Total pot $1 | Rake $0 
Seat 3: vadjkeee
Seat 1: Dante21b (button) folded before Flop (didn't bet)
Seat 4: MaikonAll (small blind) folded before Flop
Seat 5: Iseedora (big blind) collected ($1)



PokerStars Hand #254725387312:  Hold'em No Limit ($0.50/$1.00 USD) - 2025/02/05 21:46:47 WET [2025/02/05 16:46:47 ET]
Table 'Pia II' 6-max Seat #4 is the button
Seat 3: vadjkeee ($100 in chips) is sitting out
Seat 1: Dante21b ($119.12 in chips) 
Seat 4: MaikonAll ($113.65 in chips) 
Seat 5: Iseedora ($100.50 in chips) 
Iseedora: posts small blind $0.50
Dante21b: posts big blind $1
vadjkeee: sits out 
*** HOLE CARDS ***
MaikonAll: raises $1.50 to $2.50
Iseedora: folds 
Dante21b: calls $1.50
*** FLOP *** [Kh As 7h]
Dante21b: checks 
MaikonAll: checks 
*** TURN *** [Kh As 7h] [9d]
Dante21b: bets $1.72
MaikonAll: calls $1.72
*** RIVER *** [Kh As 7h 9d] [Qd]
Dante21b: checks 
MaikonAll: checks 
*** SHOW DOWN ***
Dante21b: shows [Qh Td] (a pair of Queens)
MaikonAll: mucks hand 
Dante21b collected $8.49 from pot
*** SUMMARY ***
Total pot $8.94 | Rake $0.45 
Board [Kh As 7h 9d Qd]
Seat 3: vadjkeee
Seat 1: Dante21b (big blind) showed [Qh Td] and won ($8.49) with a pair of Queens
Seat 4: MaikonAll (button) mucked
Seat 5: Iseedora (small blind) folded before Flop



PokerStars Hand #254725416579:  Hold'em No Limit ($0.50/$1.00 USD) - 2025/02/05 21:48:22 WET [2025/02/05 16:48:22 ET]
Table 'Pia II' 6-max Seat #5 is the button
Seat 1: Dante21b ($123.39 in chips) 
Seat 3: vadjkeee ($100 in chips) 
Seat 4: MaikonAll ($109.43 in chips) 
Seat 5: Iseedora ($100 in chips) 
Dante21b: posts small blind $0.50
vadjkeee: posts big blind $1
*** HOLE CARDS ***
MaikonAll: raises $1.30 to $2.30
Iseedora: folds 
Dante21b: folds 
vadjkeee: folds 
Uncalled bet ($1.30) returned to MaikonAll
Dante21b leaves the table
MaikonAll collected $2.50 from pot
MaikonAll: doesn't show hand 
*** SUMMARY ***
Total pot $2.50 | Rake $0 
Seat 1: Dante21b (small blind) folded before Flop
Seat 3: vadjkeee (big blind) folded before Flop
Seat 4: MaikonAll collected ($2.50)
Seat 5: Iseedora (button) folded before Flop (didn't bet)



PokerStars Hand #254725423937:  Hold'em No Limit ($0.50/$1.00 USD) - 2025/02/05 21:48:46 WET [2025/02/05 16:48:46 ET]
Table 'Pia II' 6-max Seat #3 is the button
Seat 3: vadjkeee ($100 in chips) 
Seat 4: MaikonAll ($110.93 in chips) 
Seat 5: Iseedora ($100 in chips) 
MaikonAll: posts small blind $0.50
Iseedora: posts big blind $1
*** HOLE CARDS ***
vadjkeee: folds 
MaikonAll: folds 
Uncalled bet ($0.50) returned to Iseedora
Iseedora collected $1 from pot
Iseedora: doesn't show hand 
*** SUMMARY ***
Total pot $1 | Rake $0 
Seat 3: vadjkeee (button) folded before Flop (didn't bet)
Seat 4: MaikonAll (small blind) folded before Flop
Seat 5: Iseedora (big blind) collected ($1)



PokerStars Hand #254725428652:  Hold'em No Limit ($0.50/$1.00 USD) - 2025/02/05 21:49:02 WET [2025/02/05 16:49:02 ET]
Table 'Pia II' 6-max Seat #5 is the button
Seat 3: vadjkeee ($100 in chips) is sitting out
Seat 4: MaikonAll ($110.43 in chips) 
Seat 5: Iseedora ($100.50 in chips) 
Iseedora: posts small blind $0.50
vadjkeee: is sitting out 
MaikonAll: posts big blind $1
*** HOLE CARDS ***
Iseedora: folds 
Uncalled bet ($0.50) returned to MaikonAll
MaikonAll collected $1 from pot
MaikonAll: doesn't show hand 
*** SUMMARY ***
Total pot $1 | Rake $0 
Seat 3: vadjkeee
Seat 4: MaikonAll (big blind) collected ($1)
Seat 5: Iseedora (button) (small blind) folded before Flop



