PokerStars Hand #254715597360:  Hold'em No Limit ($0.50/$1.00 USD) - 2025/02/05 6:43:18 WET [2025/02/05 1:43:18 ET]
Table 'Medea' 6-max Seat #5 is the button
Seat 3: Nicedaymybro ($116.20 in chips) is sitting out
Seat 1: jherrpty ($102.37 in chips) 
Seat 2: 50CandyJoe ($100 in chips) 
Seat 4: reeqar ($100 in chips) 
Seat 5: vadjkeee ($101.88 in chips) 
Seat 6: Pon4uk.ua ($101.72 in chips) 
Pon4uk.ua: posts small blind $0.50
jherrpty: posts big blind $1
Nicedaymybro: sits out 
*** HOLE CARDS ***
50CandyJoe: raises $1.20 to $2.20
reeqar: folds 
vadjkeee: calls $2.20
Pon4uk.ua: folds 
jherrpty: folds 
*** FLOP *** [Jh Qh 4d]
50CandyJoe: bets $1.40
vadjkeee: raises $7.60 to $9
50CandyJoe has timed out
50CandyJoe: folds 
Uncalled bet ($7.60) returned to vadjkeee
vadjkeee collected $8.26 from pot
vadjkeee: doesn't show hand 
*** SUMMARY ***
Total pot $8.70 | Rake $0.44 
Board [Jh Qh 4d]
Seat 3: Nicedaymybro
Seat 1: jherrpty (big blind) folded before Flop
Seat 2: 50CandyJoe folded on the Flop
Seat 4: reeqar folded before Flop (didn't bet)
Seat 5: vadjkeee (button) collected ($8.26)
Seat 6: Pon4uk.ua (small blind) folded before Flop



PokerStars Hand #254715602505:  Hold'em No Limit ($0.50/$1.00 USD) - 2025/02/05 6:44:30 WET [2025/02/05 1:44:30 ET]
Table 'Medea' 6-max Seat #6 is the button
Seat 3: Nicedaymybro ($116.20 in chips) is sitting out
Seat 1: jherrpty ($101.37 in chips) 
Seat 2: 50CandyJoe ($100 in chips) 
Seat 4: reeqar ($100 in chips) 
Seat 5: vadjkeee ($106.54 in chips) 
Seat 6: Pon4uk.ua ($101.22 in chips) 
jherrpty: posts small blind $0.50
50CandyJoe: posts big blind $1
Nicedaymybro: sits out 
*** HOLE CARDS ***
reeqar: folds 
vadjkeee: raises $2 to $3
Pon4uk.ua: folds 
jherrpty: folds 
50CandyJoe: folds 
Uncalled bet ($2) returned to vadjkeee
vadjkeee collected $2.50 from pot
vadjkeee: doesn't show hand 
*** SUMMARY ***
Total pot $2.50 | Rake $0 
Seat 3: Nicedaymybro
Seat 1: jherrpty (small blind) folded before Flop
Seat 2: 50CandyJoe (big blind) folded before Flop
Seat 4: reeqar folded before Flop (didn't bet)
Seat 5: vadjkeee collected ($2.50)
Seat 6: Pon4uk.ua (button) folded before Flop (didn't bet)



PokerStars Hand #254715604681:  Hold'em No Limit ($0.50/$1.00 USD) - 2025/02/05 6:45:01 WET [2025/02/05 1:45:01 ET]
Table 'Medea' 6-max Seat #1 is the button
Seat 1: jherrpty ($100.87 in chips) 
Seat 2: 50CandyJoe ($100 in chips) 
Seat 3: Nicedaymybro ($116.20 in chips) 
Seat 4: reeqar ($100 in chips) 
Seat 5: vadjkeee ($108.04 in chips) 
Seat 6: Pon4uk.ua ($101.22 in chips) 
50CandyJoe: posts small blind $0.50
Nicedaymybro: posts big blind $1
*** HOLE CARDS ***
reeqar: raises $1.50 to $2.50
vadjkeee: folds 
Pon4uk.ua: folds 
jherrpty: folds 
50CandyJoe: folds 
Nicedaymybro: folds 
Uncalled bet ($1.50) returned to reeqar
reeqar collected $2.50 from pot
reeqar: doesn't show hand 
*** SUMMARY ***
Total pot $2.50 | Rake $0 
Seat 1: jherrpty (button) folded before Flop (didn't bet)
Seat 2: 50CandyJoe (small blind) folded before Flop
Seat 3: Nicedaymybro (big blind) folded before Flop
Seat 4: reeqar collected ($2.50)
Seat 5: vadjkeee folded before Flop (didn't bet)
Seat 6: Pon4uk.ua folded before Flop (didn't bet)



PokerStars Hand #254715606243:  Hold'em No Limit ($0.50/$1.00 USD) - 2025/02/05 6:45:24 WET [2025/02/05 1:45:24 ET]
Table 'Medea' 6-max Seat #2 is the button
Seat 1: jherrpty ($100.87 in chips) 
Seat 2: 50CandyJoe ($100 in chips) 
Seat 3: Nicedaymybro ($115.20 in chips) 
Seat 4: reeqar ($101.50 in chips) 
Seat 5: vadjkeee ($108.04 in chips) 
Seat 6: Pon4uk.ua ($101.22 in chips) 
Nicedaymybro: posts small blind $0.50
reeqar: posts big blind $1
*** HOLE CARDS ***
vadjkeee: folds 
Pon4uk.ua: folds 
jherrpty: folds 
50CandyJoe: folds 
Nicedaymybro: folds 
Uncalled bet ($0.50) returned to reeqar
reeqar collected $1 from pot
reeqar: doesn't show hand 
*** SUMMARY ***
Total pot $1 | Rake $0 
Seat 1: jherrpty folded before Flop (didn't bet)
Seat 2: 50CandyJoe (button) folded before Flop (didn't bet)
Seat 3: Nicedaymybro (small blind) folded before Flop
Seat 4: reeqar (big blind) collected ($1)
Seat 5: vadjkeee folded before Flop (didn't bet)
Seat 6: Pon4uk.ua folded before Flop (didn't bet)



PokerStars Hand #254715607352:  Hold'em No Limit ($0.50/$1.00 USD) - 2025/02/05 6:45:39 WET [2025/02/05 1:45:39 ET]
Table 'Medea' 6-max Seat #3 is the button
Seat 1: jherrpty ($100.87 in chips) 
Seat 2: 50CandyJoe ($100 in chips) 
Seat 3: Nicedaymybro ($114.70 in chips) 
Seat 4: reeqar ($102 in chips) 
Seat 5: vadjkeee ($108.04 in chips) 
Seat 6: Pon4uk.ua ($101.22 in chips) 
reeqar: posts small blind $0.50
vadjkeee: posts big blind $1
*** HOLE CARDS ***
Pon4uk.ua: folds 
jherrpty: calls $1
50CandyJoe: folds 
Nicedaymybro: raises $3 to $4
reeqar: raises $10 to $14
vadjkeee: folds 
jherrpty: folds 
Nicedaymybro: folds 
Uncalled bet ($10) returned to reeqar
reeqar collected $10 from pot
reeqar: doesn't show hand 
*** SUMMARY ***
Total pot $10 | Rake $0 
Seat 1: jherrpty folded before Flop
Seat 2: 50CandyJoe folded before Flop (didn't bet)
Seat 3: Nicedaymybro (button) folded before Flop
Seat 4: reeqar (small blind) collected ($10)
Seat 5: vadjkeee (big blind) folded before Flop
Seat 6: Pon4uk.ua folded before Flop (didn't bet)



PokerStars Hand #254715610063:  Hold'em No Limit ($0.50/$1.00 USD) - 2025/02/05 6:46:18 WET [2025/02/05 1:46:18 ET]
Table 'Medea' 6-max Seat #4 is the button
Seat 1: jherrpty ($99.87 in chips) 
Seat 2: 50CandyJoe ($100 in chips) 
Seat 3: Nicedaymybro ($110.70 in chips) 
Seat 4: reeqar ($108 in chips) 
Seat 5: vadjkeee ($107.04 in chips) 
Seat 6: Pon4uk.ua ($101.22 in chips) 
vadjkeee: posts small blind $0.50
Pon4uk.ua: posts big blind $1
*** HOLE CARDS ***
jherrpty: folds 
50CandyJoe: folds 
Nicedaymybro: raises $1.50 to $2.50
reeqar: folds 
vadjkeee: folds 
Pon4uk.ua: calls $1.50
*** FLOP *** [Ah Ks Kd]
Pon4uk.ua: checks 
Nicedaymybro: bets $1.72
Pon4uk.ua: calls $1.72
*** TURN *** [Ah Ks Kd] [4h]
Pon4uk.ua: checks 
Nicedaymybro: bets $11.89
Pon4uk.ua: folds 
Uncalled bet ($11.89) returned to Nicedaymybro
Nicedaymybro collected $8.49 from pot
Nicedaymybro: doesn't show hand 
*** SUMMARY ***
Total pot $8.94 | Rake $0.45 
Board [Ah Ks Kd 4h]
Seat 1: jherrpty folded before Flop (didn't bet)
Seat 2: 50CandyJoe folded before Flop (didn't bet)
Seat 3: Nicedaymybro collected ($8.49)
Seat 4: reeqar (button) folded before Flop (didn't bet)
Seat 5: vadjkeee (small blind) folded before Flop
Seat 6: Pon4uk.ua (big blind) folded on the Turn



PokerStars Hand #254715613198:  Hold'em No Limit ($0.50/$1.00 USD) - 2025/02/05 6:47:02 WET [2025/02/05 1:47:02 ET]
Table 'Medea' 6-max Seat #5 is the button
Seat 1: jherrpty ($99.87 in chips) 
Seat 2: 50CandyJoe ($100 in chips) 
Seat 3: Nicedaymybro ($114.97 in chips) 
Seat 4: reeqar ($108 in chips) 
Seat 5: vadjkeee ($106.54 in chips) 
Seat 6: Pon4uk.ua ($100 in chips) 
Pon4uk.ua: posts small blind $0.50
jherrpty: posts big blind $1
*** HOLE CARDS ***
50CandyJoe: folds 
Nicedaymybro: raises $1.50 to $2.50
reeqar: folds 
vadjkeee: folds 
Pon4uk.ua: folds 
jherrpty: raises $2.50 to $5
Nicedaymybro: calls $2.50
*** FLOP *** [As 4d 5s]
jherrpty: checks 
Nicedaymybro: checks 
*** TURN *** [As 4d 5s] [Jd]
jherrpty: checks 
Nicedaymybro: bets $7.49
jherrpty: folds 
Uncalled bet ($7.49) returned to Nicedaymybro
Nicedaymybro collected $9.98 from pot
Nicedaymybro: doesn't show hand 
*** SUMMARY ***
Total pot $10.50 | Rake $0.52 
Board [As 4d 5s Jd]
Seat 1: jherrpty (big blind) folded on the Turn
Seat 2: 50CandyJoe folded before Flop (didn't bet)
Seat 3: Nicedaymybro collected ($9.98)
Seat 4: reeqar folded before Flop (didn't bet)
Seat 5: vadjkeee (button) folded before Flop (didn't bet)
Seat 6: Pon4uk.ua (small blind) folded before Flop



PokerStars Hand #254715616826:  Hold'em No Limit ($0.50/$1.00 USD) - 2025/02/05 6:47:54 WET [2025/02/05 1:47:54 ET]
Table 'Medea' 6-max Seat #6 is the button
Seat 1: jherrpty ($94.87 in chips) 
Seat 2: 50CandyJoe ($100 in chips) 
Seat 3: Nicedaymybro ($119.95 in chips) 
Seat 4: reeqar ($108 in chips) 
Seat 5: vadjkeee ($106.54 in chips) 
Seat 6: Pon4uk.ua ($100 in chips) 
jherrpty: posts small blind $0.50
50CandyJoe: posts big blind $1
*** HOLE CARDS ***
Nicedaymybro: folds 
reeqar: folds 
vadjkeee: raises $2 to $3
Pon4uk.ua: folds 
jherrpty: folds 
50CandyJoe: folds 
Uncalled bet ($2) returned to vadjkeee
vadjkeee collected $2.50 from pot
vadjkeee: doesn't show hand 
*** SUMMARY ***
Total pot $2.50 | Rake $0 
Seat 1: jherrpty (small blind) folded before Flop
Seat 2: 50CandyJoe (big blind) folded before Flop
Seat 3: Nicedaymybro folded before Flop (didn't bet)
Seat 4: reeqar folded before Flop (didn't bet)
Seat 5: vadjkeee collected ($2.50)
Seat 6: Pon4uk.ua (button) folded before Flop (didn't bet)



PokerStars Hand #254715617852:  Hold'em No Limit ($0.50/$1.00 USD) - 2025/02/05 6:48:09 WET [2025/02/05 1:48:09 ET]
Table 'Medea' 6-max Seat #1 is the button
Seat 1: jherrpty ($94.37 in chips) 
Seat 2: 50CandyJoe ($100 in chips) 
Seat 3: Nicedaymybro ($119.95 in chips) 
Seat 4: reeqar ($108 in chips) 
Seat 5: vadjkeee ($108.04 in chips) 
Seat 6: Pon4uk.ua ($100 in chips) 
50CandyJoe: posts small blind $0.50
Nicedaymybro: posts big blind $1
*** HOLE CARDS ***
reeqar: folds 
vadjkeee: folds 
Pon4uk.ua: raises $1.50 to $2.50
jherrpty: folds 
50CandyJoe: raises $7.50 to $10
Nicedaymybro: folds 
Pon4uk.ua: calls $7.50
*** FLOP *** [Ks 2s Ac]
50CandyJoe: checks 
Pon4uk.ua: checks 
*** TURN *** [Ks 2s Ac] [Th]
50CandyJoe: checks 
Pon4uk.ua: bets $14.96
50CandyJoe: calls $14.96
*** RIVER *** [Ks 2s Ac Th] [8d]
50CandyJoe: checks 
Pon4uk.ua: bets $75.04 and is all-in
reeqar leaves the table
50CandyJoe has timed out
50CandyJoe: folds 
Uncalled bet ($75.04) returned to Pon4uk.ua
Pon4uk.ua collected $48.42 from pot
Pon4uk.ua: doesn't show hand 
*** SUMMARY ***
Total pot $50.92 | Rake $2.50 
Board [Ks 2s Ac Th 8d]
Seat 1: jherrpty (button) folded before Flop (didn't bet)
Seat 2: 50CandyJoe (small blind) folded on the River
Seat 3: Nicedaymybro (big blind) folded before Flop
Seat 4: reeqar folded before Flop (didn't bet)
Seat 5: vadjkeee folded before Flop (didn't bet)
Seat 6: Pon4uk.ua collected ($48.42)



PokerStars Hand #254715626793:  Hold'em No Limit ($0.50/$1.00 USD) - 2025/02/05 6:50:17 WET [2025/02/05 1:50:17 ET]
Table 'Medea' 6-max Seat #2 is the button
Seat 1: jherrpty ($94.37 in chips) 
Seat 2: 50CandyJoe ($100 in chips) 
Seat 3: Nicedaymybro ($118.95 in chips) 
Seat 5: vadjkeee ($108.04 in chips) 
Seat 6: Pon4uk.ua ($123.46 in chips) 
Nicedaymybro: posts small blind $0.50
vadjkeee: posts big blind $1
*** HOLE CARDS ***
Flix2204 joins the table at seat #4 
Pon4uk.ua: folds 
jherrpty: folds 
50CandyJoe: folds 
Nicedaymybro: raises $2 to $3
vadjkeee: folds 
Uncalled bet ($2) returned to Nicedaymybro
Nicedaymybro collected $2 from pot
Nicedaymybro: doesn't show hand 
*** SUMMARY ***
Total pot $2 | Rake $0 
Seat 1: jherrpty folded before Flop (didn't bet)
Seat 2: 50CandyJoe (button) folded before Flop (didn't bet)
Seat 3: Nicedaymybro (small blind) collected ($2)
Seat 5: vadjkeee (big blind) folded before Flop
Seat 6: Pon4uk.ua folded before Flop (didn't bet)



PokerStars Hand #254715628010:  Hold'em No Limit ($0.50/$1.00 USD) - 2025/02/05 6:50:33 WET [2025/02/05 1:50:33 ET]
Table 'Medea' 6-max Seat #3 is the button
Seat 4: Flix2204 ($100 in chips) is sitting out
Seat 1: jherrpty ($94.37 in chips) 
Seat 2: 50CandyJoe ($100 in chips) 
Seat 3: Nicedaymybro ($119.95 in chips) 
Seat 5: vadjkeee ($107.04 in chips) 
Seat 6: Pon4uk.ua ($123.46 in chips) 
vadjkeee: posts small blind $0.50
Pon4uk.ua: posts big blind $1
*** HOLE CARDS ***
jherrpty: folds 
50CandyJoe: folds 
Nicedaymybro: folds 
vadjkeee: folds 
Uncalled bet ($0.50) returned to Pon4uk.ua
Pon4uk.ua collected $1 from pot
Pon4uk.ua: doesn't show hand 
*** SUMMARY ***
Total pot $1 | Rake $0 
Seat 4: Flix2204
Seat 1: jherrpty folded before Flop (didn't bet)
Seat 2: 50CandyJoe folded before Flop (didn't bet)
Seat 3: Nicedaymybro (button) folded before Flop (didn't bet)
Seat 5: vadjkeee (small blind) folded before Flop
Seat 6: Pon4uk.ua (big blind) collected ($1)



PokerStars Hand #254715628707:  Hold'em No Limit ($0.50/$1.00 USD) - 2025/02/05 6:50:43 WET [2025/02/05 1:50:43 ET]
Table 'Medea' 6-max Seat #5 is the button
Seat 4: Flix2204 ($100 in chips) is sitting out
Seat 1: jherrpty ($94.37 in chips) 
Seat 2: 50CandyJoe ($100 in chips) 
Seat 3: Nicedaymybro ($119.95 in chips) 
Seat 5: vadjkeee ($106.54 in chips) 
Seat 6: Pon4uk.ua ($123.96 in chips) 
Pon4uk.ua: posts small blind $0.50
jherrpty: posts big blind $1
Flix2204: sits out 
*** HOLE CARDS ***
50CandyJoe: folds 
Nicedaymybro: folds 
vadjkeee: raises $2 to $3
Pon4uk.ua: folds 
jherrpty: folds 
Uncalled bet ($2) returned to vadjkeee
vadjkeee collected $2.50 from pot
vadjkeee: doesn't show hand 
*** SUMMARY ***
Total pot $2.50 | Rake $0 
Seat 4: Flix2204
Seat 1: jherrpty (big blind) folded before Flop
Seat 2: 50CandyJoe folded before Flop (didn't bet)
Seat 3: Nicedaymybro folded before Flop (didn't bet)
Seat 5: vadjkeee (button) collected ($2.50)
Seat 6: Pon4uk.ua (small blind) folded before Flop



PokerStars Hand #254715630257:  Hold'em No Limit ($0.50/$1.00 USD) - 2025/02/05 6:51:05 WET [2025/02/05 1:51:05 ET]
Table 'Medea' 6-max Seat #6 is the button
Seat 4: Flix2204 ($100 in chips) is sitting out
Seat 1: jherrpty ($93.37 in chips) 
Seat 2: 50CandyJoe ($100 in chips) 
Seat 3: Nicedaymybro ($119.95 in chips) 
Seat 5: vadjkeee ($108.04 in chips) 
Seat 6: Pon4uk.ua ($123.46 in chips) 
jherrpty: posts small blind $0.50
50CandyJoe: posts big blind $1
Flix2204: sits out 
*** HOLE CARDS ***
Nicedaymybro: folds 
vadjkeee: folds 
Pon4uk.ua: raises $1.50 to $2.50
jherrpty: folds 
50CandyJoe: folds 
Uncalled bet ($1.50) returned to Pon4uk.ua
Pon4uk.ua collected $2.50 from pot
Pon4uk.ua: doesn't show hand 
*** SUMMARY ***
Total pot $2.50 | Rake $0 
Seat 4: Flix2204
Seat 1: jherrpty (small blind) folded before Flop
Seat 2: 50CandyJoe (big blind) folded before Flop
Seat 3: Nicedaymybro folded before Flop (didn't bet)
Seat 5: vadjkeee folded before Flop (didn't bet)
Seat 6: Pon4uk.ua (button) collected ($2.50)



PokerStars Hand #254715631821:  Hold'em No Limit ($0.50/$1.00 USD) - 2025/02/05 6:51:28 WET [2025/02/05 1:51:28 ET]
Table 'Medea' 6-max Seat #1 is the button
Seat 4: Flix2204 ($100 in chips) is sitting out
Seat 1: jherrpty ($92.87 in chips) 
Seat 2: 50CandyJoe ($100 in chips) 
Seat 3: Nicedaymybro ($119.95 in chips) 
Seat 5: vadjkeee ($108.04 in chips) 
Seat 6: Pon4uk.ua ($124.96 in chips) 
50CandyJoe: posts small blind $0.50
Nicedaymybro: posts big blind $1
Flix2204: sits out 
*** HOLE CARDS ***
vadjkeee: folds 
Pon4uk.ua: folds 
jherrpty: folds 
50CandyJoe: raises $2 to $3
Nicedaymybro: calls $2
*** FLOP *** [2d 8c Qc]
50CandyJoe: bets $1.88
Nicedaymybro: folds 
Uncalled bet ($1.88) returned to 50CandyJoe
50CandyJoe collected $5.70 from pot
50CandyJoe: doesn't show hand 
*** SUMMARY ***
Total pot $6 | Rake $0.30 
Board [2d 8c Qc]
Seat 4: Flix2204
Seat 1: jherrpty (button) folded before Flop (didn't bet)
Seat 2: 50CandyJoe (small blind) collected ($5.70)
Seat 3: Nicedaymybro (big blind) folded on the Flop
Seat 5: vadjkeee folded before Flop (didn't bet)
Seat 6: Pon4uk.ua folded before Flop (didn't bet)



PokerStars Hand #254715633625:  Hold'em No Limit ($0.50/$1.00 USD) - 2025/02/05 6:51:54 WET [2025/02/05 1:51:54 ET]
Table 'Medea' 6-max Seat #2 is the button
Seat 1: jherrpty ($92.87 in chips) 
Seat 2: 50CandyJoe ($102.70 in chips) 
Seat 3: Nicedaymybro ($116.95 in chips) 
Seat 4: Flix2204 ($100 in chips) 
Seat 5: vadjkeee ($108.04 in chips) 
Seat 6: Pon4uk.ua ($124.96 in chips) 
Nicedaymybro: posts small blind $0.50
Flix2204: posts big blind $1
*** HOLE CARDS ***
vadjkeee: folds 
Pon4uk.ua: raises $1 to $2
jherrpty: folds 
50CandyJoe: folds 
Nicedaymybro: folds 
Flix2204: folds 
Uncalled bet ($1) returned to Pon4uk.ua
Pon4uk.ua collected $2.50 from pot
Pon4uk.ua: doesn't show hand 
*** SUMMARY ***
Total pot $2.50 | Rake $0 
Seat 1: jherrpty folded before Flop (didn't bet)
Seat 2: 50CandyJoe (button) folded before Flop (didn't bet)
Seat 3: Nicedaymybro (small blind) folded before Flop
Seat 4: Flix2204 (big blind) folded before Flop
Seat 5: vadjkeee folded before Flop (didn't bet)
Seat 6: Pon4uk.ua collected ($2.50)



PokerStars Hand #254715635520:  Hold'em No Limit ($0.50/$1.00 USD) - 2025/02/05 6:52:20 WET [2025/02/05 1:52:20 ET]
Table 'Medea' 6-max Seat #3 is the button
Seat 1: jherrpty ($92.87 in chips) 
Seat 2: 50CandyJoe ($102.70 in chips) 
Seat 3: Nicedaymybro ($116.45 in chips) 
Seat 4: Flix2204 ($100 in chips) 
Seat 5: vadjkeee ($108.04 in chips) 
Seat 6: Pon4uk.ua ($126.46 in chips) 
Flix2204: posts small blind $0.50
vadjkeee: posts big blind $1
*** HOLE CARDS ***
Pon4uk.ua: folds 
jherrpty: folds 
50CandyJoe: folds 
Nicedaymybro: raises $1.50 to $2.50
Flix2204: raises $8.50 to $11
vadjkeee: folds 
Nicedaymybro: folds 
Uncalled bet ($8.50) returned to Flix2204
Flix2204 collected $6 from pot
Flix2204: doesn't show hand 
*** SUMMARY ***
Total pot $6 | Rake $0 
Seat 1: jherrpty folded before Flop (didn't bet)
Seat 2: 50CandyJoe folded before Flop (didn't bet)
Seat 3: Nicedaymybro (button) folded before Flop
Seat 4: Flix2204 (small blind) collected ($6)
Seat 5: vadjkeee (big blind) folded before Flop
Seat 6: Pon4uk.ua folded before Flop (didn't bet)



PokerStars Hand #254715637432:  Hold'em No Limit ($0.50/$1.00 USD) - 2025/02/05 6:52:48 WET [2025/02/05 1:52:48 ET]
Table 'Medea' 6-max Seat #4 is the button
Seat 1: jherrpty ($92.87 in chips) 
Seat 2: 50CandyJoe ($102.70 in chips) 
Seat 3: Nicedaymybro ($113.95 in chips) 
Seat 4: Flix2204 ($103.50 in chips) 
Seat 5: vadjkeee ($107.04 in chips) 
Seat 6: Pon4uk.ua ($126.46 in chips) 
vadjkeee: posts small blind $0.50
Pon4uk.ua: posts big blind $1
*** HOLE CARDS ***
jherrpty: folds 
50CandyJoe: folds 
Nicedaymybro: folds 
Flix2204: folds 
vadjkeee: folds 
Uncalled bet ($0.50) returned to Pon4uk.ua
Pon4uk.ua collected $1 from pot
Pon4uk.ua: doesn't show hand 
*** SUMMARY ***
Total pot $1 | Rake $0 
Seat 1: jherrpty folded before Flop (didn't bet)
Seat 2: 50CandyJoe folded before Flop (didn't bet)
Seat 3: Nicedaymybro folded before Flop (didn't bet)
Seat 4: Flix2204 (button) folded before Flop (didn't bet)
Seat 5: vadjkeee (small blind) folded before Flop
Seat 6: Pon4uk.ua (big blind) collected ($1)



PokerStars Hand #254715638433:  Hold'em No Limit ($0.50/$1.00 USD) - 2025/02/05 6:53:02 WET [2025/02/05 1:53:02 ET]
Table 'Medea' 6-max Seat #5 is the button
Seat 1: jherrpty ($92.87 in chips) 
Seat 2: 50CandyJoe ($102.70 in chips) 
Seat 3: Nicedaymybro ($113.95 in chips) 
Seat 4: Flix2204 ($103.50 in chips) 
Seat 5: vadjkeee ($106.54 in chips) 
Seat 6: Pon4uk.ua ($126.96 in chips) 
Pon4uk.ua: posts small blind $0.50
jherrpty: posts big blind $1
*** HOLE CARDS ***
50CandyJoe: folds 
Nicedaymybro: folds 
Flix2204: folds 
vadjkeee: folds 
Pon4uk.ua: raises $1.75 to $2.75
jherrpty: folds 
Uncalled bet ($1.75) returned to Pon4uk.ua
Pon4uk.ua collected $2 from pot
Pon4uk.ua: doesn't show hand 
*** SUMMARY ***
Total pot $2 | Rake $0 
Seat 1: jherrpty (big blind) folded before Flop
Seat 2: 50CandyJoe folded before Flop (didn't bet)
Seat 3: Nicedaymybro folded before Flop (didn't bet)
Seat 4: Flix2204 folded before Flop (didn't bet)
Seat 5: vadjkeee (button) folded before Flop (didn't bet)
Seat 6: Pon4uk.ua (small blind) collected ($2)



PokerStars Hand #254715639729:  Hold'em No Limit ($0.50/$1.00 USD) - 2025/02/05 6:53:21 WET [2025/02/05 1:53:21 ET]
Table 'Medea' 6-max Seat #6 is the button
Seat 1: jherrpty ($91.87 in chips) 
Seat 2: 50CandyJoe ($102.70 in chips) 
Seat 3: Nicedaymybro ($113.95 in chips) 
Seat 4: Flix2204 ($103.50 in chips) 
Seat 5: vadjkeee ($106.54 in chips) 
Seat 6: Pon4uk.ua ($127.96 in chips) 
jherrpty: posts small blind $0.50
50CandyJoe: posts big blind $1
*** HOLE CARDS ***
Nicedaymybro: folds 
Flix2204: folds 
vadjkeee: raises $2 to $3
Pon4uk.ua: folds 
jherrpty: raises $2 to $5
50CandyJoe: folds 
vadjkeee: calls $2
*** FLOP *** [5s 5h 8s]
jherrpty: bets $4
vadjkeee: folds 
Uncalled bet ($4) returned to jherrpty
jherrpty collected $10.45 from pot
*** SUMMARY ***
Total pot $11 | Rake $0.55 
Board [5s 5h 8s]
Seat 1: jherrpty (small blind) collected ($10.45)
Seat 2: 50CandyJoe (big blind) folded before Flop
Seat 3: Nicedaymybro folded before Flop (didn't bet)
Seat 4: Flix2204 folded before Flop (didn't bet)
Seat 5: vadjkeee folded on the Flop
Seat 6: Pon4uk.ua (button) folded before Flop (didn't bet)



PokerStars Hand #254715642368:  Hold'em No Limit ($0.50/$1.00 USD) - 2025/02/05 6:53:59 WET [2025/02/05 1:53:59 ET]
Table 'Medea' 6-max Seat #1 is the button
Seat 1: jherrpty ($97.32 in chips) 
Seat 2: 50CandyJoe ($101.70 in chips) 
Seat 3: Nicedaymybro ($113.95 in chips) 
Seat 4: Flix2204 ($103.50 in chips) 
Seat 5: vadjkeee ($101.54 in chips) 
Seat 6: Pon4uk.ua ($127.96 in chips) 
50CandyJoe: posts small blind $0.50
Nicedaymybro: posts big blind $1
*** HOLE CARDS ***
Flix2204: folds 
vadjkeee: folds 
Pon4uk.ua: folds 
jherrpty: calls $1
50CandyJoe: raises $3.50 to $4.50
Nicedaymybro: folds 
jherrpty: calls $3.50
*** FLOP *** [2d 9h 2h]
50CandyJoe: bets $3.80
jherrpty: calls $3.80
*** TURN *** [2d 9h 2h] [Jh]
50CandyJoe: bets $5.52
jherrpty: folds 
Uncalled bet ($5.52) returned to 50CandyJoe
50CandyJoe collected $16.72 from pot
50CandyJoe: doesn't show hand 
*** SUMMARY ***
Total pot $17.60 | Rake $0.88 
Board [2d 9h 2h Jh]
Seat 1: jherrpty (button) folded on the Turn
Seat 2: 50CandyJoe (small blind) collected ($16.72)
Seat 3: Nicedaymybro (big blind) folded before Flop
Seat 4: Flix2204 folded before Flop (didn't bet)
Seat 5: vadjkeee folded before Flop (didn't bet)
Seat 6: Pon4uk.ua folded before Flop (didn't bet)



PokerStars Hand #254715645023:  Hold'em No Limit ($0.50/$1.00 USD) - 2025/02/05 6:54:37 WET [2025/02/05 1:54:37 ET]
Table 'Medea' 6-max Seat #2 is the button
Seat 1: jherrpty ($89.02 in chips) 
Seat 2: 50CandyJoe ($110.12 in chips) 
Seat 3: Nicedaymybro ($112.95 in chips) 
Seat 4: Flix2204 ($103.50 in chips) 
Seat 5: vadjkeee ($101.54 in chips) 
Seat 6: Pon4uk.ua ($127.96 in chips) 
Nicedaymybro: posts small blind $0.50
Flix2204: posts big blind $1
*** HOLE CARDS ***
vadjkeee: folds 
Pon4uk.ua: folds 
jherrpty: folds 
50CandyJoe: raises $1.50 to $2.50
Nicedaymybro: folds 
Flix2204: raises $9.50 to $12
50CandyJoe: calls $9.50
*** FLOP *** [2c 9h 2d]
Flix2204: bets $7.68
50CandyJoe: calls $7.68
*** TURN *** [2c 9h 2d] [Ts]
Flix2204: bets $28.40
50CandyJoe has timed out
50CandyJoe: folds 
Uncalled bet ($28.40) returned to Flix2204
Flix2204 collected $37.87 from pot
Flix2204: doesn't show hand 
*** SUMMARY ***
Total pot $39.86 | Rake $1.99 
Board [2c 9h 2d Ts]
Seat 1: jherrpty folded before Flop (didn't bet)
Seat 2: 50CandyJoe (button) folded on the Turn
Seat 3: Nicedaymybro (small blind) folded before Flop
Seat 4: Flix2204 (big blind) collected ($37.87)
Seat 5: vadjkeee folded before Flop (didn't bet)
Seat 6: Pon4uk.ua folded before Flop (didn't bet)



PokerStars Hand #254715650391:  Hold'em No Limit ($0.50/$1.00 USD) - 2025/02/05 6:56:02 WET [2025/02/05 1:56:02 ET]
Table 'Medea' 6-max Seat #3 is the button
Seat 1: jherrpty ($89.02 in chips) 
Seat 2: 50CandyJoe ($100 in chips) 
Seat 3: Nicedaymybro ($112.45 in chips) 
Seat 4: Flix2204 ($121.69 in chips) 
Seat 5: vadjkeee ($101.54 in chips) 
Seat 6: Pon4uk.ua ($127.96 in chips) 
Flix2204: posts small blind $0.50
vadjkeee: posts big blind $1
*** HOLE CARDS ***
Pon4uk.ua: folds 
jherrpty: folds 
50CandyJoe: folds 
Nicedaymybro: folds 
Flix2204: folds 
Uncalled bet ($0.50) returned to vadjkeee
vadjkeee collected $1 from pot
vadjkeee: doesn't show hand 
*** SUMMARY ***
Total pot $1 | Rake $0 
Seat 1: jherrpty folded before Flop (didn't bet)
Seat 2: 50CandyJoe folded before Flop (didn't bet)
Seat 3: Nicedaymybro (button) folded before Flop (didn't bet)
Seat 4: Flix2204 (small blind) folded before Flop
Seat 5: vadjkeee (big blind) collected ($1)
Seat 6: Pon4uk.ua folded before Flop (didn't bet)



PokerStars Hand #254715651091:  Hold'em No Limit ($0.50/$1.00 USD) - 2025/02/05 6:56:14 WET [2025/02/05 1:56:14 ET]
Table 'Medea' 6-max Seat #4 is the button
Seat 1: jherrpty ($89.02 in chips) 
Seat 2: 50CandyJoe ($100 in chips) 
Seat 3: Nicedaymybro ($112.45 in chips) 
Seat 4: Flix2204 ($121.19 in chips) 
Seat 5: vadjkeee ($102.04 in chips) 
Seat 6: Pon4uk.ua ($127.96 in chips) 
vadjkeee: posts small blind $0.50
Pon4uk.ua: posts big blind $1
*** HOLE CARDS ***
jherrpty: calls $1
50CandyJoe: folds 
Nicedaymybro: raises $3 to $4
Flix2204: folds 
vadjkeee: folds 
Pon4uk.ua: folds 
jherrpty: raises $4 to $8
Nicedaymybro: calls $4
*** FLOP *** [Qd 3h Js]
jherrpty: checks 
Nicedaymybro: bets $4.15
jherrpty: raises $5.15 to $9.30
Nicedaymybro: calls $5.15
*** TURN *** [Qd 3h Js] [Kh]
jherrpty: checks 
Nicedaymybro: bets $18.14
jherrpty: calls $18.14
*** RIVER *** [Qd 3h Js Kh] [2d]
jherrpty: checks 
Nicedaymybro: bets $54.50
jherrpty: calls $53.58 and is all-in
Uncalled bet ($0.92) returned to Nicedaymybro
*** SHOW DOWN ***
Nicedaymybro: shows [Qh Qs] (three of a kind, Queens)
jherrpty: shows [Jh Jc] (three of a kind, Jacks)
Nicedaymybro collected $177.04 from pot
*** SUMMARY ***
Total pot $179.54 | Rake $2.50 
Board [Qd 3h Js Kh 2d]
Seat 1: jherrpty showed [Jh Jc] and lost with three of a kind, Jacks
Seat 2: 50CandyJoe folded before Flop (didn't bet)
Seat 3: Nicedaymybro showed [Qh Qs] and won ($177.04) with three of a kind, Queens
Seat 4: Flix2204 (button) folded before Flop (didn't bet)
Seat 5: vadjkeee (small blind) folded before Flop
Seat 6: Pon4uk.ua (big blind) folded before Flop



PokerStars Hand #254715656851:  Hold'em No Limit ($0.50/$1.00 USD) - 2025/02/05 6:57:48 WET [2025/02/05 1:57:48 ET]
Table 'Medea' 6-max Seat #5 is the button
Seat 1: jherrpty ($0 in chips) is sitting out
Seat 2: 50CandyJoe ($100 in chips) 
Seat 3: Nicedaymybro ($200.47 in chips) 
Seat 4: Flix2204 ($121.19 in chips) 
Seat 5: vadjkeee ($101.54 in chips) 
Seat 6: Pon4uk.ua ($126.96 in chips) 
Pon4uk.ua: posts small blind $0.50
50CandyJoe: posts big blind $1
*** HOLE CARDS ***
Nicedaymybro: folds 
Flix2204: folds 
vadjkeee: folds 
Pon4uk.ua: raises $1.75 to $2.75
50CandyJoe: raises $6.25 to $9
Pon4uk.ua: folds 
Uncalled bet ($6.25) returned to 50CandyJoe
50CandyJoe collected $5.50 from pot
50CandyJoe: doesn't show hand 
*** SUMMARY ***
Total pot $5.50 | Rake $0 
Seat 1: jherrpty
Seat 2: 50CandyJoe (big blind) collected ($5.50)
Seat 3: Nicedaymybro folded before Flop (didn't bet)
Seat 4: Flix2204 folded before Flop (didn't bet)
Seat 5: vadjkeee (button) folded before Flop (didn't bet)
Seat 6: Pon4uk.ua (small blind) folded before Flop



PokerStars Hand #254715658140:  Hold'em No Limit ($0.50/$1.00 USD) - 2025/02/05 6:58:10 WET [2025/02/05 1:58:10 ET]
Table 'Medea' 6-max Seat #6 is the button
Seat 1: jherrpty ($0 in chips) is sitting out
Seat 2: 50CandyJoe ($102.75 in chips) 
Seat 3: Nicedaymybro ($200.47 in chips) 
Seat 4: Flix2204 ($121.19 in chips) 
Seat 5: vadjkeee ($101.54 in chips) 
Seat 6: Pon4uk.ua ($124.21 in chips) 
50CandyJoe: posts small blind $0.50
Nicedaymybro: posts big blind $1
*** HOLE CARDS ***
Flix2204: folds 
vadjkeee: folds 
Pon4uk.ua: folds 
50CandyJoe: raises $2 to $3
Nicedaymybro: folds 
Uncalled bet ($2) returned to 50CandyJoe
50CandyJoe collected $2 from pot
50CandyJoe: doesn't show hand 
*** SUMMARY ***
Total pot $2 | Rake $0 
Seat 1: jherrpty
Seat 2: 50CandyJoe (small blind) collected ($2)
Seat 3: Nicedaymybro (big blind) folded before Flop
Seat 4: Flix2204 folded before Flop (didn't bet)
Seat 5: vadjkeee folded before Flop (didn't bet)
Seat 6: Pon4uk.ua (button) folded before Flop (didn't bet)



PokerStars Hand #254715658868:  Hold'em No Limit ($0.50/$1.00 USD) - 2025/02/05 6:58:22 WET [2025/02/05 1:58:22 ET]
Table 'Medea' 6-max Seat #2 is the button
Seat 1: jherrpty ($0 in chips) is sitting out
Seat 2: 50CandyJoe ($103.75 in chips) 
Seat 3: Nicedaymybro ($199.47 in chips) 
Seat 4: Flix2204 ($121.19 in chips) 
Seat 5: vadjkeee ($101.54 in chips) 
Seat 6: Pon4uk.ua ($124.21 in chips) 
Nicedaymybro: posts small blind $0.50
Flix2204: posts big blind $1
*** HOLE CARDS ***
vadjkeee: folds 
vadjkeee leaves the table
Pon4uk.ua: folds 
50CandyJoe: raises $1.50 to $2.50
Nicedaymybro: folds 
Flix2204: folds 
Uncalled bet ($1.50) returned to 50CandyJoe
50CandyJoe collected $2.50 from pot
50CandyJoe: doesn't show hand 
*** SUMMARY ***
Total pot $2.50 | Rake $0 
Seat 1: jherrpty
Seat 2: 50CandyJoe (button) collected ($2.50)
Seat 3: Nicedaymybro (small blind) folded before Flop
Seat 4: Flix2204 (big blind) folded before Flop
Seat 5: vadjkeee folded before Flop (didn't bet)
Seat 6: Pon4uk.ua folded before Flop (didn't bet)



PokerStars Hand #254715660211:  Hold'em No Limit ($0.50/$1.00 USD) - 2025/02/05 6:58:43 WET [2025/02/05 1:58:43 ET]
Table 'Medea' 6-max Seat #3 is the button
Seat 1: jherrpty ($0 in chips) is sitting out
Seat 2: 50CandyJoe ($105.25 in chips) 
Seat 3: Nicedaymybro ($198.97 in chips) 
Seat 4: Flix2204 ($120.19 in chips) 
Seat 6: Pon4uk.ua ($124.21 in chips) 
Flix2204: posts small blind $0.50
Pon4uk.ua: posts big blind $1
*** HOLE CARDS ***
50CandyJoe: folds 
Nicedaymybro: folds 
Flix2204: folds 
Uncalled bet ($0.50) returned to Pon4uk.ua
Pon4uk.ua collected $1 from pot
Pon4uk.ua: doesn't show hand 
*** SUMMARY ***
Total pot $1 | Rake $0 
Seat 1: jherrpty
Seat 2: 50CandyJoe folded before Flop (didn't bet)
Seat 3: Nicedaymybro (button) folded before Flop (didn't bet)
Seat 4: Flix2204 (small blind) folded before Flop
Seat 6: Pon4uk.ua (big blind) collected ($1)



PokerStars Hand #254715661819:  Hold'em No Limit ($0.50/$1.00 USD) - 2025/02/05 6:59:09 WET [2025/02/05 1:59:09 ET]
Table 'Medea' 6-max Seat #4 is the button
Seat 1: jherrpty ($0 in chips) is sitting out
Seat 2: 50CandyJoe ($105.25 in chips) 
Seat 3: Nicedaymybro ($198.97 in chips) 
Seat 4: Flix2204 ($119.69 in chips) 
Seat 6: Pon4uk.ua ($124.71 in chips) 
Pon4uk.ua: posts small blind $0.50
50CandyJoe: posts big blind $1
*** HOLE CARDS ***
Nicedaymybro: raises $1.50 to $2.50
Flix2204: raises $5 to $7.50
jherrpty is disconnected 
Pon4uk.ua: folds 
antgouna joins the table at seat #5 
50CandyJoe: folds 
Nicedaymybro: folds 
Uncalled bet ($5) returned to Flix2204
Flix2204 collected $6.50 from pot
Flix2204: doesn't show hand 
*** SUMMARY ***
Total pot $6.50 | Rake $0 
Seat 1: jherrpty
Seat 2: 50CandyJoe (big blind) folded before Flop
Seat 3: Nicedaymybro folded before Flop
Seat 4: Flix2204 (button) collected ($6.50)
Seat 6: Pon4uk.ua (small blind) folded before Flop



PokerStars Hand #254715662954:  Hold'em No Limit ($0.50/$1.00 USD) - 2025/02/05 6:59:27 WET [2025/02/05 1:59:27 ET]
Table 'Medea' 6-max Seat #6 is the button
Seat 1: jherrpty ($0 in chips) is sitting out
Seat 3: Nicedaymybro ($196.47 in chips) is sitting out
Seat 4: Flix2204 ($123.69 in chips) is sitting out
Seat 2: 50CandyJoe ($104.25 in chips) 
Seat 5: antgouna ($100 in chips) 
Seat 6: Pon4uk.ua ($124.21 in chips) 
50CandyJoe: posts small blind $0.50
Nicedaymybro: is sitting out 
Flix2204: is sitting out 
antgouna: posts big blind $1
*** HOLE CARDS ***
Nicedaymybro leaves the table
Pon4uk.ua: raises $1.50 to $2.50
Flix2204 leaves the table
50CandyJoe: folds 
antgouna: folds 
Uncalled bet ($1.50) returned to Pon4uk.ua
Pon4uk.ua collected $2.50 from pot
Pon4uk.ua: doesn't show hand 
*** SUMMARY ***
Total pot $2.50 | Rake $0 
Seat 1: jherrpty
Seat 3: Nicedaymybro
Seat 4: Flix2204
Seat 2: 50CandyJoe (small blind) folded before Flop
Seat 5: antgouna (big blind) folded before Flop
Seat 6: Pon4uk.ua (button) collected ($2.50)



PokerStars Hand #254715663644:  Hold'em No Limit ($0.50/$1.00 USD) - 2025/02/05 6:59:39 WET [2025/02/05 1:59:39 ET]
Table 'Medea' 6-max Seat #5 is the button
Seat 1: jherrpty ($0 in chips) is sitting out
Seat 2: 50CandyJoe ($103.75 in chips) 
Seat 5: antgouna ($99 in chips) 
antgouna: posts small blind $0.50
50CandyJoe: posts big blind $1
*** HOLE CARDS ***
antgouna: folds 
Uncalled bet ($0.50) returned to 50CandyJoe
50CandyJoe collected $1 from pot
50CandyJoe: doesn't show hand 
*** SUMMARY ***
Total pot $1 | Rake $0 
Seat 1: jherrpty
Seat 2: 50CandyJoe (big blind) collected ($1)
Seat 5: antgouna (button) (small blind) folded before Flop



PokerStars Hand #254715664015:  Hold'em No Limit ($0.50/$1.00 USD) - 2025/02/05 6:59:45 WET [2025/02/05 1:59:45 ET]
Table 'Medea' 6-max Seat #2 is the button
Seat 1: jherrpty ($0 in chips) is sitting out
Seat 2: 50CandyJoe ($104.25 in chips) 
Seat 5: antgouna ($98.50 in chips) 
50CandyJoe: posts small blind $0.50
antgouna: posts big blind $1
*** HOLE CARDS ***
50CandyJoe: raises $1.50 to $2.50
antgouna: raises $4.50 to $7
50CandyJoe: folds 
Uncalled bet ($4.50) returned to antgouna
antgouna collected $5 from pot
antgouna: doesn't show hand 
*** SUMMARY ***
Total pot $5 | Rake $0 
Seat 1: jherrpty
Seat 2: 50CandyJoe (button) (small blind) folded before Flop
Seat 5: antgouna (big blind) collected ($5)



PokerStars Hand #254715664715:  Hold'em No Limit ($0.50/$1.00 USD) - 2025/02/05 6:59:56 WET [2025/02/05 1:59:56 ET]
Table 'Medea' 6-max Seat #5 is the button
Seat 1: jherrpty ($0 in chips) is sitting out
Seat 2: 50CandyJoe ($101.75 in chips) 
Seat 5: antgouna ($101 in chips) 
antgouna: posts small blind $0.50
MaRKiToScoK joins the table at seat #3 
50CandyJoe: posts big blind $1
*** HOLE CARDS ***
antgouna: raises $1.30 to $2.30
50CandyJoe: folds 
Uncalled bet ($1.30) returned to antgouna
antgouna collected $2 from pot
jherrpty leaves the table
antgouna: doesn't show hand 
*** SUMMARY ***
Total pot $2 | Rake $0 
Seat 1: jherrpty
Seat 2: 50CandyJoe (big blind) folded before Flop
Seat 5: antgouna (button) (small blind) collected ($2)



PokerStars Hand #254715665270:  Hold'em No Limit ($0.50/$1.00 USD) - 2025/02/05 7:00:06 WET [2025/02/05 2:00:06 ET]
Table 'Medea' 6-max Seat #2 is the button
Seat 5: antgouna ($102 in chips) is sitting out
Seat 2: 50CandyJoe ($100.75 in chips) 
Seat 3: MaRKiToScoK ($100 in chips) 
50CandyJoe: posts small blind $0.50
MaRKiToScoK: posts big blind $1
*** HOLE CARDS ***
50CandyJoe: folds 
Uncalled bet ($0.50) returned to MaRKiToScoK
MaRKiToScoK collected $1 from pot
*** SUMMARY ***
Total pot $1 | Rake $0 
Seat 5: antgouna
Seat 2: 50CandyJoe (button) (small blind) folded before Flop
Seat 3: MaRKiToScoK (big blind) collected ($1)



PokerStars Hand #254715665793:  Hold'em No Limit ($0.50/$1.00 USD) - 2025/02/05 7:00:14 WET [2025/02/05 2:00:14 ET]
Table 'Medea' 6-max Seat #3 is the button
Seat 5: antgouna ($102 in chips) is sitting out
Seat 2: 50CandyJoe ($100.25 in chips) 
Seat 3: MaRKiToScoK ($100.50 in chips) 
MaRKiToScoK: posts small blind $0.50
50CandyJoe: posts big blind $1
*** HOLE CARDS ***
MaRKiToScoK: folds 
Uncalled bet ($0.50) returned to 50CandyJoe
50CandyJoe collected $1 from pot
50CandyJoe: doesn't show hand 
*** SUMMARY ***
Total pot $1 | Rake $0 
Seat 5: antgouna
Seat 2: 50CandyJoe (big blind) collected ($1)
Seat 3: MaRKiToScoK (button) (small blind) folded before Flop



PokerStars Hand #254715666820:  Hold'em No Limit ($0.50/$1.00 USD) - 2025/02/05 7:00:29 WET [2025/02/05 2:00:29 ET]
Table 'Medea' 6-max Seat #2 is the button
Seat 5: antgouna ($102 in chips) is sitting out
Seat 2: 50CandyJoe ($100.75 in chips) 
Seat 3: MaRKiToScoK ($100 in chips) 
50CandyJoe: posts small blind $0.50
MaRKiToScoK: posts big blind $1
*** HOLE CARDS ***
50CandyJoe: raises $1.50 to $2.50
MaRKiToScoK: calls $1.50
*** FLOP *** [As 8c 3h]
MaRKiToScoK: checks 
50CandyJoe: bets $1.19
antgouna leaves the table
MaRKiToScoK: calls $1.19
*** TURN *** [As 8c 3h] [2h]
MaRKiToScoK: checks 
50CandyJoe: checks 
*** RIVER *** [As 8c 3h 2h] [2c]
MaRKiToScoK: checks 
50CandyJoe: checks 
*** SHOW DOWN ***
MaRKiToScoK: shows [5s 5d] (two pair, Fives and Deuces)
50CandyJoe: mucks hand 
MaRKiToScoK collected $7.01 from pot
*** SUMMARY ***
Total pot $7.38 | Rake $0.37 
Board [As 8c 3h 2h 2c]
Seat 5: antgouna
Seat 2: 50CandyJoe (button) (small blind) mucked
Seat 3: MaRKiToScoK (big blind) showed [5s 5d] and won ($7.01) with two pair, Fives and Deuces



PokerStars Hand #254715578134:  Hold'em No Limit ($0.50/$1.00 USD) - 2025/02/05 6:38:47 WET [2025/02/05 1:38:47 ET]
Table 'Medea' 6-max Seat #3 is the button
Seat 1: jherrpty ($83.17 in chips) 
Seat 2: v.sting ($105 in chips) 
Seat 3: Nicedaymybro ($116.20 in chips) 
Seat 4: reeqar ($100 in chips) 
Seat 5: vadjkeee ($102.50 in chips) 
Seat 6: Kreayshawn ($100 in chips) 
reeqar: posts small blind $0.50
vadjkeee: posts big blind $1
*** HOLE CARDS ***
Kreayshawn: folds 
jherrpty: calls $1
v.sting: folds 
Nicedaymybro: folds 
reeqar: folds 
vadjkeee: checks 
*** FLOP *** [6s 7s As]
Kreayshawn leaves the table
vadjkeee: checks 
jherrpty: checks 
*** TURN *** [6s 7s As] [8s]
vadjkeee: checks 
jherrpty: checks 
*** RIVER *** [6s 7s As 8s] [Qh]
vadjkeee: checks 
jherrpty: checks 
*** SHOW DOWN ***
vadjkeee: shows [Qc 8d] (two pair, Queens and Eights)
jherrpty: mucks hand 
vadjkeee collected $2.38 from pot
*** SUMMARY ***
Total pot $2.50 | Rake $0.12 
Board [6s 7s As 8s Qh]
Seat 1: jherrpty mucked
Seat 2: v.sting folded before Flop (didn't bet)
Seat 3: Nicedaymybro (button) folded before Flop (didn't bet)
Seat 4: reeqar (small blind) folded before Flop
Seat 5: vadjkeee (big blind) showed [Qc 8d] and won ($2.38) with two pair, Queens and Eights
Seat 6: Kreayshawn folded before Flop (didn't bet)



PokerStars Hand #254715581432:  Hold'em No Limit ($0.50/$1.00 USD) - 2025/02/05 6:39:34 WET [2025/02/05 1:39:34 ET]
Table 'Medea' 6-max Seat #4 is the button
Seat 3: Nicedaymybro ($116.20 in chips) is sitting out
Seat 1: jherrpty ($82.17 in chips) 
Seat 2: v.sting ($105 in chips) 
Seat 4: reeqar ($100 in chips) 
Seat 5: vadjkeee ($103.88 in chips) 
vadjkeee: posts small blind $0.50
jherrpty: posts big blind $1
*** HOLE CARDS ***
v.sting: raises $1.50 to $2.50
Pon4uk.ua joins the table at seat #6 
reeqar: folds 
vadjkeee: folds 
jherrpty: raises $2.50 to $5
v.sting: folds 
Uncalled bet ($2.50) returned to jherrpty
jherrpty collected $5.50 from pot
*** SUMMARY ***
Total pot $5.50 | Rake $0 
Seat 3: Nicedaymybro
Seat 1: jherrpty (big blind) collected ($5.50)
Seat 2: v.sting folded before Flop
Seat 4: reeqar (button) folded before Flop (didn't bet)
Seat 5: vadjkeee (small blind) folded before Flop



PokerStars Hand #254715582501:  Hold'em No Limit ($0.50/$1.00 USD) - 2025/02/05 6:39:49 WET [2025/02/05 1:39:49 ET]
Table 'Medea' 6-max Seat #5 is the button
Seat 2: v.sting ($102.50 in chips) is sitting out
Seat 3: Nicedaymybro ($116.20 in chips) is sitting out
Seat 6: Pon4uk.ua ($100 in chips) is sitting out
Seat 1: jherrpty ($85.17 in chips) 
Seat 4: reeqar ($100 in chips) 
Seat 5: vadjkeee ($103.38 in chips) 
jherrpty: posts small blind $0.50
v.sting: is sitting out 
reeqar: posts big blind $1
*** HOLE CARDS ***
vadjkeee: folds 
v.sting leaves the table
jherrpty: folds 
Uncalled bet ($0.50) returned to reeqar
reeqar collected $1 from pot
reeqar: doesn't show hand 
*** SUMMARY ***
Total pot $1 | Rake $0 
Seat 2: v.sting
Seat 3: Nicedaymybro
Seat 6: Pon4uk.ua
Seat 1: jherrpty (small blind) folded before Flop
Seat 4: reeqar (big blind) collected ($1)
Seat 5: vadjkeee (button) folded before Flop (didn't bet)



PokerStars Hand #254715583093:  Hold'em No Limit ($0.50/$1.00 USD) - 2025/02/05 6:39:57 WET [2025/02/05 1:39:57 ET]
Table 'Medea' 6-max Seat #1 is the button
Seat 3: Nicedaymybro ($116.20 in chips) is sitting out
Seat 6: Pon4uk.ua ($100 in chips) is sitting out
Seat 1: jherrpty ($84.67 in chips) 
Seat 4: reeqar ($100.50 in chips) 
Seat 5: vadjkeee ($103.38 in chips) 
reeqar: posts small blind $0.50
vadjkeee: posts big blind $1
Pon4uk.ua: sits out 
*** HOLE CARDS ***
jherrpty: calls $1
reeqar: raises $4 to $5
vadjkeee: folds 
jherrpty: raises $5 to $10
50CandyJoe joins the table at seat #2 
reeqar: folds 
Uncalled bet ($5) returned to jherrpty
jherrpty collected $11 from pot
*** SUMMARY ***
Total pot $11 | Rake $0 
Seat 3: Nicedaymybro
Seat 6: Pon4uk.ua
Seat 1: jherrpty (button) collected ($11)
Seat 4: reeqar (small blind) folded before Flop
Seat 5: vadjkeee (big blind) folded before Flop



PokerStars Hand #254715584916:  Hold'em No Limit ($0.50/$1.00 USD) - 2025/02/05 6:40:23 WET [2025/02/05 1:40:23 ET]
Table 'Medea' 6-max Seat #4 is the button
Seat 2: 50CandyJoe ($100 in chips) is sitting out
Seat 3: Nicedaymybro ($116.20 in chips) is sitting out
Seat 1: jherrpty ($90.67 in chips) 
Seat 4: reeqar ($100 in chips) 
Seat 5: vadjkeee ($102.38 in chips) 
Seat 6: Pon4uk.ua ($100 in chips) 
vadjkeee: posts small blind $0.50
Pon4uk.ua: posts big blind $1
50CandyJoe: sits out 
*** HOLE CARDS ***
jherrpty: folds 
reeqar: raises $1.50 to $2.50
vadjkeee: folds 
Pon4uk.ua: raises $8.50 to $11
reeqar: folds 
Uncalled bet ($8.50) returned to Pon4uk.ua
Pon4uk.ua collected $5.50 from pot
Pon4uk.ua: doesn't show hand 
*** SUMMARY ***
Total pot $5.50 | Rake $0 
Seat 2: 50CandyJoe
Seat 3: Nicedaymybro
Seat 1: jherrpty folded before Flop (didn't bet)
Seat 4: reeqar (button) folded before Flop
Seat 5: vadjkeee (small blind) folded before Flop
Seat 6: Pon4uk.ua (big blind) collected ($5.50)



PokerStars Hand #254715586516:  Hold'em No Limit ($0.50/$1.00 USD) - 2025/02/05 6:40:46 WET [2025/02/05 1:40:46 ET]
Table 'Medea' 6-max Seat #5 is the button
Seat 2: 50CandyJoe ($100 in chips) is sitting out
Seat 3: Nicedaymybro ($116.20 in chips) is sitting out
Seat 1: jherrpty ($90.67 in chips) 
Seat 4: reeqar ($100 in chips) 
Seat 5: vadjkeee ($101.88 in chips) 
Seat 6: Pon4uk.ua ($103 in chips) 
Pon4uk.ua: posts small blind $0.50
jherrpty: posts big blind $1
50CandyJoe: sits out 
*** HOLE CARDS ***
reeqar: folds 
vadjkeee: raises $2 to $3
Pon4uk.ua: folds 
jherrpty: folds 
Uncalled bet ($2) returned to vadjkeee
vadjkeee collected $2.50 from pot
vadjkeee: doesn't show hand 
*** SUMMARY ***
Total pot $2.50 | Rake $0 
Seat 2: 50CandyJoe
Seat 3: Nicedaymybro
Seat 1: jherrpty (big blind) folded before Flop
Seat 4: reeqar folded before Flop (didn't bet)
Seat 5: vadjkeee (button) collected ($2.50)
Seat 6: Pon4uk.ua (small blind) folded before Flop



PokerStars Hand #254715587673:  Hold'em No Limit ($0.50/$1.00 USD) - 2025/02/05 6:41:02 WET [2025/02/05 1:41:02 ET]
Table 'Medea' 6-max Seat #6 is the button
Seat 3: Nicedaymybro ($116.20 in chips) is sitting out
Seat 1: jherrpty ($89.67 in chips) 
Seat 2: 50CandyJoe ($100 in chips) 
Seat 4: reeqar ($100 in chips) 
Seat 5: vadjkeee ($103.38 in chips) 
Seat 6: Pon4uk.ua ($102.50 in chips) 
jherrpty: posts small blind $0.50
50CandyJoe: posts big blind $1
*** HOLE CARDS ***
reeqar: folds 
vadjkeee: folds 
Pon4uk.ua: raises $1.50 to $2.50
jherrpty: folds 
50CandyJoe: calls $1.50
*** FLOP *** [7d 8c Ah]
50CandyJoe: checks 
Pon4uk.ua: bets $1.72
50CandyJoe: folds 
Uncalled bet ($1.72) returned to Pon4uk.ua
Pon4uk.ua collected $5.22 from pot
Pon4uk.ua: doesn't show hand 
*** SUMMARY ***
Total pot $5.50 | Rake $0.28 
Board [7d 8c Ah]
Seat 3: Nicedaymybro
Seat 1: jherrpty (small blind) folded before Flop
Seat 2: 50CandyJoe (big blind) folded on the Flop
Seat 4: reeqar folded before Flop (didn't bet)
Seat 5: vadjkeee folded before Flop (didn't bet)
Seat 6: Pon4uk.ua (button) collected ($5.22)



PokerStars Hand #254715589739:  Hold'em No Limit ($0.50/$1.00 USD) - 2025/02/05 6:41:30 WET [2025/02/05 1:41:30 ET]
Table 'Medea' 6-max Seat #1 is the button
Seat 3: Nicedaymybro ($116.20 in chips) is sitting out
Seat 1: jherrpty ($89.17 in chips) 
Seat 2: 50CandyJoe ($100 in chips) 
Seat 4: reeqar ($100 in chips) 
Seat 5: vadjkeee ($103.38 in chips) 
Seat 6: Pon4uk.ua ($105.22 in chips) 
50CandyJoe: posts small blind $0.50
reeqar: posts big blind $1
*** HOLE CARDS ***
vadjkeee: folds 
Pon4uk.ua: raises $1.50 to $2.50
jherrpty: folds 
50CandyJoe: folds 
reeqar: folds 
Uncalled bet ($1.50) returned to Pon4uk.ua
Pon4uk.ua collected $2.50 from pot
Pon4uk.ua: doesn't show hand 
*** SUMMARY ***
Total pot $2.50 | Rake $0 
Seat 3: Nicedaymybro
Seat 1: jherrpty (button) folded before Flop (didn't bet)
Seat 2: 50CandyJoe (small blind) folded before Flop
Seat 4: reeqar (big blind) folded before Flop
Seat 5: vadjkeee folded before Flop (didn't bet)
Seat 6: Pon4uk.ua collected ($2.50)



PokerStars Hand #254715591802:  Hold'em No Limit ($0.50/$1.00 USD) - 2025/02/05 6:42:00 WET [2025/02/05 1:42:00 ET]
Table 'Medea' 6-max Seat #2 is the button
Seat 3: Nicedaymybro ($116.20 in chips) is sitting out
Seat 1: jherrpty ($89.17 in chips) 
Seat 2: 50CandyJoe ($100 in chips) 
Seat 4: reeqar ($100 in chips) 
Seat 5: vadjkeee ($103.38 in chips) 
Seat 6: Pon4uk.ua ($106.72 in chips) 
reeqar: posts small blind $0.50
vadjkeee: posts big blind $1
*** HOLE CARDS ***
Pon4uk.ua: raises $1 to $2
jherrpty: raises $2 to $4
50CandyJoe: folds 
reeqar: folds 
vadjkeee: folds 
Pon4uk.ua: calls $2
*** FLOP *** [Ts 3d Kc]
Pon4uk.ua: checks 
jherrpty: bets $1
Pon4uk.ua: folds 
Uncalled bet ($1) returned to jherrpty
jherrpty collected $9.02 from pot
*** SUMMARY ***
Total pot $9.50 | Rake $0.48 
Board [Ts 3d Kc]
Seat 3: Nicedaymybro
Seat 1: jherrpty collected ($9.02)
Seat 2: 50CandyJoe (button) folded before Flop (didn't bet)
Seat 4: reeqar (small blind) folded before Flop
Seat 5: vadjkeee (big blind) folded before Flop
Seat 6: Pon4uk.ua folded on the Flop



PokerStars Hand #254715594165:  Hold'em No Limit ($0.50/$1.00 USD) - 2025/02/05 6:42:33 WET [2025/02/05 1:42:33 ET]
Table 'Medea' 6-max Seat #4 is the button
Seat 3: Nicedaymybro ($116.20 in chips) is sitting out
Seat 1: jherrpty ($94.19 in chips) 
Seat 2: 50CandyJoe ($100 in chips) 
Seat 4: reeqar ($100 in chips) 
Seat 5: vadjkeee ($102.38 in chips) 
Seat 6: Pon4uk.ua ($102.72 in chips) 
vadjkeee: posts small blind $0.50
Pon4uk.ua: posts big blind $1
Nicedaymybro: sits out 
*** HOLE CARDS ***
jherrpty: calls $1
50CandyJoe: raises $2.50 to $3.50
reeqar: folds 
vadjkeee: folds 
Pon4uk.ua: folds 
jherrpty: calls $2.50
*** FLOP *** [Qc Jc 3s]
jherrpty: bets $4
50CandyJoe: calls $4
*** TURN *** [Qc Jc 3s] [Js]
jherrpty: checks 
50CandyJoe: checks 
*** RIVER *** [Qc Jc 3s Js] [6h]
jherrpty: checks 
50CandyJoe: checks 
*** SHOW DOWN ***
jherrpty: shows [Tc Qs] (two pair, Queens and Jacks)
50CandyJoe: mucks hand 
jherrpty collected $15.68 from pot
*** SUMMARY ***
Total pot $16.50 | Rake $0.82 
Board [Qc Jc 3s Js 6h]
Seat 3: Nicedaymybro
Seat 1: jherrpty showed [Tc Qs] and won ($15.68) with two pair, Queens and Jacks
Seat 2: 50CandyJoe mucked
Seat 4: reeqar (button) folded before Flop (didn't bet)
Seat 5: vadjkeee (small blind) folded before Flop
Seat 6: Pon4uk.ua (big blind) folded before Flop



PokerStars Hand #254715554876:  Hold'em No Limit ($0.50/$1.00 USD) - 2025/02/05 6:33:05 WET [2025/02/05 1:33:05 ET]
Table 'Medea' 6-max Seat #2 is the button
Seat 5: vadjkeee ($100 in chips) is sitting out
Seat 1: jherrpty ($99.50 in chips) 
Seat 2: v.sting ($100 in chips) 
Seat 3: Nicedaymybro ($100.50 in chips) 
Seat 4: reeqar ($101.50 in chips) 
Nicedaymybro: posts small blind $0.50
reeqar: posts big blind $1
vadjkeee: sits out 
*** HOLE CARDS ***
jherrpty: calls $1
v.sting: raises $3.60 to $4.60
Nicedaymybro: folds 
reeqar: folds 
jherrpty: calls $3.60
*** FLOP *** [Qc 4c 8d]
jherrpty: bets $2
Kreayshawn joins the table at seat #6 
v.sting: calls $2
*** TURN *** [Qc 4c 8d] [Ac]
jherrpty: bets $4
v.sting: raises $10 to $14
jherrpty: calls $10
*** RIVER *** [Qc 4c 8d Ac] [Qh]
jherrpty: checks 
v.sting: checks 
*** SHOW DOWN ***
jherrpty: shows [3h Ah] (two pair, Aces and Queens)
v.sting: shows [Ad 4d] (two pair, Aces and Queens)
jherrpty collected $20.85 from pot
v.sting collected $20.85 from pot
*** SUMMARY ***
Total pot $42.70 | Rake $1 
Board [Qc 4c 8d Ac Qh]
Seat 5: vadjkeee
Seat 1: jherrpty showed [3h Ah] and won ($20.85) with two pair, Aces and Queens
Seat 2: v.sting (button) showed [Ad 4d] and won ($20.85) with two pair, Aces and Queens
Seat 3: Nicedaymybro (small blind) folded before Flop
Seat 4: reeqar (big blind) folded before Flop



PokerStars Hand #254715558275:  Hold'em No Limit ($0.50/$1.00 USD) - 2025/02/05 6:33:55 WET [2025/02/05 1:33:55 ET]
Table 'Medea' 6-max Seat #3 is the button
Seat 6: Kreayshawn ($100 in chips) is sitting out
Seat 1: jherrpty ($99.75 in chips) 
Seat 2: v.sting ($100.25 in chips) 
Seat 3: Nicedaymybro ($100 in chips) 
Seat 4: reeqar ($100.50 in chips) 
Seat 5: vadjkeee ($100 in chips) 
reeqar: posts small blind $0.50
vadjkeee: posts big blind $1
Kreayshawn: sits out 
*** HOLE CARDS ***
jherrpty: folds 
v.sting: folds 
Nicedaymybro: folds 
reeqar: raises $2 to $3
vadjkeee: raises $6 to $9
reeqar: folds 
Uncalled bet ($6) returned to vadjkeee
vadjkeee collected $6 from pot
vadjkeee: doesn't show hand 
*** SUMMARY ***
Total pot $6 | Rake $0 
Seat 6: Kreayshawn
Seat 1: jherrpty folded before Flop (didn't bet)
Seat 2: v.sting folded before Flop (didn't bet)
Seat 3: Nicedaymybro (button) folded before Flop (didn't bet)
Seat 4: reeqar (small blind) folded before Flop
Seat 5: vadjkeee (big blind) collected ($6)



PokerStars Hand #254715560099:  Hold'em No Limit ($0.50/$1.00 USD) - 2025/02/05 6:34:22 WET [2025/02/05 1:34:22 ET]
Table 'Medea' 6-max Seat #4 is the button
Seat 1: jherrpty ($99.75 in chips) 
Seat 2: v.sting ($100.25 in chips) 
Seat 3: Nicedaymybro ($100 in chips) 
Seat 4: reeqar ($100 in chips) 
Seat 5: vadjkeee ($103 in chips) 
Seat 6: Kreayshawn ($100 in chips) 
vadjkeee: posts small blind $0.50
Kreayshawn: posts big blind $1
*** HOLE CARDS ***
jherrpty: calls $1
v.sting: folds 
Nicedaymybro: raises $3 to $4
reeqar: folds 
vadjkeee: folds 
Kreayshawn: folds 
jherrpty: calls $3
*** FLOP *** [Ac Qh 9s]
jherrpty: bets $2
Nicedaymybro: raises $7.08 to $9.08
jherrpty: calls $7.08
*** TURN *** [Ac Qh 9s] [5s]
jherrpty: checks 
Nicedaymybro: bets $17.36
jherrpty: folds 
Uncalled bet ($17.36) returned to Nicedaymybro
Nicedaymybro collected $26.28 from pot
Nicedaymybro: doesn't show hand 
*** SUMMARY ***
Total pot $27.66 | Rake $1.38 
Board [Ac Qh 9s 5s]
Seat 1: jherrpty folded on the Turn
Seat 2: v.sting folded before Flop (didn't bet)
Seat 3: Nicedaymybro collected ($26.28)
Seat 4: reeqar (button) folded before Flop (didn't bet)
Seat 5: vadjkeee (small blind) folded before Flop
Seat 6: Kreayshawn (big blind) folded before Flop



PokerStars Hand #254715564011:  Hold'em No Limit ($0.50/$1.00 USD) - 2025/02/05 6:35:21 WET [2025/02/05 1:35:21 ET]
Table 'Medea' 6-max Seat #5 is the button
Seat 1: jherrpty ($86.67 in chips) 
Seat 2: v.sting ($100.25 in chips) 
Seat 3: Nicedaymybro ($113.20 in chips) 
Seat 4: reeqar ($100 in chips) 
Seat 5: vadjkeee ($102.50 in chips) 
Seat 6: Kreayshawn ($100 in chips) 
Kreayshawn: posts small blind $0.50
jherrpty: posts big blind $1
*** HOLE CARDS ***
v.sting: folds 
Nicedaymybro: folds 
reeqar: folds 
vadjkeee: raises $1.50 to $2.50
Kreayshawn: folds 
jherrpty: folds 
Uncalled bet ($1.50) returned to vadjkeee
vadjkeee collected $2.50 from pot
vadjkeee: doesn't show hand 
*** SUMMARY ***
Total pot $2.50 | Rake $0 
Seat 1: jherrpty (big blind) folded before Flop
Seat 2: v.sting folded before Flop (didn't bet)
Seat 3: Nicedaymybro folded before Flop (didn't bet)
Seat 4: reeqar folded before Flop (didn't bet)
Seat 5: vadjkeee (button) collected ($2.50)
Seat 6: Kreayshawn (small blind) folded before Flop



PokerStars Hand #254715565430:  Hold'em No Limit ($0.50/$1.00 USD) - 2025/02/05 6:35:41 WET [2025/02/05 1:35:41 ET]
Table 'Medea' 6-max Seat #6 is the button
Seat 1: jherrpty ($85.67 in chips) 
Seat 2: v.sting ($100.25 in chips) 
Seat 3: Nicedaymybro ($113.20 in chips) 
Seat 4: reeqar ($100 in chips) 
Seat 5: vadjkeee ($104 in chips) 
Seat 6: Kreayshawn ($100 in chips) 
jherrpty: posts small blind $0.50
v.sting: posts big blind $1
*** HOLE CARDS ***
Nicedaymybro: folds 
reeqar: folds 
vadjkeee: folds 
Kreayshawn: raises $1.50 to $2.50
jherrpty: folds 
v.sting: folds 
Uncalled bet ($1.50) returned to Kreayshawn
Kreayshawn collected $2.50 from pot
*** SUMMARY ***
Total pot $2.50 | Rake $0 
Seat 1: jherrpty (small blind) folded before Flop
Seat 2: v.sting (big blind) folded before Flop
Seat 3: Nicedaymybro folded before Flop (didn't bet)
Seat 4: reeqar folded before Flop (didn't bet)
Seat 5: vadjkeee folded before Flop (didn't bet)
Seat 6: Kreayshawn (button) collected ($2.50)



PokerStars Hand #254715566379:  Hold'em No Limit ($0.50/$1.00 USD) - 2025/02/05 6:35:56 WET [2025/02/05 1:35:56 ET]
Table 'Medea' 6-max Seat #1 is the button
Seat 1: jherrpty ($85.17 in chips) 
Seat 2: v.sting ($100 in chips) 
Seat 3: Nicedaymybro ($113.20 in chips) 
Seat 4: reeqar ($100 in chips) 
Seat 5: vadjkeee ($104 in chips) 
Seat 6: Kreayshawn ($101.50 in chips) 
v.sting: posts small blind $0.50
Nicedaymybro: posts big blind $1
*** HOLE CARDS ***
reeqar: folds 
vadjkeee: folds 
Kreayshawn: folds 
jherrpty: folds 
v.sting: folds 
Uncalled bet ($0.50) returned to Nicedaymybro
Nicedaymybro collected $1 from pot
Nicedaymybro: doesn't show hand 
*** SUMMARY ***
Total pot $1 | Rake $0 
Seat 1: jherrpty (button) folded before Flop (didn't bet)
Seat 2: v.sting (small blind) folded before Flop
Seat 3: Nicedaymybro (big blind) collected ($1)
Seat 4: reeqar folded before Flop (didn't bet)
Seat 5: vadjkeee folded before Flop (didn't bet)
Seat 6: Kreayshawn folded before Flop (didn't bet)



PokerStars Hand #254715567219:  Hold'em No Limit ($0.50/$1.00 USD) - 2025/02/05 6:36:08 WET [2025/02/05 1:36:08 ET]
Table 'Medea' 6-max Seat #2 is the button
Seat 1: jherrpty ($85.17 in chips) 
Seat 2: v.sting ($100 in chips) 
Seat 3: Nicedaymybro ($113.70 in chips) 
Seat 4: reeqar ($100 in chips) 
Seat 5: vadjkeee ($104 in chips) 
Seat 6: Kreayshawn ($101.50 in chips) 
Nicedaymybro: posts small blind $0.50
reeqar: posts big blind $1
*** HOLE CARDS ***
vadjkeee: folds 
Kreayshawn: folds 
jherrpty: folds 
v.sting: folds 
Nicedaymybro: raises $2 to $3
reeqar: folds 
Uncalled bet ($2) returned to Nicedaymybro
Nicedaymybro collected $2 from pot
Nicedaymybro: doesn't show hand 
*** SUMMARY ***
Total pot $2 | Rake $0 
Seat 1: jherrpty folded before Flop (didn't bet)
Seat 2: v.sting (button) folded before Flop (didn't bet)
Seat 3: Nicedaymybro (small blind) collected ($2)
Seat 4: reeqar (big blind) folded before Flop
Seat 5: vadjkeee folded before Flop (didn't bet)
Seat 6: Kreayshawn folded before Flop (didn't bet)



PokerStars Hand #254715568850:  Hold'em No Limit ($0.50/$1.00 USD) - 2025/02/05 6:36:33 WET [2025/02/05 1:36:33 ET]
Table 'Medea' 6-max Seat #3 is the button
Seat 1: jherrpty ($85.17 in chips) 
Seat 2: v.sting ($100 in chips) 
Seat 3: Nicedaymybro ($114.70 in chips) 
Seat 4: reeqar ($100 in chips) 
Seat 5: vadjkeee ($104 in chips) 
Seat 6: Kreayshawn ($101.50 in chips) 
reeqar: posts small blind $0.50
vadjkeee: posts big blind $1
*** HOLE CARDS ***
Kreayshawn: folds 
jherrpty: folds 
v.sting: folds 
Nicedaymybro: raises $1.50 to $2.50
reeqar: folds 
vadjkeee: folds 
Uncalled bet ($1.50) returned to Nicedaymybro
Nicedaymybro collected $2.50 from pot
Nicedaymybro: doesn't show hand 
*** SUMMARY ***
Total pot $2.50 | Rake $0 
Seat 1: jherrpty folded before Flop (didn't bet)
Seat 2: v.sting folded before Flop (didn't bet)
Seat 3: Nicedaymybro (button) collected ($2.50)
Seat 4: reeqar (small blind) folded before Flop
Seat 5: vadjkeee (big blind) folded before Flop
Seat 6: Kreayshawn folded before Flop (didn't bet)



PokerStars Hand #254715571732:  Hold'em No Limit ($0.50/$1.00 USD) - 2025/02/05 6:37:15 WET [2025/02/05 1:37:15 ET]
Table 'Medea' 6-max Seat #4 is the button
Seat 1: jherrpty ($85.17 in chips) 
Seat 2: v.sting ($100 in chips) 
Seat 3: Nicedaymybro ($116.20 in chips) 
Seat 4: reeqar ($100 in chips) 
Seat 5: vadjkeee ($103 in chips) 
Seat 6: Kreayshawn ($101.50 in chips) 
vadjkeee: posts small blind $0.50
Kreayshawn: posts big blind $1
*** HOLE CARDS ***
jherrpty: calls $1
v.sting: folds 
Nicedaymybro: raises $3 to $4
reeqar: folds 
vadjkeee: folds 
Kreayshawn: folds 
jherrpty: folds 
Uncalled bet ($3) returned to Nicedaymybro
Nicedaymybro collected $3.50 from pot
Nicedaymybro: doesn't show hand 
*** SUMMARY ***
Total pot $3.50 | Rake $0 
Seat 1: jherrpty folded before Flop
Seat 2: v.sting folded before Flop (didn't bet)
Seat 3: Nicedaymybro collected ($3.50)
Seat 4: reeqar (button) folded before Flop (didn't bet)
Seat 5: vadjkeee (small blind) folded before Flop
Seat 6: Kreayshawn (big blind) folded before Flop



PokerStars Hand #254715573488:  Hold'em No Limit ($0.50/$1.00 USD) - 2025/02/05 6:37:40 WET [2025/02/05 1:37:40 ET]
Table 'Medea' 6-max Seat #5 is the button
Seat 1: jherrpty ($84.17 in chips) 
Seat 2: v.sting ($100 in chips) 
Seat 3: Nicedaymybro ($118.70 in chips) 
Seat 4: reeqar ($100 in chips) 
Seat 5: vadjkeee ($102.50 in chips) 
Seat 6: Kreayshawn ($100.50 in chips) 
Kreayshawn: posts small blind $0.50
jherrpty: posts big blind $1
*** HOLE CARDS ***
v.sting: folds 
Nicedaymybro: folds 
reeqar: folds 
vadjkeee: folds 
Kreayshawn: folds 
Uncalled bet ($0.50) returned to jherrpty
jherrpty collected $1 from pot
*** SUMMARY ***
Total pot $1 | Rake $0 
Seat 1: jherrpty (big blind) collected ($1)
Seat 2: v.sting folded before Flop (didn't bet)
Seat 3: Nicedaymybro folded before Flop (didn't bet)
Seat 4: reeqar folded before Flop (didn't bet)
Seat 5: vadjkeee (button) folded before Flop (didn't bet)
Seat 6: Kreayshawn (small blind) folded before Flop



PokerStars Hand #254715574349:  Hold'em No Limit ($0.50/$1.00 USD) - 2025/02/05 6:37:53 WET [2025/02/05 1:37:53 ET]
Table 'Medea' 6-max Seat #6 is the button
Seat 1: jherrpty ($84.67 in chips) 
Seat 2: v.sting ($100 in chips) 
Seat 3: Nicedaymybro ($118.70 in chips) 
Seat 4: reeqar ($100 in chips) 
Seat 5: vadjkeee ($102.50 in chips) 
Seat 6: Kreayshawn ($100 in chips) 
jherrpty: posts small blind $0.50
v.sting: posts big blind $1
*** HOLE CARDS ***
Nicedaymybro: raises $1.50 to $2.50
reeqar: folds 
vadjkeee: folds 
Kreayshawn: folds 
jherrpty: folds 
v.sting: raises $10 to $12.50
Nicedaymybro: folds 
Uncalled bet ($10) returned to v.sting
v.sting collected $5.50 from pot
v.sting: doesn't show hand 
*** SUMMARY ***
Total pot $5.50 | Rake $0 
Seat 1: jherrpty (small blind) folded before Flop
Seat 2: v.sting (big blind) collected ($5.50)
Seat 3: Nicedaymybro folded before Flop
Seat 4: reeqar folded before Flop (didn't bet)
Seat 5: vadjkeee folded before Flop (didn't bet)
Seat 6: Kreayshawn (button) folded before Flop (didn't bet)



PokerStars Hand #254715575511:  Hold'em No Limit ($0.50/$1.00 USD) - 2025/02/05 6:38:09 WET [2025/02/05 1:38:09 ET]
Table 'Medea' 6-max Seat #1 is the button
Seat 1: jherrpty ($84.17 in chips) 
Seat 2: v.sting ($103 in chips) 
Seat 3: Nicedaymybro ($116.20 in chips) 
Seat 4: reeqar ($100 in chips) 
Seat 5: vadjkeee ($102.50 in chips) 
Seat 6: Kreayshawn ($100 in chips) 
v.sting: posts small blind $0.50
Nicedaymybro: posts big blind $1
*** HOLE CARDS ***
reeqar: folds 
vadjkeee: folds 
Kreayshawn: folds 
jherrpty: folds 
v.sting: folds 
Uncalled bet ($0.50) returned to Nicedaymybro
Nicedaymybro collected $1 from pot
Nicedaymybro: doesn't show hand 
*** SUMMARY ***
Total pot $1 | Rake $0 
Seat 1: jherrpty (button) folded before Flop (didn't bet)
Seat 2: v.sting (small blind) folded before Flop
Seat 3: Nicedaymybro (big blind) collected ($1)
Seat 4: reeqar folded before Flop (didn't bet)
Seat 5: vadjkeee folded before Flop (didn't bet)
Seat 6: Kreayshawn folded before Flop (didn't bet)



