PokerStars Hand #254716466515:  Hold'em No Limit ($0.50/$1.00 USD) - 2025/02/05 9:49:02 WET [2025/02/05 4:49:02 ET]
Table 'Hippodamia' 6-max Seat #2 is the button
Seat 2: ptolejmus ($10 in chips) 
Seat 3: Chumslinger ($82.20 in chips) 
Seat 4: VahTang_89 ($100 in chips) 
Seat 6: stef.shark.1 ($40.56 in chips) 
Chumslinger: posts small blind $0.50
VahTang_89: posts big blind $1
*** HOLE CARDS ***
Consig|iori joins the table at seat #5 
Emily_GetMan joins the table at seat #1 
stef.shark.1: folds 
ptolejmus: folds 
Chumslinger: folds 
Uncalled bet ($0.50) returned to VahTang_89
VahTang_89 collected $1 from pot
VahTang_89: doesn't show hand 
*** SUMMARY ***
Total pot $1 | Rake $0 
Seat 2: ptolejmus (button) folded before Flop (didn't bet)
Seat 3: Chumslinger (small blind) folded before Flop
Seat 4: VahTang_89 (big blind) collected ($1)
Seat 6: stef.shark.1 folded before Flop (didn't bet)



PokerStars Hand #254716449609:  Hold'em No Limit ($0.50/$1.00 USD) - 2025/02/05 9:46:15 WET [2025/02/05 4:46:15 ET]
Table 'Hippodamia' 6-max Seat #2 is the button
Seat 1: Burlica2013 ($100 in chips) is sitting out
Seat 3: iNeverBluff398 ($100 in chips) is sitting out
Seat 6: TheAveiro ($20 in chips) is sitting out
Seat 2: ptolejmus ($10.50 in chips) 
Seat 4: yesyesmario ($27.48 in chips) 
Seat 5: Emily_GetMan ($108.50 in chips) 
yesyesmario: posts small blind $0.50
Emily_GetMan: posts big blind $1
TheAveiro: sits out 
*** HOLE CARDS ***
ptolejmus: folds 
yesyesmario: raises $1.50 to $2.50
Emily_GetMan: raises $5 to $7.50
yesyesmario: calls $5
*** FLOP *** [8c Jh 3c]
yesyesmario: bets $19.98 and is all-in
Emily_GetMan: calls $19.98
*** TURN *** [8c Jh 3c] [5s]
*** RIVER *** [8c Jh 3c 5s] [4h]
*** SHOW DOWN ***
yesyesmario: shows [8d Kd] (a pair of Eights)
Emily_GetMan: shows [Jc Ah] (a pair of Jacks)
Emily_GetMan collected $53.96 from pot
*** SUMMARY ***
Total pot $54.96 | Rake $1 
Board [8c Jh 3c 5s 4h]
Seat 1: Burlica2013
Seat 3: iNeverBluff398
Seat 6: TheAveiro
Seat 2: ptolejmus (button) folded before Flop (didn't bet)
Seat 4: yesyesmario (small blind) showed [8d Kd] and lost with a pair of Eights
Seat 5: Emily_GetMan (big blind) showed [Jc Ah] and won ($53.96) with a pair of Jacks



PokerStars Hand #254716453399:  Hold'em No Limit ($0.50/$1.00 USD) - 2025/02/05 9:46:52 WET [2025/02/05 4:46:52 ET]
Table 'Hippodamia' 6-max Seat #5 is the button
Seat 3: iNeverBluff398 ($100 in chips) is sitting out
Seat 6: TheAveiro ($20 in chips) is sitting out
Seat 1: Burlica2013 ($100 in chips) 
Seat 2: ptolejmus ($10.50 in chips) 
Seat 5: Emily_GetMan ($134.98 in chips) 
Burlica2013: posts small blind $0.50
ptolejmus: posts big blind $1
iNeverBluff398: sits out 
*** HOLE CARDS ***
Emily_GetMan: raises $1 to $2
Burlica2013: folds 
TheAveiro leaves the table
ptolejmus: raises $8.50 to $10.50 and is all-in
Emily_GetMan: calls $8.50
iNeverBluff398 leaves the table
*** FLOP *** [Qs Qh 6h]
*** TURN *** [Qs Qh 6h] [7s]
*** RIVER *** [Qs Qh 6h 7s] [4h]
*** SHOW DOWN ***
ptolejmus: shows [3c 3h] (two pair, Queens and Threes)
Emily_GetMan: shows [Ad 6s] (two pair, Queens and Sixes)
Emily_GetMan collected $20.50 from pot
*** SUMMARY ***
Total pot $21.50 | Rake $1 
Board [Qs Qh 6h 7s 4h]
Seat 3: iNeverBluff398
Seat 6: TheAveiro
Seat 1: Burlica2013 (small blind) folded before Flop
Seat 2: ptolejmus (big blind) showed [3c 3h] and lost with two pair, Queens and Threes
Seat 5: Emily_GetMan (button) showed [Ad 6s] and won ($20.50) with two pair, Queens and Sixes



PokerStars Hand #254716456937:  Hold'em No Limit ($0.50/$1.00 USD) - 2025/02/05 9:47:27 WET [2025/02/05 4:47:27 ET]
Table 'Hippodamia' 6-max Seat #1 is the button
Seat 2: ptolejmus ($10 in chips) is sitting out
Seat 1: Burlica2013 ($100 in chips) 
Seat 5: Emily_GetMan ($144.98 in chips) 
Burlica2013: posts small blind $0.50
Emily_GetMan: posts big blind $1
*** HOLE CARDS ***
Burlica2013: folds 
Uncalled bet ($0.50) returned to Emily_GetMan
ptolejmus leaves the table
Emily_GetMan collected $1 from pot
Emily_GetMan: doesn't show hand 
*** SUMMARY ***
Total pot $1 | Rake $0 
Seat 2: ptolejmus
Seat 1: Burlica2013 (button) (small blind) folded before Flop
Seat 5: Emily_GetMan (big blind) collected ($1)



PokerStars Hand #254716467808:  Hold'em No Limit ($0.50/$1.00 USD) - 2025/02/05 9:49:14 WET [2025/02/05 4:49:14 ET]
Table 'Hippodamia' 6-max Seat #3 is the button
Seat 1: Emily_GetMan ($145.48 in chips) is sitting out
Seat 2: ptolejmus ($10 in chips) 
Seat 3: Chumslinger ($81.70 in chips) 
Seat 4: VahTang_89 ($100.50 in chips) 
Seat 5: Consig|iori ($100 in chips) 
Seat 6: stef.shark.1 ($40.56 in chips) 
VahTang_89: posts small blind $0.50
Consig|iori: posts big blind $1
Emily_GetMan: sits out 
*** HOLE CARDS ***
stef.shark.1: raises $1 to $2
ptolejmus: folds 
Chumslinger: folds 
VahTang_89: raises $8 to $10
Consig|iori: folds 
stef.shark.1: calls $8
*** FLOP *** [3s 2h Js]
VahTang_89: checks 
stef.shark.1: bets $8.98
VahTang_89: calls $8.98
*** TURN *** [3s 2h Js] [6c]
VahTang_89: checks 
stef.shark.1: bets $21.58 and is all-in
VahTang_89: calls $21.58
*** RIVER *** [3s 2h Js 6c] [2s]
*** SHOW DOWN ***
VahTang_89: shows [Qs Ac] (a pair of Deuces)
stef.shark.1: shows [Kc Jc] (two pair, Jacks and Deuces)
stef.shark.1 collected $79.62 from pot
*** SUMMARY ***
Total pot $82.12 | Rake $2.50 
Board [3s 2h Js 6c 2s]
Seat 1: Emily_GetMan
Seat 2: ptolejmus folded before Flop (didn't bet)
Seat 3: Chumslinger (button) folded before Flop (didn't bet)
Seat 4: VahTang_89 (small blind) showed [Qs Ac] and lost with a pair of Deuces
Seat 5: Consig|iori (big blind) folded before Flop
Seat 6: stef.shark.1 showed [Kc Jc] and won ($79.62) with two pair, Jacks and Deuces



PokerStars Hand #254716472117:  Hold'em No Limit ($0.50/$1.00 USD) - 2025/02/05 9:49:58 WET [2025/02/05 4:49:58 ET]
Table 'Hippodamia' 6-max Seat #4 is the button
Seat 1: Emily_GetMan ($145.48 in chips) is sitting out
Seat 2: ptolejmus ($10 in chips) 
Seat 3: Chumslinger ($81.70 in chips) 
Seat 4: VahTang_89 ($100 in chips) 
Seat 5: Consig|iori ($100 in chips) 
Seat 6: stef.shark.1 ($79.62 in chips) 
Consig|iori: posts small blind $0.50
stef.shark.1: posts big blind $1
Emily_GetMan: sits out 
*** HOLE CARDS ***
ptolejmus: folds 
Chumslinger: folds 
VahTang_89: raises $1.20 to $2.20
Consig|iori: folds 
stef.shark.1: calls $1.20
*** FLOP *** [8s 2d Jh]
stef.shark.1: checks 
VahTang_89: checks 
*** TURN *** [8s 2d Jh] [Qs]
stef.shark.1: bets $2
VahTang_89: folds 
Uncalled bet ($2) returned to stef.shark.1
stef.shark.1 collected $4.66 from pot
*** SUMMARY ***
Total pot $4.90 | Rake $0.24 
Board [8s 2d Jh Qs]
Seat 1: Emily_GetMan
Seat 2: ptolejmus folded before Flop (didn't bet)
Seat 3: Chumslinger folded before Flop (didn't bet)
Seat 4: VahTang_89 (button) folded on the Turn
Seat 5: Consig|iori (small blind) folded before Flop
Seat 6: stef.shark.1 (big blind) collected ($4.66)



PokerStars Hand #254716501019:  Hold'em No Limit ($0.50/$1.00 USD) - 2025/02/05 9:54:42 WET [2025/02/05 4:54:42 ET]
Table 'Hippodamia' 6-max Seat #2 is the button
Seat 3: Chumslinger ($80.70 in chips) is sitting out
Seat 1: Emily_GetMan ($151.08 in chips) 
Seat 2: ptolejmus ($10 in chips) 
Seat 4: VahTang_89 ($100 in chips) 
Seat 5: Consig|iori ($104.95 in chips) 
Seat 6: stef.shark.1 ($84.72 in chips) 
VahTang_89: posts small blind $0.50
Consig|iori: posts big blind $1
*** HOLE CARDS ***
stef.shark.1: calls $1
Emily_GetMan: folds 
ptolejmus: folds 
VahTang_89: raises $3.50 to $4.50
Consig|iori: raises $10.50 to $15
stef.shark.1: folds 
VahTang_89: folds 
Uncalled bet ($10.50) returned to Consig|iori
Consig|iori collected $10 from pot
Consig|iori: doesn't show hand 
*** SUMMARY ***
Total pot $10 | Rake $0 
Seat 3: Chumslinger
Seat 1: Emily_GetMan folded before Flop (didn't bet)
Seat 2: ptolejmus (button) folded before Flop (didn't bet)
Seat 4: VahTang_89 (small blind) folded before Flop
Seat 5: Consig|iori (big blind) collected ($10)
Seat 6: stef.shark.1 folded before Flop



PokerStars Hand #254716503370:  Hold'em No Limit ($0.50/$1.00 USD) - 2025/02/05 9:55:06 WET [2025/02/05 4:55:06 ET]
Table 'Hippodamia' 6-max Seat #4 is the button
Seat 3: Chumslinger ($80.70 in chips) is sitting out
Seat 1: Emily_GetMan ($151.08 in chips) 
Seat 2: ptolejmus ($10 in chips) 
Seat 4: VahTang_89 ($100 in chips) 
Seat 5: Consig|iori ($110.45 in chips) 
Seat 6: stef.shark.1 ($83.72 in chips) 
Consig|iori: posts small blind $0.50
stef.shark.1: posts big blind $1
*** HOLE CARDS ***
Emily_GetMan: folds 
ptolejmus: folds 
VahTang_89: folds 
Consig|iori: folds 
Uncalled bet ($0.50) returned to stef.shark.1
stef.shark.1 collected $1 from pot
*** SUMMARY ***
Total pot $1 | Rake $0 
Seat 3: Chumslinger
Seat 1: Emily_GetMan folded before Flop (didn't bet)
Seat 2: ptolejmus folded before Flop (didn't bet)
Seat 4: VahTang_89 (button) folded before Flop (didn't bet)
Seat 5: Consig|iori (small blind) folded before Flop
Seat 6: stef.shark.1 (big blind) collected ($1)



PokerStars Hand #254716504303:  Hold'em No Limit ($0.50/$1.00 USD) - 2025/02/05 9:55:16 WET [2025/02/05 4:55:16 ET]
Table 'Hippodamia' 6-max Seat #5 is the button
Seat 3: Chumslinger ($80.70 in chips) is sitting out
Seat 1: Emily_GetMan ($151.08 in chips) 
Seat 2: ptolejmus ($10 in chips) 
Seat 4: VahTang_89 ($100 in chips) 
Seat 5: Consig|iori ($109.95 in chips) 
Seat 6: stef.shark.1 ($84.22 in chips) 
stef.shark.1: posts small blind $0.50
Emily_GetMan: posts big blind $1
*** HOLE CARDS ***
ptolejmus: folds 
VahTang_89: folds 
Consig|iori: folds 
stef.shark.1: calls $0.50
Emily_GetMan: checks 
*** FLOP *** [Qh 6c 2c]
stef.shark.1: checks 
Emily_GetMan: checks 
*** TURN *** [Qh 6c 2c] [Td]
stef.shark.1: bets $1
Emily_GetMan: folds 
Uncalled bet ($1) returned to stef.shark.1
stef.shark.1 collected $1.90 from pot
*** SUMMARY ***
Total pot $2 | Rake $0.10 
Board [Qh 6c 2c Td]
Seat 3: Chumslinger
Seat 1: Emily_GetMan (big blind) folded on the Turn
Seat 2: ptolejmus folded before Flop (didn't bet)
Seat 4: VahTang_89 folded before Flop (didn't bet)
Seat 5: Consig|iori (button) folded before Flop (didn't bet)
Seat 6: stef.shark.1 (small blind) collected ($1.90)



PokerStars Hand #254716507009:  Hold'em No Limit ($0.50/$1.00 USD) - 2025/02/05 9:55:48 WET [2025/02/05 4:55:48 ET]
Table 'Hippodamia' 6-max Seat #6 is the button
Seat 3: Chumslinger ($80.70 in chips) is sitting out
Seat 1: Emily_GetMan ($150.08 in chips) 
Seat 2: ptolejmus ($10 in chips) 
Seat 4: VahTang_89 ($100 in chips) 
Seat 5: Consig|iori ($109.95 in chips) 
Seat 6: stef.shark.1 ($85.12 in chips) 
Emily_GetMan: posts small blind $0.50
ptolejmus: posts big blind $1
*** HOLE CARDS ***
VahTang_89: folds 
Consig|iori: folds 
stef.shark.1: calls $1
Emily_GetMan: raises $3.50 to $4.50
ptolejmus: folds 
stef.shark.1: folds 
Uncalled bet ($3.50) returned to Emily_GetMan
Emily_GetMan collected $3 from pot
Emily_GetMan: doesn't show hand 
*** SUMMARY ***
Total pot $3 | Rake $0 
Seat 3: Chumslinger
Seat 1: Emily_GetMan (small blind) collected ($3)
Seat 2: ptolejmus (big blind) folded before Flop
Seat 4: VahTang_89 folded before Flop (didn't bet)
Seat 5: Consig|iori folded before Flop (didn't bet)
Seat 6: stef.shark.1 (button) folded before Flop



PokerStars Hand #254716508271:  Hold'em No Limit ($0.50/$1.00 USD) - 2025/02/05 9:56:03 WET [2025/02/05 4:56:03 ET]
Table 'Hippodamia' 6-max Seat #1 is the button
Seat 3: Chumslinger ($80.70 in chips) is sitting out
Seat 1: Emily_GetMan ($152.08 in chips) 
Seat 2: ptolejmus ($10 in chips) 
Seat 4: VahTang_89 ($100 in chips) 
Seat 5: Consig|iori ($109.95 in chips) 
Seat 6: stef.shark.1 ($84.12 in chips) 
ptolejmus: posts small blind $0.50
VahTang_89: posts big blind $1
*** HOLE CARDS ***
Consig|iori: folds 
stef.shark.1: folds 
Emily_GetMan: folds 
ptolejmus: raises $1 to $2
VahTang_89: folds 
Uncalled bet ($1) returned to ptolejmus
ptolejmus collected $2 from pot
*** SUMMARY ***
Total pot $2 | Rake $0 
Seat 3: Chumslinger
Seat 1: Emily_GetMan (button) folded before Flop (didn't bet)
Seat 2: ptolejmus (small blind) collected ($2)
Seat 4: VahTang_89 (big blind) folded before Flop
Seat 5: Consig|iori folded before Flop (didn't bet)
Seat 6: stef.shark.1 folded before Flop (didn't bet)



PokerStars Hand #254716509803:  Hold'em No Limit ($0.50/$1.00 USD) - 2025/02/05 9:56:20 WET [2025/02/05 4:56:20 ET]
Table 'Hippodamia' 6-max Seat #2 is the button
Seat 3: Chumslinger ($80.70 in chips) is sitting out
Seat 1: Emily_GetMan ($152.08 in chips) 
Seat 2: ptolejmus ($11 in chips) 
Seat 4: VahTang_89 ($100 in chips) 
Seat 5: Consig|iori ($109.95 in chips) 
Seat 6: stef.shark.1 ($84.12 in chips) 
VahTang_89: posts small blind $0.50
Consig|iori: posts big blind $1
*** HOLE CARDS ***
stef.shark.1: folds 
Emily_GetMan: raises $1 to $2
ptolejmus: raises $9 to $11 and is all-in
VahTang_89: folds 
Consig|iori: folds 
Emily_GetMan: calls $9
*** FLOP *** [9s 4s 4c]
*** TURN *** [9s 4s 4c] [Ks]
*** RIVER *** [9s 4s 4c Ks] [4h]
*** SHOW DOWN ***
Emily_GetMan: shows [As 9h] (a full house, Fours full of Nines)
ptolejmus: shows [7h 7s] (a full house, Fours full of Sevens)
Emily_GetMan collected $22.32 from pot
ptolejmus cashed out the hand for $12.24 | Cash Out Fee $0.25
*** SUMMARY ***
Total pot $23.50 | Rake $1.18 
Board [9s 4s 4c Ks 4h]
Seat 3: Chumslinger
Seat 1: Emily_GetMan showed [As 9h] and won ($22.32) with a full house, Fours full of Nines
Seat 2: ptolejmus (button) showed [7h 7s] and lost with a full house, Fours full of Sevens (cashed out).
Seat 4: VahTang_89 (small blind) folded before Flop
Seat 5: Consig|iori (big blind) folded before Flop
Seat 6: stef.shark.1 folded before Flop (didn't bet)



PokerStars Hand #254716513305:  Hold'em No Limit ($0.50/$1.00 USD) - 2025/02/05 9:57:01 WET [2025/02/05 4:57:01 ET]
Table 'Hippodamia' 6-max Seat #4 is the button
Seat 3: Chumslinger ($80.70 in chips) is sitting out
Seat 1: Emily_GetMan ($163.40 in chips) 
Seat 2: ptolejmus ($12.24 in chips) 
Seat 4: VahTang_89 ($100 in chips) 
Seat 5: Consig|iori ($108.95 in chips) 
Seat 6: stef.shark.1 ($84.12 in chips) 
Consig|iori: posts small blind $0.50
stef.shark.1: posts big blind $1
*** HOLE CARDS ***
Emily_GetMan: folds 
ptolejmus: folds 
VahTang_89: folds 
Consig|iori: folds 
Uncalled bet ($0.50) returned to stef.shark.1
stef.shark.1 collected $1 from pot
*** SUMMARY ***
Total pot $1 | Rake $0 
Seat 3: Chumslinger
Seat 1: Emily_GetMan folded before Flop (didn't bet)
Seat 2: ptolejmus folded before Flop (didn't bet)
Seat 4: VahTang_89 (button) folded before Flop (didn't bet)
Seat 5: Consig|iori (small blind) folded before Flop
Seat 6: stef.shark.1 (big blind) collected ($1)



PokerStars Hand #254716514298:  Hold'em No Limit ($0.50/$1.00 USD) - 2025/02/05 9:57:12 WET [2025/02/05 4:57:12 ET]
Table 'Hippodamia' 6-max Seat #5 is the button
Seat 3: Chumslinger ($80.70 in chips) is sitting out
Seat 1: Emily_GetMan ($163.40 in chips) 
Seat 2: ptolejmus ($12.24 in chips) 
Seat 4: VahTang_89 ($100 in chips) 
Seat 5: Consig|iori ($108.45 in chips) 
Seat 6: stef.shark.1 ($84.62 in chips) 
stef.shark.1: posts small blind $0.50
Emily_GetMan: posts big blind $1
*** HOLE CARDS ***
ptolejmus: folds 
VahTang_89: raises $1.20 to $2.20
Consig|iori: raises $5.30 to $7.50
stef.shark.1: folds 
Emily_GetMan: folds 
VahTang_89: raises $13 to $20.50
Consig|iori: calls $13
*** FLOP *** [7h 4c Ks]
VahTang_89: bets $10.10
Chumslinger is disconnected 
Consig|iori: folds 
Uncalled bet ($10.10) returned to VahTang_89
VahTang_89 collected $40.38 from pot
VahTang_89: doesn't show hand 
*** SUMMARY ***
Total pot $42.50 | Rake $2.12 
Board [7h 4c Ks]
Seat 3: Chumslinger
Seat 1: Emily_GetMan (big blind) folded before Flop
Seat 2: ptolejmus folded before Flop (didn't bet)
Seat 4: VahTang_89 collected ($40.38)
Seat 5: Consig|iori (button) folded on the Flop
Seat 6: stef.shark.1 (small blind) folded before Flop



PokerStars Hand #254716518830:  Hold'em No Limit ($0.50/$1.00 USD) - 2025/02/05 9:58:05 WET [2025/02/05 4:58:05 ET]
Table 'Hippodamia' 6-max Seat #6 is the button
Seat 3: Chumslinger ($80.70 in chips) is sitting out
Seat 1: Emily_GetMan ($162.40 in chips) 
Seat 2: ptolejmus ($12.24 in chips) 
Seat 4: VahTang_89 ($119.88 in chips) 
Seat 5: Consig|iori ($100 in chips) 
Seat 6: stef.shark.1 ($84.12 in chips) 
Emily_GetMan: posts small blind $0.50
ptolejmus: posts big blind $1
Chumslinger has timed out while disconnected
Chumslinger: is sitting out 
*** HOLE CARDS ***
VahTang_89: folds 
Consig|iori: raises $1.40 to $2.40
stef.shark.1: folds 
Emily_GetMan: folds 
ptolejmus: folds 
Uncalled bet ($1.40) returned to Consig|iori
Consig|iori collected $2.50 from pot
Consig|iori: doesn't show hand 
*** SUMMARY ***
Total pot $2.50 | Rake $0 
Seat 3: Chumslinger
Seat 1: Emily_GetMan (small blind) folded before Flop
Seat 2: ptolejmus (big blind) folded before Flop
Seat 4: VahTang_89 folded before Flop (didn't bet)
Seat 5: Consig|iori collected ($2.50)
Seat 6: stef.shark.1 (button) folded before Flop (didn't bet)



PokerStars Hand #254716521262:  Hold'em No Limit ($0.50/$1.00 USD) - 2025/02/05 9:58:33 WET [2025/02/05 4:58:33 ET]
Table 'Hippodamia' 6-max Seat #1 is the button
Seat 3: Chumslinger ($80.70 in chips) is sitting out
Seat 1: Emily_GetMan ($161.90 in chips) 
Seat 2: ptolejmus ($11.24 in chips) 
Seat 4: VahTang_89 ($119.88 in chips) 
Seat 5: Consig|iori ($101.50 in chips) 
Seat 6: stef.shark.1 ($84.12 in chips) 
ptolejmus: posts small blind $0.50
VahTang_89: posts big blind $1
*** HOLE CARDS ***
Consig|iori: folds 
stef.shark.1: folds 
Emily_GetMan: raises $1.50 to $2.50
ptolejmus: folds 
VahTang_89: folds 
Uncalled bet ($1.50) returned to Emily_GetMan
Emily_GetMan collected $2.50 from pot
Chumslinger leaves the table
Emily_GetMan: doesn't show hand 
*** SUMMARY ***
Total pot $2.50 | Rake $0 
Seat 3: Chumslinger
Seat 1: Emily_GetMan (button) collected ($2.50)
Seat 2: ptolejmus (small blind) folded before Flop
Seat 4: VahTang_89 (big blind) folded before Flop
Seat 5: Consig|iori folded before Flop (didn't bet)
Seat 6: stef.shark.1 folded before Flop (didn't bet)



PokerStars Hand #254716522581:  Hold'em No Limit ($0.50/$1.00 USD) - 2025/02/05 9:58:48 WET [2025/02/05 4:58:48 ET]
Table 'Hippodamia' 6-max Seat #2 is the button
Seat 1: Emily_GetMan ($163.40 in chips) 
Seat 2: ptolejmus ($10.74 in chips) 
Seat 4: VahTang_89 ($118.88 in chips) 
Seat 5: Consig|iori ($101.50 in chips) 
Seat 6: stef.shark.1 ($84.12 in chips) 
VahTang_89: posts small blind $0.50
Consig|iori: posts big blind $1
*** HOLE CARDS ***
stef.shark.1: folds 
Emily_GetMan: raises $1 to $2
ptolejmus: folds 
VahTang_89: raises $8 to $10
Consig|iori: folds 
Emily_GetMan: calls $8
*** FLOP *** [7s Kd Qh]
Punzzzer joins the table at seat #3 
VahTang_89: bets $9.97
Emily_GetMan: folds 
Uncalled bet ($9.97) returned to VahTang_89
VahTang_89 collected $19.95 from pot
VahTang_89: doesn't show hand 
*** SUMMARY ***
Total pot $21 | Rake $1.05 
Board [7s Kd Qh]
Seat 1: Emily_GetMan folded on the Flop
Seat 2: ptolejmus (button) folded before Flop (didn't bet)
Seat 4: VahTang_89 (small blind) collected ($19.95)
Seat 5: Consig|iori (big blind) folded before Flop
Seat 6: stef.shark.1 folded before Flop (didn't bet)



PokerStars Hand #254716525823:  Hold'em No Limit ($0.50/$1.00 USD) - 2025/02/05 9:59:26 WET [2025/02/05 4:59:26 ET]
Table 'Hippodamia' 6-max Seat #4 is the button
Seat 3: Punzzzer ($100 in chips) is sitting out
Seat 1: Emily_GetMan ($153.40 in chips) 
Seat 2: ptolejmus ($10.74 in chips) 
Seat 4: VahTang_89 ($128.83 in chips) 
Seat 5: Consig|iori ($100.50 in chips) 
Seat 6: stef.shark.1 ($84.12 in chips) 
Consig|iori: posts small blind $0.50
stef.shark.1: posts big blind $1
Punzzzer: sits out 
*** HOLE CARDS ***
Emily_GetMan: folds 
ptolejmus: folds 
VahTang_89: raises $1.20 to $2.20
Consig|iori: calls $1.70
stef.shark.1: calls $1.20
*** FLOP *** [9c 2s Jc]
Consig|iori: checks 
stef.shark.1: checks 
VahTang_89: bets $3.14
Consig|iori: folds 
stef.shark.1: folds 
Uncalled bet ($3.14) returned to VahTang_89
VahTang_89 collected $6.27 from pot
VahTang_89: doesn't show hand 
*** SUMMARY ***
Total pot $6.60 | Rake $0.33 
Board [9c 2s Jc]
Seat 3: Punzzzer
Seat 1: Emily_GetMan folded before Flop (didn't bet)
Seat 2: ptolejmus folded before Flop (didn't bet)
Seat 4: VahTang_89 (button) collected ($6.27)
Seat 5: Consig|iori (small blind) folded on the Flop
Seat 6: stef.shark.1 (big blind) folded on the Flop



PokerStars Hand #254716529635:  Hold'em No Limit ($0.50/$1.00 USD) - 2025/02/05 10:00:09 WET [2025/02/05 5:00:09 ET]
Table 'Hippodamia' 6-max Seat #5 is the button
Seat 3: Punzzzer ($100 in chips) is sitting out
Seat 1: Emily_GetMan ($153.40 in chips) 
Seat 2: ptolejmus ($10.74 in chips) 
Seat 4: VahTang_89 ($132.90 in chips) 
Seat 5: Consig|iori ($100 in chips) 
Seat 6: stef.shark.1 ($81.92 in chips) 
stef.shark.1: posts small blind $0.50
Emily_GetMan: posts big blind $1
Punzzzer: sits out 
*** HOLE CARDS ***
ptolejmus: raises $9.74 to $10.74 and is all-in
VahTang_89: folds 
Consig|iori: folds 
stef.shark.1: folds 
Emily_GetMan: calls $9.74
*** FLOP *** [8c 4h 7d]
*** TURN *** [8c 4h 7d] [5c]
*** RIVER *** [8c 4h 7d 5c] [Jh]
*** SHOW DOWN ***
Emily_GetMan: shows [Jd Js] (three of a kind, Jacks)
ptolejmus: shows [Ad Qh] (high card Ace)
Emily_GetMan collected $20.88 from pot
*** SUMMARY ***
Total pot $21.98 | Rake $1.10 
Board [8c 4h 7d 5c Jh]
Seat 3: Punzzzer
Seat 1: Emily_GetMan (big blind) showed [Jd Js] and won ($20.88) with three of a kind, Jacks
Seat 2: ptolejmus showed [Ad Qh] and lost with high card Ace
Seat 4: VahTang_89 folded before Flop (didn't bet)
Seat 5: Consig|iori (button) folded before Flop (didn't bet)
Seat 6: stef.shark.1 (small blind) folded before Flop



PokerStars Hand #254716532045:  Hold'em No Limit ($0.50/$1.00 USD) - 2025/02/05 10:00:36 WET [2025/02/05 5:00:36 ET]
Table 'Hippodamia' 6-max Seat #6 is the button
Seat 3: Punzzzer ($100 in chips) is sitting out
Seat 1: Emily_GetMan ($163.54 in chips) 
Seat 2: ptolejmus ($10 in chips) 
Seat 4: VahTang_89 ($132.90 in chips) 
Seat 5: Consig|iori ($100 in chips) 
Seat 6: stef.shark.1 ($81.42 in chips) 
Emily_GetMan: posts small blind $0.50
ptolejmus: posts big blind $1
Punzzzer: sits out 
*** HOLE CARDS ***
VahTang_89: folds 
Consig|iori: folds 
stef.shark.1: calls $1
Emily_GetMan: folds 
ptolejmus: checks 
*** FLOP *** [Qs 7h 4c]
ptolejmus: checks 
stef.shark.1: bets $1
ptolejmus: folds 
Uncalled bet ($1) returned to stef.shark.1
stef.shark.1 collected $2.38 from pot
*** SUMMARY ***
Total pot $2.50 | Rake $0.12 
Board [Qs 7h 4c]
Seat 3: Punzzzer
Seat 1: Emily_GetMan (small blind) folded before Flop
Seat 2: ptolejmus (big blind) folded on the Flop
Seat 4: VahTang_89 folded before Flop (didn't bet)
Seat 5: Consig|iori folded before Flop (didn't bet)
Seat 6: stef.shark.1 (button) collected ($2.38)



PokerStars Hand #254716536721:  Hold'em No Limit ($0.50/$1.00 USD) - 2025/02/05 10:01:23 WET [2025/02/05 5:01:23 ET]
Table 'Hippodamia' 6-max Seat #1 is the button
Seat 6: stef.shark.1 ($82.80 in chips) is sitting out
Seat 1: Emily_GetMan ($163.04 in chips) 
Seat 2: ptolejmus ($10 in chips) 
Seat 3: Punzzzer ($100 in chips) 
Seat 4: VahTang_89 ($132.90 in chips) 
Seat 5: Consig|iori ($100 in chips) 
ptolejmus: posts small blind $0.50
Punzzzer: posts big blind $1
*** HOLE CARDS ***
VahTang_89: folds 
Consig|iori: folds 
Emily_GetMan: folds 
stef.shark.1 leaves the table
ptolejmus: folds 
Uncalled bet ($0.50) returned to Punzzzer
Punzzzer collected $1 from pot
Punzzzer: doesn't show hand 
*** SUMMARY ***
Total pot $1 | Rake $0 
Seat 6: stef.shark.1
Seat 1: Emily_GetMan (button) folded before Flop (didn't bet)
Seat 2: ptolejmus (small blind) folded before Flop
Seat 3: Punzzzer (big blind) collected ($1)
Seat 4: VahTang_89 folded before Flop (didn't bet)
Seat 5: Consig|iori folded before Flop (didn't bet)



PokerStars Hand #254716538042:  Hold'em No Limit ($0.50/$1.00 USD) - 2025/02/05 10:01:35 WET [2025/02/05 5:01:35 ET]
Table 'Hippodamia' 6-max Seat #2 is the button
Seat 1: Emily_GetMan ($163.04 in chips) 
Seat 2: ptolejmus ($10 in chips) 
Seat 3: Punzzzer ($100.50 in chips) 
Seat 4: VahTang_89 ($132.90 in chips) 
Seat 5: Consig|iori ($100 in chips) 
Punzzzer: posts small blind $0.50
VahTang_89: posts big blind $1
*** HOLE CARDS ***
Consig|iori: folds 
Emily_GetMan: raises $1 to $2
ptolejmus: folds 
Punzzzer: folds 
VahTang_89: calls $1
*** FLOP *** [4h Qd 8c]
VahTang_89: checks 
Emily_GetMan: bets $2.82
VahTang_89: calls $2.82
*** TURN *** [4h Qd 8c] [3h]
VahTang_89: checks 
Emily_GetMan: bets $12.52
VahTang_89: folds 
Uncalled bet ($12.52) returned to Emily_GetMan
Emily_GetMan collected $9.63 from pot
Emily_GetMan: doesn't show hand 
*** SUMMARY ***
Total pot $10.14 | Rake $0.51 
Board [4h Qd 8c 3h]
Seat 1: Emily_GetMan collected ($9.63)
Seat 2: ptolejmus (button) folded before Flop (didn't bet)
Seat 3: Punzzzer (small blind) folded before Flop
Seat 4: VahTang_89 (big blind) folded on the Turn
Seat 5: Consig|iori folded before Flop (didn't bet)



PokerStars Hand #254716541847:  Hold'em No Limit ($0.50/$1.00 USD) - 2025/02/05 10:02:12 WET [2025/02/05 5:02:12 ET]
Table 'Hippodamia' 6-max Seat #3 is the button
Seat 5: Consig|iori ($100 in chips) is sitting out
Seat 1: Emily_GetMan ($167.85 in chips) 
Seat 2: ptolejmus ($10 in chips) 
Seat 3: Punzzzer ($100 in chips) 
Seat 4: VahTang_89 ($128.08 in chips) 
VahTang_89: posts small blind $0.50
Consig|iori: is sitting out 
Emily_GetMan: posts big blind $1
*** HOLE CARDS ***
ptolejmus: folds 
Consig|iori leaves the table
Punzzzer: folds 
VahTang_89: folds 
Uncalled bet ($0.50) returned to Emily_GetMan
Emily_GetMan collected $1 from pot
Emily_GetMan: doesn't show hand 
*** SUMMARY ***
Total pot $1 | Rake $0 
Seat 5: Consig|iori
Seat 1: Emily_GetMan (big blind) collected ($1)
Seat 2: ptolejmus folded before Flop (didn't bet)
Seat 3: Punzzzer (button) folded before Flop (didn't bet)
Seat 4: VahTang_89 (small blind) folded before Flop



PokerStars Hand #254716544712:  Hold'em No Limit ($0.50/$1.00 USD) - 2025/02/05 10:02:40 WET [2025/02/05 5:02:40 ET]
Table 'Hippodamia' 6-max Seat #5 is the button
Seat 1: Emily_GetMan ($168.35 in chips) 
Seat 5: ddyyjj ($100 in chips) 
ddyyjj: posts small blind $0.50
Emily_GetMan: posts big blind $1
*** HOLE CARDS ***
ddyyjj: folds 
Uncalled bet ($0.50) returned to Emily_GetMan
Emily_GetMan collected $1 from pot
Emily_GetMan: doesn't show hand 
*** SUMMARY ***
Total pot $1 | Rake $0 
Seat 1: Emily_GetMan (big blind) collected ($1)
Seat 5: ddyyjj (button) (small blind) folded before Flop



PokerStars Hand #254716545942:  Hold'em No Limit ($0.50/$1.00 USD) - 2025/02/05 10:02:51 WET [2025/02/05 5:02:51 ET]
Table 'Hippodamia' 6-max Seat #1 is the button
Seat 1: Emily_GetMan ($168.85 in chips) 
Seat 5: ddyyjj ($100 in chips) 
Emily_GetMan: posts small blind $0.50
ddyyjj: posts big blind $1
*** HOLE CARDS ***
Emily_GetMan: raises $1 to $2
ddyyjj: calls $1
*** FLOP *** [Jh 8d Kh]
ddyyjj: checks 
Emily_GetMan: bets $2.51
ddyyjj: calls $2.51
*** TURN *** [Jh 8d Kh] [As]
ddyyjj: checks 
Emily_GetMan: bets $11.14
ddyyjj: calls $11.14
*** RIVER *** [Jh 8d Kh As] [3h]
ddyyjj: checks 
Emily_GetMan: checks 
*** SHOW DOWN ***
ddyyjj: shows [2d Kc] (a pair of Kings)
Emily_GetMan: mucks hand 
ddyyjj collected $30.30 from pot
*** SUMMARY ***
Total pot $31.30 | Rake $1 
Board [Jh 8d Kh As 3h]
Seat 1: Emily_GetMan (button) (small blind) mucked
Seat 5: ddyyjj (big blind) showed [2d Kc] and won ($30.30) with a pair of Kings



PokerStars Hand #254716550605:  Hold'em No Limit ($0.50/$1.00 USD) - 2025/02/05 10:03:37 WET [2025/02/05 5:03:37 ET]
Table 'Hippodamia' 6-max Seat #5 is the button
Seat 1: Emily_GetMan ($153.20 in chips) 
Seat 5: ddyyjj ($114.65 in chips) 
ddyyjj: posts small blind $0.50
Emily_GetMan: posts big blind $1
*** HOLE CARDS ***
ddyyjj: folds 
Uncalled bet ($0.50) returned to Emily_GetMan
Emily_GetMan collected $1 from pot
Emily_GetMan: doesn't show hand 
*** SUMMARY ***
Total pot $1 | Rake $0 
Seat 1: Emily_GetMan (big blind) collected ($1)
Seat 5: ddyyjj (button) (small blind) folded before Flop



PokerStars Hand #254716551474:  Hold'em No Limit ($0.50/$1.00 USD) - 2025/02/05 10:03:45 WET [2025/02/05 5:03:45 ET]
Table 'Hippodamia' 6-max Seat #1 is the button
Seat 1: Emily_GetMan ($153.70 in chips) 
Seat 5: ddyyjj ($114.15 in chips) 
Emily_GetMan: posts small blind $0.50
ddyyjj: posts big blind $1
*** HOLE CARDS ***
Emily_GetMan: raises $1 to $2
ddyyjj: calls $1
*** FLOP *** [Tc 3d 4c]
ddyyjj: checks 
Emily_GetMan: checks 
*** TURN *** [Tc 3d 4c] [5c]
Tiktak8025 joins the table at seat #3 
Tiktak8025 is disconnected 
ddyyjj: checks 
Emily_GetMan: bets $1.50
ddyyjj: folds 
Uncalled bet ($1.50) returned to Emily_GetMan
Emily_GetMan collected $3.80 from pot
Emily_GetMan: doesn't show hand 
*** SUMMARY ***
Total pot $4 | Rake $0.20 
Board [Tc 3d 4c 5c]
Seat 1: Emily_GetMan (button) (small blind) collected ($3.80)
Seat 5: ddyyjj (big blind) folded on the Turn



PokerStars Hand #254716553445:  Hold'em No Limit ($0.50/$1.00 USD) - 2025/02/05 10:04:04 WET [2025/02/05 5:04:04 ET]
Table 'Hippodamia' 6-max Seat #5 is the button
Seat 1: Emily_GetMan ($155.50 in chips) 
Seat 3: Tiktak8025 ($77.12 in chips) 
Seat 5: ddyyjj ($112.15 in chips) 
Emily_GetMan: posts small blind $0.50
Tiktak8025: posts big blind $1
*** HOLE CARDS ***
Y_19 joins the table at seat #4 
SeEevg joins the table at seat #6 
ddyyjj: folds 
Emily_GetMan: folds 
Uncalled bet ($0.50) returned to Tiktak8025
Tiktak8025 collected $1 from pot
Tiktak8025: doesn't show hand 
*** SUMMARY ***
Total pot $1 | Rake $0 
Seat 1: Emily_GetMan (small blind) folded before Flop
Seat 3: Tiktak8025 (big blind) collected ($1)
Seat 5: ddyyjj (button) folded before Flop (didn't bet)



PokerStars Hand #254716554163:  Hold'em No Limit ($0.50/$1.00 USD) - 2025/02/05 10:04:11 WET [2025/02/05 5:04:11 ET]
Table 'Hippodamia' 6-max Seat #1 is the button
Seat 6: SeEevg ($100 in chips) is sitting out
Seat 1: Emily_GetMan ($155 in chips) 
Seat 3: Tiktak8025 ($77.62 in chips) 
Seat 4: Y_19 ($100 in chips) 
Seat 5: ddyyjj ($112.15 in chips) 
Tiktak8025: posts small blind $0.50
Y_19: posts big blind $1
SeEevg: sits out 
*** HOLE CARDS ***
ddyyjj: folds 
Emily_GetMan: folds 
Tiktak8025: raises $1 to $2
Y_19: folds 
Uncalled bet ($1) returned to Tiktak8025
Tiktak8025 collected $2 from pot
*** SUMMARY ***
Total pot $2 | Rake $0 
Seat 6: SeEevg
Seat 1: Emily_GetMan (button) folded before Flop (didn't bet)
Seat 3: Tiktak8025 (small blind) collected ($2)
Seat 4: Y_19 (big blind) folded before Flop
Seat 5: ddyyjj folded before Flop (didn't bet)



PokerStars Hand #254716555647:  Hold'em No Limit ($0.50/$1.00 USD) - 2025/02/05 10:04:26 WET [2025/02/05 5:04:26 ET]
Table 'Hippodamia' 6-max Seat #3 is the button
Seat 6: SeEevg ($100 in chips) is sitting out
Seat 1: Emily_GetMan ($155 in chips) 
Seat 3: Tiktak8025 ($78.62 in chips) 
Seat 4: Y_19 ($100 in chips) 
Seat 5: ddyyjj ($112.15 in chips) 
Y_19: posts small blind $0.50
ddyyjj: posts big blind $1
SeEevg: sits out 
*** HOLE CARDS ***
Emily_GetMan: folds 
Tiktak8025: folds 
Y_19: folds 
Uncalled bet ($0.50) returned to ddyyjj
ddyyjj collected $1 from pot
*** SUMMARY ***
Total pot $1 | Rake $0 
Seat 6: SeEevg
Seat 1: Emily_GetMan folded before Flop (didn't bet)
Seat 3: Tiktak8025 (button) folded before Flop (didn't bet)
Seat 4: Y_19 (small blind) folded before Flop
Seat 5: ddyyjj (big blind) collected ($1)



PokerStars Hand #254716556826:  Hold'em No Limit ($0.50/$1.00 USD) - 2025/02/05 10:04:37 WET [2025/02/05 5:04:37 ET]
Table 'Hippodamia' 6-max Seat #4 is the button
Seat 1: Emily_GetMan ($155 in chips) 
Seat 3: Tiktak8025 ($78.62 in chips) 
Seat 4: Y_19 ($100 in chips) 
Seat 5: ddyyjj ($112.65 in chips) 
Seat 6: SeEevg ($100 in chips) 
ddyyjj: posts small blind $0.50
SeEevg: posts big blind $1
*** HOLE CARDS ***
Emily_GetMan: folds 
Tiktak8025: folds 
Y_19: raises $1.23 to $2.23
ddyyjj: folds 
SeEevg: raises $9.77 to $12
Y_19: folds 
Uncalled bet ($9.77) returned to SeEevg
SeEevg collected $4.96 from pot
SeEevg: doesn't show hand 
*** SUMMARY ***
Total pot $4.96 | Rake $0 
Seat 1: Emily_GetMan folded before Flop (didn't bet)
Seat 3: Tiktak8025 folded before Flop (didn't bet)
Seat 4: Y_19 (button) folded before Flop
Seat 5: ddyyjj (small blind) folded before Flop
Seat 6: SeEevg (big blind) collected ($4.96)



PokerStars Hand #254716560647:  Hold'em No Limit ($0.50/$1.00 USD) - 2025/02/05 10:05:13 WET [2025/02/05 5:05:13 ET]
Table 'Hippodamia' 6-max Seat #5 is the button
Seat 1: Emily_GetMan ($155 in chips) 
Seat 3: Tiktak8025 ($78.62 in chips) 
Seat 4: Y_19 ($100 in chips) 
Seat 5: ddyyjj ($112.15 in chips) 
Seat 6: SeEevg ($102.73 in chips) 
SeEevg: posts small blind $0.50
Emily_GetMan: posts big blind $1
*** HOLE CARDS ***
Tiktak8025: folds 
Y_19: folds 
ddyyjj: raises $1.50 to $2.50
SeEevg: folds 
Emily_GetMan: folds 
Uncalled bet ($1.50) returned to ddyyjj
ddyyjj collected $2.50 from pot
*** SUMMARY ***
Total pot $2.50 | Rake $0 
Seat 1: Emily_GetMan (big blind) folded before Flop
Seat 3: Tiktak8025 folded before Flop (didn't bet)
Seat 4: Y_19 folded before Flop (didn't bet)
Seat 5: ddyyjj (button) collected ($2.50)
Seat 6: SeEevg (small blind) folded before Flop



PokerStars Hand #254716562638:  Hold'em No Limit ($0.50/$1.00 USD) - 2025/02/05 10:05:33 WET [2025/02/05 5:05:33 ET]
Table 'Hippodamia' 6-max Seat #6 is the button
Seat 1: Emily_GetMan ($154 in chips) 
Seat 3: Tiktak8025 ($78.62 in chips) 
Seat 4: Y_19 ($100 in chips) 
Seat 5: ddyyjj ($113.65 in chips) 
Seat 6: SeEevg ($102.23 in chips) 
Emily_GetMan: posts small blind $0.50
Tiktak8025: posts big blind $1
*** HOLE CARDS ***
Y_19: folds 
ddyyjj: folds 
SeEevg: folds 
Emily_GetMan: folds 
Uncalled bet ($0.50) returned to Tiktak8025
Tiktak8025 collected $1 from pot
*** SUMMARY ***
Total pot $1 | Rake $0 
Seat 1: Emily_GetMan (small blind) folded before Flop
Seat 3: Tiktak8025 (big blind) collected ($1)
Seat 4: Y_19 folded before Flop (didn't bet)
Seat 5: ddyyjj folded before Flop (didn't bet)
Seat 6: SeEevg (button) folded before Flop (didn't bet)



PokerStars Hand #254716563568:  Hold'em No Limit ($0.50/$1.00 USD) - 2025/02/05 10:05:42 WET [2025/02/05 5:05:42 ET]
Table 'Hippodamia' 6-max Seat #1 is the button
Seat 1: Emily_GetMan ($153.50 in chips) 
Seat 3: Tiktak8025 ($79.12 in chips) 
Seat 4: Y_19 ($100 in chips) 
Seat 5: ddyyjj ($113.65 in chips) 
Seat 6: SeEevg ($102.23 in chips) 
Tiktak8025: posts small blind $0.50
Y_19: posts big blind $1
*** HOLE CARDS ***
ddyyjj: folds 
SeEevg: folds 
Emily_GetMan: folds 
Tiktak8025: folds 
Uncalled bet ($0.50) returned to Y_19
Y_19 collected $1 from pot
Y_19: doesn't show hand 
*** SUMMARY ***
Total pot $1 | Rake $0 
Seat 1: Emily_GetMan (button) folded before Flop (didn't bet)
Seat 3: Tiktak8025 (small blind) folded before Flop
Seat 4: Y_19 (big blind) collected ($1)
Seat 5: ddyyjj folded before Flop (didn't bet)
Seat 6: SeEevg folded before Flop (didn't bet)



PokerStars Hand #254716564483:  Hold'em No Limit ($0.50/$1.00 USD) - 2025/02/05 10:05:51 WET [2025/02/05 5:05:51 ET]
Table 'Hippodamia' 6-max Seat #3 is the button
Seat 1: Emily_GetMan ($153.50 in chips) 
Seat 3: Tiktak8025 ($78.62 in chips) 
Seat 4: Y_19 ($100.50 in chips) 
Seat 5: ddyyjj ($113.65 in chips) 
Seat 6: SeEevg ($102.23 in chips) 
Y_19: posts small blind $0.50
ddyyjj: posts big blind $1
*** HOLE CARDS ***
SeEevg: raises $1.50 to $2.50
Emily_GetMan: folds 
Tiktak8025: raises $6.50 to $9
Y_19: folds 
ddyyjj: folds 
SeEevg: folds 
Uncalled bet ($6.50) returned to Tiktak8025
Tiktak8025 collected $6.50 from pot
*** SUMMARY ***
Total pot $6.50 | Rake $0 
Seat 1: Emily_GetMan folded before Flop (didn't bet)
Seat 3: Tiktak8025 (button) collected ($6.50)
Seat 4: Y_19 (small blind) folded before Flop
Seat 5: ddyyjj (big blind) folded before Flop
Seat 6: SeEevg folded before Flop



PokerStars Hand #254716566786:  Hold'em No Limit ($0.50/$1.00 USD) - 2025/02/05 10:06:13 WET [2025/02/05 5:06:13 ET]
Table 'Hippodamia' 6-max Seat #4 is the button
Seat 1: Emily_GetMan ($153.50 in chips) 
Seat 3: Tiktak8025 ($82.62 in chips) 
Seat 4: Y_19 ($100 in chips) 
Seat 5: ddyyjj ($112.65 in chips) 
Seat 6: SeEevg ($100 in chips) 
ddyyjj: posts small blind $0.50
SeEevg: posts big blind $1
*** HOLE CARDS ***
Emily_GetMan: raises $1 to $2
Tiktak8025: folds 
Y_19: folds 
ddyyjj: folds 
trueYes.3970 joins the table at seat #2 
trueYes.3970 is disconnected 
SeEevg: calls $1
*** FLOP *** [Kd 5c 8d]
SeEevg: checks 
Emily_GetMan: checks 
*** TURN *** [Kd 5c 8d] [3d]
SeEevg: bets $3.21
Emily_GetMan: folds 
Uncalled bet ($3.21) returned to SeEevg
SeEevg collected $4.28 from pot
SeEevg: doesn't show hand 
*** SUMMARY ***
Total pot $4.50 | Rake $0.22 
Board [Kd 5c 8d 3d]
Seat 1: Emily_GetMan folded on the Turn
Seat 3: Tiktak8025 folded before Flop (didn't bet)
Seat 4: Y_19 (button) folded before Flop (didn't bet)
Seat 5: ddyyjj (small blind) folded before Flop
Seat 6: SeEevg (big blind) collected ($4.28)



PokerStars Hand #254716572552:  Hold'em No Limit ($0.50/$1.00 USD) - 2025/02/05 10:07:09 WET [2025/02/05 5:07:09 ET]
Table 'Hippodamia' 6-max Seat #5 is the button
Seat 1: Emily_GetMan ($151.50 in chips) 
Seat 2: trueYes.3970 ($12.17 in chips) 
Seat 3: Tiktak8025 ($82.62 in chips) 
Seat 4: Y_19 ($100 in chips) 
Seat 5: ddyyjj ($112.15 in chips) 
Seat 6: SeEevg ($102.28 in chips) 
SeEevg: posts small blind $0.50
Emily_GetMan: posts big blind $1
trueYes.3970: posts big blind $1
*** HOLE CARDS ***
trueYes.3970: raises $2.50 to $3.50
Tiktak8025: folds 
Y_19: folds 
ddyyjj: folds 
SeEevg: folds 
Emily_GetMan: folds 
Uncalled bet ($2.50) returned to trueYes.3970
trueYes.3970 collected $2.50 from pot
*** SUMMARY ***
Total pot $2.50 | Rake $0 
Seat 1: Emily_GetMan (big blind) folded before Flop
Seat 2: trueYes.3970 collected ($2.50)
Seat 3: Tiktak8025 folded before Flop (didn't bet)
Seat 4: Y_19 folded before Flop (didn't bet)
Seat 5: ddyyjj (button) folded before Flop (didn't bet)
Seat 6: SeEevg (small blind) folded before Flop



PokerStars Hand #254716574307:  Hold'em No Limit ($0.50/$1.00 USD) - 2025/02/05 10:07:27 WET [2025/02/05 5:07:27 ET]
Table 'Hippodamia' 6-max Seat #6 is the button
Seat 1: Emily_GetMan ($150.50 in chips) 
Seat 2: trueYes.3970 ($13.67 in chips) 
Seat 3: Tiktak8025 ($82.62 in chips) 
Seat 4: Y_19 ($100 in chips) 
Seat 5: ddyyjj ($112.15 in chips) 
Seat 6: SeEevg ($101.78 in chips) 
Emily_GetMan: posts small blind $0.50
trueYes.3970: posts big blind $1
*** HOLE CARDS ***
Tiktak8025: raises $1 to $2
Y_19: folds 
ddyyjj: folds 
SeEevg: folds 
Emily_GetMan: folds 
trueYes.3970: folds 
Uncalled bet ($1) returned to Tiktak8025
Tiktak8025 collected $2.50 from pot
*** SUMMARY ***
Total pot $2.50 | Rake $0 
Seat 1: Emily_GetMan (small blind) folded before Flop
Seat 2: trueYes.3970 (big blind) folded before Flop
Seat 3: Tiktak8025 collected ($2.50)
Seat 4: Y_19 folded before Flop (didn't bet)
Seat 5: ddyyjj folded before Flop (didn't bet)
Seat 6: SeEevg (button) folded before Flop (didn't bet)



PokerStars Hand #254716575766:  Hold'em No Limit ($0.50/$1.00 USD) - 2025/02/05 10:07:41 WET [2025/02/05 5:07:41 ET]
Table 'Hippodamia' 6-max Seat #1 is the button
Seat 1: Emily_GetMan ($150 in chips) 
Seat 2: trueYes.3970 ($12.67 in chips) 
Seat 3: Tiktak8025 ($84.12 in chips) 
Seat 4: Y_19 ($100 in chips) 
Seat 5: ddyyjj ($112.15 in chips) 
Seat 6: SeEevg ($101.78 in chips) 
trueYes.3970: posts small blind $0.50
Tiktak8025: posts big blind $1
*** HOLE CARDS ***
Y_19: folds 
ddyyjj: folds 
SeEevg: raises $1.50 to $2.50
Emily_GetMan: folds 
trueYes.3970: folds 
Tiktak8025: calls $1.50
*** FLOP *** [9s Kc Kh]
Tiktak8025: checks 
SeEevg: bets $1.72
Tiktak8025: calls $1.72
*** TURN *** [9s Kc Kh] [5c]
Tiktak8025: checks 
SeEevg: bets $10.61
Tiktak8025: folds 
Uncalled bet ($10.61) returned to SeEevg
SeEevg collected $8.49 from pot
SeEevg: doesn't show hand 
*** SUMMARY ***
Total pot $8.94 | Rake $0.45 
Board [9s Kc Kh 5c]
Seat 1: Emily_GetMan (button) folded before Flop (didn't bet)
Seat 2: trueYes.3970 (small blind) folded before Flop
Seat 3: Tiktak8025 (big blind) folded on the Turn
Seat 4: Y_19 folded before Flop (didn't bet)
Seat 5: ddyyjj folded before Flop (didn't bet)
Seat 6: SeEevg collected ($8.49)



PokerStars Hand #254716583026:  Hold'em No Limit ($0.50/$1.00 USD) - 2025/02/05 10:08:50 WET [2025/02/05 5:08:50 ET]
Table 'Hippodamia' 6-max Seat #2 is the button
Seat 1: Emily_GetMan ($150 in chips) 
Seat 2: trueYes.3970 ($12.17 in chips) 
Seat 3: Tiktak8025 ($79.90 in chips) 
Seat 4: Y_19 ($100 in chips) 
Seat 5: ddyyjj ($112.15 in chips) 
Seat 6: SeEevg ($106.05 in chips) 
Tiktak8025: posts small blind $0.50
Y_19: posts big blind $1
*** HOLE CARDS ***
ddyyjj: folds 
SeEevg: folds 
Emily_GetMan: folds 
trueYes.3970: folds 
Tiktak8025: raises $1 to $2
Y_19: calls $1
*** FLOP *** [3h 5c Qs]
Tiktak8025: checks 
Y_19: checks 
*** TURN *** [3h 5c Qs] [9h]
Tiktak8025: checks 
Y_19: checks 
*** RIVER *** [3h 5c Qs 9h] [Jd]
Tiktak8025: bets $1.90
Y_19: calls $1.90
*** SHOW DOWN ***
Tiktak8025: shows [7s 6d] (high card Queen)
Y_19: shows [Jh 2d] (a pair of Jacks)
Y_19 collected $7.41 from pot
*** SUMMARY ***
Total pot $7.80 | Rake $0.39 
Board [3h 5c Qs 9h Jd]
Seat 1: Emily_GetMan folded before Flop (didn't bet)
Seat 2: trueYes.3970 (button) folded before Flop (didn't bet)
Seat 3: Tiktak8025 (small blind) showed [7s 6d] and lost with high card Queen
Seat 4: Y_19 (big blind) showed [Jh 2d] and won ($7.41) with a pair of Jacks
Seat 5: ddyyjj folded before Flop (didn't bet)
Seat 6: SeEevg folded before Flop (didn't bet)



PokerStars Hand #254716587798:  Hold'em No Limit ($0.50/$1.00 USD) - 2025/02/05 10:09:36 WET [2025/02/05 5:09:36 ET]
Table 'Hippodamia' 6-max Seat #3 is the button
Seat 1: Emily_GetMan ($150 in chips) 
Seat 2: trueYes.3970 ($12.17 in chips) 
Seat 3: Tiktak8025 ($76 in chips) 
Seat 4: Y_19 ($103.51 in chips) 
Seat 5: ddyyjj ($112.15 in chips) 
Seat 6: SeEevg ($106.05 in chips) 
Y_19: posts small blind $0.50
ddyyjj: posts big blind $1
*** HOLE CARDS ***
SeEevg: folds 
Emily_GetMan: folds 
trueYes.3970: raises $1.15 to $2.15
Tiktak8025: calls $2.15
Y_19: folds 
ddyyjj: raises $7.85 to $10
trueYes.3970: folds 
Tiktak8025: folds 
Uncalled bet ($7.85) returned to ddyyjj
ddyyjj collected $6.95 from pot
*** SUMMARY ***
Total pot $6.95 | Rake $0 
Seat 1: Emily_GetMan folded before Flop (didn't bet)
Seat 2: trueYes.3970 folded before Flop
Seat 3: Tiktak8025 (button) folded before Flop
Seat 4: Y_19 (small blind) folded before Flop
Seat 5: ddyyjj (big blind) collected ($6.95)
Seat 6: SeEevg folded before Flop (didn't bet)



PokerStars Hand #254716591484:  Hold'em No Limit ($0.50/$1.00 USD) - 2025/02/05 10:10:11 WET [2025/02/05 5:10:11 ET]
Table 'Hippodamia' 6-max Seat #4 is the button
Seat 1: Emily_GetMan ($150 in chips) 
Seat 2: trueYes.3970 ($10.02 in chips) 
Seat 3: Tiktak8025 ($73.85 in chips) 
Seat 4: Y_19 ($103.01 in chips) 
Seat 5: ddyyjj ($116.95 in chips) 
Seat 6: SeEevg ($106.05 in chips) 
ddyyjj: posts small blind $0.50
SeEevg: posts big blind $1
*** HOLE CARDS ***
Emily_GetMan: raises $1 to $2
trueYes.3970: raises $8.02 to $10.02 and is all-in
Tiktak8025: folds 
Y_19: folds 
ddyyjj: folds 
SeEevg: folds 
Emily_GetMan: calls $8.02
*** FLOP *** [5c 8d 5h]
*** TURN *** [5c 8d 5h] [2h]
*** RIVER *** [5c 8d 5h 2h] [9s]
*** SHOW DOWN ***
Emily_GetMan: shows [7d 7c] (two pair, Sevens and Fives)
trueYes.3970: shows [Kc Ah] (a pair of Fives)
Emily_GetMan collected $20.46 from pot
*** SUMMARY ***
Total pot $21.54 | Rake $1.08 
Board [5c 8d 5h 2h 9s]
Seat 1: Emily_GetMan showed [7d 7c] and won ($20.46) with two pair, Sevens and Fives
Seat 2: trueYes.3970 showed [Kc Ah] and lost with a pair of Fives
Seat 3: Tiktak8025 folded before Flop (didn't bet)
Seat 4: Y_19 (button) folded before Flop (didn't bet)
Seat 5: ddyyjj (small blind) folded before Flop
Seat 6: SeEevg (big blind) folded before Flop



PokerStars Hand #254716595579:  Hold'em No Limit ($0.50/$1.00 USD) - 2025/02/05 10:10:49 WET [2025/02/05 5:10:49 ET]
Table 'Hippodamia' 6-max Seat #5 is the button
Seat 2: trueYes.3970 ($0 in chips) is sitting out
Seat 1: Emily_GetMan ($160.44 in chips) 
Seat 3: Tiktak8025 ($73.85 in chips) 
Seat 4: Y_19 ($103.01 in chips) 
Seat 5: ddyyjj ($116.45 in chips) 
Seat 6: SeEevg ($105.05 in chips) 
SeEevg: posts small blind $0.50
Emily_GetMan: posts big blind $1
*** HOLE CARDS ***
Tiktak8025: raises $2.50 to $3.50
Y_19: calls $3.50
ddyyjj: folds 
trueYes.3970 leaves the table
SeEevg: folds 
Emily_GetMan: folds 
*** FLOP *** [9c Ks 8d]
Tiktak8025: checks 
Y_19: checks 
*** TURN *** [9c Ks 8d] [9h]
Tiktak8025: bets $4.04
Y_19: calls $4.04
*** RIVER *** [9c Ks 8d 9h] [7d]
Tiktak8025: bets $15.75
Y_19: folds 
Uncalled bet ($15.75) returned to Tiktak8025
Tiktak8025 collected $15.54 from pot
*** SUMMARY ***
Total pot $16.58 | Rake $1.04 
Board [9c Ks 8d 9h 7d]
Seat 2: trueYes.3970
Seat 1: Emily_GetMan (big blind) folded before Flop
Seat 3: Tiktak8025 collected ($15.54)
Seat 4: Y_19 folded on the River
Seat 5: ddyyjj (button) folded before Flop (didn't bet)
Seat 6: SeEevg (small blind) folded before Flop



PokerStars Hand #254716603032:  Hold'em No Limit ($0.50/$1.00 USD) - 2025/02/05 10:11:59 WET [2025/02/05 5:11:59 ET]
Table 'Hippodamia' 6-max Seat #6 is the button
Seat 1: Emily_GetMan ($159.44 in chips) 
Seat 3: Tiktak8025 ($81.85 in chips) 
Seat 4: Y_19 ($100 in chips) 
Seat 5: ddyyjj ($116.45 in chips) 
Seat 6: SeEevg ($104.55 in chips) 
Emily_GetMan: posts small blind $0.50
Tiktak8025: posts big blind $1
*** HOLE CARDS ***
Y_19: folds 
ddyyjj: folds 
Pon4uk.ua joins the table at seat #2 
SeEevg: folds 
Emily_GetMan: folds 
Uncalled bet ($0.50) returned to Tiktak8025
Tiktak8025 collected $1 from pot
*** SUMMARY ***
Total pot $1 | Rake $0 
Seat 1: Emily_GetMan (small blind) folded before Flop
Seat 3: Tiktak8025 (big blind) collected ($1)
Seat 4: Y_19 folded before Flop (didn't bet)
Seat 5: ddyyjj folded before Flop (didn't bet)
Seat 6: SeEevg (button) folded before Flop (didn't bet)



PokerStars Hand #254716605533:  Hold'em No Limit ($0.50/$1.00 USD) - 2025/02/05 10:12:22 WET [2025/02/05 5:12:22 ET]
Table 'Hippodamia' 6-max Seat #1 is the button
Seat 2: Pon4uk.ua ($100 in chips) is sitting out
Seat 1: Emily_GetMan ($158.94 in chips) 
Seat 3: Tiktak8025 ($82.35 in chips) 
Seat 4: Y_19 ($100 in chips) 
Seat 5: ddyyjj ($116.45 in chips) 
Seat 6: SeEevg ($104.55 in chips) 
Tiktak8025: posts small blind $0.50
Y_19: posts big blind $1
*** HOLE CARDS ***
ddyyjj: folds 
SeEevg: raises $1.50 to $2.50
Emily_GetMan: folds 
Emily_GetMan leaves the table
Tiktak8025: calls $2
Y_19: folds 
*** FLOP *** [Ah Kh Qd]
Tiktak8025: checks 
SeEevg: bets $1.88
Tiktak8025: calls $1.88
*** TURN *** [Ah Kh Qd] [2c]
Tiktak8025: checks 
SeEevg: bets $3.06
Tiktak8025: calls $3.06
*** RIVER *** [Ah Kh Qd 2c] [9s]
Tiktak8025: checks 
SeEevg: checks 
*** SHOW DOWN ***
Tiktak8025: shows [Ks 5c] (a pair of Kings)
SeEevg: shows [4d Ad] (a pair of Aces)
SeEevg collected $15.09 from pot
*** SUMMARY ***
Total pot $15.88 | Rake $0.79 
Board [Ah Kh Qd 2c 9s]
Seat 2: Pon4uk.ua
Seat 1: Emily_GetMan (button) folded before Flop (didn't bet)
Seat 3: Tiktak8025 (small blind) showed [Ks 5c] and lost with a pair of Kings
Seat 4: Y_19 (big blind) folded before Flop
Seat 5: ddyyjj folded before Flop (didn't bet)
Seat 6: SeEevg showed [4d Ad] and won ($15.09) with a pair of Aces



PokerStars Hand #254716474784:  Hold'em No Limit ($0.50/$1.00 USD) - 2025/02/05 9:50:24 WET [2025/02/05 4:50:24 ET]
Table 'Hippodamia' 6-max Seat #5 is the button
Seat 1: Emily_GetMan ($145.48 in chips) 
Seat 2: ptolejmus ($10 in chips) 
Seat 3: Chumslinger ($81.70 in chips) 
Seat 4: VahTang_89 ($100 in chips) 
Seat 5: Consig|iori ($100 in chips) 
Seat 6: stef.shark.1 ($82.08 in chips) 
stef.shark.1: posts small blind $0.50
Emily_GetMan: posts big blind $1
*** HOLE CARDS ***
ptolejmus: folds 
Chumslinger: folds 
VahTang_89: folds 
Consig|iori: folds 
stef.shark.1: calls $0.50
Emily_GetMan: raises $3 to $4
stef.shark.1: calls $3
*** FLOP *** [2d Kh 3h]
stef.shark.1: checks 
Emily_GetMan: bets $3.50
stef.shark.1: folds 
Uncalled bet ($3.50) returned to Emily_GetMan
Emily_GetMan collected $7.60 from pot
Emily_GetMan: doesn't show hand 
*** SUMMARY ***
Total pot $8 | Rake $0.40 
Board [2d Kh 3h]
Seat 1: Emily_GetMan (big blind) collected ($7.60)
Seat 2: ptolejmus folded before Flop (didn't bet)
Seat 3: Chumslinger folded before Flop (didn't bet)
Seat 4: VahTang_89 folded before Flop (didn't bet)
Seat 5: Consig|iori (button) folded before Flop (didn't bet)
Seat 6: stef.shark.1 (small blind) folded on the Flop



PokerStars Hand #254716477751:  Hold'em No Limit ($0.50/$1.00 USD) - 2025/02/05 9:50:54 WET [2025/02/05 4:50:54 ET]
Table 'Hippodamia' 6-max Seat #6 is the button
Seat 1: Emily_GetMan ($149.08 in chips) 
Seat 2: ptolejmus ($10 in chips) 
Seat 3: Chumslinger ($81.70 in chips) 
Seat 4: VahTang_89 ($100 in chips) 
Seat 5: Consig|iori ($100 in chips) 
Seat 6: stef.shark.1 ($78.08 in chips) 
Emily_GetMan: posts small blind $0.50
ptolejmus: posts big blind $1
*** HOLE CARDS ***
Chumslinger: folds 
VahTang_89: folds 
Consig|iori: raises $1.40 to $2.40
stef.shark.1: calls $2.40
Emily_GetMan: folds 
ptolejmus: folds 
*** FLOP *** [8c Ac As]
Consig|iori: bets $1.97
stef.shark.1: raises $1.97 to $3.94
Consig|iori: folds 
Uncalled bet ($1.97) returned to stef.shark.1
stef.shark.1 collected $9.73 from pot
*** SUMMARY ***
Total pot $10.24 | Rake $0.51 
Board [8c Ac As]
Seat 1: Emily_GetMan (small blind) folded before Flop
Seat 2: ptolejmus (big blind) folded before Flop
Seat 3: Chumslinger folded before Flop (didn't bet)
Seat 4: VahTang_89 folded before Flop (didn't bet)
Seat 5: Consig|iori folded on the Flop
Seat 6: stef.shark.1 (button) collected ($9.73)



PokerStars Hand #254716481855:  Hold'em No Limit ($0.50/$1.00 USD) - 2025/02/05 9:51:35 WET [2025/02/05 4:51:35 ET]
Table 'Hippodamia' 6-max Seat #1 is the button
Seat 1: Emily_GetMan ($148.58 in chips) 
Seat 2: ptolejmus ($10 in chips) 
Seat 3: Chumslinger ($81.70 in chips) 
Seat 4: VahTang_89 ($100 in chips) 
Seat 5: Consig|iori ($100 in chips) 
Seat 6: stef.shark.1 ($83.44 in chips) 
ptolejmus: posts small blind $0.50
Chumslinger: posts big blind $1
*** HOLE CARDS ***
VahTang_89: folds 
Consig|iori: raises $1.40 to $2.40
stef.shark.1: folds 
Emily_GetMan: folds 
ptolejmus: folds 
Chumslinger is disconnected 
Chumslinger has timed out while disconnected
Chumslinger: folds 
Uncalled bet ($1.40) returned to Consig|iori
Consig|iori collected $2.50 from pot
Consig|iori: doesn't show hand 
*** SUMMARY ***
Total pot $2.50 | Rake $0 
Seat 1: Emily_GetMan (button) folded before Flop (didn't bet)
Seat 2: ptolejmus (small blind) folded before Flop
Seat 3: Chumslinger (big blind) folded before Flop
Seat 4: VahTang_89 folded before Flop (didn't bet)
Seat 5: Consig|iori collected ($2.50)
Seat 6: stef.shark.1 folded before Flop (didn't bet)



PokerStars Hand #254716486961:  Hold'em No Limit ($0.50/$1.00 USD) - 2025/02/05 9:52:24 WET [2025/02/05 4:52:24 ET]
Table 'Hippodamia' 6-max Seat #2 is the button
Seat 3: Chumslinger ($80.70 in chips) is sitting out
Seat 1: Emily_GetMan ($148.58 in chips) 
Seat 2: ptolejmus ($10 in chips) 
Seat 4: VahTang_89 ($100 in chips) 
Seat 5: Consig|iori ($101.50 in chips) 
Seat 6: stef.shark.1 ($83.44 in chips) 
VahTang_89: posts small blind $0.50
Consig|iori: posts big blind $1
*** HOLE CARDS ***
stef.shark.1: calls $1
Emily_GetMan: raises $3 to $4
ptolejmus: folds 
VahTang_89: folds 
Consig|iori: folds 
stef.shark.1: folds 
Uncalled bet ($3) returned to Emily_GetMan
Emily_GetMan collected $3.50 from pot
Emily_GetMan: doesn't show hand 
*** SUMMARY ***
Total pot $3.50 | Rake $0 
Seat 3: Chumslinger
Seat 1: Emily_GetMan collected ($3.50)
Seat 2: ptolejmus (button) folded before Flop (didn't bet)
Seat 4: VahTang_89 (small blind) folded before Flop
Seat 5: Consig|iori (big blind) folded before Flop
Seat 6: stef.shark.1 folded before Flop



PokerStars Hand #254716489326:  Hold'em No Limit ($0.50/$1.00 USD) - 2025/02/05 9:52:48 WET [2025/02/05 4:52:48 ET]
Table 'Hippodamia' 6-max Seat #4 is the button
Seat 3: Chumslinger ($80.70 in chips) is sitting out
Seat 1: Emily_GetMan ($151.08 in chips) 
Seat 2: ptolejmus ($10 in chips) 
Seat 4: VahTang_89 ($100 in chips) 
Seat 5: Consig|iori ($100.50 in chips) 
Seat 6: stef.shark.1 ($82.44 in chips) 
Consig|iori: posts small blind $0.50
stef.shark.1: posts big blind $1
*** HOLE CARDS ***
Emily_GetMan: folds 
ptolejmus: folds 
VahTang_89: raises $1.20 to $2.20
Consig|iori: calls $1.70
stef.shark.1: folds 
*** FLOP *** [2s 7s Js]
Consig|iori: checks 
VahTang_89: bets $1.69
Consig|iori: raises $3.81 to $5.50
VahTang_89: folds 
Uncalled bet ($3.81) returned to Consig|iori
Consig|iori collected $8.34 from pot
Consig|iori: doesn't show hand 
*** SUMMARY ***
Total pot $8.78 | Rake $0.44 
Board [2s 7s Js]
Seat 3: Chumslinger
Seat 1: Emily_GetMan folded before Flop (didn't bet)
Seat 2: ptolejmus folded before Flop (didn't bet)
Seat 4: VahTang_89 (button) folded on the Flop
Seat 5: Consig|iori (small blind) collected ($8.34)
Seat 6: stef.shark.1 (big blind) folded before Flop



PokerStars Hand #254716493065:  Hold'em No Limit ($0.50/$1.00 USD) - 2025/02/05 9:53:24 WET [2025/02/05 4:53:24 ET]
Table 'Hippodamia' 6-max Seat #5 is the button
Seat 3: Chumslinger ($80.70 in chips) is sitting out
Seat 1: Emily_GetMan ($151.08 in chips) 
Seat 2: ptolejmus ($10 in chips) 
Seat 4: VahTang_89 ($100 in chips) 
Seat 5: Consig|iori ($104.95 in chips) 
Seat 6: stef.shark.1 ($81.44 in chips) 
stef.shark.1: posts small blind $0.50
Emily_GetMan: posts big blind $1
*** HOLE CARDS ***
ptolejmus: folds 
VahTang_89: folds 
Consig|iori: folds 
stef.shark.1: folds 
Uncalled bet ($0.50) returned to Emily_GetMan
Emily_GetMan collected $1 from pot
Emily_GetMan: doesn't show hand 
*** SUMMARY ***
Total pot $1 | Rake $0 
Seat 3: Chumslinger
Seat 1: Emily_GetMan (big blind) collected ($1)
Seat 2: ptolejmus folded before Flop (didn't bet)
Seat 4: VahTang_89 folded before Flop (didn't bet)
Seat 5: Consig|iori (button) folded before Flop (didn't bet)
Seat 6: stef.shark.1 (small blind) folded before Flop



PokerStars Hand #254716495067:  Hold'em No Limit ($0.50/$1.00 USD) - 2025/02/05 9:53:43 WET [2025/02/05 4:53:43 ET]
Table 'Hippodamia' 6-max Seat #6 is the button
Seat 3: Chumslinger ($80.70 in chips) is sitting out
Seat 1: Emily_GetMan ($151.58 in chips) 
Seat 2: ptolejmus ($10 in chips) 
Seat 4: VahTang_89 ($100 in chips) 
Seat 5: Consig|iori ($104.95 in chips) 
Seat 6: stef.shark.1 ($80.94 in chips) 
Emily_GetMan: posts small blind $0.50
ptolejmus: posts big blind $1
*** HOLE CARDS ***
VahTang_89: folds 
Consig|iori: folds 
stef.shark.1: raises $1 to $2
Emily_GetMan: folds 
ptolejmus: folds 
Uncalled bet ($1) returned to stef.shark.1
stef.shark.1 collected $2.50 from pot
*** SUMMARY ***
Total pot $2.50 | Rake $0 
Seat 3: Chumslinger
Seat 1: Emily_GetMan (small blind) folded before Flop
Seat 2: ptolejmus (big blind) folded before Flop
Seat 4: VahTang_89 folded before Flop (didn't bet)
Seat 5: Consig|iori folded before Flop (didn't bet)
Seat 6: stef.shark.1 (button) collected ($2.50)



PokerStars Hand #254716496754:  Hold'em No Limit ($0.50/$1.00 USD) - 2025/02/05 9:54:00 WET [2025/02/05 4:54:00 ET]
Table 'Hippodamia' 6-max Seat #1 is the button
Seat 3: Chumslinger ($80.70 in chips) is sitting out
Seat 1: Emily_GetMan ($151.08 in chips) 
Seat 2: ptolejmus ($10 in chips) 
Seat 4: VahTang_89 ($100 in chips) 
Seat 5: Consig|iori ($104.95 in chips) 
Seat 6: stef.shark.1 ($82.44 in chips) 
ptolejmus: posts small blind $0.50
VahTang_89: posts big blind $1
*** HOLE CARDS ***
Consig|iori: folds 
stef.shark.1: raises $1 to $2
Emily_GetMan: folds 
ptolejmus: folds 
VahTang_89: calls $1
*** FLOP *** [9d 4d 5s]
VahTang_89: checks 
stef.shark.1: checks 
*** TURN *** [9d 4d 5s] [Kc]
VahTang_89: checks 
stef.shark.1: checks 
*** RIVER *** [9d 4d 5s Kc] [Ts]
VahTang_89: checks 
stef.shark.1: bets $1
VahTang_89: folds 
Uncalled bet ($1) returned to stef.shark.1
stef.shark.1 collected $4.28 from pot
*** SUMMARY ***
Total pot $4.50 | Rake $0.22 
Board [9d 4d 5s Kc Ts]
Seat 3: Chumslinger
Seat 1: Emily_GetMan (button) folded before Flop (didn't bet)
Seat 2: ptolejmus (small blind) folded before Flop
Seat 4: VahTang_89 (big blind) folded on the River
Seat 5: Consig|iori folded before Flop (didn't bet)
Seat 6: stef.shark.1 collected ($4.28)



PokerStars Hand #254716610402:  Hold'em No Limit ($0.50/$1.00 USD) - 2025/02/05 10:13:08 WET [2025/02/05 5:13:08 ET]
Table 'Hippodamia' 6-max Seat #3 is the button
Seat 2: Pon4uk.ua ($100 in chips) is sitting out
Seat 3: Tiktak8025 ($74.91 in chips) 
Seat 4: Y_19 ($100 in chips) 
Seat 5: ddyyjj ($116.45 in chips) 
Seat 6: SeEevg ($112.20 in chips) 
Y_19: posts small blind $0.50
ddyyjj: posts big blind $1
Pon4uk.ua: sits out 
*** HOLE CARDS ***
SeEevg: raises $1.50 to $2.50
Tiktak8025: folds 
Y_19: folds 
ddyyjj: raises $7.50 to $10
SeEevg: raises $13 to $23
ddyyjj: calls $13
*** FLOP *** [7c 8h Qd]
filipbasheski joins the table at seat #1 
filipbasheski is disconnected 
ddyyjj: checks 
SeEevg: checks 
*** TURN *** [7c 8h Qd] [5c]
ddyyjj: checks 
SeEevg: checks 
*** RIVER *** [7c 8h Qd 5c] [3d]
ddyyjj: checks 
SeEevg: checks 
*** SHOW DOWN ***
ddyyjj: shows [Ad Td] (high card Ace)
SeEevg: shows [As Ts] (high card Ace)
ddyyjj collected $22.75 from pot
SeEevg collected $22.75 from pot
*** SUMMARY ***
Total pot $46.50 | Rake $1 
Board [7c 8h Qd 5c 3d]
Seat 2: Pon4uk.ua
Seat 3: Tiktak8025 (button) folded before Flop (didn't bet)
Seat 4: Y_19 (small blind) folded before Flop
Seat 5: ddyyjj (big blind) showed [Ad Td] and won ($22.75) with high card Ace
Seat 6: SeEevg showed [As Ts] and won ($22.75) with high card Ace



PokerStars Hand #254716620201:  Hold'em No Limit ($0.50/$1.00 USD) - 2025/02/05 10:14:39 WET [2025/02/05 5:14:39 ET]
Table 'Hippodamia' 6-max Seat #4 is the button
Seat 2: Pon4uk.ua ($100 in chips) is sitting out
Seat 1: filipbasheski ($10 in chips) 
Seat 3: Tiktak8025 ($74.91 in chips) 
Seat 4: Y_19 ($100 in chips) 
Seat 5: ddyyjj ($116.20 in chips) 
Seat 6: SeEevg ($111.95 in chips) 
ddyyjj: posts small blind $0.50
SeEevg: posts big blind $1
filipbasheski: posts big blind $1
Pon4uk.ua: sits out 
*** HOLE CARDS ***
filipbasheski: checks 
Tiktak8025: folds 
Y_19: folds 
ddyyjj: calls $0.50
SeEevg: checks 
*** FLOP *** [Ah 7s Th]
ddyyjj: checks 
SeEevg: checks 
filipbasheski: checks 
*** TURN *** [Ah 7s Th] [2s]
ddyyjj: checks 
SeEevg: checks 
filipbasheski: checks 
*** RIVER *** [Ah 7s Th 2s] [Ad]
ddyyjj: folds 
ddyyjj leaves the table
SeEevg: bets $1
filipbasheski: calls $1
*** SHOW DOWN ***
SeEevg: shows [8c 6s] (a pair of Aces)
filipbasheski: shows [Jd 7c] (two pair, Aces and Sevens)
filipbasheski collected $4.75 from pot
*** SUMMARY ***
Total pot $5 | Rake $0.25 
Board [Ah 7s Th 2s Ad]
Seat 2: Pon4uk.ua
Seat 1: filipbasheski showed [Jd 7c] and won ($4.75) with two pair, Aces and Sevens
Seat 3: Tiktak8025 folded before Flop (didn't bet)
Seat 4: Y_19 (button) folded before Flop (didn't bet)
Seat 5: ddyyjj (small blind) folded on the River
Seat 6: SeEevg (big blind) showed [8c 6s] and lost with a pair of Aces



PokerStars Hand #254716626317:  Hold'em No Limit ($0.50/$1.00 USD) - 2025/02/05 10:15:37 WET [2025/02/05 5:15:37 ET]
Table 'Hippodamia' 6-max Seat #6 is the button
Seat 1: filipbasheski ($12.75 in chips) 
Seat 2: Pon4uk.ua ($100 in chips) 
Seat 3: Tiktak8025 ($74.91 in chips) 
Seat 4: Y_19 ($100 in chips) 
Seat 6: SeEevg ($109.95 in chips) 
filipbasheski: posts small blind $0.50
Pon4uk.ua: posts big blind $1
*** HOLE CARDS ***
Tiktak8025: folds 
Y_19: folds 
SeEevg: folds 
filipbasheski: calls $0.50
Pon4uk.ua: checks 
*** FLOP *** [7c 8c Qs]
filipbasheski: checks 
NoonTime1991 joins the table at seat #5 
Pon4uk.ua: checks 
*** TURN *** [7c 8c Qs] [Ks]
filipbasheski: checks 
Pon4uk.ua: checks 
*** RIVER *** [7c 8c Qs Ks] [Kc]
filipbasheski: checks 
Pon4uk.ua: checks 
*** SHOW DOWN ***
filipbasheski: shows [5d 9h] (a pair of Kings)
Pon4uk.ua: mucks hand 
filipbasheski collected $1.90 from pot
*** SUMMARY ***
Total pot $2 | Rake $0.10 
Board [7c 8c Qs Ks Kc]
Seat 1: filipbasheski (small blind) showed [5d 9h] and won ($1.90) with a pair of Kings
Seat 2: Pon4uk.ua (big blind) mucked
Seat 3: Tiktak8025 folded before Flop (didn't bet)
Seat 4: Y_19 folded before Flop (didn't bet)
Seat 6: SeEevg (button) folded before Flop (didn't bet)



PokerStars Hand #254716632180:  Hold'em No Limit ($0.50/$1.00 USD) - 2025/02/05 10:16:32 WET [2025/02/05 5:16:32 ET]
Table 'Hippodamia' 6-max Seat #1 is the button
Seat 5: NoonTime1991 ($100 in chips) is sitting out
Seat 1: filipbasheski ($13.65 in chips) 
Seat 2: Pon4uk.ua ($100 in chips) 
Seat 3: Tiktak8025 ($74.91 in chips) 
Seat 4: Y_19 ($100 in chips) 
Seat 6: SeEevg ($109.95 in chips) 
Pon4uk.ua: posts small blind $0.50
Tiktak8025: posts big blind $1
NoonTime1991: sits out 
*** HOLE CARDS ***
Y_19: folds 
SeEevg: folds 
filipbasheski: folds 
Pon4uk.ua: raises $2 to $3
Tiktak8025: folds 
Uncalled bet ($2) returned to Pon4uk.ua
Pon4uk.ua collected $2 from pot
Pon4uk.ua: doesn't show hand 
*** SUMMARY ***
Total pot $2 | Rake $0 
Seat 5: NoonTime1991
Seat 1: filipbasheski (button) folded before Flop (didn't bet)
Seat 2: Pon4uk.ua (small blind) collected ($2)
Seat 3: Tiktak8025 (big blind) folded before Flop
Seat 4: Y_19 folded before Flop (didn't bet)
Seat 6: SeEevg folded before Flop (didn't bet)



PokerStars Hand #254716633274:  Hold'em No Limit ($0.50/$1.00 USD) - 2025/02/05 10:16:43 WET [2025/02/05 5:16:43 ET]
Table 'Hippodamia' 6-max Seat #2 is the button
Seat 5: NoonTime1991 ($100 in chips) is sitting out
Seat 1: filipbasheski ($13.65 in chips) 
Seat 2: Pon4uk.ua ($101 in chips) 
Seat 3: Tiktak8025 ($73.91 in chips) 
Seat 4: Y_19 ($100 in chips) 
Seat 6: SeEevg ($109.95 in chips) 
Tiktak8025: posts small blind $0.50
Y_19: posts big blind $1
NoonTime1991: sits out 
*** HOLE CARDS ***
SeEevg: folds 
filipbasheski: folds 
Pon4uk.ua: raises $1.50 to $2.50
Tiktak8025: folds 
Y_19: calls $1.50
*** FLOP *** [Kh Qh 5d]
Y_19: checks 
Pon4uk.ua: bets $1.72
Y_19: calls $1.72
*** TURN *** [Kh Qh 5d] [2s]
Y_19: checks 
Pon4uk.ua: checks 
*** RIVER *** [Kh Qh 5d 2s] [2h]
Y_19: checks 
Pon4uk.ua: checks 
*** SHOW DOWN ***
Y_19: shows [3s 3d] (two pair, Threes and Deuces)
Pon4uk.ua: mucks hand 
Y_19 collected $8.49 from pot
*** SUMMARY ***
Total pot $8.94 | Rake $0.45 
Board [Kh Qh 5d 2s 2h]
Seat 5: NoonTime1991
Seat 1: filipbasheski folded before Flop (didn't bet)
Seat 2: Pon4uk.ua (button) mucked
Seat 3: Tiktak8025 (small blind) folded before Flop
Seat 4: Y_19 (big blind) showed [3s 3d] and won ($8.49) with two pair, Threes and Deuces
Seat 6: SeEevg folded before Flop (didn't bet)



PokerStars Hand #254716638112:  Hold'em No Limit ($0.50/$1.00 USD) - 2025/02/05 10:17:28 WET [2025/02/05 5:17:28 ET]
Table 'Hippodamia' 6-max Seat #3 is the button
Seat 1: filipbasheski ($13.65 in chips) 
Seat 2: Pon4uk.ua ($100 in chips) 
Seat 3: Tiktak8025 ($73.41 in chips) 
Seat 4: Y_19 ($104.27 in chips) 
Seat 5: NoonTime1991 ($100 in chips) 
Seat 6: SeEevg ($109.95 in chips) 
Y_19: posts small blind $0.50
NoonTime1991: posts big blind $1
*** HOLE CARDS ***
SeEevg: folds 
filipbasheski: folds 
Pon4uk.ua: folds 
Tiktak8025: raises $1 to $2
Y_19: folds 
NoonTime1991: folds 
Uncalled bet ($1) returned to Tiktak8025
Tiktak8025 collected $2.50 from pot
*** SUMMARY ***
Total pot $2.50 | Rake $0 
Seat 1: filipbasheski folded before Flop (didn't bet)
Seat 2: Pon4uk.ua folded before Flop (didn't bet)
Seat 3: Tiktak8025 (button) collected ($2.50)
Seat 4: Y_19 (small blind) folded before Flop
Seat 5: NoonTime1991 (big blind) folded before Flop
Seat 6: SeEevg folded before Flop (didn't bet)



PokerStars Hand #254716639539:  Hold'em No Limit ($0.50/$1.00 USD) - 2025/02/05 10:17:42 WET [2025/02/05 5:17:42 ET]
Table 'Hippodamia' 6-max Seat #4 is the button
Seat 1: filipbasheski ($13.65 in chips) 
Seat 2: Pon4uk.ua ($100 in chips) 
Seat 3: Tiktak8025 ($74.91 in chips) 
Seat 4: Y_19 ($103.77 in chips) 
Seat 5: NoonTime1991 ($100 in chips) 
Seat 6: SeEevg ($109.95 in chips) 
NoonTime1991: posts small blind $0.50
SeEevg: posts big blind $1
*** HOLE CARDS ***
filipbasheski: folds 
Pon4uk.ua: raises $1 to $2
Tiktak8025: calls $2
Y_19: folds 
NoonTime1991: folds 
SeEevg: folds 
*** FLOP *** [Qh 7c 5c]
Pon4uk.ua: bets $2.61
Tiktak8025: calls $2.61
*** TURN *** [Qh 7c 5c] [4d]
Pon4uk.ua: checks 
Tiktak8025: checks 
*** RIVER *** [Qh 7c 5c 4d] [3d]
Pon4uk.ua: checks 
Tiktak8025: checks 
*** SHOW DOWN ***
Pon4uk.ua: shows [Th Jh] (high card Queen)
Tiktak8025: shows [Ts Jd] (high card Queen)
Pon4uk.ua collected $5.09 from pot
Tiktak8025 collected $5.02 from pot
*** SUMMARY ***
Total pot $10.72 | Rake $0.61 
Board [Qh 7c 5c 4d 3d]
Seat 1: filipbasheski folded before Flop (didn't bet)
Seat 2: Pon4uk.ua showed [Th Jh] and won ($5.09) with high card Queen
Seat 3: Tiktak8025 showed [Ts Jd] and won ($5.02) with high card Queen
Seat 4: Y_19 (button) folded before Flop (didn't bet)
Seat 5: NoonTime1991 (small blind) folded before Flop
Seat 6: SeEevg (big blind) folded before Flop



PokerStars Hand #254716644500:  Hold'em No Limit ($0.50/$1.00 USD) - 2025/02/05 10:18:27 WET [2025/02/05 5:18:27 ET]
Table 'Hippodamia' 6-max Seat #5 is the button
Seat 1: filipbasheski ($13.65 in chips) 
Seat 2: Pon4uk.ua ($100.48 in chips) 
Seat 3: Tiktak8025 ($75.32 in chips) 
Seat 4: Y_19 ($103.77 in chips) 
Seat 5: NoonTime1991 ($100 in chips) 
Seat 6: SeEevg ($108.95 in chips) 
SeEevg: posts small blind $0.50
filipbasheski: posts big blind $1
*** HOLE CARDS ***
Pon4uk.ua: raises $1 to $2
Tiktak8025: calls $2
Y_19: folds 
NoonTime1991: folds 
SeEevg: folds 
filipbasheski: calls $1
*** FLOP *** [8d Jh Ac]
filipbasheski: checks 
Pon4uk.ua: bets $2.04
Tiktak8025: folds 
filipbasheski: folds 
Uncalled bet ($2.04) returned to Pon4uk.ua
Pon4uk.ua collected $6.18 from pot
Pon4uk.ua: doesn't show hand 
*** SUMMARY ***
Total pot $6.50 | Rake $0.32 
Board [8d Jh Ac]
Seat 1: filipbasheski (big blind) folded on the Flop
Seat 2: Pon4uk.ua collected ($6.18)
Seat 3: Tiktak8025 folded on the Flop
Seat 4: Y_19 folded before Flop (didn't bet)
Seat 5: NoonTime1991 (button) folded before Flop (didn't bet)
Seat 6: SeEevg (small blind) folded before Flop



PokerStars Hand #254716650590:  Hold'em No Limit ($0.50/$1.00 USD) - 2025/02/05 10:19:23 WET [2025/02/05 5:19:23 ET]
Table 'Hippodamia' 6-max Seat #6 is the button
Seat 1: filipbasheski ($11.65 in chips) 
Seat 2: Pon4uk.ua ($104.66 in chips) 
Seat 3: Tiktak8025 ($73.32 in chips) 
Seat 4: Y_19 ($103.77 in chips) 
Seat 5: NoonTime1991 ($100 in chips) 
Seat 6: SeEevg ($108.45 in chips) 
filipbasheski: posts small blind $0.50
Pon4uk.ua: posts big blind $1
*** HOLE CARDS ***
Tiktak8025: folds 
Y_19: raises $1.23 to $2.23
NoonTime1991: folds 
SeEevg: folds 
filipbasheski: calls $1.73
Pon4uk.ua: folds 
*** FLOP *** [Qd Tc Jc]
filipbasheski: bets $9.42 and is all-in
Y_19: calls $9.42
*** TURN *** [Qd Tc Jc] [5d]
*** RIVER *** [Qd Tc Jc 5d] [8c]
*** SHOW DOWN ***
filipbasheski: shows [5c Qc] (a flush, Queen high)
Y_19: shows [Kh Ks] (a pair of Kings)
filipbasheski collected $23.08 from pot
*** SUMMARY ***
Total pot $24.30 | Rake $1.22 
Board [Qd Tc Jc 5d 8c]
Seat 1: filipbasheski (small blind) showed [5c Qc] and won ($23.08) with a flush, Queen high
Seat 2: Pon4uk.ua (big blind) folded before Flop
Seat 3: Tiktak8025 folded before Flop (didn't bet)
Seat 4: Y_19 showed [Kh Ks] and lost with a pair of Kings
Seat 5: NoonTime1991 folded before Flop (didn't bet)
Seat 6: SeEevg (button) folded before Flop (didn't bet)



PokerStars Hand #254716655406:  Hold'em No Limit ($0.50/$1.00 USD) - 2025/02/05 10:20:07 WET [2025/02/05 5:20:07 ET]
Table 'Hippodamia' 6-max Seat #1 is the button
Seat 1: filipbasheski ($23.08 in chips) 
Seat 2: Pon4uk.ua ($103.66 in chips) 
Seat 3: Tiktak8025 ($73.32 in chips) 
Seat 4: Y_19 ($100 in chips) 
Seat 5: NoonTime1991 ($100 in chips) 
Seat 6: SeEevg ($108.45 in chips) 
Pon4uk.ua: posts small blind $0.50
Tiktak8025: posts big blind $1
*** HOLE CARDS ***
Y_19: folds 
NoonTime1991: folds 
SeEevg: folds 
filipbasheski: calls $1
Pon4uk.ua: raises $3 to $4
Tiktak8025: folds 
filipbasheski: calls $3
*** FLOP *** [7h Td 8c]
Pon4uk.ua: bets $2.82
filipbasheski: calls $2.82
*** TURN *** [7h Td 8c] [3d]
Pon4uk.ua: bets $4.59
filipbasheski: folds 
Uncalled bet ($4.59) returned to Pon4uk.ua
Pon4uk.ua collected $13.91 from pot
Pon4uk.ua: doesn't show hand 
*** SUMMARY ***
Total pot $14.64 | Rake $0.73 
Board [7h Td 8c 3d]
Seat 1: filipbasheski (button) folded on the Turn
Seat 2: Pon4uk.ua (small blind) collected ($13.91)
Seat 3: Tiktak8025 (big blind) folded before Flop
Seat 4: Y_19 folded before Flop (didn't bet)
Seat 5: NoonTime1991 folded before Flop (didn't bet)
Seat 6: SeEevg folded before Flop (didn't bet)



PokerStars Hand #254716658649:  Hold'em No Limit ($0.50/$1.00 USD) - 2025/02/05 10:20:37 WET [2025/02/05 5:20:37 ET]
Table 'Hippodamia' 6-max Seat #2 is the button
Seat 1: filipbasheski ($16.26 in chips) 
Seat 2: Pon4uk.ua ($110.75 in chips) 
Seat 3: Tiktak8025 ($72.32 in chips) 
Seat 4: Y_19 ($100 in chips) 
Seat 5: NoonTime1991 ($100 in chips) 
Seat 6: SeEevg ($108.45 in chips) 
Tiktak8025: posts small blind $0.50
Y_19: posts big blind $1
*** HOLE CARDS ***
NoonTime1991: folds 
SeEevg: folds 
filipbasheski: folds 
Pon4uk.ua: folds 
Tiktak8025: folds 
Uncalled bet ($0.50) returned to Y_19
Y_19 collected $1 from pot
Y_19: doesn't show hand 
*** SUMMARY ***
Total pot $1 | Rake $0 
Seat 1: filipbasheski folded before Flop (didn't bet)
Seat 2: Pon4uk.ua (button) folded before Flop (didn't bet)
Seat 3: Tiktak8025 (small blind) folded before Flop
Seat 4: Y_19 (big blind) collected ($1)
Seat 5: NoonTime1991 folded before Flop (didn't bet)
Seat 6: SeEevg folded before Flop (didn't bet)



PokerStars Hand #254716659861:  Hold'em No Limit ($0.50/$1.00 USD) - 2025/02/05 10:20:48 WET [2025/02/05 5:20:48 ET]
Table 'Hippodamia' 6-max Seat #3 is the button
Seat 1: filipbasheski ($16.26 in chips) 
Seat 2: Pon4uk.ua ($110.75 in chips) 
Seat 3: Tiktak8025 ($71.82 in chips) 
Seat 4: Y_19 ($100.50 in chips) 
Seat 5: NoonTime1991 ($100 in chips) 
Seat 6: SeEevg ($108.45 in chips) 
Y_19: posts small blind $0.50
NoonTime1991: posts big blind $1
*** HOLE CARDS ***
SeEevg: folds 
filipbasheski: folds 
Pon4uk.ua: folds 
Tiktak8025: raises $2 to $3
Y_19: folds 
NoonTime1991: folds 
Uncalled bet ($2) returned to Tiktak8025
Tiktak8025 collected $2.50 from pot
*** SUMMARY ***
Total pot $2.50 | Rake $0 
Seat 1: filipbasheski folded before Flop (didn't bet)
Seat 2: Pon4uk.ua folded before Flop (didn't bet)
Seat 3: Tiktak8025 (button) collected ($2.50)
Seat 4: Y_19 (small blind) folded before Flop
Seat 5: NoonTime1991 (big blind) folded before Flop
Seat 6: SeEevg folded before Flop (didn't bet)



PokerStars Hand #254716661876:  Hold'em No Limit ($0.50/$1.00 USD) - 2025/02/05 10:21:07 WET [2025/02/05 5:21:07 ET]
Table 'Hippodamia' 6-max Seat #4 is the button
Seat 1: filipbasheski ($16.26 in chips) 
Seat 2: Pon4uk.ua ($110.75 in chips) 
Seat 3: Tiktak8025 ($73.32 in chips) 
Seat 4: Y_19 ($100 in chips) 
Seat 5: NoonTime1991 ($100 in chips) 
Seat 6: SeEevg ($108.45 in chips) 
NoonTime1991: posts small blind $0.50
SeEevg: posts big blind $1
*** HOLE CARDS ***
filipbasheski: calls $1
Pon4uk.ua: raises $3 to $4
Tiktak8025: folds 
Y_19: folds 
NoonTime1991: folds 
SeEevg: folds 
filipbasheski: raises $12.26 to $16.26 and is all-in
Pon4uk.ua: calls $12.26
*** FLOP *** [8d 4c Kc]
*** TURN *** [8d 4c Kc] [5c]
*** RIVER *** [8d 4c Kc 5c] [Js]
*** SHOW DOWN ***
filipbasheski: shows [Jc Ad] (a pair of Jacks)
Pon4uk.ua: shows [Jd As] (a pair of Jacks)
filipbasheski collected $16.16 from pot
Pon4uk.ua collected $16.16 from pot
*** SUMMARY ***
Total pot $34.02 | Rake $1.70 
Board [8d 4c Kc 5c Js]
Seat 1: filipbasheski showed [Jc Ad] and won ($16.16) with a pair of Jacks
Seat 2: Pon4uk.ua showed [Jd As] and won ($16.16) with a pair of Jacks
Seat 3: Tiktak8025 folded before Flop (didn't bet)
Seat 4: Y_19 (button) folded before Flop (didn't bet)
Seat 5: NoonTime1991 (small blind) folded before Flop
Seat 6: SeEevg (big blind) folded before Flop



PokerStars Hand #254716665336:  Hold'em No Limit ($0.50/$1.00 USD) - 2025/02/05 10:21:40 WET [2025/02/05 5:21:40 ET]
Table 'Hippodamia' 6-max Seat #5 is the button
Seat 1: filipbasheski ($16.16 in chips) 
Seat 2: Pon4uk.ua ($110.65 in chips) 
Seat 3: Tiktak8025 ($73.32 in chips) 
Seat 4: Y_19 ($100 in chips) 
Seat 5: NoonTime1991 ($100 in chips) 
Seat 6: SeEevg ($107.45 in chips) 
SeEevg: posts small blind $0.50
filipbasheski: posts big blind $1
*** HOLE CARDS ***
Pon4uk.ua: folds 
Tiktak8025: folds 
Y_19: folds 
NoonTime1991: raises $2 to $3
SeEevg: folds 
filipbasheski: folds 
Uncalled bet ($2) returned to NoonTime1991
NoonTime1991 collected $2.50 from pot
NoonTime1991: doesn't show hand 
*** SUMMARY ***
Total pot $2.50 | Rake $0 
Seat 1: filipbasheski (big blind) folded before Flop
Seat 2: Pon4uk.ua folded before Flop (didn't bet)
Seat 3: Tiktak8025 folded before Flop (didn't bet)
Seat 4: Y_19 folded before Flop (didn't bet)
Seat 5: NoonTime1991 (button) collected ($2.50)
Seat 6: SeEevg (small blind) folded before Flop



PokerStars Hand #254716667206:  Hold'em No Limit ($0.50/$1.00 USD) - 2025/02/05 10:21:57 WET [2025/02/05 5:21:57 ET]
Table 'Hippodamia' 6-max Seat #6 is the button
Seat 1: filipbasheski ($15.16 in chips) 
Seat 2: Pon4uk.ua ($110.65 in chips) 
Seat 3: Tiktak8025 ($73.32 in chips) 
Seat 4: Y_19 ($100 in chips) 
Seat 5: NoonTime1991 ($101.50 in chips) 
Seat 6: SeEevg ($106.95 in chips) 
filipbasheski: posts small blind $0.50
Pon4uk.ua: posts big blind $1
*** HOLE CARDS ***
Tiktak8025: calls $1
Y_19: raises $3 to $4
NoonTime1991: folds 
SeEevg: folds 
filipbasheski: folds 
Pon4uk.ua: folds 
Tiktak8025: calls $3
*** FLOP *** [7h Qc 9h]
Tiktak8025: checks 
Y_19: bets $2.98
Tiktak8025: calls $2.98
*** TURN *** [7h Qc 9h] [3h]
Tiktak8025: checks 
Y_19: bets $10.28
Tiktak8025: calls $10.28
*** RIVER *** [7h Qc 9h 3h] [4d]
Tiktak8025: checks 
Y_19: checks 
*** SHOW DOWN ***
Tiktak8025: shows [Ah 8d] (high card Ace)
Y_19: mucks hand 
Tiktak8025 collected $33.77 from pot
*** SUMMARY ***
Total pot $36.02 | Rake $2.25 
Board [7h Qc 9h 3h 4d]
Seat 1: filipbasheski (small blind) folded before Flop
Seat 2: Pon4uk.ua (big blind) folded before Flop
Seat 3: Tiktak8025 showed [Ah 8d] and won ($33.77) with high card Ace
Seat 4: Y_19 mucked
Seat 5: NoonTime1991 folded before Flop (didn't bet)
Seat 6: SeEevg (button) folded before Flop (didn't bet)



PokerStars Hand #254716673809:  Hold'em No Limit ($0.50/$1.00 USD) - 2025/02/05 10:22:59 WET [2025/02/05 5:22:59 ET]
Table 'Hippodamia' 6-max Seat #1 is the button
Seat 1: filipbasheski ($14.66 in chips) 
Seat 2: Pon4uk.ua ($109.65 in chips) 
Seat 3: Tiktak8025 ($89.83 in chips) 
Seat 4: Y_19 ($100 in chips) 
Seat 5: NoonTime1991 ($101.50 in chips) 
Seat 6: SeEevg ($106.95 in chips) 
Pon4uk.ua: posts small blind $0.50
Tiktak8025: posts big blind $1
*** HOLE CARDS ***
Y_19: folds 
NoonTime1991: folds 
SeEevg: folds 
filipbasheski: calls $1
Pon4uk.ua: folds 
Tiktak8025: checks 
*** FLOP *** [3s 7h Ad]
Tiktak8025: checks 
filipbasheski: checks 
*** TURN *** [3s 7h Ad] [5h]
Tiktak8025: checks 
filipbasheski: checks 
*** RIVER *** [3s 7h Ad 5h] [7d]
Tiktak8025: bets $1.19
filipbasheski: calls $1.19
*** SHOW DOWN ***
Tiktak8025: shows [8h 4h] (a pair of Sevens)
filipbasheski: shows [Qs Qd] (two pair, Queens and Sevens)
filipbasheski collected $4.64 from pot
*** SUMMARY ***
Total pot $4.88 | Rake $0.24 
Board [3s 7h Ad 5h 7d]
Seat 1: filipbasheski (button) showed [Qs Qd] and won ($4.64) with two pair, Queens and Sevens
Seat 2: Pon4uk.ua (small blind) folded before Flop
Seat 3: Tiktak8025 (big blind) showed [8h 4h] and lost with a pair of Sevens
Seat 4: Y_19 folded before Flop (didn't bet)
Seat 5: NoonTime1991 folded before Flop (didn't bet)
Seat 6: SeEevg folded before Flop (didn't bet)



PokerStars Hand #254716677131:  Hold'em No Limit ($0.50/$1.00 USD) - 2025/02/05 10:23:30 WET [2025/02/05 5:23:30 ET]
Table 'Hippodamia' 6-max Seat #2 is the button
Seat 1: filipbasheski ($17.11 in chips) 
Seat 2: Pon4uk.ua ($109.15 in chips) 
Seat 3: Tiktak8025 ($87.64 in chips) 
Seat 4: Y_19 ($100 in chips) 
Seat 5: NoonTime1991 ($101.50 in chips) 
Seat 6: SeEevg ($106.95 in chips) 
Tiktak8025: posts small blind $0.50
Y_19: posts big blind $1
*** HOLE CARDS ***
NoonTime1991: folds 
SeEevg: raises $1.50 to $2.50
filipbasheski: folds 
Pon4uk.ua: folds 
Tiktak8025: calls $2
Y_19: folds 
*** FLOP *** [9s 8h 6c]
Tiktak8025: checks 
SeEevg: bets $2.85
Tiktak8025: calls $2.85
*** TURN *** [9s 8h 6c] [Td]
Tiktak8025: checks 
SeEevg: checks 
*** RIVER *** [9s 8h 6c Td] [Qh]
Tiktak8025: bets $5.56
SeEevg: raises $11.12 to $16.68
Tiktak8025: calls $11.12
*** SHOW DOWN ***
SeEevg: shows [9d Jd] (a straight, Eight to Queen)
Tiktak8025: mucks hand 
SeEevg collected $42.81 from pot
*** SUMMARY ***
Total pot $45.06 | Rake $2.25 
Board [9s 8h 6c Td Qh]
Seat 1: filipbasheski folded before Flop (didn't bet)
Seat 2: Pon4uk.ua (button) folded before Flop (didn't bet)
Seat 3: Tiktak8025 (small blind) mucked
Seat 4: Y_19 (big blind) folded before Flop
Seat 5: NoonTime1991 folded before Flop (didn't bet)
Seat 6: SeEevg showed [9d Jd] and won ($42.81) with a straight, Eight to Queen



PokerStars Hand #254716683753:  Hold'em No Limit ($0.50/$1.00 USD) - 2025/02/05 10:24:31 WET [2025/02/05 5:24:31 ET]
Table 'Hippodamia' 6-max Seat #3 is the button
Seat 1: filipbasheski ($17.11 in chips) 
Seat 2: Pon4uk.ua ($109.15 in chips) 
Seat 3: Tiktak8025 ($65.61 in chips) 
Seat 4: Y_19 ($100 in chips) 
Seat 5: NoonTime1991 ($101.50 in chips) 
Seat 6: SeEevg ($127.73 in chips) 
Y_19: posts small blind $0.50
NoonTime1991: posts big blind $1
*** HOLE CARDS ***
SeEevg: folds 
filipbasheski: calls $1
Pon4uk.ua: folds 
Tiktak8025: raises $3.50 to $4.50
Y_19: folds 
NoonTime1991: raises $11.50 to $16
filipbasheski: folds 
Tiktak8025: calls $11.50
*** FLOP *** [Kh 4c 8s]
NoonTime1991: bets $9.50
Tiktak8025: raises $40.11 to $49.61 and is all-in
NoonTime1991: calls $40.11
*** TURN *** [Kh 4c 8s] [2s]
*** RIVER *** [Kh 4c 8s 2s] [Qd]
*** SHOW DOWN ***
NoonTime1991: shows [Ac Kc] (a pair of Kings)
Tiktak8025: shows [8d 9d] (a pair of Eights)
NoonTime1991 cashed out the hand for $106.22 | Cash Out Fee $2.17
*** SUMMARY ***
Total pot $132.72 | Rake $2.50 
Board [Kh 4c 8s 2s Qd]
Seat 1: filipbasheski folded before Flop
Seat 2: Pon4uk.ua folded before Flop (didn't bet)
Seat 3: Tiktak8025 (button) showed [8d 9d] and lost with a pair of Eights
Seat 4: Y_19 (small blind) folded before Flop
Seat 5: NoonTime1991 (big blind) showed [Ac Kc] and won ($130.22) with a pair of Kings (pot not awarded as player cashed out)
Seat 6: SeEevg folded before Flop (didn't bet)



PokerStars Hand #254716689280:  Hold'em No Limit ($0.50/$1.00 USD) - 2025/02/05 10:25:21 WET [2025/02/05 5:25:21 ET]
Table 'Hippodamia' 6-max Seat #4 is the button
Seat 3: Tiktak8025 ($0 in chips) is sitting out
Seat 6: SeEevg ($127.73 in chips) is sitting out
Seat 1: filipbasheski ($16.11 in chips) 
Seat 2: Pon4uk.ua ($109.15 in chips) 
Seat 4: Y_19 ($100 in chips) 
Seat 5: NoonTime1991 ($142.11 in chips) 
NoonTime1991: posts small blind $0.50
SeEevg: is sitting out 
filipbasheski: posts big blind $1
*** HOLE CARDS ***
Pon4uk.ua: raises $1 to $2
Y_19: folds 
NoonTime1991: folds 
filipbasheski: calls $1
*** FLOP *** [9d 3h 4h]
filipbasheski: checks 
Pon4uk.ua: checks 
*** TURN *** [9d 3h 4h] [4d]
filipbasheski: checks 
Pon4uk.ua: checks 
*** RIVER *** [9d 3h 4h 4d] [2s]
filipbasheski: checks 
Pon4uk.ua: checks 
*** SHOW DOWN ***
filipbasheski: shows [6c 8d] (a pair of Fours)
Pon4uk.ua: shows [Jc Kc] (a pair of Fours - King kicker)
Pon4uk.ua collected $4.28 from pot
*** SUMMARY ***
Total pot $4.50 | Rake $0.22 
Board [9d 3h 4h 4d 2s]
Seat 3: Tiktak8025
Seat 6: SeEevg
Seat 1: filipbasheski (big blind) showed [6c 8d] and lost with a pair of Fours
Seat 2: Pon4uk.ua showed [Jc Kc] and won ($4.28) with a pair of Fours
Seat 4: Y_19 (button) folded before Flop (didn't bet)
Seat 5: NoonTime1991 (small blind) folded before Flop



PokerStars Hand #254716692011:  Hold'em No Limit ($0.50/$1.00 USD) - 2025/02/05 10:25:46 WET [2025/02/05 5:25:46 ET]
Table 'Hippodamia' 6-max Seat #5 is the button
Seat 6: SeEevg ($127.73 in chips) is sitting out
Seat 1: filipbasheski ($14.11 in chips) 
Seat 2: Pon4uk.ua ($111.43 in chips) 
Seat 3: Tiktak8025 ($100 in chips) 
Seat 4: Y_19 ($100 in chips) 
Seat 5: NoonTime1991 ($141.61 in chips) 
filipbasheski: posts small blind $0.50
Pon4uk.ua: posts big blind $1
*** HOLE CARDS ***
Tiktak8025: folds 
Y_19: folds 
NoonTime1991: folds 
filipbasheski: calls $0.50
SeEevg leaves the table
Pon4uk.ua: raises $10.50 to $11.50
filipbasheski: folds 
Uncalled bet ($10.50) returned to Pon4uk.ua
Pon4uk.ua collected $2 from pot
Pon4uk.ua: doesn't show hand 
*** SUMMARY ***
Total pot $2 | Rake $0 
Seat 6: SeEevg
Seat 1: filipbasheski (small blind) folded before Flop
Seat 2: Pon4uk.ua (big blind) collected ($2)
Seat 3: Tiktak8025 folded before Flop (didn't bet)
Seat 4: Y_19 folded before Flop (didn't bet)
Seat 5: NoonTime1991 (button) folded before Flop (didn't bet)



PokerStars Hand #254716693730:  Hold'em No Limit ($0.50/$1.00 USD) - 2025/02/05 10:26:02 WET [2025/02/05 5:26:02 ET]
Table 'Hippodamia' 6-max Seat #1 is the button
Seat 1: filipbasheski ($13.11 in chips) 
Seat 2: Pon4uk.ua ($112.43 in chips) 
Seat 3: Tiktak8025 ($100 in chips) 
Seat 4: Y_19 ($100 in chips) 
Seat 5: NoonTime1991 ($141.61 in chips) 
Pon4uk.ua: posts small blind $0.50
Tiktak8025: posts big blind $1
*** HOLE CARDS ***
Y_19: folds 
NoonTime1991: folds 
filipbasheski: folds 
Pon4uk.ua: calls $0.50
Tiktak8025: checks 
*** FLOP *** [5h Ks Jc]
Pon4uk.ua: bets $1
Tiktak8025: raises $1.95 to $2.95
Pon4uk.ua: calls $1.95
*** TURN *** [5h Ks Jc] [Qh]
Pon4uk.ua: checks 
Tiktak8025: checks 
*** RIVER *** [5h Ks Jc Qh] [9h]
Emily_GetMan joins the table at seat #6 
Pon4uk.ua: checks 
Tiktak8025: bets $3.75
Pon4uk.ua: folds 
Uncalled bet ($3.75) returned to Tiktak8025
Tiktak8025 collected $7.40 from pot
*** SUMMARY ***
Total pot $7.90 | Rake $0.50 
Board [5h Ks Jc Qh 9h]
Seat 1: filipbasheski (button) folded before Flop (didn't bet)
Seat 2: Pon4uk.ua (small blind) folded on the River
Seat 3: Tiktak8025 (big blind) collected ($7.40)
Seat 4: Y_19 folded before Flop (didn't bet)
Seat 5: NoonTime1991 folded before Flop (didn't bet)



PokerStars Hand #254716696668:  Hold'em No Limit ($0.50/$1.00 USD) - 2025/02/05 10:26:28 WET [2025/02/05 5:26:28 ET]
Table 'Hippodamia' 6-max Seat #2 is the button
Seat 6: Emily_GetMan ($158.94 in chips) is sitting out
Seat 1: filipbasheski ($13.11 in chips) 
Seat 2: Pon4uk.ua ($108.48 in chips) 
Seat 3: Tiktak8025 ($103.45 in chips) 
Seat 4: Y_19 ($100 in chips) 
Seat 5: NoonTime1991 ($141.61 in chips) 
Tiktak8025: posts small blind $0.50
Y_19: posts big blind $1
Emily_GetMan: sits out 
*** HOLE CARDS ***
NoonTime1991: folds 
filipbasheski: folds 
Pon4uk.ua: raises $1.50 to $2.50
Tiktak8025: folds 
Y_19: folds 
Uncalled bet ($1.50) returned to Pon4uk.ua
Pon4uk.ua collected $2.50 from pot
Pon4uk.ua: doesn't show hand 
*** SUMMARY ***
Total pot $2.50 | Rake $0 
Seat 6: Emily_GetMan
Seat 1: filipbasheski folded before Flop (didn't bet)
Seat 2: Pon4uk.ua (button) collected ($2.50)
Seat 3: Tiktak8025 (small blind) folded before Flop
Seat 4: Y_19 (big blind) folded before Flop
Seat 5: NoonTime1991 folded before Flop (didn't bet)



PokerStars Hand #254716698748:  Hold'em No Limit ($0.50/$1.00 USD) - 2025/02/05 10:26:47 WET [2025/02/05 5:26:47 ET]
Table 'Hippodamia' 6-max Seat #3 is the button
Seat 6: Emily_GetMan ($158.94 in chips) is sitting out
Seat 1: filipbasheski ($13.11 in chips) 
Seat 2: Pon4uk.ua ($109.98 in chips) 
Seat 3: Tiktak8025 ($102.95 in chips) 
Seat 4: Y_19 ($100 in chips) 
Seat 5: NoonTime1991 ($141.61 in chips) 
Y_19: posts small blind $0.50
NoonTime1991: posts big blind $1
Emily_GetMan: sits out 
*** HOLE CARDS ***
filipbasheski: folds 
Pon4uk.ua: folds 
Tiktak8025: folds 
Y_19: raises $2 to $3
NoonTime1991: folds 
Uncalled bet ($2) returned to Y_19
Y_19 collected $2 from pot
Y_19: doesn't show hand 
*** SUMMARY ***
Total pot $2 | Rake $0 
Seat 6: Emily_GetMan
Seat 1: filipbasheski folded before Flop (didn't bet)
Seat 2: Pon4uk.ua folded before Flop (didn't bet)
Seat 3: Tiktak8025 (button) folded before Flop (didn't bet)
Seat 4: Y_19 (small blind) collected ($2)
Seat 5: NoonTime1991 (big blind) folded before Flop



PokerStars Hand #254716700608:  Hold'em No Limit ($0.50/$1.00 USD) - 2025/02/05 10:27:04 WET [2025/02/05 5:27:04 ET]
Table 'Hippodamia' 6-max Seat #4 is the button
Seat 1: filipbasheski ($13.11 in chips) 
Seat 2: Pon4uk.ua ($109.98 in chips) 
Seat 3: Tiktak8025 ($102.95 in chips) 
Seat 4: Y_19 ($101 in chips) 
Seat 5: NoonTime1991 ($140.61 in chips) 
Seat 6: Emily_GetMan ($158.94 in chips) 
NoonTime1991: posts small blind $0.50
Emily_GetMan: posts big blind $1
*** HOLE CARDS ***
filipbasheski: folds 
Pon4uk.ua: folds 
Tiktak8025: raises $2 to $3
Y_19: folds 
NoonTime1991: folds 
Emily_GetMan: folds 
Uncalled bet ($2) returned to Tiktak8025
Tiktak8025 collected $2.50 from pot
*** SUMMARY ***
Total pot $2.50 | Rake $0 
Seat 1: filipbasheski folded before Flop (didn't bet)
Seat 2: Pon4uk.ua folded before Flop (didn't bet)
Seat 3: Tiktak8025 collected ($2.50)
Seat 4: Y_19 (button) folded before Flop (didn't bet)
Seat 5: NoonTime1991 (small blind) folded before Flop
Seat 6: Emily_GetMan (big blind) folded before Flop



PokerStars Hand #254716702708:  Hold'em No Limit ($0.50/$1.00 USD) - 2025/02/05 10:27:23 WET [2025/02/05 5:27:23 ET]
Table 'Hippodamia' 6-max Seat #5 is the button
Seat 1: filipbasheski ($13.11 in chips) 
Seat 2: Pon4uk.ua ($109.98 in chips) 
Seat 3: Tiktak8025 ($104.45 in chips) 
Seat 4: Y_19 ($101 in chips) 
Seat 5: NoonTime1991 ($140.11 in chips) 
Seat 6: Emily_GetMan ($157.94 in chips) 
Emily_GetMan: posts small blind $0.50
filipbasheski: posts big blind $1
*** HOLE CARDS ***
Pon4uk.ua: folds 
Tiktak8025: folds 
Y_19: folds 
NoonTime1991: folds 
Emily_GetMan: folds 
Uncalled bet ($0.50) returned to filipbasheski
filipbasheski collected $1 from pot
*** SUMMARY ***
Total pot $1 | Rake $0 
Seat 1: filipbasheski (big blind) collected ($1)
Seat 2: Pon4uk.ua folded before Flop (didn't bet)
Seat 3: Tiktak8025 folded before Flop (didn't bet)
Seat 4: Y_19 folded before Flop (didn't bet)
Seat 5: NoonTime1991 (button) folded before Flop (didn't bet)
Seat 6: Emily_GetMan (small blind) folded before Flop



PokerStars Hand #254716704320:  Hold'em No Limit ($0.50/$1.00 USD) - 2025/02/05 10:27:38 WET [2025/02/05 5:27:38 ET]
Table 'Hippodamia' 6-max Seat #6 is the button
Seat 1: filipbasheski ($13.61 in chips) 
Seat 2: Pon4uk.ua ($109.98 in chips) 
Seat 3: Tiktak8025 ($104.45 in chips) 
Seat 4: Y_19 ($101 in chips) 
Seat 5: NoonTime1991 ($140.11 in chips) 
Seat 6: Emily_GetMan ($157.44 in chips) 
filipbasheski: posts small blind $0.50
Pon4uk.ua: posts big blind $1
*** HOLE CARDS ***
Tiktak8025: folds 
Y_19: folds 
NoonTime1991: folds 
Emily_GetMan: raises $1.50 to $2.50
filipbasheski: calls $2
Pon4uk.ua: folds 
*** FLOP *** [4d 4c 7s]
filipbasheski: bets $11.11 and is all-in
Emily_GetMan: folds 
Uncalled bet ($11.11) returned to filipbasheski
filipbasheski collected $5.70 from pot
*** SUMMARY ***
Total pot $6 | Rake $0.30 
Board [4d 4c 7s]
Seat 1: filipbasheski (small blind) collected ($5.70)
Seat 2: Pon4uk.ua (big blind) folded before Flop
Seat 3: Tiktak8025 folded before Flop (didn't bet)
Seat 4: Y_19 folded before Flop (didn't bet)
Seat 5: NoonTime1991 folded before Flop (didn't bet)
Seat 6: Emily_GetMan (button) folded on the Flop



PokerStars Hand #254716708016:  Hold'em No Limit ($0.50/$1.00 USD) - 2025/02/05 10:28:12 WET [2025/02/05 5:28:12 ET]
Table 'Hippodamia' 6-max Seat #1 is the button
Seat 1: filipbasheski ($16.81 in chips) 
Seat 2: Pon4uk.ua ($108.98 in chips) 
Seat 3: Tiktak8025 ($104.45 in chips) 
Seat 4: Y_19 ($101 in chips) 
Seat 5: NoonTime1991 ($140.11 in chips) 
Seat 6: Emily_GetMan ($154.94 in chips) 
Pon4uk.ua: posts small blind $0.50
Tiktak8025: posts big blind $1
*** HOLE CARDS ***
Y_19: folds 
NoonTime1991: folds 
Emily_GetMan: raises $1 to $2
filipbasheski: folds 
Pon4uk.ua: folds 
Tiktak8025: raises $4.50 to $6.50
Emily_GetMan: calls $4.50
*** FLOP *** [8c 3c Tc]
Tiktak8025: checks 
Emily_GetMan: bets $4.23
Tiktak8025: calls $4.23
*** TURN *** [8c 3c Tc] [Jc]
Tiktak8025: checks 
Emily_GetMan: checks 
*** RIVER *** [8c 3c Tc Jc] [Ks]
Tiktak8025: bets $10.43
Emily_GetMan: calls $10.43
*** SHOW DOWN ***
Tiktak8025: shows [7c 7s] (a flush, Jack high)
Emily_GetMan: mucks hand 
Tiktak8025 collected $40.14 from pot
*** SUMMARY ***
Total pot $42.82 | Rake $2.68 
Board [8c 3c Tc Jc Ks]
Seat 1: filipbasheski (button) folded before Flop (didn't bet)
Seat 2: Pon4uk.ua (small blind) folded before Flop
Seat 3: Tiktak8025 (big blind) showed [7c 7s] and won ($40.14) with a flush, Jack high
Seat 4: Y_19 folded before Flop (didn't bet)
Seat 5: NoonTime1991 folded before Flop (didn't bet)
Seat 6: Emily_GetMan mucked



PokerStars Hand #254716712679:  Hold'em No Limit ($0.50/$1.00 USD) - 2025/02/05 10:28:54 WET [2025/02/05 5:28:54 ET]
Table 'Hippodamia' 6-max Seat #2 is the button
Seat 1: filipbasheski ($16.81 in chips) 
Seat 2: Pon4uk.ua ($108.48 in chips) 
Seat 3: Tiktak8025 ($123.43 in chips) 
Seat 4: Y_19 ($101 in chips) 
Seat 5: NoonTime1991 ($140.11 in chips) 
Seat 6: Emily_GetMan ($133.78 in chips) 
Tiktak8025: posts small blind $0.50
Y_19: posts big blind $1
*** HOLE CARDS ***
NoonTime1991: folds 
Emily_GetMan: folds 
filipbasheski: calls $1
Pon4uk.ua: calls $1
Tiktak8025: folds 
Y_19: checks 
*** FLOP *** [6d 4d 6c]
Y_19: checks 
filipbasheski: checks 
Pon4uk.ua: checks 
*** TURN *** [6d 4d 6c] [4h]
Y_19: checks 
filipbasheski: checks 
Pon4uk.ua: checks 
*** RIVER *** [6d 4d 6c 4h] [8c]
Y_19: checks 
filipbasheski: bets $3.32
Pon4uk.ua: calls $3.32
Y_19: folds 
*** SHOW DOWN ***
filipbasheski: shows [7d Kd] (two pair, Sixes and Fours)
Pon4uk.ua: shows [Ts 8s] (two pair, Eights and Sixes)
Pon4uk.ua collected $9.63 from pot
*** SUMMARY ***
Total pot $10.14 | Rake $0.51 
Board [6d 4d 6c 4h 8c]
Seat 1: filipbasheski showed [7d Kd] and lost with two pair, Sixes and Fours
Seat 2: Pon4uk.ua (button) showed [Ts 8s] and won ($9.63) with two pair, Eights and Sixes
Seat 3: Tiktak8025 (small blind) folded before Flop
Seat 4: Y_19 (big blind) folded on the River
Seat 5: NoonTime1991 folded before Flop (didn't bet)
Seat 6: Emily_GetMan folded before Flop (didn't bet)



PokerStars Hand #254716719333:  Hold'em No Limit ($0.50/$1.00 USD) - 2025/02/05 10:29:55 WET [2025/02/05 5:29:55 ET]
Table 'Hippodamia' 6-max Seat #3 is the button
Seat 1: filipbasheski ($12.49 in chips) 
Seat 2: Pon4uk.ua ($113.79 in chips) 
Seat 3: Tiktak8025 ($122.93 in chips) 
Seat 4: Y_19 ($100 in chips) 
Seat 5: NoonTime1991 ($140.11 in chips) 
Seat 6: Emily_GetMan ($133.78 in chips) 
Y_19: posts small blind $0.50
NoonTime1991: posts big blind $1
*** HOLE CARDS ***
Emily_GetMan: folds 
filipbasheski: folds 
Pon4uk.ua: folds 
Tiktak8025: folds 
Y_19: raises $2 to $3
NoonTime1991: calls $2
*** FLOP *** [8h 7h 3s]
Y_19: bets $1.88
NoonTime1991: raises $6.24 to $8.12
Y_19: folds 
Uncalled bet ($6.24) returned to NoonTime1991
NoonTime1991 collected $9.27 from pot
NoonTime1991: doesn't show hand 
*** SUMMARY ***
Total pot $9.76 | Rake $0.49 
Board [8h 7h 3s]
Seat 1: filipbasheski folded before Flop (didn't bet)
Seat 2: Pon4uk.ua folded before Flop (didn't bet)
Seat 3: Tiktak8025 (button) folded before Flop (didn't bet)
Seat 4: Y_19 (small blind) folded on the Flop
Seat 5: NoonTime1991 (big blind) collected ($9.27)
Seat 6: Emily_GetMan folded before Flop (didn't bet)



PokerStars Hand #254716723474:  Hold'em No Limit ($0.50/$1.00 USD) - 2025/02/05 10:30:34 WET [2025/02/05 5:30:34 ET]
Table 'Hippodamia' 6-max Seat #4 is the button
Seat 1: filipbasheski ($12.49 in chips) 
Seat 2: Pon4uk.ua ($113.79 in chips) 
Seat 3: Tiktak8025 ($122.93 in chips) 
Seat 4: Y_19 ($100 in chips) 
Seat 5: NoonTime1991 ($144.50 in chips) 
Seat 6: Emily_GetMan ($133.78 in chips) 
NoonTime1991: posts small blind $0.50
Emily_GetMan: posts big blind $1
*** HOLE CARDS ***
filipbasheski: calls $1
Pon4uk.ua: folds 
Tiktak8025: calls $1
Y_19: folds 
NoonTime1991: raises $6 to $7
Emily_GetMan: folds 
filipbasheski: folds 
Tiktak8025: folds 
Uncalled bet ($6) returned to NoonTime1991
NoonTime1991 collected $4 from pot
NoonTime1991: doesn't show hand 
*** SUMMARY ***
Total pot $4 | Rake $0 
Seat 1: filipbasheski folded before Flop
Seat 2: Pon4uk.ua folded before Flop (didn't bet)
Seat 3: Tiktak8025 folded before Flop
Seat 4: Y_19 (button) folded before Flop (didn't bet)
Seat 5: NoonTime1991 (small blind) collected ($4)
Seat 6: Emily_GetMan (big blind) folded before Flop



PokerStars Hand #254716725795:  Hold'em No Limit ($0.50/$1.00 USD) - 2025/02/05 10:30:54 WET [2025/02/05 5:30:54 ET]
Table 'Hippodamia' 6-max Seat #5 is the button
Seat 1: filipbasheski ($11.49 in chips) 
Seat 2: Pon4uk.ua ($113.79 in chips) 
Seat 3: Tiktak8025 ($121.93 in chips) 
Seat 4: Y_19 ($100 in chips) 
Seat 5: NoonTime1991 ($147.50 in chips) 
Seat 6: Emily_GetMan ($132.78 in chips) 
Emily_GetMan: posts small blind $0.50
filipbasheski: posts big blind $1
*** HOLE CARDS ***
Pon4uk.ua: folds 
Tiktak8025: folds 
Y_19: folds 
NoonTime1991: folds 
Emily_GetMan: raises $2 to $3
filipbasheski: folds 
Uncalled bet ($2) returned to Emily_GetMan
Emily_GetMan collected $2 from pot
Emily_GetMan: doesn't show hand 
*** SUMMARY ***
Total pot $2 | Rake $0 
Seat 1: filipbasheski (big blind) folded before Flop
Seat 2: Pon4uk.ua folded before Flop (didn't bet)
Seat 3: Tiktak8025 folded before Flop (didn't bet)
Seat 4: Y_19 folded before Flop (didn't bet)
Seat 5: NoonTime1991 (button) folded before Flop (didn't bet)
Seat 6: Emily_GetMan (small blind) collected ($2)



PokerStars Hand #254716727135:  Hold'em No Limit ($0.50/$1.00 USD) - 2025/02/05 10:31:07 WET [2025/02/05 5:31:07 ET]
Table 'Hippodamia' 6-max Seat #6 is the button
Seat 1: filipbasheski ($10.49 in chips) 
Seat 2: Pon4uk.ua ($113.79 in chips) 
Seat 3: Tiktak8025 ($121.93 in chips) 
Seat 4: Y_19 ($100 in chips) 
Seat 5: NoonTime1991 ($147.50 in chips) 
Seat 6: Emily_GetMan ($133.78 in chips) 
filipbasheski: posts small blind $0.50
Pon4uk.ua: posts big blind $1
*** HOLE CARDS ***
Tiktak8025: raises $2 to $3
Y_19: folds 
NoonTime1991: folds 
Emily_GetMan: folds 
filipbasheski: raises $7.49 to $10.49 and is all-in
Pon4uk.ua: folds 
Tiktak8025: folds 
Uncalled bet ($7.49) returned to filipbasheski
filipbasheski collected $7 from pot
*** SUMMARY ***
Total pot $7 | Rake $0 
Seat 1: filipbasheski (small blind) collected ($7)
Seat 2: Pon4uk.ua (big blind) folded before Flop
Seat 3: Tiktak8025 folded before Flop
Seat 4: Y_19 folded before Flop (didn't bet)
Seat 5: NoonTime1991 folded before Flop (didn't bet)
Seat 6: Emily_GetMan (button) folded before Flop (didn't bet)



PokerStars Hand #254716730139:  Hold'em No Limit ($0.50/$1.00 USD) - 2025/02/05 10:31:34 WET [2025/02/05 5:31:34 ET]
Table 'Hippodamia' 6-max Seat #1 is the button
Seat 1: filipbasheski ($14.49 in chips) 
Seat 2: Pon4uk.ua ($112.79 in chips) 
Seat 3: Tiktak8025 ($118.93 in chips) 
Seat 4: Y_19 ($100 in chips) 
Seat 5: NoonTime1991 ($147.50 in chips) 
Seat 6: Emily_GetMan ($133.78 in chips) 
Pon4uk.ua: posts small blind $0.50
Tiktak8025: posts big blind $1
*** HOLE CARDS ***
Y_19: folds 
NoonTime1991: folds 
Emily_GetMan: folds 
filipbasheski: calls $1
Pon4uk.ua: folds 
Tiktak8025: checks 
*** FLOP *** [3s Jh Qh]
Tiktak8025: checks 
filipbasheski: checks 
*** TURN *** [3s Jh Qh] [4h]
Tiktak8025: bets $1
filipbasheski: calls $1
*** RIVER *** [3s Jh Qh 4h] [Td]
Tiktak8025: bets $1
filipbasheski: calls $1
*** SHOW DOWN ***
Tiktak8025: shows [3d 5s] (a pair of Threes)
filipbasheski: shows [6c 4c] (a pair of Fours)
filipbasheski collected $6.18 from pot
*** SUMMARY ***
Total pot $6.50 | Rake $0.32 
Board [3s Jh Qh 4h Td]
Seat 1: filipbasheski (button) showed [6c 4c] and won ($6.18) with a pair of Fours
Seat 2: Pon4uk.ua (small blind) folded before Flop
Seat 3: Tiktak8025 (big blind) showed [3d 5s] and lost with a pair of Threes
Seat 4: Y_19 folded before Flop (didn't bet)
Seat 5: NoonTime1991 folded before Flop (didn't bet)
Seat 6: Emily_GetMan folded before Flop (didn't bet)



PokerStars Hand #254716733752:  Hold'em No Limit ($0.50/$1.00 USD) - 2025/02/05 10:32:06 WET [2025/02/05 5:32:06 ET]
Table 'Hippodamia' 6-max Seat #2 is the button
Seat 1: filipbasheski ($17.67 in chips) 
Seat 2: Pon4uk.ua ($112.29 in chips) 
Seat 3: Tiktak8025 ($115.93 in chips) 
Seat 4: Y_19 ($100 in chips) 
Seat 5: NoonTime1991 ($147.50 in chips) 
Seat 6: Emily_GetMan ($133.78 in chips) 
Tiktak8025: posts small blind $0.50
Y_19: posts big blind $1
*** HOLE CARDS ***
NoonTime1991: folds 
Emily_GetMan: folds 
filipbasheski: folds 
Pon4uk.ua: folds 
Tiktak8025: folds 
Uncalled bet ($0.50) returned to Y_19
Y_19 collected $1 from pot
Y_19: doesn't show hand 
*** SUMMARY ***
Total pot $1 | Rake $0 
Seat 1: filipbasheski folded before Flop (didn't bet)
Seat 2: Pon4uk.ua (button) folded before Flop (didn't bet)
Seat 3: Tiktak8025 (small blind) folded before Flop
Seat 4: Y_19 (big blind) collected ($1)
Seat 5: NoonTime1991 folded before Flop (didn't bet)
Seat 6: Emily_GetMan folded before Flop (didn't bet)



PokerStars Hand #254716735076:  Hold'em No Limit ($0.50/$1.00 USD) - 2025/02/05 10:32:18 WET [2025/02/05 5:32:18 ET]
Table 'Hippodamia' 6-max Seat #3 is the button
Seat 1: filipbasheski ($17.67 in chips) 
Seat 2: Pon4uk.ua ($112.29 in chips) 
Seat 3: Tiktak8025 ($115.43 in chips) 
Seat 4: Y_19 ($100.50 in chips) 
Seat 5: NoonTime1991 ($147.50 in chips) 
Seat 6: Emily_GetMan ($133.78 in chips) 
Y_19: posts small blind $0.50
NoonTime1991: posts big blind $1
*** HOLE CARDS ***
Emily_GetMan: folds 
filipbasheski: calls $1
Pon4uk.ua: raises $3 to $4
Tiktak8025: folds 
Y_19: folds 
NoonTime1991: folds 
filipbasheski: calls $3
*** FLOP *** [5d 6c Ac]
filipbasheski: checks 
Pon4uk.ua: bets $2.98
filipbasheski: calls $2.98
*** TURN *** [5d 6c Ac] [2d]
filipbasheski: checks 
Pon4uk.ua: bets $11.02
filipbasheski: folds 
Uncalled bet ($11.02) returned to Pon4uk.ua
Pon4uk.ua collected $14.69 from pot
Pon4uk.ua: doesn't show hand 
*** SUMMARY ***
Total pot $15.46 | Rake $0.77 
Board [5d 6c Ac 2d]
Seat 1: filipbasheski folded on the Turn
Seat 2: Pon4uk.ua collected ($14.69)
Seat 3: Tiktak8025 (button) folded before Flop (didn't bet)
Seat 4: Y_19 (small blind) folded before Flop
Seat 5: NoonTime1991 (big blind) folded before Flop
Seat 6: Emily_GetMan folded before Flop (didn't bet)



PokerStars Hand #254716740102:  Hold'em No Limit ($0.50/$1.00 USD) - 2025/02/05 10:33:02 WET [2025/02/05 5:33:02 ET]
Table 'Hippodamia' 6-max Seat #4 is the button
Seat 1: filipbasheski ($10.69 in chips) 
Seat 2: Pon4uk.ua ($120 in chips) 
Seat 3: Tiktak8025 ($115.43 in chips) 
Seat 4: Y_19 ($100 in chips) 
Seat 5: NoonTime1991 ($146.50 in chips) 
Seat 6: Emily_GetMan ($133.78 in chips) 
NoonTime1991: posts small blind $0.50
Emily_GetMan: posts big blind $1
*** HOLE CARDS ***
filipbasheski: folds 
Pon4uk.ua: raises $1 to $2
Tiktak8025: calls $2
Y_19: folds 
NoonTime1991: folds 
Emily_GetMan: folds 
*** FLOP *** [3s 6h Kh]
Pon4uk.ua: checks 
Tiktak8025: checks 
*** TURN *** [3s 6h Kh] [Ac]
Pon4uk.ua: checks 
Tiktak8025: bets $2.61
Pon4uk.ua: folds 
Uncalled bet ($2.61) returned to Tiktak8025
Tiktak8025 collected $5.15 from pot
Tiktak8025: doesn't show hand 
*** SUMMARY ***
Total pot $5.50 | Rake $0.35 
Board [3s 6h Kh Ac]
Seat 1: filipbasheski folded before Flop (didn't bet)
Seat 2: Pon4uk.ua folded on the Turn
Seat 3: Tiktak8025 collected ($5.15)
Seat 4: Y_19 (button) folded before Flop (didn't bet)
Seat 5: NoonTime1991 (small blind) folded before Flop
Seat 6: Emily_GetMan (big blind) folded before Flop



PokerStars Hand #254716743363:  Hold'em No Limit ($0.50/$1.00 USD) - 2025/02/05 10:33:32 WET [2025/02/05 5:33:32 ET]
Table 'Hippodamia' 6-max Seat #5 is the button
Seat 1: filipbasheski ($10.69 in chips) 
Seat 2: Pon4uk.ua ($118 in chips) 
Seat 3: Tiktak8025 ($118.58 in chips) 
Seat 4: Y_19 ($100 in chips) 
Seat 5: NoonTime1991 ($146 in chips) 
Seat 6: Emily_GetMan ($132.78 in chips) 
Emily_GetMan: posts small blind $0.50
filipbasheski: posts big blind $1
*** HOLE CARDS ***
Pon4uk.ua: folds 
Tiktak8025: folds 
Y_19: folds 
NoonTime1991: raises $1 to $2
Emily_GetMan: raises $8.50 to $10.50
filipbasheski: folds 
NoonTime1991: folds 
Uncalled bet ($8.50) returned to Emily_GetMan
Emily_GetMan collected $5 from pot
Emily_GetMan: doesn't show hand 
*** SUMMARY ***
Total pot $5 | Rake $0 
Seat 1: filipbasheski (big blind) folded before Flop
Seat 2: Pon4uk.ua folded before Flop (didn't bet)
Seat 3: Tiktak8025 folded before Flop (didn't bet)
Seat 4: Y_19 folded before Flop (didn't bet)
Seat 5: NoonTime1991 (button) folded before Flop
Seat 6: Emily_GetMan (small blind) collected ($5)



PokerStars Hand #254716745572:  Hold'em No Limit ($0.50/$1.00 USD) - 2025/02/05 10:33:51 WET [2025/02/05 5:33:51 ET]
Table 'Hippodamia' 6-max Seat #6 is the button
Seat 1: filipbasheski ($9.69 in chips) 
Seat 2: Pon4uk.ua ($118 in chips) 
Seat 3: Tiktak8025 ($118.58 in chips) 
Seat 4: Y_19 ($100 in chips) 
Seat 5: NoonTime1991 ($144 in chips) 
Seat 6: Emily_GetMan ($135.78 in chips) 
filipbasheski: posts small blind $0.50
Pon4uk.ua: posts big blind $1
*** HOLE CARDS ***
Tiktak8025: folds 
Y_19: folds 
NoonTime1991: folds 
Emily_GetMan: folds 
filipbasheski: calls $0.50
Pon4uk.ua: raises $10.50 to $11.50
filipbasheski: folds 
Uncalled bet ($10.50) returned to Pon4uk.ua
Pon4uk.ua collected $2 from pot
Pon4uk.ua: doesn't show hand 
*** SUMMARY ***
Total pot $2 | Rake $0 
Seat 1: filipbasheski (small blind) folded before Flop
Seat 2: Pon4uk.ua (big blind) collected ($2)
Seat 3: Tiktak8025 folded before Flop (didn't bet)
Seat 4: Y_19 folded before Flop (didn't bet)
Seat 5: NoonTime1991 folded before Flop (didn't bet)
Seat 6: Emily_GetMan (button) folded before Flop (didn't bet)



PokerStars Hand #254716748400:  Hold'em No Limit ($0.50/$1.00 USD) - 2025/02/05 10:34:16 WET [2025/02/05 5:34:16 ET]
Table 'Hippodamia' 6-max Seat #1 is the button
Seat 1: filipbasheski ($8.69 in chips) 
Seat 2: Pon4uk.ua ($119 in chips) 
Seat 3: Tiktak8025 ($118.58 in chips) 
Seat 4: Y_19 ($100 in chips) 
Seat 5: NoonTime1991 ($144 in chips) 
Seat 6: Emily_GetMan ($135.78 in chips) 
Pon4uk.ua: posts small blind $0.50
Tiktak8025: posts big blind $1
*** HOLE CARDS ***
Y_19: folds 
NoonTime1991: folds 
Emily_GetMan: folds 
filipbasheski: folds 
Pon4uk.ua: raises $2 to $3
Tiktak8025: folds 
Uncalled bet ($2) returned to Pon4uk.ua
Pon4uk.ua collected $2 from pot
Pon4uk.ua: doesn't show hand 
*** SUMMARY ***
Total pot $2 | Rake $0 
Seat 1: filipbasheski (button) folded before Flop (didn't bet)
Seat 2: Pon4uk.ua (small blind) collected ($2)
Seat 3: Tiktak8025 (big blind) folded before Flop
Seat 4: Y_19 folded before Flop (didn't bet)
Seat 5: NoonTime1991 folded before Flop (didn't bet)
Seat 6: Emily_GetMan folded before Flop (didn't bet)



PokerStars Hand #254716749728:  Hold'em No Limit ($0.50/$1.00 USD) - 2025/02/05 10:34:28 WET [2025/02/05 5:34:28 ET]
Table 'Hippodamia' 6-max Seat #2 is the button
Seat 1: filipbasheski ($8.69 in chips) 
Seat 2: Pon4uk.ua ($120 in chips) 
Seat 3: Tiktak8025 ($117.58 in chips) 
Seat 4: Y_19 ($100 in chips) 
Seat 5: NoonTime1991 ($144 in chips) 
Seat 6: Emily_GetMan ($135.78 in chips) 
Tiktak8025: posts small blind $0.50
Y_19: posts big blind $1
*** HOLE CARDS ***
NoonTime1991: folds 
Emily_GetMan: raises $1 to $2
filipbasheski: folds 
Pon4uk.ua: folds 
Tiktak8025: calls $1.50
Y_19: calls $1
*** FLOP *** [2c 3c 3s]
Tiktak8025: checks 
Y_19: checks 
Emily_GetMan: bets $1.88
Tiktak8025: folds 
Y_19: folds 
Uncalled bet ($1.88) returned to Emily_GetMan
Emily_GetMan collected $5.70 from pot
Emily_GetMan: doesn't show hand 
*** SUMMARY ***
Total pot $6 | Rake $0.30 
Board [2c 3c 3s]
Seat 1: filipbasheski folded before Flop (didn't bet)
Seat 2: Pon4uk.ua (button) folded before Flop (didn't bet)
Seat 3: Tiktak8025 (small blind) folded on the Flop
Seat 4: Y_19 (big blind) folded on the Flop
Seat 5: NoonTime1991 folded before Flop (didn't bet)
Seat 6: Emily_GetMan collected ($5.70)



PokerStars Hand #254716752386:  Hold'em No Limit ($0.50/$1.00 USD) - 2025/02/05 10:34:51 WET [2025/02/05 5:34:51 ET]
Table 'Hippodamia' 6-max Seat #3 is the button
Seat 1: filipbasheski ($8.69 in chips) 
Seat 2: Pon4uk.ua ($120 in chips) 
Seat 3: Tiktak8025 ($115.58 in chips) 
Seat 4: Y_19 ($100 in chips) 
Seat 5: NoonTime1991 ($144 in chips) 
Seat 6: Emily_GetMan ($139.48 in chips) 
Y_19: posts small blind $0.50
NoonTime1991: posts big blind $1
*** HOLE CARDS ***
Emily_GetMan: raises $1 to $2
filipbasheski: folds 
Pon4uk.ua: folds 
Tiktak8025: folds 
Y_19: folds 
NoonTime1991: folds 
Uncalled bet ($1) returned to Emily_GetMan
Emily_GetMan collected $2.50 from pot
Emily_GetMan: doesn't show hand 
*** SUMMARY ***
Total pot $2.50 | Rake $0 
Seat 1: filipbasheski folded before Flop (didn't bet)
Seat 2: Pon4uk.ua folded before Flop (didn't bet)
Seat 3: Tiktak8025 (button) folded before Flop (didn't bet)
Seat 4: Y_19 (small blind) folded before Flop
Seat 5: NoonTime1991 (big blind) folded before Flop
Seat 6: Emily_GetMan collected ($2.50)



PokerStars Hand #254716753948:  Hold'em No Limit ($0.50/$1.00 USD) - 2025/02/05 10:35:04 WET [2025/02/05 5:35:04 ET]
Table 'Hippodamia' 6-max Seat #4 is the button
Seat 6: Emily_GetMan ($140.98 in chips) is sitting out
Seat 1: filipbasheski ($8.69 in chips) 
Seat 2: Pon4uk.ua ($120 in chips) 
Seat 3: Tiktak8025 ($115.58 in chips) 
Seat 4: Y_19 ($100 in chips) 
Seat 5: NoonTime1991 ($143 in chips) 
NoonTime1991: posts small blind $0.50
Emily_GetMan: is sitting out 
Emily_GetMan leaves the table
filipbasheski: posts big blind $1
*** HOLE CARDS ***
Pon4uk.ua: raises $1 to $2
Tiktak8025: raises $5.50 to $7.50
Y_19: folds 
NoonTime1991: folds 
filipbasheski: raises $1.19 to $8.69 and is all-in
Pon4uk.ua: calls $6.69
Tiktak8025: calls $1.19
*** FLOP *** [6s 7d 9c]
Pon4uk.ua: bets $8.33
Tiktak8025: calls $8.33
*** TURN *** [6s 7d 9c] [Ts]
Pon4uk.ua: checks 
Tiktak8025: checks 
*** RIVER *** [6s 7d 9c Ts] [5h]
Pon4uk.ua: checks 
Tiktak8025: checks 
*** SHOW DOWN ***
Pon4uk.ua: shows [Jd Jc] (a pair of Jacks)
Tiktak8025: mucks hand 
Pon4uk.ua collected $15.83 from side pot
filipbasheski: shows [9s 8s] (a straight, Six to Ten)
filipbasheski collected $25.24 from main pot
*** SUMMARY ***
Total pot $43.23 Main pot $25.24. Side pot $15.83. | Rake $2.16 
Board [6s 7d 9c Ts 5h]
Seat 6: Emily_GetMan
Seat 1: filipbasheski (big blind) showed [9s 8s] and won ($25.24) with a straight, Six to Ten
Seat 2: Pon4uk.ua showed [Jd Jc] and won ($15.83) with a pair of Jacks
Seat 3: Tiktak8025 mucked
Seat 4: Y_19 (button) folded before Flop (didn't bet)
Seat 5: NoonTime1991 (small blind) folded before Flop



PokerStars Hand #254716759123:  Hold'em No Limit ($0.50/$1.00 USD) - 2025/02/05 10:35:50 WET [2025/02/05 5:35:50 ET]
Table 'Hippodamia' 6-max Seat #5 is the button
Seat 1: filipbasheski ($25.24 in chips) 
Seat 2: Pon4uk.ua ($118.81 in chips) 
Seat 3: Tiktak8025 ($98.56 in chips) 
Seat 4: Y_19 ($100 in chips) 
Seat 5: NoonTime1991 ($142.50 in chips) 
filipbasheski: posts small blind $0.50
Pon4uk.ua: posts big blind $1
*** HOLE CARDS ***
Tiktak8025: raises $1 to $2
Y_19: folds 
NoonTime1991: calls $2
Dai5dop joins the table at seat #6 
filipbasheski: calls $1.50
Pon4uk.ua: calls $1
*** FLOP *** [2s 8c Kc]
filipbasheski: checks 
Pon4uk.ua: checks 
Tiktak8025: checks 
NoonTime1991: checks 
*** TURN *** [2s 8c Kc] [5h]
filipbasheski: checks 
Pon4uk.ua: checks 
Tiktak8025: checks 
NoonTime1991: checks 
*** RIVER *** [2s 8c Kc 5h] [Ac]
filipbasheski: checks 
Pon4uk.ua: checks 
Tiktak8025: checks 
NoonTime1991: checks 
*** SHOW DOWN ***
filipbasheski: shows [7d Qs] (high card Ace)
Pon4uk.ua: shows [Jd Ks] (a pair of Kings)
Tiktak8025: shows [As 3c] (a pair of Aces)
NoonTime1991: mucks hand 
Tiktak8025 collected $7.50 from pot
*** SUMMARY ***
Total pot $8 | Rake $0.50 
Board [2s 8c Kc 5h Ac]
Seat 1: filipbasheski (small blind) showed [7d Qs] and lost with high card Ace
Seat 2: Pon4uk.ua (big blind) showed [Jd Ks] and lost with a pair of Kings
Seat 3: Tiktak8025 showed [As 3c] and won ($7.50) with a pair of Aces
Seat 4: Y_19 folded before Flop (didn't bet)
Seat 5: NoonTime1991 (button) mucked



PokerStars Hand #254716770046:  Hold'em No Limit ($0.50/$1.00 USD) - 2025/02/05 10:37:28 WET [2025/02/05 5:37:28 ET]
Table 'Hippodamia' 6-max Seat #1 is the button
Seat 6: Dai5dop ($100 in chips) is sitting out
Seat 1: filipbasheski ($23.24 in chips) 
Seat 2: Pon4uk.ua ($116.81 in chips) 
Seat 3: Tiktak8025 ($104.06 in chips) 
Seat 4: Y_19 ($100 in chips) 
Seat 5: NoonTime1991 ($140.50 in chips) 
Pon4uk.ua: posts small blind $0.50
Tiktak8025: posts big blind $1
Dai5dop: sits out 
*** HOLE CARDS ***
Y_19: folds 
NoonTime1991: folds 
filipbasheski: folds 
Pon4uk.ua: raises $1.75 to $2.75
Tiktak8025: raises $1.75 to $4.50
Pon4uk.ua: calls $1.75
*** FLOP *** [Qd 6s 8s]
Pon4uk.ua: checks 
Tiktak8025: checks 
*** TURN *** [Qd 6s 8s] [Kh]
Pon4uk.ua: checks 
Tiktak8025: checks 
*** RIVER *** [Qd 6s 8s Kh] [Kc]
Pon4uk.ua: checks 
Tiktak8025: checks 
*** SHOW DOWN ***
Pon4uk.ua: shows [Js 9c] (a pair of Kings)
Tiktak8025: shows [3h Ah] (a pair of Kings - Ace kicker)
Tiktak8025 collected $8.44 from pot
*** SUMMARY ***
Total pot $9 | Rake $0.56 
Board [Qd 6s 8s Kh Kc]
Seat 6: Dai5dop
Seat 1: filipbasheski (button) folded before Flop (didn't bet)
Seat 2: Pon4uk.ua (small blind) showed [Js 9c] and lost with a pair of Kings
Seat 3: Tiktak8025 (big blind) showed [3h Ah] and won ($8.44) with a pair of Kings
Seat 4: Y_19 folded before Flop (didn't bet)
Seat 5: NoonTime1991 folded before Flop (didn't bet)



PokerStars Hand #254716827393:  Hold'em No Limit ($0.50/$1.00 USD) - 2025/02/05 10:45:49 WET [2025/02/05 5:45:49 ET]
Table 'Hippodamia' 6-max Seat #1 is the button
Seat 1: filipbasheski ($21.10 in chips) 
Seat 2: Pon4uk.ua ($101.53 in chips) 
Seat 3: Tiktak8025 ($116.22 in chips) 
Seat 4: Y_19 ($100 in chips) 
Seat 5: NoonTime1991 ($120.18 in chips) 
Seat 6: Dai5dop ($162.82 in chips) 
Pon4uk.ua: posts small blind $0.50
Tiktak8025: posts big blind $1
*** HOLE CARDS ***
Y_19: folds 
NoonTime1991: raises $2 to $3
Dai5dop: folds 
filipbasheski: folds 
filipbasheski leaves the table
Pon4uk.ua: folds 
Tiktak8025: folds 
Uncalled bet ($2) returned to NoonTime1991
NoonTime1991 collected $2.50 from pot
NoonTime1991: doesn't show hand 
*** SUMMARY ***
Total pot $2.50 | Rake $0 
Seat 1: filipbasheski (button) folded before Flop (didn't bet)
Seat 2: Pon4uk.ua (small blind) folded before Flop
Seat 3: Tiktak8025 (big blind) folded before Flop
Seat 4: Y_19 folded before Flop (didn't bet)
Seat 5: NoonTime1991 collected ($2.50)
Seat 6: Dai5dop folded before Flop (didn't bet)



PokerStars Hand #254716829181:  Hold'em No Limit ($0.50/$1.00 USD) - 2025/02/05 10:46:06 WET [2025/02/05 5:46:06 ET]
Table 'Hippodamia' 6-max Seat #2 is the button
Seat 2: Pon4uk.ua ($101.03 in chips) 
Seat 3: Tiktak8025 ($115.22 in chips) 
Seat 4: Y_19 ($100 in chips) 
Seat 5: NoonTime1991 ($121.68 in chips) 
Seat 6: Dai5dop ($162.82 in chips) 
Tiktak8025: posts small blind $0.50
Y_19: posts big blind $1
*** HOLE CARDS ***
NoonTime1991: folds 
Dai5dop: raises $1.50 to $2.50
derek5858 joins the table at seat #1 
Pon4uk.ua: folds 
Tiktak8025: calls $2
Y_19: folds 
*** FLOP *** [4h 2h Kc]
Tiktak8025: checks 
Dai5dop: bets $1.71
Tiktak8025: calls $1.71
*** TURN *** [4h 2h Kc] [Qs]
Tiktak8025: checks 
Dai5dop: checks 
*** RIVER *** [4h 2h Kc Qs] [Ac]
Tiktak8025: checks 
Dai5dop: bets $4.48
Tiktak8025: folds 
Uncalled bet ($4.48) returned to Dai5dop
Dai5dop collected $8.95 from pot
Dai5dop: doesn't show hand 
*** SUMMARY ***
Total pot $9.42 | Rake $0.47 
Board [4h 2h Kc Qs Ac]
Seat 2: Pon4uk.ua (button) folded before Flop (didn't bet)
Seat 3: Tiktak8025 (small blind) folded on the River
Seat 4: Y_19 (big blind) folded before Flop
Seat 5: NoonTime1991 folded before Flop (didn't bet)
Seat 6: Dai5dop collected ($8.95)



PokerStars Hand #254716834206:  Hold'em No Limit ($0.50/$1.00 USD) - 2025/02/05 10:46:50 WET [2025/02/05 5:46:50 ET]
Table 'Hippodamia' 6-max Seat #3 is the button
Seat 1: derek5858 ($100 in chips) is sitting out
Seat 2: Pon4uk.ua ($101.03 in chips) 
Seat 3: Tiktak8025 ($111.01 in chips) 
Seat 4: Y_19 ($100 in chips) 
Seat 5: NoonTime1991 ($121.68 in chips) 
Seat 6: Dai5dop ($167.56 in chips) 
Y_19: posts small blind $0.50
NoonTime1991: posts big blind $1
derek5858: sits out 
*** HOLE CARDS ***
Dai5dop: folds 
Pon4uk.ua: folds 
Tiktak8025: folds 
Y_19: folds 
Uncalled bet ($0.50) returned to NoonTime1991
NoonTime1991 collected $1 from pot
NoonTime1991: doesn't show hand 
*** SUMMARY ***
Total pot $1 | Rake $0 
Seat 1: derek5858
Seat 2: Pon4uk.ua folded before Flop (didn't bet)
Seat 3: Tiktak8025 (button) folded before Flop (didn't bet)
Seat 4: Y_19 (small blind) folded before Flop
Seat 5: NoonTime1991 (big blind) collected ($1)
Seat 6: Dai5dop folded before Flop (didn't bet)



PokerStars Hand #254716835798:  Hold'em No Limit ($0.50/$1.00 USD) - 2025/02/05 10:47:04 WET [2025/02/05 5:47:04 ET]
Table 'Hippodamia' 6-max Seat #4 is the button
Seat 1: derek5858 ($100 in chips) is sitting out
Seat 2: Pon4uk.ua ($101.03 in chips) 
Seat 3: Tiktak8025 ($111.01 in chips) 
Seat 4: Y_19 ($100 in chips) 
Seat 5: NoonTime1991 ($122.18 in chips) 
Seat 6: Dai5dop ($167.56 in chips) 
NoonTime1991: posts small blind $0.50
Dai5dop: posts big blind $1
derek5858: sits out 
*** HOLE CARDS ***
Pon4uk.ua: raises $1 to $2
Tiktak8025: folds 
Y_19: folds 
NoonTime1991: folds 
Dai5dop: calls $1
*** FLOP *** [Js Ad 4c]
Dai5dop: checks 
Pon4uk.ua: bets $1.41
Dai5dop: folds 
Uncalled bet ($1.41) returned to Pon4uk.ua
Pon4uk.ua collected $4.28 from pot
Pon4uk.ua: doesn't show hand 
*** SUMMARY ***
Total pot $4.50 | Rake $0.22 
Board [Js Ad 4c]
Seat 1: derek5858
Seat 2: Pon4uk.ua collected ($4.28)
Seat 3: Tiktak8025 folded before Flop (didn't bet)
Seat 4: Y_19 (button) folded before Flop (didn't bet)
Seat 5: NoonTime1991 (small blind) folded before Flop
Seat 6: Dai5dop (big blind) folded on the Flop



PokerStars Hand #254716839682:  Hold'em No Limit ($0.50/$1.00 USD) - 2025/02/05 10:47:38 WET [2025/02/05 5:47:38 ET]
Table 'Hippodamia' 6-max Seat #5 is the button
Seat 1: derek5858 ($100 in chips) 
Seat 2: Pon4uk.ua ($103.31 in chips) 
Seat 3: Tiktak8025 ($111.01 in chips) 
Seat 4: Y_19 ($100 in chips) 
Seat 5: NoonTime1991 ($121.68 in chips) 
Seat 6: Dai5dop ($165.56 in chips) 
Dai5dop: posts small blind $0.50
derek5858: posts big blind $1
*** HOLE CARDS ***
Pon4uk.ua: raises $1 to $2
Tiktak8025: folds 
Y_19: folds 
NoonTime1991: folds 
Dai5dop: folds 
derek5858: calls $1
*** FLOP *** [8h 6h 2d]
derek5858: checks 
Pon4uk.ua: bets $3.21
derek5858: calls $3.21
*** TURN *** [8h 6h 2d] [8s]
derek5858: checks 
Pon4uk.ua: checks 
*** RIVER *** [8h 6h 2d 8s] [Qh]
derek5858: checks 
Pon4uk.ua: checks 
*** SHOW DOWN ***
derek5858: shows [6d 7h] (two pair, Eights and Sixes)
Pon4uk.ua: shows [Kc Kd] (two pair, Kings and Eights)
Pon4uk.ua collected $10.37 from pot
*** SUMMARY ***
Total pot $10.92 | Rake $0.55 
Board [8h 6h 2d 8s Qh]
Seat 1: derek5858 (big blind) showed [6d 7h] and lost with two pair, Eights and Sixes
Seat 2: Pon4uk.ua showed [Kc Kd] and won ($10.37) with two pair, Kings and Eights
Seat 3: Tiktak8025 folded before Flop (didn't bet)
Seat 4: Y_19 folded before Flop (didn't bet)
Seat 5: NoonTime1991 (button) folded before Flop (didn't bet)
Seat 6: Dai5dop (small blind) folded before Flop



PokerStars Hand #254716844891:  Hold'em No Limit ($0.50/$1.00 USD) - 2025/02/05 10:48:23 WET [2025/02/05 5:48:23 ET]
Table 'Hippodamia' 6-max Seat #6 is the button
Seat 1: derek5858 ($100 in chips) 
Seat 2: Pon4uk.ua ($108.47 in chips) 
Seat 3: Tiktak8025 ($111.01 in chips) 
Seat 4: Y_19 ($100 in chips) 
Seat 5: NoonTime1991 ($121.68 in chips) 
Seat 6: Dai5dop ($165.06 in chips) 
derek5858: posts small blind $0.50
Pon4uk.ua: posts big blind $1
*** HOLE CARDS ***
Tiktak8025: folds 
Y_19: folds 
NoonTime1991: folds 
Dai5dop: folds 
derek5858: folds 
Uncalled bet ($0.50) returned to Pon4uk.ua
Pon4uk.ua collected $1 from pot
Pon4uk.ua: doesn't show hand 
*** SUMMARY ***
Total pot $1 | Rake $0 
Seat 1: derek5858 (small blind) folded before Flop
Seat 2: Pon4uk.ua (big blind) collected ($1)
Seat 3: Tiktak8025 folded before Flop (didn't bet)
Seat 4: Y_19 folded before Flop (didn't bet)
Seat 5: NoonTime1991 folded before Flop (didn't bet)
Seat 6: Dai5dop (button) folded before Flop (didn't bet)



PokerStars Hand #254716846922:  Hold'em No Limit ($0.50/$1.00 USD) - 2025/02/05 10:48:41 WET [2025/02/05 5:48:41 ET]
Table 'Hippodamia' 6-max Seat #1 is the button
Seat 1: derek5858 ($100 in chips) 
Seat 2: Pon4uk.ua ($108.97 in chips) 
Seat 3: Tiktak8025 ($111.01 in chips) 
Seat 4: Y_19 ($100 in chips) 
Seat 5: NoonTime1991 ($121.68 in chips) 
Seat 6: Dai5dop ($165.06 in chips) 
Pon4uk.ua: posts small blind $0.50
Tiktak8025: posts big blind $1
*** HOLE CARDS ***
Y_19: folds 
NoonTime1991: folds 
Dai5dop: folds 
derek5858: folds 
Pon4uk.ua: raises $1.75 to $2.75
Tiktak8025: folds 
Uncalled bet ($1.75) returned to Pon4uk.ua
Pon4uk.ua collected $2 from pot
Pon4uk.ua: doesn't show hand 
*** SUMMARY ***
Total pot $2 | Rake $0 
Seat 1: derek5858 (button) folded before Flop (didn't bet)
Seat 2: Pon4uk.ua (small blind) collected ($2)
Seat 3: Tiktak8025 (big blind) folded before Flop
Seat 4: Y_19 folded before Flop (didn't bet)
Seat 5: NoonTime1991 folded before Flop (didn't bet)
Seat 6: Dai5dop folded before Flop (didn't bet)



PokerStars Hand #254716848788:  Hold'em No Limit ($0.50/$1.00 USD) - 2025/02/05 10:48:58 WET [2025/02/05 5:48:58 ET]
Table 'Hippodamia' 6-max Seat #2 is the button
Seat 1: derek5858 ($100 in chips) 
Seat 2: Pon4uk.ua ($109.97 in chips) 
Seat 3: Tiktak8025 ($110.01 in chips) 
Seat 4: Y_19 ($100 in chips) 
Seat 5: NoonTime1991 ($121.68 in chips) 
Seat 6: Dai5dop ($165.06 in chips) 
Tiktak8025: posts small blind $0.50
Y_19: posts big blind $1
*** HOLE CARDS ***
NoonTime1991: folds 
Dai5dop: folds 
derek5858: folds 
Pon4uk.ua: folds 
Tiktak8025: calls $0.50
Y_19: checks 
*** FLOP *** [Qc Ts 8h]
Tiktak8025: checks 
Y_19: bets $1
Tiktak8025: calls $1
*** TURN *** [Qc Ts 8h] [6s]
Tiktak8025: checks 
Y_19: bets $3.50
Tiktak8025: folds 
Uncalled bet ($3.50) returned to Y_19
Y_19 collected $3.80 from pot
Y_19: doesn't show hand 
*** SUMMARY ***
Total pot $4 | Rake $0.20 
Board [Qc Ts 8h 6s]
Seat 1: derek5858 folded before Flop (didn't bet)
Seat 2: Pon4uk.ua (button) folded before Flop (didn't bet)
Seat 3: Tiktak8025 (small blind) folded on the Turn
Seat 4: Y_19 (big blind) collected ($3.80)
Seat 5: NoonTime1991 folded before Flop (didn't bet)
Seat 6: Dai5dop folded before Flop (didn't bet)



PokerStars Hand #254716853904:  Hold'em No Limit ($0.50/$1.00 USD) - 2025/02/05 10:49:43 WET [2025/02/05 5:49:43 ET]
Table 'Hippodamia' 6-max Seat #3 is the button
Seat 5: NoonTime1991 ($121.68 in chips) is sitting out
Seat 1: derek5858 ($100 in chips) 
Seat 2: Pon4uk.ua ($109.97 in chips) 
Seat 3: Tiktak8025 ($108.01 in chips) 
Seat 4: Y_19 ($101.80 in chips) 
Seat 6: Dai5dop ($165.06 in chips) 
Y_19: posts small blind $0.50
NoonTime1991: is sitting out 
Dai5dop: posts big blind $1
*** HOLE CARDS ***
NoonTime1991 leaves the table
derek5858: raises $1 to $2
Pon4uk.ua: folds 
Tiktak8025: calls $2
Y_19: folds 
Dai5dop: calls $1
*** FLOP *** [8h Kc Jc]
Dai5dop: checks 
derek5858: bets $1.85
Tiktak8025: calls $1.85
Dai5dop: calls $1.85
*** TURN *** [8h Kc Jc] [9h]
Dai5dop: checks 
derek5858: bets $3.44
Tiktak8025: folds 
Dai5dop: calls $3.44
*** RIVER *** [8h Kc Jc 9h] [Ah]
Dai5dop: checks 
derek5858: checks 
janarr5 joins the table at seat #5 
*** SHOW DOWN ***
Dai5dop: shows [Ad Jh] (two pair, Aces and Jacks)
derek5858: shows [Ks As] (two pair, Aces and Kings)
derek5858 collected $17.98 from pot
*** SUMMARY ***
Total pot $18.93 | Rake $0.95 
Board [8h Kc Jc 9h Ah]
Seat 5: NoonTime1991
Seat 1: derek5858 showed [Ks As] and won ($17.98) with two pair, Aces and Kings
Seat 2: Pon4uk.ua folded before Flop (didn't bet)
Seat 3: Tiktak8025 (button) folded on the Turn
Seat 4: Y_19 (small blind) folded before Flop
Seat 6: Dai5dop (big blind) showed [Ad Jh] and lost with two pair, Aces and Jacks



PokerStars Hand #254716862756:  Hold'em No Limit ($0.50/$1.00 USD) - 2025/02/05 10:51:02 WET [2025/02/05 5:51:02 ET]
Table 'Hippodamia' 6-max Seat #4 is the button
Seat 5: janarr5 ($100 in chips) is sitting out
Seat 1: derek5858 ($110.69 in chips) 
Seat 2: Pon4uk.ua ($109.97 in chips) 
Seat 3: Tiktak8025 ($104.16 in chips) 
Seat 4: Y_19 ($101.30 in chips) 
Seat 6: Dai5dop ($157.77 in chips) 
Dai5dop: posts small blind $0.50
derek5858: posts big blind $1
*** HOLE CARDS ***
Pon4uk.ua: folds 
Tiktak8025: raises $1 to $2
Y_19: folds 
Dai5dop: folds 
derek5858: folds 
Uncalled bet ($1) returned to Tiktak8025
Tiktak8025 collected $2.50 from pot
*** SUMMARY ***
Total pot $2.50 | Rake $0 
Seat 5: janarr5
Seat 1: derek5858 (big blind) folded before Flop
Seat 2: Pon4uk.ua folded before Flop (didn't bet)
Seat 3: Tiktak8025 collected ($2.50)
Seat 4: Y_19 (button) folded before Flop (didn't bet)
Seat 6: Dai5dop (small blind) folded before Flop



PokerStars Hand #254716864925:  Hold'em No Limit ($0.50/$1.00 USD) - 2025/02/05 10:51:21 WET [2025/02/05 5:51:21 ET]
Table 'Hippodamia' 6-max Seat #6 is the button
Seat 5: janarr5 ($100 in chips) is sitting out
Seat 1: derek5858 ($109.69 in chips) 
Seat 2: Pon4uk.ua ($109.97 in chips) 
Seat 3: Tiktak8025 ($105.66 in chips) 
Seat 4: Y_19 ($101.30 in chips) 
Seat 6: Dai5dop ($157.27 in chips) 
derek5858: posts small blind $0.50
Pon4uk.ua: posts big blind $1
janarr5: sits out 
*** HOLE CARDS ***
Tiktak8025: folds 
Y_19: folds 
Dai5dop: folds 
derek5858: folds 
Uncalled bet ($0.50) returned to Pon4uk.ua
Pon4uk.ua collected $1 from pot
Pon4uk.ua: doesn't show hand 
*** SUMMARY ***
Total pot $1 | Rake $0 
Seat 5: janarr5
Seat 1: derek5858 (small blind) folded before Flop
Seat 2: Pon4uk.ua (big blind) collected ($1)
Seat 3: Tiktak8025 folded before Flop (didn't bet)
Seat 4: Y_19 folded before Flop (didn't bet)
Seat 6: Dai5dop (button) folded before Flop (didn't bet)



PokerStars Hand #254716866585:  Hold'em No Limit ($0.50/$1.00 USD) - 2025/02/05 10:51:36 WET [2025/02/05 5:51:36 ET]
Table 'Hippodamia' 6-max Seat #1 is the button
Seat 5: janarr5 ($100 in chips) is sitting out
Seat 1: derek5858 ($109.19 in chips) 
Seat 2: Pon4uk.ua ($110.47 in chips) 
Seat 3: Tiktak8025 ($105.66 in chips) 
Seat 4: Y_19 ($101.30 in chips) 
Seat 6: Dai5dop ($157.27 in chips) 
Pon4uk.ua: posts small blind $0.50
Tiktak8025: posts big blind $1
janarr5: sits out 
*** HOLE CARDS ***
Y_19: folds 
Dai5dop: folds 
derek5858: folds 
Pon4uk.ua: raises $1.75 to $2.75
Tiktak8025: folds 
Uncalled bet ($1.75) returned to Pon4uk.ua
Pon4uk.ua collected $2 from pot
Pon4uk.ua: doesn't show hand 
*** SUMMARY ***
Total pot $2 | Rake $0 
Seat 5: janarr5
Seat 1: derek5858 (button) folded before Flop (didn't bet)
Seat 2: Pon4uk.ua (small blind) collected ($2)
Seat 3: Tiktak8025 (big blind) folded before Flop
Seat 4: Y_19 folded before Flop (didn't bet)
Seat 6: Dai5dop folded before Flop (didn't bet)



PokerStars Hand #254716868146:  Hold'em No Limit ($0.50/$1.00 USD) - 2025/02/05 10:51:50 WET [2025/02/05 5:51:50 ET]
Table 'Hippodamia' 6-max Seat #2 is the button
Seat 5: janarr5 ($100 in chips) is sitting out
Seat 1: derek5858 ($109.19 in chips) 
Seat 2: Pon4uk.ua ($111.47 in chips) 
Seat 3: Tiktak8025 ($104.66 in chips) 
Seat 4: Y_19 ($101.30 in chips) 
Seat 6: Dai5dop ($157.27 in chips) 
Tiktak8025: posts small blind $0.50
Y_19: posts big blind $1
janarr5: sits out 
*** HOLE CARDS ***
Dai5dop: raises $1.20 to $2.20
derek5858: folds 
Pon4uk.ua: raises $4.80 to $7
Tiktak8025: folds 
Y_19: folds 
Dai5dop: folds 
Uncalled bet ($4.80) returned to Pon4uk.ua
Pon4uk.ua collected $5.90 from pot
Pon4uk.ua: doesn't show hand 
*** SUMMARY ***
Total pot $5.90 | Rake $0 
Seat 5: janarr5
Seat 1: derek5858 folded before Flop (didn't bet)
Seat 2: Pon4uk.ua (button) collected ($5.90)
Seat 3: Tiktak8025 (small blind) folded before Flop
Seat 4: Y_19 (big blind) folded before Flop
Seat 6: Dai5dop folded before Flop



PokerStars Hand #254716872087:  Hold'em No Limit ($0.50/$1.00 USD) - 2025/02/05 10:52:24 WET [2025/02/05 5:52:24 ET]
Table 'Hippodamia' 6-max Seat #3 is the button
Seat 1: derek5858 ($109.19 in chips) 
Seat 2: Pon4uk.ua ($115.17 in chips) 
Seat 3: Tiktak8025 ($104.16 in chips) 
Seat 4: Y_19 ($100.30 in chips) 
Seat 5: janarr5 ($100 in chips) 
Seat 6: Dai5dop ($155.07 in chips) 
Y_19: posts small blind $0.50
janarr5: posts big blind $1
*** HOLE CARDS ***
Dai5dop: folds 
derek5858: folds 
Pon4uk.ua: folds 
Tiktak8025: raises $1 to $2
Y_19: folds 
janarr5: folds 
Uncalled bet ($1) returned to Tiktak8025
Tiktak8025 collected $2.50 from pot
*** SUMMARY ***
Total pot $2.50 | Rake $0 
Seat 1: derek5858 folded before Flop (didn't bet)
Seat 2: Pon4uk.ua folded before Flop (didn't bet)
Seat 3: Tiktak8025 (button) collected ($2.50)
Seat 4: Y_19 (small blind) folded before Flop
Seat 5: janarr5 (big blind) folded before Flop
Seat 6: Dai5dop folded before Flop (didn't bet)



PokerStars Hand #254716787646:  Hold'em No Limit ($0.50/$1.00 USD) - 2025/02/05 10:40:02 WET [2025/02/05 5:40:02 ET]
Table 'Hippodamia' 6-max Seat #5 is the button
Seat 1: filipbasheski ($25.25 in chips) 
Seat 2: Pon4uk.ua ($112.31 in chips) 
Seat 3: Tiktak8025 ($114.48 in chips) 
Seat 4: Y_19 ($100 in chips) 
Seat 5: NoonTime1991 ($122.18 in chips) 
Seat 6: Dai5dop ($110.08 in chips) 
Dai5dop: posts small blind $0.50
filipbasheski: posts big blind $1
*** HOLE CARDS ***
Pon4uk.ua: folds 
Tiktak8025: folds 
Y_19: folds 
NoonTime1991: raises $1 to $2
Dai5dop: raises $8 to $10
filipbasheski: folds 
NoonTime1991: folds 
Uncalled bet ($8) returned to Dai5dop
Dai5dop collected $5 from pot
Dai5dop: doesn't show hand 
*** SUMMARY ***
Total pot $5 | Rake $0 
Seat 1: filipbasheski (big blind) folded before Flop
Seat 2: Pon4uk.ua folded before Flop (didn't bet)
Seat 3: Tiktak8025 folded before Flop (didn't bet)
Seat 4: Y_19 folded before Flop (didn't bet)
Seat 5: NoonTime1991 (button) folded before Flop
Seat 6: Dai5dop (small blind) collected ($5)



PokerStars Hand #254716791439:  Hold'em No Limit ($0.50/$1.00 USD) - 2025/02/05 10:40:36 WET [2025/02/05 5:40:36 ET]
Table 'Hippodamia' 6-max Seat #6 is the button
Seat 1: filipbasheski ($24.25 in chips) 
Seat 2: Pon4uk.ua ($112.31 in chips) 
Seat 3: Tiktak8025 ($114.48 in chips) 
Seat 4: Y_19 ($100 in chips) 
Seat 5: NoonTime1991 ($120.18 in chips) 
Seat 6: Dai5dop ($113.08 in chips) 
filipbasheski: posts small blind $0.50
Pon4uk.ua: posts big blind $1
*** HOLE CARDS ***
Tiktak8025: calls $1
Y_19: folds 
NoonTime1991: folds 
Dai5dop: folds 
filipbasheski: calls $0.50
Pon4uk.ua: checks 
*** FLOP *** [5s 5d Kh]
filipbasheski: bets $1
Pon4uk.ua: folds 
Tiktak8025: folds 
Uncalled bet ($1) returned to filipbasheski
filipbasheski collected $2.85 from pot
*** SUMMARY ***
Total pot $3 | Rake $0.15 
Board [5s 5d Kh]
Seat 1: filipbasheski (small blind) collected ($2.85)
Seat 2: Pon4uk.ua (big blind) folded on the Flop
Seat 3: Tiktak8025 folded on the Flop
Seat 4: Y_19 folded before Flop (didn't bet)
Seat 5: NoonTime1991 folded before Flop (didn't bet)
Seat 6: Dai5dop (button) folded before Flop (didn't bet)



PokerStars Hand #254716794450:  Hold'em No Limit ($0.50/$1.00 USD) - 2025/02/05 10:41:02 WET [2025/02/05 5:41:02 ET]
Table 'Hippodamia' 6-max Seat #1 is the button
Seat 1: filipbasheski ($26.10 in chips) 
Seat 2: Pon4uk.ua ($111.31 in chips) 
Seat 3: Tiktak8025 ($113.48 in chips) 
Seat 4: Y_19 ($100 in chips) 
Seat 5: NoonTime1991 ($120.18 in chips) 
Seat 6: Dai5dop ($113.08 in chips) 
Pon4uk.ua: posts small blind $0.50
Tiktak8025: posts big blind $1
*** HOLE CARDS ***
Y_19: folds 
NoonTime1991: folds 
Dai5dop: folds 
filipbasheski: folds 
Pon4uk.ua: raises $1.75 to $2.75
Tiktak8025: raises $1.75 to $4.50
Pon4uk.ua: calls $1.75
*** FLOP *** [Jc Kc 3h]
Pon4uk.ua: checks 
Tiktak8025: bets $4.28
Pon4uk.ua: calls $4.28
*** TURN *** [Jc Kc 3h] [7c]
Pon4uk.ua: checks 
Tiktak8025: bets $8.34
Pon4uk.ua: folds 
Uncalled bet ($8.34) returned to Tiktak8025
Tiktak8025 collected $16.46 from pot
*** SUMMARY ***
Total pot $17.56 | Rake $1.10 
Board [Jc Kc 3h 7c]
Seat 1: filipbasheski (button) folded before Flop (didn't bet)
Seat 2: Pon4uk.ua (small blind) folded on the Turn
Seat 3: Tiktak8025 (big blind) collected ($16.46)
Seat 4: Y_19 folded before Flop (didn't bet)
Seat 5: NoonTime1991 folded before Flop (didn't bet)
Seat 6: Dai5dop folded before Flop (didn't bet)



PokerStars Hand #254716798113:  Hold'em No Limit ($0.50/$1.00 USD) - 2025/02/05 10:41:34 WET [2025/02/05 5:41:34 ET]
Table 'Hippodamia' 6-max Seat #2 is the button
Seat 1: filipbasheski ($26.10 in chips) 
Seat 2: Pon4uk.ua ($102.53 in chips) 
Seat 3: Tiktak8025 ($121.16 in chips) 
Seat 4: Y_19 ($100 in chips) 
Seat 5: NoonTime1991 ($120.18 in chips) 
Seat 6: Dai5dop ($113.08 in chips) 
Tiktak8025: posts small blind $0.50
Y_19: posts big blind $1
*** HOLE CARDS ***
NoonTime1991: raises $1 to $2
Dai5dop: folds 
filipbasheski: folds 
Pon4uk.ua: folds 
Tiktak8025: folds 
Y_19: folds 
Uncalled bet ($1) returned to NoonTime1991
NoonTime1991 collected $2.50 from pot
NoonTime1991: doesn't show hand 
*** SUMMARY ***
Total pot $2.50 | Rake $0 
Seat 1: filipbasheski folded before Flop (didn't bet)
Seat 2: Pon4uk.ua (button) folded before Flop (didn't bet)
Seat 3: Tiktak8025 (small blind) folded before Flop
Seat 4: Y_19 (big blind) folded before Flop
Seat 5: NoonTime1991 collected ($2.50)
Seat 6: Dai5dop folded before Flop (didn't bet)



PokerStars Hand #254716800430:  Hold'em No Limit ($0.50/$1.00 USD) - 2025/02/05 10:41:55 WET [2025/02/05 5:41:55 ET]
Table 'Hippodamia' 6-max Seat #3 is the button
Seat 1: filipbasheski ($26.10 in chips) 
Seat 2: Pon4uk.ua ($102.53 in chips) 
Seat 3: Tiktak8025 ($120.66 in chips) 
Seat 4: Y_19 ($100 in chips) 
Seat 5: NoonTime1991 ($121.68 in chips) 
Seat 6: Dai5dop ($113.08 in chips) 
Y_19: posts small blind $0.50
NoonTime1991: posts big blind $1
*** HOLE CARDS ***
Dai5dop: raises $1.20 to $2.20
filipbasheski: folds 
Pon4uk.ua: folds 
Tiktak8025: calls $2.20
Y_19: folds 
NoonTime1991: folds 
*** FLOP *** [7h Kd Kc]
Dai5dop: checks 
Tiktak8025: checks 
*** TURN *** [7h Kd Kc] [5s]
Dai5dop: bets $2.80
Tiktak8025: calls $2.80
*** RIVER *** [7h Kd Kc 5s] [4s]
Dai5dop: bets $5.46
Tiktak8025: calls $5.46
*** SHOW DOWN ***
Dai5dop: shows [8c 8d] (two pair, Kings and Eights)
Tiktak8025: mucks hand 
Dai5dop collected $21.30 from pot
*** SUMMARY ***
Total pot $22.42 | Rake $1.12 
Board [7h Kd Kc 5s 4s]
Seat 1: filipbasheski folded before Flop (didn't bet)
Seat 2: Pon4uk.ua folded before Flop (didn't bet)
Seat 3: Tiktak8025 (button) mucked
Seat 4: Y_19 (small blind) folded before Flop
Seat 5: NoonTime1991 (big blind) folded before Flop
Seat 6: Dai5dop showed [8c 8d] and won ($21.30) with two pair, Kings and Eights



PokerStars Hand #254716804296:  Hold'em No Limit ($0.50/$1.00 USD) - 2025/02/05 10:42:30 WET [2025/02/05 5:42:30 ET]
Table 'Hippodamia' 6-max Seat #4 is the button
Seat 1: filipbasheski ($26.10 in chips) 
Seat 2: Pon4uk.ua ($102.53 in chips) 
Seat 3: Tiktak8025 ($110.20 in chips) 
Seat 4: Y_19 ($100 in chips) 
Seat 5: NoonTime1991 ($120.68 in chips) 
Seat 6: Dai5dop ($123.92 in chips) 
NoonTime1991: posts small blind $0.50
Dai5dop: posts big blind $1
*** HOLE CARDS ***
filipbasheski: calls $1
Pon4uk.ua: folds 
Tiktak8025: raises $3.50 to $4.50
Y_19: folds 
NoonTime1991: folds 
Dai5dop: folds 
filipbasheski: folds 
Uncalled bet ($3.50) returned to Tiktak8025
Tiktak8025 collected $3.50 from pot
Tiktak8025: doesn't show hand 
*** SUMMARY ***
Total pot $3.50 | Rake $0 
Seat 1: filipbasheski folded before Flop
Seat 2: Pon4uk.ua folded before Flop (didn't bet)
Seat 3: Tiktak8025 collected ($3.50)
Seat 4: Y_19 (button) folded before Flop (didn't bet)
Seat 5: NoonTime1991 (small blind) folded before Flop
Seat 6: Dai5dop (big blind) folded before Flop



PokerStars Hand #254716808558:  Hold'em No Limit ($0.50/$1.00 USD) - 2025/02/05 10:43:07 WET [2025/02/05 5:43:07 ET]
Table 'Hippodamia' 6-max Seat #5 is the button
Seat 1: filipbasheski ($25.10 in chips) 
Seat 2: Pon4uk.ua ($102.53 in chips) 
Seat 3: Tiktak8025 ($112.70 in chips) 
Seat 4: Y_19 ($100 in chips) 
Seat 5: NoonTime1991 ($120.18 in chips) 
Seat 6: Dai5dop ($122.92 in chips) 
Dai5dop: posts small blind $0.50
filipbasheski: posts big blind $1
*** HOLE CARDS ***
Pon4uk.ua: folds 
Tiktak8025: raises $2.50 to $3.50
Y_19: folds 
NoonTime1991: folds 
Dai5dop: folds 
filipbasheski: calls $2.50
*** FLOP *** [4h 5c Kh]
filipbasheski: checks 
Tiktak8025: bets $4.56
filipbasheski: folds 
Uncalled bet ($4.56) returned to Tiktak8025
Tiktak8025 collected $7.02 from pot
*** SUMMARY ***
Total pot $7.50 | Rake $0.48 
Board [4h 5c Kh]
Seat 1: filipbasheski (big blind) folded on the Flop
Seat 2: Pon4uk.ua folded before Flop (didn't bet)
Seat 3: Tiktak8025 collected ($7.02)
Seat 4: Y_19 folded before Flop (didn't bet)
Seat 5: NoonTime1991 (button) folded before Flop (didn't bet)
Seat 6: Dai5dop (small blind) folded before Flop



PokerStars Hand #254716812116:  Hold'em No Limit ($0.50/$1.00 USD) - 2025/02/05 10:43:38 WET [2025/02/05 5:43:38 ET]
Table 'Hippodamia' 6-max Seat #6 is the button
Seat 1: filipbasheski ($21.60 in chips) 
Seat 2: Pon4uk.ua ($102.53 in chips) 
Seat 3: Tiktak8025 ($116.22 in chips) 
Seat 4: Y_19 ($100 in chips) 
Seat 5: NoonTime1991 ($120.18 in chips) 
Seat 6: Dai5dop ($122.42 in chips) 
filipbasheski: posts small blind $0.50
Pon4uk.ua: posts big blind $1
*** HOLE CARDS ***
Tiktak8025: folds 
Y_19: raises $1.23 to $2.23
NoonTime1991: folds 
Dai5dop: raises $4.46 to $6.69
filipbasheski: folds 
Pon4uk.ua: folds 
Y_19: raises $11.31 to $18
Dai5dop: calls $11.31
*** FLOP *** [Ah 8c 3d]
Y_19: bets $9.60
Dai5dop: calls $9.60
*** TURN *** [Ah 8c 3d] [7c]
Y_19: checks 
Dai5dop has timed out
Dai5dop: checks 
*** RIVER *** [Ah 8c 3d 7c] [3s]
Y_19: bets $13.80
Dai5dop: calls $13.80
*** SHOW DOWN ***
Y_19: shows [Qc Qd] (two pair, Queens and Threes)
Dai5dop: shows [Js As] (two pair, Aces and Threes)
Dai5dop collected $81.80 from pot
*** SUMMARY ***
Total pot $84.30 | Rake $2.50 
Board [Ah 8c 3d 7c 3s]
Seat 1: filipbasheski (small blind) folded before Flop
Seat 2: Pon4uk.ua (big blind) folded before Flop
Seat 3: Tiktak8025 folded before Flop (didn't bet)
Seat 4: Y_19 showed [Qc Qd] and lost with two pair, Queens and Threes
Seat 5: NoonTime1991 folded before Flop (didn't bet)
Seat 6: Dai5dop (button) showed [Js As] and won ($81.80) with two pair, Aces and Threes



PokerStars Hand #254716874125:  Hold'em No Limit ($0.50/$1.00 USD) - 2025/02/05 10:52:42 WET [2025/02/05 5:52:42 ET]
Table 'Hippodamia' 6-max Seat #4 is the button
Seat 1: derek5858 ($109.19 in chips) 
Seat 2: Pon4uk.ua ($115.17 in chips) 
Seat 3: Tiktak8025 ($105.66 in chips) 
Seat 4: Y_19 ($100 in chips) 
Seat 5: janarr5 ($100 in chips) 
Seat 6: Dai5dop ($155.07 in chips) 
janarr5: posts small blind $0.50
Dai5dop: posts big blind $1
*** HOLE CARDS ***
derek5858: raises $1 to $2
Pon4uk.ua: folds 
Tiktak8025: raises $1 to $3
Y_19: folds 
janarr5: folds 
Dai5dop: folds 
derek5858: calls $1
*** FLOP *** [5d 4c 8d]
derek5858: checks 
Tiktak8025: checks 
*** TURN *** [5d 4c 8d] [3c]
derek5858: checks 
Tiktak8025: checks 
*** RIVER *** [5d 4c 8d 3c] [Tc]
derek5858: checks 
Tiktak8025: bets $4.56
derek5858: calls $4.56
*** SHOW DOWN ***
Tiktak8025: shows [9h Jd] (high card Jack)
derek5858: shows [9s 9c] (a pair of Nines)
derek5858 collected $15.79 from pot
*** SUMMARY ***
Total pot $16.62 | Rake $0.83 
Board [5d 4c 8d 3c Tc]
Seat 1: derek5858 showed [9s 9c] and won ($15.79) with a pair of Nines
Seat 2: Pon4uk.ua folded before Flop (didn't bet)
Seat 3: Tiktak8025 showed [9h Jd] and lost with high card Jack
Seat 4: Y_19 (button) folded before Flop (didn't bet)
Seat 5: janarr5 (small blind) folded before Flop
Seat 6: Dai5dop (big blind) folded before Flop



PokerStars Hand #254716881265:  Hold'em No Limit ($0.50/$1.00 USD) - 2025/02/05 10:53:44 WET [2025/02/05 5:53:44 ET]
Table 'Hippodamia' 6-max Seat #5 is the button
Seat 1: derek5858 ($117.42 in chips) 
Seat 2: Pon4uk.ua ($115.17 in chips) 
Seat 3: Tiktak8025 ($98.10 in chips) 
Seat 4: Y_19 ($100 in chips) 
Seat 5: janarr5 ($100 in chips) 
Seat 6: Dai5dop ($154.07 in chips) 
Dai5dop: posts small blind $0.50
derek5858: posts big blind $1
*** HOLE CARDS ***
Pon4uk.ua: folds 
Tiktak8025: raises $1 to $2
Y_19: folds 
janarr5: folds 
Dai5dop: folds 
derek5858: folds 
Uncalled bet ($1) returned to Tiktak8025
Tiktak8025 collected $2.50 from pot
*** SUMMARY ***
Total pot $2.50 | Rake $0 
Seat 1: derek5858 (big blind) folded before Flop
Seat 2: Pon4uk.ua folded before Flop (didn't bet)
Seat 3: Tiktak8025 collected ($2.50)
Seat 4: Y_19 folded before Flop (didn't bet)
Seat 5: janarr5 (button) folded before Flop (didn't bet)
Seat 6: Dai5dop (small blind) folded before Flop



PokerStars Hand #254716883016:  Hold'em No Limit ($0.50/$1.00 USD) - 2025/02/05 10:53:59 WET [2025/02/05 5:53:59 ET]
Table 'Hippodamia' 6-max Seat #6 is the button
Seat 1: derek5858 ($116.42 in chips) 
Seat 2: Pon4uk.ua ($115.17 in chips) 
Seat 3: Tiktak8025 ($99.60 in chips) 
Seat 4: Y_19 ($100 in chips) 
Seat 5: janarr5 ($100 in chips) 
Seat 6: Dai5dop ($153.57 in chips) 
derek5858: posts small blind $0.50
Pon4uk.ua: posts big blind $1
*** HOLE CARDS ***
Tiktak8025: raises $2.50 to $3.50
Y_19: folds 
janarr5: folds 
Dai5dop: folds 
derek5858: calls $3
Pon4uk.ua: folds 
*** FLOP *** [4s Kh Qs]
derek5858: checks 
Tiktak8025: checks 
*** TURN *** [4s Kh Qs] [5s]
derek5858: checks 
Tiktak8025: bets $4.80
Pon4uk.ua leaves the table
derek5858: calls $4.80
*** RIVER *** [4s Kh Qs 5s] [2s]
derek5858: checks 
Tiktak8025: checks 
*** SHOW DOWN ***
derek5858: shows [9s 9h] (a flush, Queen high)
Tiktak8025: mucks hand 
derek5858 collected $16.72 from pot
*** SUMMARY ***
Total pot $17.60 | Rake $0.88 
Board [4s Kh Qs 5s 2s]
Seat 1: derek5858 (small blind) showed [9s 9h] and won ($16.72) with a flush, Queen high
Seat 2: Pon4uk.ua (big blind) folded before Flop
Seat 3: Tiktak8025 mucked
Seat 4: Y_19 folded before Flop (didn't bet)
Seat 5: janarr5 folded before Flop (didn't bet)
Seat 6: Dai5dop (button) folded before Flop (didn't bet)



PokerStars Hand #254716889485:  Hold'em No Limit ($0.50/$1.00 USD) - 2025/02/05 10:54:55 WET [2025/02/05 5:54:55 ET]
Table 'Hippodamia' 6-max Seat #1 is the button
Seat 1: derek5858 ($124.84 in chips) 
Seat 3: Tiktak8025 ($91.30 in chips) 
Seat 4: Y_19 ($100 in chips) 
Seat 5: janarr5 ($100 in chips) 
Seat 6: Dai5dop ($153.57 in chips) 
Tiktak8025: posts small blind $0.50
Y_19: posts big blind $1
*** HOLE CARDS ***
janarr5: folds 
Dai5dop: raises $1.50 to $2.50
derek5858: folds 
Tiktak8025: folds 
Y_19: raises $9.50 to $12
Dai5dop: calls $9.50
*** FLOP *** [Jc 4h 9d]
Luan777Poker joins the table at seat #2 
Luan777Poker is disconnected 
Y_19: bets $17.46
Luan777Poker leaves the table
Luan777Poker joins the table at seat #2 
Luan777Poker is disconnected 
Dai5dop: calls $17.46
*** TURN *** [Jc 4h 9d] [8h]
Y_19: bets $70.54 and is all-in
Dai5dop: calls $70.54
*** FIRST RIVER *** [Jc 4h 9d 8h] [6s]
*** SECOND RIVER *** [Jc 4h 9d 8h] [Jh]
*** FIRST SHOW DOWN ***
Y_19: shows [Qd Qc] (a pair of Queens)
Dai5dop: shows [As Js] (a pair of Jacks)
Y_19 collected $99 from pot
*** SECOND SHOW DOWN ***
Y_19: shows [Qd Qc] (two pair, Queens and Jacks)
Dai5dop: shows [As Js] (three of a kind, Jacks)
Dai5dop collected $99 from pot
*** SUMMARY ***
Total pot $200.50 | Rake $2.50 
Hand was run twice
FIRST Board [Jc 4h 9d 8h 6s]
SECOND Board [Jc 4h 9d 8h Jh]
Seat 1: derek5858 (button) folded before Flop (didn't bet)
Seat 3: Tiktak8025 (small blind) folded before Flop
Seat 4: Y_19 (big blind) showed [Qd Qc] and won ($99) with a pair of Queens, and lost with two pair, Queens and Jacks
Seat 5: janarr5 folded before Flop (didn't bet)
Seat 6: Dai5dop showed [As Js] and lost with a pair of Jacks, and won ($99) with three of a kind, Jacks



PokerStars Hand #254716898098:  Hold'em No Limit ($0.50/$1.00 USD) - 2025/02/05 10:56:20 WET [2025/02/05 5:56:20 ET]
Table 'Hippodamia' 6-max Seat #3 is the button
Seat 1: derek5858 ($124.84 in chips) 
Seat 2: Luan777Poker ($20.42 in chips) 
Seat 3: Tiktak8025 ($90.80 in chips) 
Seat 4: Y_19 ($100 in chips) 
Seat 5: janarr5 ($100 in chips) 
Seat 6: Dai5dop ($152.57 in chips) 
Y_19: posts small blind $0.50
janarr5: posts big blind $1
Luan777Poker: posts big blind $1
*** HOLE CARDS ***
Dai5dop: folds 
derek5858: folds 
Luan777Poker: checks 
Tiktak8025: raises $3.50 to $4.50
Y_19: folds 
janarr5: folds 
Luan777Poker: folds 
Uncalled bet ($3.50) returned to Tiktak8025
Tiktak8025 collected $3.50 from pot
Tiktak8025: doesn't show hand 
*** SUMMARY ***
Total pot $3.50 | Rake $0 
Seat 1: derek5858 folded before Flop (didn't bet)
Seat 2: Luan777Poker folded before Flop (didn't bet)
Seat 3: Tiktak8025 (button) collected ($3.50)
Seat 4: Y_19 (small blind) folded before Flop
Seat 5: janarr5 (big blind) folded before Flop
Seat 6: Dai5dop folded before Flop (didn't bet)



PokerStars Hand #254716899842:  Hold'em No Limit ($0.50/$1.00 USD) - 2025/02/05 10:56:38 WET [2025/02/05 5:56:38 ET]
Table 'Hippodamia' 6-max Seat #4 is the button
Seat 1: derek5858 ($124.84 in chips) 
Seat 2: Luan777Poker ($19.42 in chips) 
Seat 3: Tiktak8025 ($93.30 in chips) 
Seat 4: Y_19 ($100 in chips) 
Seat 5: janarr5 ($100 in chips) 
Seat 6: Dai5dop ($152.57 in chips) 
janarr5: posts small blind $0.50
Dai5dop: posts big blind $1
*** HOLE CARDS ***
derek5858: folds 
Luan777Poker: folds 
Tiktak8025: folds 
Y_19: folds 
janarr5: folds 
Uncalled bet ($0.50) returned to Dai5dop
Dai5dop collected $1 from pot
Dai5dop: doesn't show hand 
*** SUMMARY ***
Total pot $1 | Rake $0 
Seat 1: derek5858 folded before Flop (didn't bet)
Seat 2: Luan777Poker folded before Flop (didn't bet)
Seat 3: Tiktak8025 folded before Flop (didn't bet)
Seat 4: Y_19 (button) folded before Flop (didn't bet)
Seat 5: janarr5 (small blind) folded before Flop
Seat 6: Dai5dop (big blind) collected ($1)



PokerStars Hand #254716901415:  Hold'em No Limit ($0.50/$1.00 USD) - 2025/02/05 10:56:53 WET [2025/02/05 5:56:53 ET]
Table 'Hippodamia' 6-max Seat #5 is the button
Seat 1: derek5858 ($124.84 in chips) 
Seat 2: Luan777Poker ($19.42 in chips) 
Seat 3: Tiktak8025 ($93.30 in chips) 
Seat 4: Y_19 ($100 in chips) 
Seat 5: janarr5 ($100 in chips) 
Seat 6: Dai5dop ($153.07 in chips) 
Dai5dop: posts small blind $0.50
derek5858: posts big blind $1
*** HOLE CARDS ***
Luan777Poker: folds 
Tiktak8025: raises $2 to $3
Y_19: folds 
janarr5: folds 
Dai5dop: folds 
derek5858: folds 
Uncalled bet ($2) returned to Tiktak8025
Tiktak8025 collected $2.50 from pot
*** SUMMARY ***
Total pot $2.50 | Rake $0 
Seat 1: derek5858 (big blind) folded before Flop
Seat 2: Luan777Poker folded before Flop (didn't bet)
Seat 3: Tiktak8025 collected ($2.50)
Seat 4: Y_19 folded before Flop (didn't bet)
Seat 5: janarr5 (button) folded before Flop (didn't bet)
Seat 6: Dai5dop (small blind) folded before Flop



PokerStars Hand #254716903158:  Hold'em No Limit ($0.50/$1.00 USD) - 2025/02/05 10:57:11 WET [2025/02/05 5:57:11 ET]
Table 'Hippodamia' 6-max Seat #6 is the button
Seat 1: derek5858 ($123.84 in chips) 
Seat 2: Luan777Poker ($19.42 in chips) 
Seat 3: Tiktak8025 ($94.80 in chips) 
Seat 4: Y_19 ($100 in chips) 
Seat 5: janarr5 ($100 in chips) 
Seat 6: Dai5dop ($152.57 in chips) 
derek5858: posts small blind $0.50
Luan777Poker: posts big blind $1
*** HOLE CARDS ***
Tiktak8025: folds 
Y_19: folds 
janarr5: folds 
Dai5dop: raises $1.50 to $2.50
derek5858: folds 
Luan777Poker: calls $1.50
*** FLOP *** [Qs Jd 3s]
Luan777Poker: checks 
Dai5dop: bets $1.57
Luan777Poker: calls $1.57
*** TURN *** [Qs Jd 3s] [8d]
Luan777Poker: checks 
Dai5dop: checks 
*** RIVER *** [Qs Jd 3s 8d] [As]
Luan777Poker: bets $6.11
Dai5dop: folds 
Uncalled bet ($6.11) returned to Luan777Poker
Luan777Poker collected $8.21 from pot
*** SUMMARY ***
Total pot $8.64 | Rake $0.43 
Board [Qs Jd 3s 8d As]
Seat 1: derek5858 (small blind) folded before Flop
Seat 2: Luan777Poker (big blind) collected ($8.21)
Seat 3: Tiktak8025 folded before Flop (didn't bet)
Seat 4: Y_19 folded before Flop (didn't bet)
Seat 5: janarr5 folded before Flop (didn't bet)
Seat 6: Dai5dop (button) folded on the River



PokerStars Hand #254716907146:  Hold'em No Limit ($0.50/$1.00 USD) - 2025/02/05 10:57:51 WET [2025/02/05 5:57:51 ET]
Table 'Hippodamia' 6-max Seat #1 is the button
Seat 1: derek5858 ($123.34 in chips) 
Seat 2: Luan777Poker ($23.56 in chips) 
Seat 3: Tiktak8025 ($94.80 in chips) 
Seat 4: Y_19 ($100 in chips) 
Seat 5: janarr5 ($100 in chips) 
Seat 6: Dai5dop ($148.50 in chips) 
Luan777Poker: posts small blind $0.50
Tiktak8025: posts big blind $1
*** HOLE CARDS ***
Y_19: folds 
janarr5: folds 
Dai5dop: raises $1.50 to $2.50
derek5858: folds 
Luan777Poker: calls $2
Tiktak8025: folds 
*** FLOP *** [8c Td 4s]
Luan777Poker: checks 
Dai5dop: bets $1.71
Luan777Poker: calls $1.71
*** TURN *** [8c Td 4s] [Jd]
Luan777Poker: checks 
Dai5dop: bets $6.71
Luan777Poker: calls $6.71
*** RIVER *** [8c Td 4s Jd] [7d]
Luan777Poker: checks 
Dai5dop: checks 
*** SHOW DOWN ***
Luan777Poker: shows [9d 9s] (a straight, Seven to Jack)
Dai5dop: mucks hand 
Luan777Poker collected $21.70 from pot
*** SUMMARY ***
Total pot $22.84 | Rake $1.14 
Board [8c Td 4s Jd 7d]
Seat 1: derek5858 (button) folded before Flop (didn't bet)
Seat 2: Luan777Poker (small blind) showed [9d 9s] and won ($21.70) with a straight, Seven to Jack
Seat 3: Tiktak8025 (big blind) folded before Flop
Seat 4: Y_19 folded before Flop (didn't bet)
Seat 5: janarr5 folded before Flop (didn't bet)
Seat 6: Dai5dop mucked



PokerStars Hand #254716910972:  Hold'em No Limit ($0.50/$1.00 USD) - 2025/02/05 10:58:30 WET [2025/02/05 5:58:30 ET]
Table 'Hippodamia' 6-max Seat #2 is the button
Seat 1: derek5858 ($123.34 in chips) 
Seat 2: Luan777Poker ($34.34 in chips) 
Seat 3: Tiktak8025 ($93.80 in chips) 
Seat 4: Y_19 ($100 in chips) 
Seat 5: janarr5 ($100 in chips) 
Seat 6: Dai5dop ($137.58 in chips) 
Tiktak8025: posts small blind $0.50
Y_19: posts big blind $1
*** HOLE CARDS ***
janarr5: folds 
Dai5dop: folds 
derek5858: folds 
Luan777Poker: folds 
janarr5 leaves the table
Tiktak8025: raises $1 to $2
Y_19: calls $1
*** FLOP *** [7d 3d Ac]
Tiktak8025: checks 
Y_19: checks 
*** TURN *** [7d 3d Ac] [8c]
Tiktak8025: bets $1.90
Y_19: folds 
Uncalled bet ($1.90) returned to Tiktak8025
Tiktak8025 collected $3.75 from pot
Tiktak8025: doesn't show hand 
*** SUMMARY ***
Total pot $4 | Rake $0.25 
Board [7d 3d Ac 8c]
Seat 1: derek5858 folded before Flop (didn't bet)
Seat 2: Luan777Poker (button) folded before Flop (didn't bet)
Seat 3: Tiktak8025 (small blind) collected ($3.75)
Seat 4: Y_19 (big blind) folded on the Turn
Seat 5: janarr5 folded before Flop (didn't bet)
Seat 6: Dai5dop folded before Flop (didn't bet)



PokerStars Hand #254716913981:  Hold'em No Limit ($0.50/$1.00 USD) - 2025/02/05 10:59:01 WET [2025/02/05 5:59:01 ET]
Table 'Hippodamia' 6-max Seat #3 is the button
Seat 1: derek5858 ($123.34 in chips) 
Seat 2: Luan777Poker ($34.34 in chips) 
Seat 3: Tiktak8025 ($95.55 in chips) 
Seat 4: Y_19 ($100 in chips) 
Seat 6: Dai5dop ($137.58 in chips) 
Y_19: posts small blind $0.50
Dai5dop: posts big blind $1
*** HOLE CARDS ***
Ydys20 joins the table at seat #5 
derek5858: folds 
Luan777Poker: folds 
Tiktak8025: folds 
Y_19: raises $2 to $3
Dai5dop: calls $2
*** FLOP *** [9h 4c 7h]
Y_19: checks 
Dai5dop: checks 
*** TURN *** [9h 4c 7h] [3d]
Y_19: bets $1.88
Dai5dop: raises $4.73 to $6.61
Y_19: folds 
Uncalled bet ($4.73) returned to Dai5dop
Dai5dop collected $9.27 from pot
Dai5dop: doesn't show hand 
*** SUMMARY ***
Total pot $9.76 | Rake $0.49 
Board [9h 4c 7h 3d]
Seat 1: derek5858 folded before Flop (didn't bet)
Seat 2: Luan777Poker folded before Flop (didn't bet)
Seat 3: Tiktak8025 (button) folded before Flop (didn't bet)
Seat 4: Y_19 (small blind) folded on the Turn
Seat 6: Dai5dop (big blind) collected ($9.27)



PokerStars Hand #254716920002:  Hold'em No Limit ($0.50/$1.00 USD) - 2025/02/05 11:00:01 WET [2025/02/05 6:00:01 ET]
Table 'Hippodamia' 6-max Seat #4 is the button
Seat 5: Ydys20 ($100 in chips) is sitting out
Seat 1: derek5858 ($123.34 in chips) 
Seat 2: Luan777Poker ($34.34 in chips) 
Seat 3: Tiktak8025 ($95.55 in chips) 
Seat 4: Y_19 ($100 in chips) 
Seat 6: Dai5dop ($141.97 in chips) 
Dai5dop: posts small blind $0.50
derek5858: posts big blind $1
*** HOLE CARDS ***
Luan777Poker: raises $1 to $2
Tiktak8025: folds 
Y_19: raises $4 to $6
Dai5dop: folds 
derek5858: folds 
Luan777Poker: calls $4
*** FLOP *** [6h 7h Jh]
Luan777Poker: checks 
Y_19: bets $4.23
Luan777Poker: calls $4.23
*** TURN *** [6h 7h Jh] [Th]
Luan777Poker: checks 
Y_19: checks 
*** RIVER *** [6h 7h Jh Th] [9h]
Luan777Poker: bets $10.43
Y_19: folds 
Uncalled bet ($10.43) returned to Luan777Poker
Luan777Poker collected $20.86 from pot
*** SUMMARY ***
Total pot $21.96 | Rake $1.10 
Board [6h 7h Jh Th 9h]
Seat 5: Ydys20
Seat 1: derek5858 (big blind) folded before Flop
Seat 2: Luan777Poker collected ($20.86)
Seat 3: Tiktak8025 folded before Flop (didn't bet)
Seat 4: Y_19 (button) folded on the River
Seat 6: Dai5dop (small blind) folded before Flop



PokerStars Hand #254716924871:  Hold'em No Limit ($0.50/$1.00 USD) - 2025/02/05 11:00:48 WET [2025/02/05 6:00:48 ET]
Table 'Hippodamia' 6-max Seat #6 is the button
Seat 5: Ydys20 ($100 in chips) is sitting out
Seat 1: derek5858 ($122.34 in chips) 
Seat 2: Luan777Poker ($44.97 in chips) 
Seat 3: Tiktak8025 ($95.55 in chips) 
Seat 4: Y_19 ($100 in chips) 
Seat 6: Dai5dop ($141.47 in chips) 
derek5858: posts small blind $0.50
Luan777Poker: posts big blind $1
Ydys20: sits out 
*** HOLE CARDS ***
Tiktak8025: raises $1 to $2
Y_19: folds 
Dai5dop: folds 
derek5858: folds 
Luan777Poker: calls $1
*** FLOP *** [Qd 8c Kd]
Luan777Poker: checks 
Tiktak8025: checks 
*** TURN *** [Qd 8c Kd] [5d]
Luan777Poker: checks 
Tiktak8025: bets $2.14
Luan777Poker: folds 
Uncalled bet ($2.14) returned to Tiktak8025
Tiktak8025 collected $4.22 from pot
*** SUMMARY ***
Total pot $4.50 | Rake $0.28 
Board [Qd 8c Kd 5d]
Seat 5: Ydys20
Seat 1: derek5858 (small blind) folded before Flop
Seat 2: Luan777Poker (big blind) folded on the Turn
Seat 3: Tiktak8025 collected ($4.22)
Seat 4: Y_19 folded before Flop (didn't bet)
Seat 6: Dai5dop (button) folded before Flop (didn't bet)



PokerStars Hand #254716929064:  Hold'em No Limit ($0.50/$1.00 USD) - 2025/02/05 11:01:26 WET [2025/02/05 6:01:26 ET]
Table 'Hippodamia' 6-max Seat #1 is the button
Seat 5: Ydys20 ($100 in chips) is sitting out
Seat 1: derek5858 ($121.84 in chips) 
Seat 2: Luan777Poker ($42.97 in chips) 
Seat 3: Tiktak8025 ($97.77 in chips) 
Seat 4: Y_19 ($100 in chips) 
Seat 6: Dai5dop ($141.47 in chips) 
Luan777Poker: posts small blind $0.50
Tiktak8025: posts big blind $1
Ydys20: sits out 
*** HOLE CARDS ***
Y_19: folds 
Dai5dop: raises $1.50 to $2.50
derek5858: folds 
Luan777Poker: calls $2
Tiktak8025: raises $1.50 to $4
Dai5dop: calls $1.50
Luan777Poker: calls $1.50
*** FLOP *** [7d 6s Kd]
Luan777Poker: checks 
Tiktak8025: checks 
Dai5dop: checks 
*** TURN *** [7d 6s Kd] [Jd]
Luan777Poker: checks 
Tiktak8025: checks 
Dai5dop: bets $5.70
Luan777Poker: folds 
Tiktak8025: folds 
Uncalled bet ($5.70) returned to Dai5dop
Dai5dop collected $11.40 from pot
Dai5dop: doesn't show hand 
*** SUMMARY ***
Total pot $12 | Rake $0.60 
Board [7d 6s Kd Jd]
Seat 5: Ydys20
Seat 1: derek5858 (button) folded before Flop (didn't bet)
Seat 2: Luan777Poker (small blind) folded on the Turn
Seat 3: Tiktak8025 (big blind) folded on the Turn
Seat 4: Y_19 folded before Flop (didn't bet)
Seat 6: Dai5dop collected ($11.40)



PokerStars Hand #254716936418:  Hold'em No Limit ($0.50/$1.00 USD) - 2025/02/05 11:02:30 WET [2025/02/05 6:02:30 ET]
Table 'Hippodamia' 6-max Seat #2 is the button
Seat 5: Ydys20 ($100 in chips) is sitting out
Seat 1: derek5858 ($121.84 in chips) 
Seat 2: Luan777Poker ($38.97 in chips) 
Seat 3: Tiktak8025 ($93.77 in chips) 
Seat 4: Y_19 ($100 in chips) 
Seat 6: Dai5dop ($148.87 in chips) 
Tiktak8025: posts small blind $0.50
Y_19: posts big blind $1
Ydys20: sits out 
*** HOLE CARDS ***
Dai5dop: folds 
derek5858: raises $1.25 to $2.25
Luan777Poker: folds 
Tiktak8025: raises $5.50 to $7.75
Y_19: folds 
derek5858: raises $11.25 to $19
Tiktak8025: calls $11.25
*** FLOP *** [4d 5s 4s]
Tiktak8025: checks 
derek5858: bets $18.53
Tiktak8025: raises $56.24 to $74.77 and is all-in
derek5858: calls $56.24
*** TURN *** [4d 5s 4s] [Kh]
*** RIVER *** [4d 5s 4s Kh] [Th]
*** SHOW DOWN ***
Tiktak8025: shows [Kc As] (two pair, Kings and Fours)
derek5858: shows [Ac Ad] (two pair, Aces and Fours)
derek5858 collected $186.04 from pot
*** SUMMARY ***
Total pot $188.54 | Rake $2.50 
Board [4d 5s 4s Kh Th]
Seat 5: Ydys20
Seat 1: derek5858 showed [Ac Ad] and won ($186.04) with two pair, Aces and Fours
Seat 2: Luan777Poker (button) folded before Flop (didn't bet)
Seat 3: Tiktak8025 (small blind) showed [Kc As] and lost with two pair, Kings and Fours
Seat 4: Y_19 (big blind) folded before Flop
Seat 6: Dai5dop folded before Flop (didn't bet)



PokerStars Hand #254716943769:  Hold'em No Limit ($0.50/$1.00 USD) - 2025/02/05 11:03:34 WET [2025/02/05 6:03:34 ET]
Table 'Hippodamia' 6-max Seat #4 is the button
Seat 3: Tiktak8025 ($0 in chips) is sitting out
Seat 5: Ydys20 ($100 in chips) is sitting out
Seat 1: derek5858 ($214.11 in chips) 
Seat 2: Luan777Poker ($38.97 in chips) 
Seat 4: Y_19 ($100 in chips) 
Seat 6: Dai5dop ($148.87 in chips) 
Dai5dop: posts small blind $0.50
derek5858: posts big blind $1
*** HOLE CARDS ***
Luan777Poker: folds 
Y_19: raises $1.23 to $2.23
Dai5dop: folds 
derek5858: calls $1.23
*** FLOP *** [5s Qd Kh]
derek5858: checks 
Tiktak8025 leaves the table
Y_19: bets $3.30
derek5858: folds 
Uncalled bet ($3.30) returned to Y_19
Y_19 collected $4.71 from pot
Y_19: doesn't show hand 
*** SUMMARY ***
Total pot $4.96 | Rake $0.25 
Board [5s Qd Kh]
Seat 3: Tiktak8025
Seat 5: Ydys20
Seat 1: derek5858 (big blind) folded on the Flop
Seat 2: Luan777Poker folded before Flop (didn't bet)
Seat 4: Y_19 (button) collected ($4.71)
Seat 6: Dai5dop (small blind) folded before Flop



PokerStars Hand #254716947406:  Hold'em No Limit ($0.50/$1.00 USD) - 2025/02/05 11:04:05 WET [2025/02/05 6:04:05 ET]
Table 'Hippodamia' 6-max Seat #6 is the button
Seat 5: Ydys20 ($100 in chips) is sitting out
Seat 1: derek5858 ($211.88 in chips) 
Seat 2: Luan777Poker ($38.97 in chips) 
Seat 4: Y_19 ($102.48 in chips) 
Seat 6: Dai5dop ($148.37 in chips) 
derek5858: posts small blind $0.50
Luan777Poker: posts big blind $1
Ydys20: sits out 
*** HOLE CARDS ***
Y_19: folds 
Dai5dop: folds 
derek5858: folds 
Uncalled bet ($0.50) returned to Luan777Poker
Luan777Poker collected $1 from pot
*** SUMMARY ***
Total pot $1 | Rake $0 
Seat 5: Ydys20
Seat 1: derek5858 (small blind) folded before Flop
Seat 2: Luan777Poker (big blind) collected ($1)
Seat 4: Y_19 folded before Flop (didn't bet)
Seat 6: Dai5dop (button) folded before Flop (didn't bet)



PokerStars Hand #254716948632:  Hold'em No Limit ($0.50/$1.00 USD) - 2025/02/05 11:04:15 WET [2025/02/05 6:04:15 ET]
Table 'Hippodamia' 6-max Seat #1 is the button
Seat 5: Ydys20 ($100 in chips) is sitting out
Seat 1: derek5858 ($211.38 in chips) 
Seat 2: Luan777Poker ($39.47 in chips) 
Seat 4: Y_19 ($102.48 in chips) 
Seat 6: Dai5dop ($148.37 in chips) 
Luan777Poker: posts small blind $0.50
Y_19: posts big blind $1
Ydys20: sits out 
*** HOLE CARDS ***
Dai5dop: folds 
derek5858: folds 
jeffy27dt1 joins the table at seat #3 
Luan777Poker: raises $1 to $2
Y_19: calls $1
*** FLOP *** [Ks 6c Js]
Luan777Poker: bets $1
Y_19: calls $1
*** TURN *** [Ks 6c Js] [8s]
Luan777Poker: checks 
Ydys20 leaves the table
Y_19: checks 
*** RIVER *** [Ks 6c Js 8s] [5s]
Luan777Poker: checks 
Y_19: checks 
*** SHOW DOWN ***
Luan777Poker: shows [6h 7h] (a pair of Sixes)
Y_19: shows [Jh 7d] (a pair of Jacks)
Y_19 collected $5.70 from pot
*** SUMMARY ***
Total pot $6 | Rake $0.30 
Board [Ks 6c Js 8s 5s]
Seat 5: Ydys20
Seat 1: derek5858 (button) folded before Flop (didn't bet)
Seat 2: Luan777Poker (small blind) showed [6h 7h] and lost with a pair of Sixes
Seat 4: Y_19 (big blind) showed [Jh 7d] and won ($5.70) with a pair of Jacks
Seat 6: Dai5dop folded before Flop (didn't bet)



PokerStars Hand #254716978543:  Hold'em No Limit ($0.50/$1.00 USD) - 2025/02/05 11:08:29 WET [2025/02/05 6:08:29 ET]
Table 'Hippodamia' 6-max Seat #1 is the button
Seat 1: derek5858 ($210.98 in chips) 
Seat 2: Luan777Poker ($42.62 in chips) 
derek5858: posts small blind $0.50
Luan777Poker: posts big blind $1
*** HOLE CARDS ***
derek5858: raises $1.50 to $2.50
Luan777Poker: calls $1.50
*** FLOP *** [3s Ad 6c]
Luan777Poker: checks 
derek5858: bets $1
Luan777Poker: calls $1
*** TURN *** [3s Ad 6c] [5d]
Luan777Poker: checks 
derek5858: checks 
*** RIVER *** [3s Ad 6c 5d] [8c]
Luan777Poker: checks 
derek5858: checks 
*** SHOW DOWN ***
Luan777Poker: shows [3d 2d] (a pair of Threes)
derek5858: shows [Qd 6d] (a pair of Sixes)
derek5858 collected $6.65 from pot
*** SUMMARY ***
Total pot $7 | Rake $0.35 
Board [3s Ad 6c 5d 8c]
Seat 1: derek5858 (button) (small blind) showed [Qd 6d] and won ($6.65) with a pair of Sixes
Seat 2: Luan777Poker (big blind) showed [3d 2d] and lost with a pair of Threes



PokerStars Hand #254716984202:  Hold'em No Limit ($0.50/$1.00 USD) - 2025/02/05 11:09:18 WET [2025/02/05 6:09:18 ET]
Table 'Hippodamia' 6-max Seat #2 is the button
Seat 1: derek5858 ($214.13 in chips) 
Seat 2: Luan777Poker ($39.12 in chips) 
Luan777Poker: posts small blind $0.50
derek5858: posts big blind $1
*** HOLE CARDS ***
Luan777Poker: raises $1 to $2
derek5858: calls $1
*** FLOP *** [9d As 9s]
derek5858: checks 
Luan777Poker: bets $1.90
derek5858: folds 
Uncalled bet ($1.90) returned to Luan777Poker
Luan777Poker collected $3.80 from pot
*** SUMMARY ***
Total pot $4 | Rake $0.20 
Board [9d As 9s]
Seat 1: derek5858 (big blind) folded on the Flop
Seat 2: Luan777Poker (button) (small blind) collected ($3.80)



PokerStars Hand #254716987988:  Hold'em No Limit ($0.50/$1.00 USD) - 2025/02/05 11:09:50 WET [2025/02/05 6:09:50 ET]
Table 'Hippodamia' 6-max Seat #1 is the button
Seat 1: derek5858 ($212.13 in chips) 
Seat 2: Luan777Poker ($40.92 in chips) 
derek5858: posts small blind $0.50
Luan777Poker: posts big blind $1
*** HOLE CARDS ***
derek5858: raises $1.50 to $2.50
Luan777Poker: calls $1.50
*** FLOP *** [7s 3d 4h]
Luan777Poker: bets $1
derek5858: calls $1
*** TURN *** [7s 3d 4h] [3s]
Luan777Poker: bets $3.33
derek5858: raises $10.65 to $13.98
Luan777Poker: calls $10.65
*** RIVER *** [7s 3d 4h 3s] [Qh]
Luan777Poker: checks 
derek5858: bets $27.17
Luan777Poker: calls $23.44 and is all-in
Uncalled bet ($3.73) returned to derek5858
*** SHOW DOWN ***
derek5858: shows [Ah 3c] (three of a kind, Threes)
Luan777Poker: shows [3h Th] (three of a kind, Threes - lower kicker)
derek5858 collected $80.84 from pot
*** SUMMARY ***
Total pot $81.84 | Rake $1 
Board [7s 3d 4h 3s Qh]
Seat 1: derek5858 (button) (small blind) showed [Ah 3c] and won ($80.84) with three of a kind, Threes
Seat 2: Luan777Poker (big blind) showed [3h Th] and lost with three of a kind, Threes



PokerStars Hand #254716952906:  Hold'em No Limit ($0.50/$1.00 USD) - 2025/02/05 11:04:52 WET [2025/02/05 6:04:52 ET]
Table 'Hippodamia' 6-max Seat #2 is the button
Seat 3: jeffy27dt1 ($100 in chips) is sitting out
Seat 6: Dai5dop ($148.37 in chips) is sitting out
Seat 1: derek5858 ($211.38 in chips) 
Seat 2: Luan777Poker ($36.47 in chips) 
Seat 4: Y_19 ($105.18 in chips) 
Y_19: posts small blind $0.50
Dai5dop: is sitting out 
derek5858: posts big blind $1
*** HOLE CARDS ***
Dai5dop leaves the table
Luan777Poker: folds 
Y_19: folds 
Uncalled bet ($0.50) returned to derek5858
derek5858 collected $1 from pot
*** SUMMARY ***
Total pot $1 | Rake $0 
Seat 3: jeffy27dt1
Seat 6: Dai5dop
Seat 1: derek5858 (big blind) collected ($1)
Seat 2: Luan777Poker (button) folded before Flop (didn't bet)
Seat 4: Y_19 (small blind) folded before Flop



PokerStars Hand #254716954593:  Hold'em No Limit ($0.50/$1.00 USD) - 2025/02/05 11:05:06 WET [2025/02/05 6:05:06 ET]
Table 'Hippodamia' 6-max Seat #4 is the button
Seat 3: jeffy27dt1 ($100 in chips) is sitting out
Seat 1: derek5858 ($211.88 in chips) 
Seat 2: Luan777Poker ($36.47 in chips) 
Seat 4: Y_19 ($104.68 in chips) 
derek5858: posts small blind $0.50
Luan777Poker: posts big blind $1
jeffy27dt1: sits out 
*** HOLE CARDS ***
Y_19: folds 
derek5858: folds 
Uncalled bet ($0.50) returned to Luan777Poker
Luan777Poker collected $1 from pot
*** SUMMARY ***
Total pot $1 | Rake $0 
Seat 3: jeffy27dt1
Seat 1: derek5858 (small blind) folded before Flop
Seat 2: Luan777Poker (big blind) collected ($1)
Seat 4: Y_19 (button) folded before Flop (didn't bet)



PokerStars Hand #254716955835:  Hold'em No Limit ($0.50/$1.00 USD) - 2025/02/05 11:05:16 WET [2025/02/05 6:05:16 ET]
Table 'Hippodamia' 6-max Seat #1 is the button
Seat 1: derek5858 ($211.38 in chips) 
Seat 2: Luan777Poker ($36.97 in chips) 
Seat 3: jeffy27dt1 ($100 in chips) 
Seat 4: Y_19 ($104.68 in chips) 
Luan777Poker: posts small blind $0.50
jeffy27dt1: posts big blind $1
*** HOLE CARDS ***
Y_19: raises $1.23 to $2.23
derek5858: folds 
Luan777Poker: calls $1.73
jeffy27dt1: folds 
*** FLOP *** [Ad Ks 4d]
Luan777Poker: checks 
Y_19: bets $1.71
Luan777Poker: calls $1.71
*** TURN *** [Ad Ks 4d] [9d]
Luan777Poker: checks 
Y_19: checks 
*** RIVER *** [Ad Ks 4d 9d] [2d]
Luan777Poker: bets $4.22
Y_19: folds 
Uncalled bet ($4.22) returned to Luan777Poker
Luan777Poker collected $8.44 from pot
*** SUMMARY ***
Total pot $8.88 | Rake $0.44 
Board [Ad Ks 4d 9d 2d]
Seat 1: derek5858 (button) folded before Flop (didn't bet)
Seat 2: Luan777Poker (small blind) collected ($8.44)
Seat 3: jeffy27dt1 (big blind) folded before Flop
Seat 4: Y_19 folded on the River



PokerStars Hand #254716961802:  Hold'em No Limit ($0.50/$1.00 USD) - 2025/02/05 11:06:07 WET [2025/02/05 6:06:07 ET]
Table 'Hippodamia' 6-max Seat #2 is the button
Seat 4: Y_19 ($100.74 in chips) is sitting out
Seat 1: derek5858 ($211.38 in chips) 
Seat 2: Luan777Poker ($41.47 in chips) 
Seat 3: jeffy27dt1 ($100 in chips) 
jeffy27dt1: posts small blind $0.50
Y_19: is sitting out 
derek5858: posts big blind $1
*** HOLE CARDS ***
Luan777Poker: folds 
jeffy27dt1: folds 
Uncalled bet ($0.50) returned to derek5858
derek5858 collected $1 from pot
Y_19 leaves the table
*** SUMMARY ***
Total pot $1 | Rake $0 
Seat 4: Y_19
Seat 1: derek5858 (big blind) collected ($1)
Seat 2: Luan777Poker (button) folded before Flop (didn't bet)
Seat 3: jeffy27dt1 (small blind) folded before Flop



PokerStars Hand #254716962893:  Hold'em No Limit ($0.50/$1.00 USD) - 2025/02/05 11:06:16 WET [2025/02/05 6:06:16 ET]
Table 'Hippodamia' 6-max Seat #3 is the button
Seat 1: derek5858 ($211.88 in chips) 
Seat 2: Luan777Poker ($41.47 in chips) 
Seat 3: jeffy27dt1 ($100 in chips) 
derek5858: posts small blind $0.50
Luan777Poker: posts big blind $1
*** HOLE CARDS ***
jeffy27dt1 has timed out
jeffy27dt1: folds 
derek5858: raises $2 to $3
Luan777Poker: raises $38.47 to $41.47 and is all-in
derek5858: folds 
Uncalled bet ($38.47) returned to Luan777Poker
Luan777Poker collected $6 from pot
*** SUMMARY ***
Total pot $6 | Rake $0 
Seat 1: derek5858 (small blind) folded before Flop
Seat 2: Luan777Poker (big blind) collected ($6)
Seat 3: jeffy27dt1 (button) folded before Flop (didn't bet)



PokerStars Hand #254716968889:  Hold'em No Limit ($0.50/$1.00 USD) - 2025/02/05 11:07:07 WET [2025/02/05 6:07:07 ET]
Table 'Hippodamia' 6-max Seat #1 is the button
Seat 1: derek5858 ($208.88 in chips) 
Seat 2: Luan777Poker ($44.47 in chips) 
Seat 3: jeffy27dt1 ($100 in chips) 
Luan777Poker: posts small blind $0.50
jeffy27dt1: posts big blind $1
*** HOLE CARDS ***
derek5858: raises $1.50 to $2.50
Luan777Poker: folds 
jeffy27dt1: folds 
Uncalled bet ($1.50) returned to derek5858
derek5858 collected $2.50 from pot
*** SUMMARY ***
Total pot $2.50 | Rake $0 
Seat 1: derek5858 (button) collected ($2.50)
Seat 2: Luan777Poker (small blind) folded before Flop
Seat 3: jeffy27dt1 (big blind) folded before Flop



PokerStars Hand #254716971185:  Hold'em No Limit ($0.50/$1.00 USD) - 2025/02/05 11:07:27 WET [2025/02/05 6:07:27 ET]
Table 'Hippodamia' 6-max Seat #2 is the button
Seat 3: jeffy27dt1 ($100 in chips) is sitting out
Seat 1: derek5858 ($210.38 in chips) 
Seat 2: Luan777Poker ($43.97 in chips) 
Luan777Poker: posts small blind $0.50
derek5858: posts big blind $1
*** HOLE CARDS ***
Luan777Poker: raises $1 to $2
derek5858: calls $1
*** FLOP *** [Kc Ks 4c]
derek5858: checks 
Luan777Poker: checks 
*** TURN *** [Kc Ks 4c] [2d]
derek5858: checks 
Luan777Poker: bets $2
derek5858: raises $5.46 to $7.46
Luan777Poker: folds 
Uncalled bet ($5.46) returned to derek5858
derek5858 collected $7.60 from pot
*** SUMMARY ***
Total pot $8 | Rake $0.40 
Board [Kc Ks 4c 2d]
Seat 3: jeffy27dt1
Seat 1: derek5858 (big blind) collected ($7.60)
Seat 2: Luan777Poker (button) (small blind) folded on the Turn



PokerStars Hand #254716974596:  Hold'em No Limit ($0.50/$1.00 USD) - 2025/02/05 11:07:56 WET [2025/02/05 6:07:56 ET]
Table 'Hippodamia' 6-max Seat #1 is the button
Seat 3: jeffy27dt1 ($100 in chips) is sitting out
Seat 1: derek5858 ($213.98 in chips) 
Seat 2: Luan777Poker ($39.97 in chips) 
derek5858: posts small blind $0.50
Luan777Poker: posts big blind $1
*** HOLE CARDS ***
derek5858: raises $1.50 to $2.50
Luan777Poker: calls $1.50
*** FLOP *** [5s Qd 5h]
Luan777Poker: checks 
derek5858: bets $1
Luan777Poker: calls $1
*** TURN *** [5s Qd 5h] [3d]
Luan777Poker: bets $5
derek5858: folds 
Uncalled bet ($5) returned to Luan777Poker
Luan777Poker collected $6.65 from pot
*** SUMMARY ***
Total pot $7 | Rake $0.35 
Board [5s Qd 5h 3d]
Seat 3: jeffy27dt1
Seat 1: derek5858 (button) (small blind) folded on the Turn
Seat 2: Luan777Poker (big blind) collected ($6.65)



PokerStars Hand #254716977668:  Hold'em No Limit ($0.50/$1.00 USD) - 2025/02/05 11:08:22 WET [2025/02/05 6:08:22 ET]
Table 'Hippodamia' 6-max Seat #2 is the button
Seat 3: jeffy27dt1 ($100 in chips) is sitting out
Seat 1: derek5858 ($210.48 in chips) 
Seat 2: Luan777Poker ($43.12 in chips) 
Luan777Poker: posts small blind $0.50
derek5858: posts big blind $1
*** HOLE CARDS ***
jeffy27dt1 leaves the table
Luan777Poker: folds 
Uncalled bet ($0.50) returned to derek5858
derek5858 collected $1 from pot
*** SUMMARY ***
Total pot $1 | Rake $0 
Seat 3: jeffy27dt1
Seat 1: derek5858 (big blind) collected ($1)
Seat 2: Luan777Poker (button) (small blind) folded before Flop



