PokerStars Hand #254724751693:  Hold'em No Limit ($0.50/$1.00 USD) - 2025/02/05 21:13:19 WET [2025/02/05 16:13:19 ET]
Table 'Margo II' 6-max Seat #4 is the button
Seat 1: kekoccc ($100 in chips) 
Seat 4: LuckyShikari ($101.80 in chips) 
Seat 5: poker_soul11 ($100 in chips) 
poker_soul11: posts small blind $0.50
kekoccc: posts big blind $1
*** HOLE CARDS ***
LuckyShikari: raises $1 to $2
poker_soul11: folds 
nikalas22 joins the table at seat #2 
blackclan7 joins the table at seat #3 
G.Andrei95 joins the table at seat #6 
kekoccc: calls $1
*** FLOP *** [Kc 5s 3s]
kekoccc: checks 
LuckyShikari: bets $1.30
kekoccc: calls $1.30
*** TURN *** [Kc 5s 3s] [3h]
kekoccc: checks 
LuckyShikari: bets $5
kekoccc: folds 
Uncalled bet ($5) returned to LuckyShikari
LuckyShikari collected $6.74 from pot
LuckyShikari: doesn't show hand 
*** SUMMARY ***
Total pot $7.10 | Rake $0.36 
Board [Kc 5s 3s 3h]
Seat 1: kekoccc (big blind) folded on the Turn
Seat 4: LuckyShikari (button) collected ($6.74)
Seat 5: poker_soul11 (small blind) folded before Flop



PokerStars Hand #254724768118:  Hold'em No Limit ($0.50/$1.00 USD) - 2025/02/05 21:14:09 WET [2025/02/05 16:14:09 ET]
Table 'Margo II' 6-max Seat #5 is the button
Seat 3: blackclan7 ($100 in chips) is sitting out
Seat 6: G.Andrei95 ($100 in chips) is sitting out
Seat 1: kekoccc ($100 in chips) 
Seat 2: nikalas22 ($100 in chips) 
Seat 4: LuckyShikari ($105.24 in chips) 
Seat 5: poker_soul11 ($100 in chips) 
kekoccc: posts small blind $0.50
nikalas22: posts big blind $1
blackclan7: sits out 
*** HOLE CARDS ***
LuckyShikari: folds 
poker_soul11: raises $1.20 to $2.20
kekoccc: folds 
nikalas22: calls $1.20
*** FLOP *** [Td 5s Js]
nikalas22: checks 
poker_soul11: checks 
*** TURN *** [Td 5s Js] [Qs]
nikalas22: checks 
poker_soul11: bets $3.08
nikalas22: calls $3.08
*** RIVER *** [Td 5s Js Qs] [8c]
nikalas22: checks 
poker_soul11: bets $21.02
nikalas22: folds 
Uncalled bet ($21.02) returned to poker_soul11
poker_soul11 collected $10.51 from pot
poker_soul11: doesn't show hand 
*** SUMMARY ***
Total pot $11.06 | Rake $0.55 
Board [Td 5s Js Qs 8c]
Seat 3: blackclan7
Seat 6: G.Andrei95
Seat 1: kekoccc (small blind) folded before Flop
Seat 2: nikalas22 (big blind) folded on the River
Seat 4: LuckyShikari folded before Flop (didn't bet)
Seat 5: poker_soul11 (button) collected ($10.51)



PokerStars Hand #254724787835:  Hold'em No Limit ($0.50/$1.00 USD) - 2025/02/05 21:15:10 WET [2025/02/05 16:15:10 ET]
Table 'Margo II' 6-max Seat #1 is the button
Seat 6: G.Andrei95 ($100 in chips) is sitting out
Seat 1: kekoccc ($100 in chips) 
Seat 2: nikalas22 ($100 in chips) 
Seat 3: blackclan7 ($100 in chips) 
Seat 4: LuckyShikari ($105.24 in chips) 
Seat 5: poker_soul11 ($105.23 in chips) 
nikalas22: posts small blind $0.50
blackclan7: posts big blind $1
G.Andrei95: sits out 
*** HOLE CARDS ***
LuckyShikari: raises $1 to $2
poker_soul11: folds 
kekoccc: folds 
nikalas22: raises $9 to $11
blackclan7: folds 
LuckyShikari: folds 
Uncalled bet ($9) returned to nikalas22
nikalas22 collected $5 from pot
nikalas22: doesn't show hand 
*** SUMMARY ***
Total pot $5 | Rake $0 
Seat 6: G.Andrei95
Seat 1: kekoccc (button) folded before Flop (didn't bet)
Seat 2: nikalas22 (small blind) collected ($5)
Seat 3: blackclan7 (big blind) folded before Flop
Seat 4: LuckyShikari folded before Flop
Seat 5: poker_soul11 folded before Flop (didn't bet)



PokerStars Hand #254724794477:  Hold'em No Limit ($0.50/$1.00 USD) - 2025/02/05 21:15:30 WET [2025/02/05 16:15:30 ET]
Table 'Margo II' 6-max Seat #2 is the button
Seat 6: G.Andrei95 ($100 in chips) is sitting out
Seat 1: kekoccc ($100 in chips) 
Seat 2: nikalas22 ($103 in chips) 
Seat 3: blackclan7 ($100 in chips) 
Seat 4: LuckyShikari ($103.24 in chips) 
Seat 5: poker_soul11 ($105.23 in chips) 
blackclan7: posts small blind $0.50
LuckyShikari: posts big blind $1
G.Andrei95: sits out 
*** HOLE CARDS ***
poker_soul11: raises $1.20 to $2.20
kekoccc: folds 
nikalas22: folds 
blackclan7: folds 
LuckyShikari: folds 
Uncalled bet ($1.20) returned to poker_soul11
poker_soul11 collected $2.50 from pot
poker_soul11: doesn't show hand 
*** SUMMARY ***
Total pot $2.50 | Rake $0 
Seat 6: G.Andrei95
Seat 1: kekoccc folded before Flop (didn't bet)
Seat 2: nikalas22 (button) folded before Flop (didn't bet)
Seat 3: blackclan7 (small blind) folded before Flop
Seat 4: LuckyShikari (big blind) folded before Flop
Seat 5: poker_soul11 collected ($2.50)



PokerStars Hand #254724799572:  Hold'em No Limit ($0.50/$1.00 USD) - 2025/02/05 21:15:46 WET [2025/02/05 16:15:46 ET]
Table 'Margo II' 6-max Seat #3 is the button
Seat 6: G.Andrei95 ($100 in chips) is sitting out
Seat 1: kekoccc ($100 in chips) 
Seat 2: nikalas22 ($103 in chips) 
Seat 3: blackclan7 ($100 in chips) 
Seat 4: LuckyShikari ($102.24 in chips) 
Seat 5: poker_soul11 ($106.73 in chips) 
LuckyShikari: posts small blind $0.50
poker_soul11: posts big blind $1
G.Andrei95: sits out 
*** HOLE CARDS ***
kekoccc: raises $1.50 to $2.50
nikalas22: folds 
blackclan7: folds 
LuckyShikari: raises $10 to $12.50
poker_soul11: folds 
kekoccc: folds 
Uncalled bet ($10) returned to LuckyShikari
LuckyShikari collected $6 from pot
LuckyShikari: doesn't show hand 
*** SUMMARY ***
Total pot $6 | Rake $0 
Seat 6: G.Andrei95
Seat 1: kekoccc folded before Flop
Seat 2: nikalas22 folded before Flop (didn't bet)
Seat 3: blackclan7 (button) folded before Flop (didn't bet)
Seat 4: LuckyShikari (small blind) collected ($6)
Seat 5: poker_soul11 (big blind) folded before Flop



PokerStars Hand #254724807485:  Hold'em No Limit ($0.50/$1.00 USD) - 2025/02/05 21:16:11 WET [2025/02/05 16:16:11 ET]
Table 'Margo II' 6-max Seat #4 is the button
Seat 1: kekoccc ($100 in chips) 
Seat 2: nikalas22 ($103 in chips) 
Seat 3: blackclan7 ($100 in chips) 
Seat 4: LuckyShikari ($105.74 in chips) 
Seat 5: poker_soul11 ($105.73 in chips) 
Seat 6: G.Andrei95 ($100 in chips) 
poker_soul11: posts small blind $0.50
G.Andrei95: posts big blind $1
*** HOLE CARDS ***
kekoccc: folds 
nikalas22: folds 
blackclan7: folds 
LuckyShikari: raises $1.50 to $2.50
poker_soul11: folds 
G.Andrei95: calls $1.50
*** FLOP *** [Js Th 4c]
G.Andrei95: checks 
LuckyShikari: bets $1.70
G.Andrei95: calls $1.70
*** TURN *** [Js Th 4c] [7s]
G.Andrei95: checks 
LuckyShikari: bets $6.50
G.Andrei95: calls $6.50
*** RIVER *** [Js Th 4c 7s] [6h]
G.Andrei95: checks 
LuckyShikari: bets $16.50
G.Andrei95: calls $16.50
*** SHOW DOWN ***
LuckyShikari: shows [Ah Qc] (high card Ace)
G.Andrei95: shows [Kc Jc] (a pair of Jacks)
G.Andrei95 collected $52.40 from pot
*** SUMMARY ***
Total pot $54.90 | Rake $2.50 
Board [Js Th 4c 7s 6h]
Seat 1: kekoccc folded before Flop (didn't bet)
Seat 2: nikalas22 folded before Flop (didn't bet)
Seat 3: blackclan7 folded before Flop (didn't bet)
Seat 4: LuckyShikari (button) showed [Ah Qc] and lost with high card Ace
Seat 5: poker_soul11 (small blind) folded before Flop
Seat 6: G.Andrei95 (big blind) showed [Kc Jc] and won ($52.40) with a pair of Jacks



PokerStars Hand #254724831798:  Hold'em No Limit ($0.50/$1.00 USD) - 2025/02/05 21:17:26 WET [2025/02/05 16:17:26 ET]
Table 'Margo II' 6-max Seat #5 is the button
Seat 1: kekoccc ($100 in chips) is sitting out
Seat 2: nikalas22 ($103 in chips) 
Seat 3: blackclan7 ($100 in chips) 
Seat 4: LuckyShikari ($100 in chips) 
Seat 5: poker_soul11 ($105.23 in chips) 
Seat 6: G.Andrei95 ($125.20 in chips) 
G.Andrei95: posts small blind $0.50
kekoccc: is sitting out 
nikalas22: posts big blind $1
*** HOLE CARDS ***
kekoccc leaves the table
blackclan7: folds 
LuckyShikari: raises $1 to $2
poker_soul11: folds 
G.Andrei95: folds 
nikalas22: folds 
Uncalled bet ($1) returned to LuckyShikari
LuckyShikari collected $2.50 from pot
LuckyShikari: doesn't show hand 
*** SUMMARY ***
Total pot $2.50 | Rake $0 
Seat 1: kekoccc
Seat 2: nikalas22 (big blind) folded before Flop
Seat 3: blackclan7 folded before Flop (didn't bet)
Seat 4: LuckyShikari collected ($2.50)
Seat 5: poker_soul11 (button) folded before Flop (didn't bet)
Seat 6: G.Andrei95 (small blind) folded before Flop



PokerStars Hand #254724838053:  Hold'em No Limit ($0.50/$1.00 USD) - 2025/02/05 21:17:46 WET [2025/02/05 16:17:46 ET]
Table 'Margo II' 6-max Seat #6 is the button
Seat 2: nikalas22 ($102 in chips) 
Seat 3: blackclan7 ($100 in chips) 
Seat 4: LuckyShikari ($101.50 in chips) 
Seat 5: poker_soul11 ($105.23 in chips) 
Seat 6: G.Andrei95 ($124.70 in chips) 
nikalas22: posts small blind $0.50
blackclan7: posts big blind $1
*** HOLE CARDS ***
LuckyShikari: raises $1 to $2
poker_soul11: folds 
G.Andrei95: folds 
nikalas22: folds 
blackclan7: folds 
Uncalled bet ($1) returned to LuckyShikari
LuckyShikari collected $2.50 from pot
LuckyShikari: doesn't show hand 
*** SUMMARY ***
Total pot $2.50 | Rake $0 
Seat 2: nikalas22 (small blind) folded before Flop
Seat 3: blackclan7 (big blind) folded before Flop
Seat 4: LuckyShikari collected ($2.50)
Seat 5: poker_soul11 folded before Flop (didn't bet)
Seat 6: G.Andrei95 (button) folded before Flop (didn't bet)



PokerStars Hand #254724844259:  Hold'em No Limit ($0.50/$1.00 USD) - 2025/02/05 21:18:05 WET [2025/02/05 16:18:05 ET]
Table 'Margo II' 6-max Seat #2 is the button
Seat 2: nikalas22 ($101.50 in chips) 
Seat 3: blackclan7 ($100 in chips) 
Seat 4: LuckyShikari ($103 in chips) 
Seat 5: poker_soul11 ($105.23 in chips) 
Seat 6: G.Andrei95 ($124.70 in chips) 
blackclan7: posts small blind $0.50
LuckyShikari: posts big blind $1
*** HOLE CARDS ***
poker_soul11: folds 
G.Andrei95: folds 
nikalas22: folds 
blackclan7: raises $2 to $3
LuckyShikari: raises $7 to $10
paul197866 joins the table at seat #1 
paul197866 is disconnected 
blackclan7: calls $7
*** FLOP *** [Jc Td 8s]
blackclan7: checks 
LuckyShikari: bets $6
blackclan7: calls $6
*** TURN *** [Jc Td 8s] [Qd]
blackclan7: checks 
LuckyShikari: bets $20
blackclan7: folds 
Uncalled bet ($20) returned to LuckyShikari
LuckyShikari collected $30.40 from pot
LuckyShikari: doesn't show hand 
*** SUMMARY ***
Total pot $32 | Rake $1.60 
Board [Jc Td 8s Qd]
Seat 2: nikalas22 (button) folded before Flop (didn't bet)
Seat 3: blackclan7 (small blind) folded on the Turn
Seat 4: LuckyShikari (big blind) collected ($30.40)
Seat 5: poker_soul11 folded before Flop (didn't bet)
Seat 6: G.Andrei95 folded before Flop (didn't bet)



PokerStars Hand #254724876188:  Hold'em No Limit ($0.50/$1.00 USD) - 2025/02/05 21:19:44 WET [2025/02/05 16:19:44 ET]
Table 'Margo II' 6-max Seat #3 is the button
Seat 1: paul197866 ($36.38 in chips) is sitting out
Seat 2: nikalas22 ($101.50 in chips) 
Seat 3: blackclan7 ($100 in chips) 
Seat 4: LuckyShikari ($117.40 in chips) 
Seat 5: poker_soul11 ($105.23 in chips) 
Seat 6: G.Andrei95 ($124.70 in chips) 
LuckyShikari: posts small blind $0.50
poker_soul11: posts big blind $1
paul197866: sits out 
*** HOLE CARDS ***
G.Andrei95: folds 
nikalas22: folds 
blackclan7: raises $1.50 to $2.50
LuckyShikari: folds 
poker_soul11: calls $1.50
*** FLOP *** [8c Qs 4d]
poker_soul11: checks 
blackclan7: bets $1.72
poker_soul11: raises $4.33 to $6.05
blackclan7: calls $4.33
*** TURN *** [8c Qs 4d] [3h]
poker_soul11: checks 
blackclan7: checks 
*** RIVER *** [8c Qs 4d 3h] [5s]
poker_soul11: checks 
blackclan7: bets $12.54
poker_soul11: folds 
Uncalled bet ($12.54) returned to blackclan7
blackclan7 collected $16.72 from pot
blackclan7: doesn't show hand 
*** SUMMARY ***
Total pot $17.60 | Rake $0.88 
Board [8c Qs 4d 3h 5s]
Seat 1: paul197866
Seat 2: nikalas22 folded before Flop (didn't bet)
Seat 3: blackclan7 (button) collected ($16.72)
Seat 4: LuckyShikari (small blind) folded before Flop
Seat 5: poker_soul11 (big blind) folded on the River
Seat 6: G.Andrei95 folded before Flop (didn't bet)



PokerStars Hand #254724915909:  Hold'em No Limit ($0.50/$1.00 USD) - 2025/02/05 21:21:48 WET [2025/02/05 16:21:48 ET]
Table 'Margo II' 6-max Seat #4 is the button
Seat 6: G.Andrei95 ($124.70 in chips) is sitting out
Seat 1: paul197866 ($36.38 in chips) 
Seat 2: nikalas22 ($101.50 in chips) 
Seat 3: blackclan7 ($108.17 in chips) 
Seat 4: LuckyShikari ($116.90 in chips) 
Seat 5: poker_soul11 ($100 in chips) 
poker_soul11: posts small blind $0.50
G.Andrei95: is sitting out 
paul197866: posts big blind $1
*** HOLE CARDS ***
nikalas22: folds 
blackclan7: folds 
LuckyShikari: raises $1 to $2
poker_soul11: folds 
blackclan7 leaves the table
paul197866: calls $1
*** FLOP *** [3c 2d Ks]
G.Andrei95 leaves the table
paul197866: bets $4.28
LuckyShikari: folds 
Uncalled bet ($4.28) returned to paul197866
paul197866 collected $4.28 from pot
*** SUMMARY ***
Total pot $4.50 | Rake $0.22 
Board [3c 2d Ks]
Seat 6: G.Andrei95
Seat 1: paul197866 (big blind) collected ($4.28)
Seat 2: nikalas22 folded before Flop (didn't bet)
Seat 3: blackclan7 folded before Flop (didn't bet)
Seat 4: LuckyShikari (button) folded on the Flop
Seat 5: poker_soul11 (small blind) folded before Flop



PokerStars Hand #254724923343:  Hold'em No Limit ($0.50/$1.00 USD) - 2025/02/05 21:22:11 WET [2025/02/05 16:22:11 ET]
Table 'Margo II' 6-max Seat #5 is the button
Seat 1: paul197866 ($38.66 in chips) 
Seat 2: nikalas22 ($101.50 in chips) 
Seat 4: LuckyShikari ($114.90 in chips) 
Seat 5: poker_soul11 ($100 in chips) 
paul197866: posts small blind $0.50
nikalas22: posts big blind $1
*** HOLE CARDS ***
LuckyShikari: raises $1 to $2
poker_soul11: raises $5 to $7
paul197866: folds 
nikalas22: folds 
LuckyShikari: calls $5
*** FLOP *** [Jh Jd 5d]
LuckyShikari: checks 
poker_soul11: bets $4.86
LuckyShikari: calls $4.86
*** TURN *** [Jh Jd 5d] [9h]
LuckyShikari: checks 
poker_soul11: bets $12.11
LuckyShikari: folds 
Uncalled bet ($12.11) returned to poker_soul11
poker_soul11 collected $24.22 from pot
poker_soul11: doesn't show hand 
*** SUMMARY ***
Total pot $25.22 | Rake $1 
Board [Jh Jd 5d 9h]
Seat 1: paul197866 (small blind) folded before Flop
Seat 2: nikalas22 (big blind) folded before Flop
Seat 4: LuckyShikari folded on the Turn
Seat 5: poker_soul11 (button) collected ($24.22)



PokerStars Hand #254724941650:  Hold'em No Limit ($0.50/$1.00 USD) - 2025/02/05 21:23:08 WET [2025/02/05 16:23:08 ET]
Table 'Margo II' 6-max Seat #1 is the button
Seat 1: paul197866 ($38.16 in chips) 
Seat 2: nikalas22 ($100.50 in chips) 
Seat 4: LuckyShikari ($103.04 in chips) 
Seat 5: poker_soul11 ($112.36 in chips) 
nikalas22: posts small blind $0.50
LuckyShikari: posts big blind $1
*** HOLE CARDS ***
poker_soul11: folds 
paul197866: folds 
nikalas22: folds 
Uncalled bet ($0.50) returned to LuckyShikari
LuckyShikari collected $1 from pot
LuckyShikari: doesn't show hand 
*** SUMMARY ***
Total pot $1 | Rake $0 
Seat 1: paul197866 (button) folded before Flop (didn't bet)
Seat 2: nikalas22 (small blind) folded before Flop
Seat 4: LuckyShikari (big blind) collected ($1)
Seat 5: poker_soul11 folded before Flop (didn't bet)



PokerStars Hand #254725080917:  Hold'em No Limit ($0.50/$1.00 USD) - 2025/02/05 21:30:28 WET [2025/02/05 16:30:28 ET]
Table 'Margo II' 6-max Seat #3 is the button
Seat 1: paul197866 ($31.16 in chips) 
Seat 2: nikalas22 ($105.87 in chips) 
Seat 3: BumHuntKing ($108.10 in chips) 
Seat 4: LuckyShikari ($110.75 in chips) 
Seat 5: poker_soul11 ($107.73 in chips) 
Seat 6: Unipoker11 ($101.50 in chips) 
LuckyShikari: posts small blind $0.50
poker_soul11: posts big blind $1
*** HOLE CARDS ***
Unipoker11: folds 
paul197866: calls $1
nikalas22: folds 
BumHuntKing: calls $1
LuckyShikari: folds 
poker_soul11: checks 
*** FLOP *** [9s 5c Jh]
poker_soul11: checks 
paul197866: bets $3.32
BumHuntKing: folds 
poker_soul11: folds 
Uncalled bet ($3.32) returned to paul197866
paul197866 collected $3.32 from pot
*** SUMMARY ***
Total pot $3.50 | Rake $0.18 
Board [9s 5c Jh]
Seat 1: paul197866 collected ($3.32)
Seat 2: nikalas22 folded before Flop (didn't bet)
Seat 3: BumHuntKing (button) folded on the Flop
Seat 4: LuckyShikari (small blind) folded before Flop
Seat 5: poker_soul11 (big blind) folded on the Flop
Seat 6: Unipoker11 folded before Flop (didn't bet)



PokerStars Hand #254725092695:  Hold'em No Limit ($0.50/$1.00 USD) - 2025/02/05 21:31:04 WET [2025/02/05 16:31:04 ET]
Table 'Margo II' 6-max Seat #4 is the button
Seat 1: paul197866 ($33.48 in chips) 
Seat 2: nikalas22 ($105.87 in chips) 
Seat 3: BumHuntKing ($107.10 in chips) 
Seat 4: LuckyShikari ($110.25 in chips) 
Seat 5: poker_soul11 ($106.73 in chips) 
Seat 6: Unipoker11 ($101.50 in chips) 
poker_soul11: posts small blind $0.50
Unipoker11: posts big blind $1
*** HOLE CARDS ***
paul197866: folds 
nikalas22: folds 
BumHuntKing: folds 
LuckyShikari: raises $1 to $2
poker_soul11: folds 
Unipoker11: folds 
Uncalled bet ($1) returned to LuckyShikari
LuckyShikari collected $2.50 from pot
LuckyShikari: doesn't show hand 
*** SUMMARY ***
Total pot $2.50 | Rake $0 
Seat 1: paul197866 folded before Flop (didn't bet)
Seat 2: nikalas22 folded before Flop (didn't bet)
Seat 3: BumHuntKing folded before Flop (didn't bet)
Seat 4: LuckyShikari (button) collected ($2.50)
Seat 5: poker_soul11 (small blind) folded before Flop
Seat 6: Unipoker11 (big blind) folded before Flop



PokerStars Hand #254725096719:  Hold'em No Limit ($0.50/$1.00 USD) - 2025/02/05 21:31:17 WET [2025/02/05 16:31:17 ET]
Table 'Margo II' 6-max Seat #5 is the button
Seat 1: paul197866 ($33.48 in chips) 
Seat 2: nikalas22 ($105.87 in chips) 
Seat 3: BumHuntKing ($107.10 in chips) 
Seat 4: LuckyShikari ($111.75 in chips) 
Seat 5: poker_soul11 ($106.23 in chips) 
Seat 6: Unipoker11 ($100.50 in chips) 
Unipoker11: posts small blind $0.50
paul197866: posts big blind $1
*** HOLE CARDS ***
nikalas22: folds 
BumHuntKing: folds 
LuckyShikari: raises $1 to $2
poker_soul11: folds 
Unipoker11: folds 
paul197866: calls $1
*** FLOP *** [8c Jh 9c]
paul197866: checks 
LuckyShikari: bets $1.70
paul197866: calls $1.70
*** TURN *** [8c Jh 9c] [7c]
paul197866: checks 
LuckyShikari: bets $1.70
paul197866: calls $1.70
*** RIVER *** [8c Jh 9c 7c] [6s]
paul197866: checks 
LuckyShikari: checks 
*** SHOW DOWN ***
paul197866: shows [As Kc] (high card Ace)
LuckyShikari: shows [8s 7d] (two pair, Eights and Sevens)
LuckyShikari collected $10.74 from pot
*** SUMMARY ***
Total pot $11.30 | Rake $0.56 
Board [8c Jh 9c 7c 6s]
Seat 1: paul197866 (big blind) showed [As Kc] and lost with high card Ace
Seat 2: nikalas22 folded before Flop (didn't bet)
Seat 3: BumHuntKing folded before Flop (didn't bet)
Seat 4: LuckyShikari showed [8s 7d] and won ($10.74) with two pair, Eights and Sevens
Seat 5: poker_soul11 (button) folded before Flop (didn't bet)
Seat 6: Unipoker11 (small blind) folded before Flop



PokerStars Hand #254725115439:  Hold'em No Limit ($0.50/$1.00 USD) - 2025/02/05 21:32:16 WET [2025/02/05 16:32:16 ET]
Table 'Margo II' 6-max Seat #6 is the button
Seat 1: paul197866 ($28.08 in chips) 
Seat 2: nikalas22 ($105.87 in chips) 
Seat 3: BumHuntKing ($107.10 in chips) 
Seat 4: LuckyShikari ($117.09 in chips) 
Seat 5: poker_soul11 ($106.23 in chips) 
Seat 6: Unipoker11 ($100 in chips) 
paul197866: posts small blind $0.50
nikalas22: posts big blind $1
*** HOLE CARDS ***
BumHuntKing: folds 
LuckyShikari: raises $1 to $2
poker_soul11: folds 
Unipoker11: folds 
paul197866: calls $1.50
nikalas22: calls $1
*** FLOP *** [7h 9d 7d]
paul197866: checks 
nikalas22: checks 
LuckyShikari: bets $1.70
paul197866: folds 
nikalas22: calls $1.70
*** TURN *** [7h 9d 7d] [Ts]
nikalas22: checks 
LuckyShikari: checks 
*** RIVER *** [7h 9d 7d Ts] [9c]
nikalas22: checks 
LuckyShikari: bets $5
nikalas22: folds 
Uncalled bet ($5) returned to LuckyShikari
LuckyShikari collected $8.93 from pot
LuckyShikari: doesn't show hand 
*** SUMMARY ***
Total pot $9.40 | Rake $0.47 
Board [7h 9d 7d Ts 9c]
Seat 1: paul197866 (small blind) folded on the Flop
Seat 2: nikalas22 (big blind) folded on the River
Seat 3: BumHuntKing folded before Flop (didn't bet)
Seat 4: LuckyShikari collected ($8.93)
Seat 5: poker_soul11 folded before Flop (didn't bet)
Seat 6: Unipoker11 (button) folded before Flop (didn't bet)



PokerStars Hand #254725133620:  Hold'em No Limit ($0.50/$1.00 USD) - 2025/02/05 21:33:13 WET [2025/02/05 16:33:13 ET]
Table 'Margo II' 6-max Seat #1 is the button
Seat 1: paul197866 ($26.08 in chips) 
Seat 2: nikalas22 ($102.17 in chips) 
Seat 3: BumHuntKing ($107.10 in chips) 
Seat 4: LuckyShikari ($122.32 in chips) 
Seat 5: poker_soul11 ($106.23 in chips) 
Seat 6: Unipoker11 ($100 in chips) 
nikalas22: posts small blind $0.50
BumHuntKing: posts big blind $1
*** HOLE CARDS ***
LuckyShikari: raises $1 to $2
poker_soul11: folds 
Unipoker11: raises $4.50 to $6.50
paul197866: calls $6.50
nikalas22: folds 
BumHuntKing: folds 
LuckyShikari: folds 
*** FLOP *** [5h 5s 4s]
Unipoker11: checks 
paul197866: checks 
*** TURN *** [5h 5s 4s] [Kh]
Unipoker11: checks 
paul197866: checks 
*** RIVER *** [5h 5s 4s Kh] [6c]
Unipoker11: checks 
paul197866: checks 
*** SHOW DOWN ***
Unipoker11: shows [Td Th] (two pair, Tens and Fives)
paul197866: shows [Qs Kd] (two pair, Kings and Fives)
paul197866 collected $15.68 from pot
*** SUMMARY ***
Total pot $16.50 | Rake $0.82 
Board [5h 5s 4s Kh 6c]
Seat 1: paul197866 (button) showed [Qs Kd] and won ($15.68) with two pair, Kings and Fives
Seat 2: nikalas22 (small blind) folded before Flop
Seat 3: BumHuntKing (big blind) folded before Flop
Seat 4: LuckyShikari folded before Flop
Seat 5: poker_soul11 folded before Flop (didn't bet)
Seat 6: Unipoker11 showed [Td Th] and lost with two pair, Tens and Fives



PokerStars Hand #254725150544:  Hold'em No Limit ($0.50/$1.00 USD) - 2025/02/05 21:34:07 WET [2025/02/05 16:34:07 ET]
Table 'Margo II' 6-max Seat #2 is the button
Seat 1: paul197866 ($35.26 in chips) 
Seat 2: nikalas22 ($101.67 in chips) 
Seat 3: BumHuntKing ($106.10 in chips) 
Seat 4: LuckyShikari ($120.32 in chips) 
Seat 5: poker_soul11 ($106.23 in chips) 
Seat 6: Unipoker11 ($100 in chips) 
BumHuntKing: posts small blind $0.50
LuckyShikari: posts big blind $1
*** HOLE CARDS ***
poker_soul11: folds 
Unipoker11: folds 
paul197866: calls $1
nikalas22: folds 
BumHuntKing: folds 
LuckyShikari: checks 
*** FLOP *** [Kh Kd 5s]
LuckyShikari: checks 
paul197866: bets $2.38
LuckyShikari: folds 
Uncalled bet ($2.38) returned to paul197866
paul197866 collected $2.38 from pot
*** SUMMARY ***
Total pot $2.50 | Rake $0.12 
Board [Kh Kd 5s]
Seat 1: paul197866 collected ($2.38)
Seat 2: nikalas22 (button) folded before Flop (didn't bet)
Seat 3: BumHuntKing (small blind) folded before Flop
Seat 4: LuckyShikari (big blind) folded on the Flop
Seat 5: poker_soul11 folded before Flop (didn't bet)
Seat 6: Unipoker11 folded before Flop (didn't bet)



PokerStars Hand #254725162507:  Hold'em No Limit ($0.50/$1.00 USD) - 2025/02/05 21:34:46 WET [2025/02/05 16:34:46 ET]
Table 'Margo II' 6-max Seat #3 is the button
Seat 1: paul197866 ($36.64 in chips) 
Seat 2: nikalas22 ($101.67 in chips) 
Seat 3: BumHuntKing ($105.60 in chips) 
Seat 4: LuckyShikari ($119.32 in chips) 
Seat 5: poker_soul11 ($106.23 in chips) 
Seat 6: Unipoker11 ($100 in chips) 
LuckyShikari: posts small blind $0.50
poker_soul11: posts big blind $1
*** HOLE CARDS ***
Unipoker11: folds 
paul197866: folds 
nikalas22: folds 
BumHuntKing: folds 
LuckyShikari: raises $1 to $2
poker_soul11: folds 
Uncalled bet ($1) returned to LuckyShikari
LuckyShikari collected $2 from pot
LuckyShikari: doesn't show hand 
*** SUMMARY ***
Total pot $2 | Rake $0 
Seat 1: paul197866 folded before Flop (didn't bet)
Seat 2: nikalas22 folded before Flop (didn't bet)
Seat 3: BumHuntKing (button) folded before Flop (didn't bet)
Seat 4: LuckyShikari (small blind) collected ($2)
Seat 5: poker_soul11 (big blind) folded before Flop
Seat 6: Unipoker11 folded before Flop (didn't bet)



PokerStars Hand #254725167576:  Hold'em No Limit ($0.50/$1.00 USD) - 2025/02/05 21:35:02 WET [2025/02/05 16:35:02 ET]
Table 'Margo II' 6-max Seat #4 is the button
Seat 1: paul197866 ($36.64 in chips) 
Seat 2: nikalas22 ($101.67 in chips) 
Seat 3: BumHuntKing ($105.60 in chips) 
Seat 4: LuckyShikari ($120.32 in chips) 
Seat 5: poker_soul11 ($105.23 in chips) 
Seat 6: Unipoker11 ($100 in chips) 
poker_soul11: posts small blind $0.50
Unipoker11: posts big blind $1
*** HOLE CARDS ***
paul197866: calls $1
nikalas22: raises $3 to $4
BumHuntKing: folds 
LuckyShikari: folds 
poker_soul11: folds 
Unipoker11: folds 
paul197866: calls $3
*** FLOP *** [Kh 7h Ad]
paul197866: checks 
nikalas22: checks 
*** TURN *** [Kh 7h Ad] [7s]
paul197866: bets $4.51
nikalas22: folds 
Uncalled bet ($4.51) returned to paul197866
paul197866 collected $9.02 from pot
*** SUMMARY ***
Total pot $9.50 | Rake $0.48 
Board [Kh 7h Ad 7s]
Seat 1: paul197866 collected ($9.02)
Seat 2: nikalas22 folded on the Turn
Seat 3: BumHuntKing folded before Flop (didn't bet)
Seat 4: LuckyShikari (button) folded before Flop (didn't bet)
Seat 5: poker_soul11 (small blind) folded before Flop
Seat 6: Unipoker11 (big blind) folded before Flop



PokerStars Hand #254725182940:  Hold'em No Limit ($0.50/$1.00 USD) - 2025/02/05 21:35:50 WET [2025/02/05 16:35:50 ET]
Table 'Margo II' 6-max Seat #5 is the button
Seat 1: paul197866 ($41.66 in chips) 
Seat 2: nikalas22 ($100 in chips) 
Seat 3: BumHuntKing ($105.60 in chips) 
Seat 4: LuckyShikari ($120.32 in chips) 
Seat 5: poker_soul11 ($104.73 in chips) 
Seat 6: Unipoker11 ($100 in chips) 
Unipoker11: posts small blind $0.50
paul197866: posts big blind $1
*** HOLE CARDS ***
nikalas22: folds 
BumHuntKing: raises $1.20 to $2.20
LuckyShikari: folds 
poker_soul11: folds 
Unipoker11: folds 
paul197866: folds 
Uncalled bet ($1.20) returned to BumHuntKing
BumHuntKing collected $2.50 from pot
BumHuntKing: doesn't show hand 
*** SUMMARY ***
Total pot $2.50 | Rake $0 
Seat 1: paul197866 (big blind) folded before Flop
Seat 2: nikalas22 folded before Flop (didn't bet)
Seat 3: BumHuntKing collected ($2.50)
Seat 4: LuckyShikari folded before Flop (didn't bet)
Seat 5: poker_soul11 (button) folded before Flop (didn't bet)
Seat 6: Unipoker11 (small blind) folded before Flop



PokerStars Hand #254725188304:  Hold'em No Limit ($0.50/$1.00 USD) - 2025/02/05 21:36:07 WET [2025/02/05 16:36:07 ET]
Table 'Margo II' 6-max Seat #6 is the button
Seat 1: paul197866 ($40.66 in chips) 
Seat 2: nikalas22 ($100 in chips) 
Seat 3: BumHuntKing ($107.10 in chips) 
Seat 4: LuckyShikari ($120.32 in chips) 
Seat 5: poker_soul11 ($104.73 in chips) 
Seat 6: Unipoker11 ($100 in chips) 
paul197866: posts small blind $0.50
nikalas22: posts big blind $1
*** HOLE CARDS ***
BumHuntKing: folds 
LuckyShikari: folds 
poker_soul11: folds 
Unipoker11: folds 
paul197866: calls $0.50
nikalas22: checks 
*** FLOP *** [Js Tc 3c]
paul197866: bets $1.90
nikalas22: calls $1.90
*** TURN *** [Js Tc 3c] [9h]
paul197866: bets $5.51
nikalas22: folds 
Uncalled bet ($5.51) returned to paul197866
paul197866 collected $5.51 from pot
*** SUMMARY ***
Total pot $5.80 | Rake $0.29 
Board [Js Tc 3c 9h]
Seat 1: paul197866 (small blind) collected ($5.51)
Seat 2: nikalas22 (big blind) folded on the Turn
Seat 3: BumHuntKing folded before Flop (didn't bet)
Seat 4: LuckyShikari folded before Flop (didn't bet)
Seat 5: poker_soul11 folded before Flop (didn't bet)
Seat 6: Unipoker11 (button) folded before Flop (didn't bet)



PokerStars Hand #254725201641:  Hold'em No Limit ($0.50/$1.00 USD) - 2025/02/05 21:36:50 WET [2025/02/05 16:36:50 ET]
Table 'Margo II' 6-max Seat #1 is the button
Seat 1: paul197866 ($43.27 in chips) 
Seat 2: nikalas22 ($100 in chips) 
Seat 3: BumHuntKing ($107.10 in chips) 
Seat 4: LuckyShikari ($120.32 in chips) 
Seat 5: poker_soul11 ($104.73 in chips) 
Seat 6: Unipoker11 ($100 in chips) 
nikalas22: posts small blind $0.50
BumHuntKing: posts big blind $1
*** HOLE CARDS ***
LuckyShikari: folds 
poker_soul11: folds 
Unipoker11: folds 
paul197866: folds 
nikalas22: folds 
Uncalled bet ($0.50) returned to BumHuntKing
BumHuntKing collected $1 from pot
BumHuntKing: doesn't show hand 
*** SUMMARY ***
Total pot $1 | Rake $0 
Seat 1: paul197866 (button) folded before Flop (didn't bet)
Seat 2: nikalas22 (small blind) folded before Flop
Seat 3: BumHuntKing (big blind) collected ($1)
Seat 4: LuckyShikari folded before Flop (didn't bet)
Seat 5: poker_soul11 folded before Flop (didn't bet)
Seat 6: Unipoker11 folded before Flop (didn't bet)



PokerStars Hand #254725206768:  Hold'em No Limit ($0.50/$1.00 USD) - 2025/02/05 21:37:06 WET [2025/02/05 16:37:06 ET]
Table 'Margo II' 6-max Seat #2 is the button
Seat 1: paul197866 ($43.27 in chips) 
Seat 2: nikalas22 ($100 in chips) 
Seat 3: BumHuntKing ($107.60 in chips) 
Seat 4: LuckyShikari ($120.32 in chips) 
Seat 5: poker_soul11 ($104.73 in chips) 
Seat 6: Unipoker11 ($100 in chips) 
BumHuntKing: posts small blind $0.50
LuckyShikari: posts big blind $1
*** HOLE CARDS ***
poker_soul11: folds 
Unipoker11: folds 
paul197866: folds 
nikalas22: raises $1.20 to $2.20
BumHuntKing: folds 
LuckyShikari: raises $7.30 to $9.50
nikalas22: raises $90.50 to $100 and is all-in
LuckyShikari: folds 
Uncalled bet ($90.50) returned to nikalas22
nikalas22 collected $19.50 from pot
nikalas22: doesn't show hand 
*** SUMMARY ***
Total pot $19.50 | Rake $0 
Seat 1: paul197866 folded before Flop (didn't bet)
Seat 2: nikalas22 (button) collected ($19.50)
Seat 3: BumHuntKing (small blind) folded before Flop
Seat 4: LuckyShikari (big blind) folded before Flop
Seat 5: poker_soul11 folded before Flop (didn't bet)
Seat 6: Unipoker11 folded before Flop (didn't bet)



PokerStars Hand #254725217036:  Hold'em No Limit ($0.50/$1.00 USD) - 2025/02/05 21:37:40 WET [2025/02/05 16:37:40 ET]
Table 'Margo II' 6-max Seat #3 is the button
Seat 1: paul197866 ($43.27 in chips) 
Seat 2: nikalas22 ($110 in chips) 
Seat 3: BumHuntKing ($107.10 in chips) 
Seat 4: LuckyShikari ($110.82 in chips) 
Seat 5: poker_soul11 ($104.73 in chips) 
Seat 6: Unipoker11 ($100 in chips) 
LuckyShikari: posts small blind $0.50
poker_soul11: posts big blind $1
*** HOLE CARDS ***
Unipoker11: folds 
paul197866: folds 
nikalas22: folds 
BumHuntKing: raises $1.50 to $2.50
LuckyShikari: folds 
poker_soul11: folds 
Uncalled bet ($1.50) returned to BumHuntKing
BumHuntKing collected $2.50 from pot
BumHuntKing: doesn't show hand 
*** SUMMARY ***
Total pot $2.50 | Rake $0 
Seat 1: paul197866 folded before Flop (didn't bet)
Seat 2: nikalas22 folded before Flop (didn't bet)
Seat 3: BumHuntKing (button) collected ($2.50)
Seat 4: LuckyShikari (small blind) folded before Flop
Seat 5: poker_soul11 (big blind) folded before Flop
Seat 6: Unipoker11 folded before Flop (didn't bet)



PokerStars Hand #254725222350:  Hold'em No Limit ($0.50/$1.00 USD) - 2025/02/05 21:37:57 WET [2025/02/05 16:37:57 ET]
Table 'Margo II' 6-max Seat #4 is the button
Seat 1: paul197866 ($43.27 in chips) 
Seat 2: nikalas22 ($110 in chips) 
Seat 3: BumHuntKing ($108.60 in chips) 
Seat 4: LuckyShikari ($110.32 in chips) 
Seat 5: poker_soul11 ($103.73 in chips) 
Seat 6: Unipoker11 ($100 in chips) 
poker_soul11: posts small blind $0.50
Unipoker11: posts big blind $1
*** HOLE CARDS ***
paul197866: folds 
nikalas22: folds 
BumHuntKing: folds 
LuckyShikari: raises $1 to $2
poker_soul11: raises $9 to $11
Unipoker11: folds 
LuckyShikari: folds 
Uncalled bet ($9) returned to poker_soul11
poker_soul11 collected $5 from pot
poker_soul11: doesn't show hand 
*** SUMMARY ***
Total pot $5 | Rake $0 
Seat 1: paul197866 folded before Flop (didn't bet)
Seat 2: nikalas22 folded before Flop (didn't bet)
Seat 3: BumHuntKing folded before Flop (didn't bet)
Seat 4: LuckyShikari (button) folded before Flop
Seat 5: poker_soul11 (small blind) collected ($5)
Seat 6: Unipoker11 (big blind) folded before Flop



PokerStars Hand #254725231020:  Hold'em No Limit ($0.50/$1.00 USD) - 2025/02/05 21:38:25 WET [2025/02/05 16:38:25 ET]
Table 'Margo II' 6-max Seat #5 is the button
Seat 1: paul197866 ($43.27 in chips) 
Seat 2: nikalas22 ($110 in chips) 
Seat 3: BumHuntKing ($108.60 in chips) 
Seat 4: LuckyShikari ($108.32 in chips) 
Seat 5: poker_soul11 ($106.73 in chips) 
Seat 6: Unipoker11 ($100 in chips) 
Unipoker11: posts small blind $0.50
paul197866: posts big blind $1
*** HOLE CARDS ***
nikalas22: folds 
BumHuntKing: folds 
LuckyShikari: folds 
poker_soul11: folds 
Unipoker11: raises $1.50 to $2.50
paul197866: folds 
Uncalled bet ($1.50) returned to Unipoker11
Unipoker11 collected $2 from pot
Unipoker11: doesn't show hand 
*** SUMMARY ***
Total pot $2 | Rake $0 
Seat 1: paul197866 (big blind) folded before Flop
Seat 2: nikalas22 folded before Flop (didn't bet)
Seat 3: BumHuntKing folded before Flop (didn't bet)
Seat 4: LuckyShikari folded before Flop (didn't bet)
Seat 5: poker_soul11 (button) folded before Flop (didn't bet)
Seat 6: Unipoker11 (small blind) collected ($2)



PokerStars Hand #254725239775:  Hold'em No Limit ($0.50/$1.00 USD) - 2025/02/05 21:38:52 WET [2025/02/05 16:38:52 ET]
Table 'Margo II' 6-max Seat #6 is the button
Seat 1: paul197866 ($42.27 in chips) 
Seat 2: nikalas22 ($110 in chips) 
Seat 3: BumHuntKing ($108.60 in chips) 
Seat 4: LuckyShikari ($108.32 in chips) 
Seat 5: poker_soul11 ($106.73 in chips) 
Seat 6: Unipoker11 ($101 in chips) 
paul197866: posts small blind $0.50
nikalas22: posts big blind $1
*** HOLE CARDS ***
BumHuntKing: folds 
LuckyShikari: raises $1 to $2
poker_soul11: folds 
Unipoker11: folds 
paul197866: folds 
nikalas22: folds 
Uncalled bet ($1) returned to LuckyShikari
LuckyShikari collected $2.50 from pot
LuckyShikari: doesn't show hand 
*** SUMMARY ***
Total pot $2.50 | Rake $0 
Seat 1: paul197866 (small blind) folded before Flop
Seat 2: nikalas22 (big blind) folded before Flop
Seat 3: BumHuntKing folded before Flop (didn't bet)
Seat 4: LuckyShikari collected ($2.50)
Seat 5: poker_soul11 folded before Flop (didn't bet)
Seat 6: Unipoker11 (button) folded before Flop (didn't bet)



PokerStars Hand #254725246400:  Hold'em No Limit ($0.50/$1.00 USD) - 2025/02/05 21:39:14 WET [2025/02/05 16:39:14 ET]
Table 'Margo II' 6-max Seat #1 is the button
Seat 1: paul197866 ($41.77 in chips) 
Seat 2: nikalas22 ($109 in chips) 
Seat 3: BumHuntKing ($108.60 in chips) 
Seat 4: LuckyShikari ($109.82 in chips) 
Seat 5: poker_soul11 ($106.73 in chips) 
Seat 6: Unipoker11 ($101 in chips) 
nikalas22: posts small blind $0.50
BumHuntKing: posts big blind $1
*** HOLE CARDS ***
LuckyShikari: folds 
poker_soul11: folds 
Unipoker11: folds 
paul197866: calls $1
nikalas22: folds 
BumHuntKing: raises $6.50 to $7.50
paul197866: calls $6.50
*** FLOP *** [Td 2s Kd]
BumHuntKing: bets $5.75
paul197866: folds 
Uncalled bet ($5.75) returned to BumHuntKing
BumHuntKing collected $14.72 from pot
BumHuntKing: doesn't show hand 
*** SUMMARY ***
Total pot $15.50 | Rake $0.78 
Board [Td 2s Kd]
Seat 1: paul197866 (button) folded on the Flop
Seat 2: nikalas22 (small blind) folded before Flop
Seat 3: BumHuntKing (big blind) collected ($14.72)
Seat 4: LuckyShikari folded before Flop (didn't bet)
Seat 5: poker_soul11 folded before Flop (didn't bet)
Seat 6: Unipoker11 folded before Flop (didn't bet)



PokerStars Hand #254725259110:  Hold'em No Limit ($0.50/$1.00 USD) - 2025/02/05 21:39:54 WET [2025/02/05 16:39:54 ET]
Table 'Margo II' 6-max Seat #2 is the button
Seat 1: paul197866 ($34.27 in chips) 
Seat 2: nikalas22 ($108.50 in chips) 
Seat 3: BumHuntKing ($115.82 in chips) 
Seat 4: LuckyShikari ($109.82 in chips) 
Seat 5: poker_soul11 ($106.73 in chips) 
Seat 6: Unipoker11 ($101 in chips) 
BumHuntKing: posts small blind $0.50
LuckyShikari: posts big blind $1
*** HOLE CARDS ***
poker_soul11: raises $1.20 to $2.20
Unipoker11: folds 
paul197866: calls $2.20
nikalas22: folds 
BumHuntKing: folds 
LuckyShikari: calls $1.20
*** FLOP *** [5s Td 9c]
LuckyShikari: checks 
poker_soul11: checks 
paul197866: checks 
*** TURN *** [5s Td 9c] [Qc]
LuckyShikari: bets $5
poker_soul11: raises $8.37 to $13.37
paul197866: calls $13.37
LuckyShikari: folds 
*** RIVER *** [5s Td 9c Qc] [Tc]
poker_soul11: bets $27.68
paul197866: calls $18.70 and is all-in
Uncalled bet ($8.98) returned to poker_soul11
*** SHOW DOWN ***
poker_soul11: shows [Kc Js] (a straight, Nine to King)
paul197866: shows [2c 4c] (a flush, Queen high)
paul197866 collected $73.74 from pot
*** SUMMARY ***
Total pot $76.24 | Rake $2.50 
Board [5s Td 9c Qc Tc]
Seat 1: paul197866 showed [2c 4c] and won ($73.74) with a flush, Queen high
Seat 2: nikalas22 (button) folded before Flop (didn't bet)
Seat 3: BumHuntKing (small blind) folded before Flop
Seat 4: LuckyShikari (big blind) folded on the Turn
Seat 5: poker_soul11 showed [Kc Js] and lost with a straight, Nine to King
Seat 6: Unipoker11 folded before Flop (didn't bet)



PokerStars Hand #254725284719:  Hold'em No Limit ($0.50/$1.00 USD) - 2025/02/05 21:41:16 WET [2025/02/05 16:41:16 ET]
Table 'Margo II' 6-max Seat #3 is the button
Seat 1: paul197866 ($73.74 in chips) 
Seat 2: nikalas22 ($108.50 in chips) 
Seat 3: BumHuntKing ($115.32 in chips) 
Seat 4: LuckyShikari ($102.62 in chips) 
Seat 5: poker_soul11 ($100 in chips) 
Seat 6: Unipoker11 ($101 in chips) 
LuckyShikari: posts small blind $0.50
poker_soul11: posts big blind $1
*** HOLE CARDS ***
Unipoker11: folds 
paul197866: folds 
nikalas22: folds 
BumHuntKing: raises $1.50 to $2.50
LuckyShikari: raises $8.50 to $11
poker_soul11: folds 
BumHuntKing: folds 
Uncalled bet ($8.50) returned to LuckyShikari
LuckyShikari collected $6 from pot
LuckyShikari: doesn't show hand 
*** SUMMARY ***
Total pot $6 | Rake $0 
Seat 1: paul197866 folded before Flop (didn't bet)
Seat 2: nikalas22 folded before Flop (didn't bet)
Seat 3: BumHuntKing (button) folded before Flop
Seat 4: LuckyShikari (small blind) collected ($6)
Seat 5: poker_soul11 (big blind) folded before Flop
Seat 6: Unipoker11 folded before Flop (didn't bet)



PokerStars Hand #254725292577:  Hold'em No Limit ($0.50/$1.00 USD) - 2025/02/05 21:41:41 WET [2025/02/05 16:41:41 ET]
Table 'Margo II' 6-max Seat #4 is the button
Seat 1: paul197866 ($73.74 in chips) 
Seat 2: nikalas22 ($108.50 in chips) 
Seat 3: BumHuntKing ($112.82 in chips) 
Seat 4: LuckyShikari ($106.12 in chips) 
Seat 5: poker_soul11 ($100 in chips) 
Seat 6: Unipoker11 ($101 in chips) 
poker_soul11: posts small blind $0.50
Unipoker11: posts big blind $1
*** HOLE CARDS ***
paul197866: folds 
nikalas22: folds 
BumHuntKing: folds 
LuckyShikari: raises $1 to $2
poker_soul11: folds 
Unipoker11: folds 
Uncalled bet ($1) returned to LuckyShikari
LuckyShikari collected $2.50 from pot
LuckyShikari: doesn't show hand 
*** SUMMARY ***
Total pot $2.50 | Rake $0 
Seat 1: paul197866 folded before Flop (didn't bet)
Seat 2: nikalas22 folded before Flop (didn't bet)
Seat 3: BumHuntKing folded before Flop (didn't bet)
Seat 4: LuckyShikari (button) collected ($2.50)
Seat 5: poker_soul11 (small blind) folded before Flop
Seat 6: Unipoker11 (big blind) folded before Flop



PokerStars Hand #254725297197:  Hold'em No Limit ($0.50/$1.00 USD) - 2025/02/05 21:41:56 WET [2025/02/05 16:41:56 ET]
Table 'Margo II' 6-max Seat #5 is the button
Seat 1: paul197866 ($73.74 in chips) 
Seat 2: nikalas22 ($108.50 in chips) 
Seat 3: BumHuntKing ($112.82 in chips) 
Seat 4: LuckyShikari ($107.62 in chips) 
Seat 5: poker_soul11 ($100 in chips) 
Seat 6: Unipoker11 ($100 in chips) 
Unipoker11: posts small blind $0.50
paul197866: posts big blind $1
*** HOLE CARDS ***
nikalas22: folds 
BumHuntKing: raises $1.20 to $2.20
LuckyShikari: folds 
poker_soul11: folds 
Unipoker11: folds 
paul197866: folds 
Uncalled bet ($1.20) returned to BumHuntKing
BumHuntKing collected $2.50 from pot
BumHuntKing: doesn't show hand 
*** SUMMARY ***
Total pot $2.50 | Rake $0 
Seat 1: paul197866 (big blind) folded before Flop
Seat 2: nikalas22 folded before Flop (didn't bet)
Seat 3: BumHuntKing collected ($2.50)
Seat 4: LuckyShikari folded before Flop (didn't bet)
Seat 5: poker_soul11 (button) folded before Flop (didn't bet)
Seat 6: Unipoker11 (small blind) folded before Flop



PokerStars Hand #254725303334:  Hold'em No Limit ($0.50/$1.00 USD) - 2025/02/05 21:42:16 WET [2025/02/05 16:42:16 ET]
Table 'Margo II' 6-max Seat #6 is the button
Seat 1: paul197866 ($72.74 in chips) 
Seat 2: nikalas22 ($108.50 in chips) 
Seat 3: BumHuntKing ($114.32 in chips) 
Seat 4: LuckyShikari ($107.62 in chips) 
Seat 5: poker_soul11 ($100 in chips) 
Seat 6: Unipoker11 ($100 in chips) 
paul197866: posts small blind $0.50
nikalas22: posts big blind $1
*** HOLE CARDS ***
BumHuntKing: folds 
LuckyShikari: raises $1 to $2
poker_soul11: folds 
Unipoker11: folds 
paul197866: folds 
nikalas22: folds 
Uncalled bet ($1) returned to LuckyShikari
LuckyShikari collected $2.50 from pot
LuckyShikari: doesn't show hand 
*** SUMMARY ***
Total pot $2.50 | Rake $0 
Seat 1: paul197866 (small blind) folded before Flop
Seat 2: nikalas22 (big blind) folded before Flop
Seat 3: BumHuntKing folded before Flop (didn't bet)
Seat 4: LuckyShikari collected ($2.50)
Seat 5: poker_soul11 folded before Flop (didn't bet)
Seat 6: Unipoker11 (button) folded before Flop (didn't bet)



PokerStars Hand #254725311503:  Hold'em No Limit ($0.50/$1.00 USD) - 2025/02/05 21:42:43 WET [2025/02/05 16:42:43 ET]
Table 'Margo II' 6-max Seat #1 is the button
Seat 1: paul197866 ($72.24 in chips) 
Seat 2: nikalas22 ($107.50 in chips) 
Seat 3: BumHuntKing ($114.32 in chips) 
Seat 4: LuckyShikari ($109.12 in chips) 
Seat 5: poker_soul11 ($100 in chips) 
Seat 6: Unipoker11 ($100 in chips) 
nikalas22: posts small blind $0.50
BumHuntKing: posts big blind $1
*** HOLE CARDS ***
LuckyShikari: raises $1 to $2
poker_soul11: folds 
Unipoker11: folds 
paul197866: folds 
nikalas22: folds 
BumHuntKing: folds 
Uncalled bet ($1) returned to LuckyShikari
LuckyShikari collected $2.50 from pot
LuckyShikari: doesn't show hand 
*** SUMMARY ***
Total pot $2.50 | Rake $0 
Seat 1: paul197866 (button) folded before Flop (didn't bet)
Seat 2: nikalas22 (small blind) folded before Flop
Seat 3: BumHuntKing (big blind) folded before Flop
Seat 4: LuckyShikari collected ($2.50)
Seat 5: poker_soul11 folded before Flop (didn't bet)
Seat 6: Unipoker11 folded before Flop (didn't bet)



PokerStars Hand #254725321202:  Hold'em No Limit ($0.50/$1.00 USD) - 2025/02/05 21:43:14 WET [2025/02/05 16:43:14 ET]
Table 'Margo II' 6-max Seat #2 is the button
Seat 1: paul197866 ($72.24 in chips) 
Seat 2: nikalas22 ($107 in chips) 
Seat 3: BumHuntKing ($113.32 in chips) 
Seat 4: LuckyShikari ($110.62 in chips) 
Seat 5: poker_soul11 ($100 in chips) 
Seat 6: Unipoker11 ($100 in chips) 
BumHuntKing: posts small blind $0.50
LuckyShikari: posts big blind $1
*** HOLE CARDS ***
poker_soul11: folds 
Unipoker11: raises $1 to $2
paul197866: folds 
nikalas22: raises $6 to $8
BumHuntKing: raises $12 to $20
LuckyShikari: folds 
Unipoker11: folds 
nikalas22: folds 
Uncalled bet ($12) returned to BumHuntKing
BumHuntKing collected $19 from pot
BumHuntKing: doesn't show hand 
*** SUMMARY ***
Total pot $19 | Rake $0 
Seat 1: paul197866 folded before Flop (didn't bet)
Seat 2: nikalas22 (button) folded before Flop
Seat 3: BumHuntKing (small blind) collected ($19)
Seat 4: LuckyShikari (big blind) folded before Flop
Seat 5: poker_soul11 folded before Flop (didn't bet)
Seat 6: Unipoker11 folded before Flop



PokerStars Hand #254725332010:  Hold'em No Limit ($0.50/$1.00 USD) - 2025/02/05 21:43:49 WET [2025/02/05 16:43:49 ET]
Table 'Margo II' 6-max Seat #3 is the button
Seat 1: paul197866 ($72.24 in chips) 
Seat 2: nikalas22 ($100 in chips) 
Seat 3: BumHuntKing ($124.32 in chips) 
Seat 4: LuckyShikari ($109.62 in chips) 
Seat 5: poker_soul11 ($100 in chips) 
Seat 6: Unipoker11 ($100 in chips) 
LuckyShikari: posts small blind $0.50
poker_soul11: posts big blind $1
*** HOLE CARDS ***
Unipoker11: folds 
paul197866: calls $1
nikalas22: folds 
BumHuntKing: folds 
LuckyShikari: folds 
poker_soul11: raises $4 to $5
paul197866: calls $4
*** FLOP *** [6s 5c 7c]
poker_soul11: checks 
paul197866: bets $9.98
poker_soul11: folds 
Uncalled bet ($9.98) returned to paul197866
paul197866 collected $9.98 from pot
*** SUMMARY ***
Total pot $10.50 | Rake $0.52 
Board [6s 5c 7c]
Seat 1: paul197866 collected ($9.98)
Seat 2: nikalas22 folded before Flop (didn't bet)
Seat 3: BumHuntKing (button) folded before Flop (didn't bet)
Seat 4: LuckyShikari (small blind) folded before Flop
Seat 5: poker_soul11 (big blind) folded on the Flop
Seat 6: Unipoker11 folded before Flop (didn't bet)



PokerStars Hand #254725347934:  Hold'em No Limit ($0.50/$1.00 USD) - 2025/02/05 21:44:40 WET [2025/02/05 16:44:40 ET]
Table 'Margo II' 6-max Seat #4 is the button
Seat 1: paul197866 ($77.22 in chips) 
Seat 2: nikalas22 ($100 in chips) 
Seat 3: BumHuntKing ($124.32 in chips) 
Seat 4: LuckyShikari ($109.12 in chips) 
Seat 5: poker_soul11 ($100 in chips) 
Seat 6: Unipoker11 ($100 in chips) 
poker_soul11: posts small blind $0.50
Unipoker11: posts big blind $1
*** HOLE CARDS ***
paul197866: calls $1
nikalas22: folds 
BumHuntKing: folds 
LuckyShikari: folds 
poker_soul11: folds 
Unipoker11: checks 
*** FLOP *** [As 7h 4h]
Unipoker11: checks 
paul197866: checks 
*** TURN *** [As 7h 4h] [3h]
Unipoker11: bets $1.78
paul197866: folds 
Uncalled bet ($1.78) returned to Unipoker11
Unipoker11 collected $2.38 from pot
Unipoker11: doesn't show hand 
*** SUMMARY ***
Total pot $2.50 | Rake $0.12 
Board [As 7h 4h 3h]
Seat 1: paul197866 folded on the Turn
Seat 2: nikalas22 folded before Flop (didn't bet)
Seat 3: BumHuntKing folded before Flop (didn't bet)
Seat 4: LuckyShikari (button) folded before Flop (didn't bet)
Seat 5: poker_soul11 (small blind) folded before Flop
Seat 6: Unipoker11 (big blind) collected ($2.38)



PokerStars Hand #254725368431:  Hold'em No Limit ($0.50/$1.00 USD) - 2025/02/05 21:45:45 WET [2025/02/05 16:45:45 ET]
Table 'Margo II' 6-max Seat #5 is the button
Seat 1: paul197866 ($76.22 in chips) 
Seat 2: nikalas22 ($100 in chips) 
Seat 3: BumHuntKing ($124.32 in chips) 
Seat 4: LuckyShikari ($109.12 in chips) 
Seat 5: poker_soul11 ($100 in chips) 
Seat 6: Unipoker11 ($101.38 in chips) 
Unipoker11: posts small blind $0.50
paul197866: posts big blind $1
*** HOLE CARDS ***
nikalas22: folds 
BumHuntKing: folds 
LuckyShikari: folds 
poker_soul11: folds 
Unipoker11: raises $1.50 to $2.50
paul197866: calls $1.50
*** FLOP *** [8h Js 7c]
Unipoker11: bets $3.18
paul197866: calls $3.18
*** TURN *** [8h Js 7c] [Tc]
Unipoker11: checks 
paul197866: bets $10.79
Unipoker11: calls $10.79
*** RIVER *** [8h Js 7c Tc] [7d]
Unipoker11: checks 
paul197866: checks 
*** SHOW DOWN ***
Unipoker11: shows [7h 8d] (a full house, Sevens full of Eights)
paul197866: mucks hand 
Unipoker11 collected $31.29 from pot
*** SUMMARY ***
Total pot $32.94 | Rake $1.65 
Board [8h Js 7c Tc 7d]
Seat 1: paul197866 (big blind) mucked
Seat 2: nikalas22 folded before Flop (didn't bet)
Seat 3: BumHuntKing folded before Flop (didn't bet)
Seat 4: LuckyShikari folded before Flop (didn't bet)
Seat 5: poker_soul11 (button) folded before Flop (didn't bet)
Seat 6: Unipoker11 (small blind) showed [7h 8d] and won ($31.29) with a full house, Sevens full of Eights



PokerStars Hand #254725389728:  Hold'em No Limit ($0.50/$1.00 USD) - 2025/02/05 21:46:55 WET [2025/02/05 16:46:55 ET]
Table 'Margo II' 6-max Seat #6 is the button
Seat 1: paul197866 ($59.75 in chips) 
Seat 2: nikalas22 ($100 in chips) 
Seat 3: BumHuntKing ($124.32 in chips) 
Seat 4: LuckyShikari ($109.12 in chips) 
Seat 5: poker_soul11 ($100 in chips) 
Seat 6: Unipoker11 ($116.20 in chips) 
paul197866: posts small blind $0.50
nikalas22: posts big blind $1
*** HOLE CARDS ***
BumHuntKing: raises $1.20 to $2.20
LuckyShikari: folds 
poker_soul11: folds 
Unipoker11: folds 
paul197866: calls $1.70
nikalas22: calls $1.20
*** FLOP *** [8s 8h 7s]
paul197866: checks 
nikalas22: checks 
BumHuntKing: checks 
*** TURN *** [8s 8h 7s] [2s]
paul197866: checks 
nikalas22: checks 
BumHuntKing: checks 
*** RIVER *** [8s 8h 7s 2s] [Kc]
paul197866: bets $6.27
nikalas22: folds 
BumHuntKing: calls $6.27
*** SHOW DOWN ***
paul197866: shows [8c Jc] (three of a kind, Eights)
BumHuntKing: mucks hand 
paul197866 collected $18.18 from pot
*** SUMMARY ***
Total pot $19.14 | Rake $0.96 
Board [8s 8h 7s 2s Kc]
Seat 1: paul197866 (small blind) showed [8c Jc] and won ($18.18) with three of a kind, Eights
Seat 2: nikalas22 (big blind) folded on the River
Seat 3: BumHuntKing mucked
Seat 4: LuckyShikari folded before Flop (didn't bet)
Seat 5: poker_soul11 folded before Flop (didn't bet)
Seat 6: Unipoker11 (button) folded before Flop (didn't bet)



PokerStars Hand #254725407878:  Hold'em No Limit ($0.50/$1.00 USD) - 2025/02/05 21:47:54 WET [2025/02/05 16:47:54 ET]
Table 'Margo II' 6-max Seat #1 is the button
Seat 1: paul197866 ($69.46 in chips) 
Seat 2: nikalas22 ($100 in chips) 
Seat 3: BumHuntKing ($115.85 in chips) 
Seat 4: LuckyShikari ($109.12 in chips) 
Seat 5: poker_soul11 ($100 in chips) 
Seat 6: Unipoker11 ($116.20 in chips) 
nikalas22: posts small blind $0.50
BumHuntKing: posts big blind $1
*** HOLE CARDS ***
LuckyShikari: raises $1 to $2
poker_soul11: folds 
Unipoker11: calls $2
paul197866: folds 
nikalas22: folds 
BumHuntKing: folds 
*** FLOP *** [4d Qd 3c]
LuckyShikari: checks 
Unipoker11: checks 
*** TURN *** [4d Qd 3c] [Qs]
LuckyShikari: bets $7
Unipoker11: folds 
Uncalled bet ($7) returned to LuckyShikari
LuckyShikari collected $5.22 from pot
LuckyShikari: doesn't show hand 
*** SUMMARY ***
Total pot $5.50 | Rake $0.28 
Board [4d Qd 3c Qs]
Seat 1: paul197866 (button) folded before Flop (didn't bet)
Seat 2: nikalas22 (small blind) folded before Flop
Seat 3: BumHuntKing (big blind) folded before Flop
Seat 4: LuckyShikari collected ($5.22)
Seat 5: poker_soul11 folded before Flop (didn't bet)
Seat 6: Unipoker11 folded on the Turn



PokerStars Hand #254725438695:  Hold'em No Limit ($0.50/$1.00 USD) - 2025/02/05 21:49:34 WET [2025/02/05 16:49:34 ET]
Table 'Margo II' 6-max Seat #2 is the button
Seat 1: paul197866 ($69.46 in chips) 
Seat 2: nikalas22 ($100 in chips) 
Seat 3: BumHuntKing ($114.85 in chips) 
Seat 4: LuckyShikari ($112.34 in chips) 
Seat 5: poker_soul11 ($100 in chips) 
Seat 6: Unipoker11 ($114.20 in chips) 
BumHuntKing: posts small blind $0.50
LuckyShikari: posts big blind $1
*** HOLE CARDS ***
poker_soul11: folds 
Unipoker11: folds 
paul197866: calls $1
nikalas22: folds 
BumHuntKing: folds 
LuckyShikari: raises $3.50 to $4.50
paul197866: calls $3.50
*** FLOP *** [6d Ts 2d]
LuckyShikari: checks 
paul197866: bets $9.02
LuckyShikari: folds 
Uncalled bet ($9.02) returned to paul197866
paul197866 collected $9.02 from pot
*** SUMMARY ***
Total pot $9.50 | Rake $0.48 
Board [6d Ts 2d]
Seat 1: paul197866 collected ($9.02)
Seat 2: nikalas22 (button) folded before Flop (didn't bet)
Seat 3: BumHuntKing (small blind) folded before Flop
Seat 4: LuckyShikari (big blind) folded on the Flop
Seat 5: poker_soul11 folded before Flop (didn't bet)
Seat 6: Unipoker11 folded before Flop (didn't bet)



PokerStars Hand #254725448969:  Hold'em No Limit ($0.50/$1.00 USD) - 2025/02/05 21:50:08 WET [2025/02/05 16:50:08 ET]
Table 'Margo II' 6-max Seat #3 is the button
Seat 1: paul197866 ($73.98 in chips) 
Seat 2: nikalas22 ($100 in chips) 
Seat 3: BumHuntKing ($114.35 in chips) 
Seat 4: LuckyShikari ($107.84 in chips) 
Seat 5: poker_soul11 ($100 in chips) 
Seat 6: Unipoker11 ($114.20 in chips) 
LuckyShikari: posts small blind $0.50
poker_soul11: posts big blind $1
*** HOLE CARDS ***
Unipoker11: raises $1 to $2
paul197866: calls $2
nikalas22: folds 
BumHuntKing: folds 
LuckyShikari: folds 
poker_soul11: folds 
*** FLOP *** [7h As Jh]
Unipoker11: bets $1.30
paul197866: calls $1.30
*** TURN *** [7h As Jh] [Js]
Unipoker11: checks 
paul197866: checks 
*** RIVER *** [7h As Jh Js] [9h]
Unipoker11: checks 
paul197866: bets $7.70
Unipoker11: calls $7.70
*** SHOW DOWN ***
paul197866: shows [Jc Jd] (four of a kind, Jacks)
Unipoker11: mucks hand 
paul197866 collected $22.32 from pot
*** SUMMARY ***
Total pot $23.50 | Rake $1.18 
Board [7h As Jh Js 9h]
Seat 1: paul197866 showed [Jc Jd] and won ($22.32) with four of a kind, Jacks
Seat 2: nikalas22 folded before Flop (didn't bet)
Seat 3: BumHuntKing (button) folded before Flop (didn't bet)
Seat 4: LuckyShikari (small blind) folded before Flop
Seat 5: poker_soul11 (big blind) folded before Flop
Seat 6: Unipoker11 mucked



PokerStars Hand #254725473488:  Hold'em No Limit ($0.50/$1.00 USD) - 2025/02/05 21:51:29 WET [2025/02/05 16:51:29 ET]
Table 'Margo II' 6-max Seat #4 is the button
Seat 1: paul197866 ($85.30 in chips) 
Seat 2: nikalas22 ($100 in chips) 
Seat 3: BumHuntKing ($114.35 in chips) 
Seat 4: LuckyShikari ($107.34 in chips) 
Seat 5: poker_soul11 ($100 in chips) 
Seat 6: Unipoker11 ($103.20 in chips) 
poker_soul11: posts small blind $0.50
Unipoker11: posts big blind $1
*** HOLE CARDS ***
paul197866: calls $1
nikalas22: folds 
BumHuntKing: folds 
LuckyShikari: folds 
poker_soul11: folds 
Unipoker11: checks 
*** FLOP *** [5s 8d 9s]
Unipoker11: checks 
paul197866: checks 
*** TURN *** [5s 8d 9s] [Ah]
Unipoker11: bets $1.59
paul197866: calls $1.59
*** RIVER *** [5s 8d 9s Ah] [9c]
Unipoker11: bets $2.70
paul197866: folds 
Uncalled bet ($2.70) returned to Unipoker11
Unipoker11 collected $5.40 from pot
Unipoker11: doesn't show hand 
*** SUMMARY ***
Total pot $5.68 | Rake $0.28 
Board [5s 8d 9s Ah 9c]
Seat 1: paul197866 folded on the River
Seat 2: nikalas22 folded before Flop (didn't bet)
Seat 3: BumHuntKing folded before Flop (didn't bet)
Seat 4: LuckyShikari (button) folded before Flop (didn't bet)
Seat 5: poker_soul11 (small blind) folded before Flop
Seat 6: Unipoker11 (big blind) collected ($5.40)



PokerStars Hand #254725490097:  Hold'em No Limit ($0.50/$1.00 USD) - 2025/02/05 21:52:24 WET [2025/02/05 16:52:24 ET]
Table 'Margo II' 6-max Seat #5 is the button
Seat 1: paul197866 ($82.71 in chips) 
Seat 2: nikalas22 ($100 in chips) 
Seat 3: BumHuntKing ($114.35 in chips) 
Seat 4: LuckyShikari ($107.34 in chips) 
Seat 5: poker_soul11 ($100 in chips) 
Seat 6: Unipoker11 ($106.01 in chips) 
Unipoker11: posts small blind $0.50
paul197866: posts big blind $1
*** HOLE CARDS ***
nikalas22: folds 
BumHuntKing: raises $1.20 to $2.20
LuckyShikari: calls $2.20
poker_soul11: folds 
Unipoker11: calls $1.70
paul197866: calls $1.20
*** FLOP *** [8c 2h 3d]
Unipoker11: checks 
paul197866: checks 
BumHuntKing: checks 
LuckyShikari: bets $6.50
Unipoker11 has timed out
Unipoker11: folds 
paul197866: folds 
BumHuntKing: raises $10.68 to $17.18
LuckyShikari: folds 
Uncalled bet ($10.68) returned to BumHuntKing
BumHuntKing collected $20.71 from pot
BumHuntKing: doesn't show hand 
*** SUMMARY ***
Total pot $21.80 | Rake $1.09 
Board [8c 2h 3d]
Seat 1: paul197866 (big blind) folded on the Flop
Seat 2: nikalas22 folded before Flop (didn't bet)
Seat 3: BumHuntKing collected ($20.71)
Seat 4: LuckyShikari folded on the Flop
Seat 5: poker_soul11 (button) folded before Flop (didn't bet)
Seat 6: Unipoker11 (small blind) folded on the Flop



PokerStars Hand #254725511550:  Hold'em No Limit ($0.50/$1.00 USD) - 2025/02/05 21:53:36 WET [2025/02/05 16:53:36 ET]
Table 'Margo II' 6-max Seat #6 is the button
Seat 1: paul197866 ($80.51 in chips) 
Seat 2: nikalas22 ($100 in chips) 
Seat 3: BumHuntKing ($126.36 in chips) 
Seat 4: LuckyShikari ($100 in chips) 
Seat 5: poker_soul11 ($100 in chips) 
Seat 6: Unipoker11 ($103.81 in chips) 
paul197866: posts small blind $0.50
nikalas22: posts big blind $1
*** HOLE CARDS ***
BumHuntKing: folds 
LuckyShikari: folds 
poker_soul11: raises $1.20 to $2.20
Unipoker11: folds 
paul197866: folds 
nikalas22: folds 
Uncalled bet ($1.20) returned to poker_soul11
poker_soul11 collected $2.50 from pot
poker_soul11: doesn't show hand 
*** SUMMARY ***
Total pot $2.50 | Rake $0 
Seat 1: paul197866 (small blind) folded before Flop
Seat 2: nikalas22 (big blind) folded before Flop
Seat 3: BumHuntKing folded before Flop (didn't bet)
Seat 4: LuckyShikari folded before Flop (didn't bet)
Seat 5: poker_soul11 collected ($2.50)
Seat 6: Unipoker11 (button) folded before Flop (didn't bet)



PokerStars Hand #254725516890:  Hold'em No Limit ($0.50/$1.00 USD) - 2025/02/05 21:53:54 WET [2025/02/05 16:53:54 ET]
Table 'Margo II' 6-max Seat #1 is the button
Seat 1: paul197866 ($80.01 in chips) 
Seat 2: nikalas22 ($100 in chips) 
Seat 3: BumHuntKing ($126.36 in chips) 
Seat 4: LuckyShikari ($100 in chips) 
Seat 5: poker_soul11 ($101.50 in chips) 
Seat 6: Unipoker11 ($103.81 in chips) 
nikalas22: posts small blind $0.50
BumHuntKing: posts big blind $1
*** HOLE CARDS ***
LuckyShikari: folds 
poker_soul11: raises $1.20 to $2.20
Unipoker11: folds 
paul197866: folds 
nikalas22: folds 
BumHuntKing: calls $1.20
*** FLOP *** [Qs Ts 6s]
BumHuntKing: checks 
poker_soul11: checks 
*** TURN *** [Qs Ts 6s] [As]
BumHuntKing: checks 
poker_soul11: bets $1.17
BumHuntKing: calls $1.17
*** RIVER *** [Qs Ts 6s As] [8c]
BumHuntKing: checks 
poker_soul11: checks 
*** SHOW DOWN ***
BumHuntKing: shows [Ac 7c] (a pair of Aces)
poker_soul11: shows [Ad Td] (two pair, Aces and Tens)
poker_soul11 collected $6.88 from pot
*** SUMMARY ***
Total pot $7.24 | Rake $0.36 
Board [Qs Ts 6s As 8c]
Seat 1: paul197866 (button) folded before Flop (didn't bet)
Seat 2: nikalas22 (small blind) folded before Flop
Seat 3: BumHuntKing (big blind) showed [Ac 7c] and lost with a pair of Aces
Seat 4: LuckyShikari folded before Flop (didn't bet)
Seat 5: poker_soul11 showed [Ad Td] and won ($6.88) with two pair, Aces and Tens
Seat 6: Unipoker11 folded before Flop (didn't bet)



PokerStars Hand #254725532857:  Hold'em No Limit ($0.50/$1.00 USD) - 2025/02/05 21:54:47 WET [2025/02/05 16:54:47 ET]
Table 'Margo II' 6-max Seat #2 is the button
Seat 1: paul197866 ($80.01 in chips) 
Seat 2: nikalas22 ($100 in chips) 
Seat 3: BumHuntKing ($122.99 in chips) 
Seat 4: LuckyShikari ($100 in chips) 
Seat 5: poker_soul11 ($105.01 in chips) 
Seat 6: Unipoker11 ($103.81 in chips) 
BumHuntKing: posts small blind $0.50
LuckyShikari: posts big blind $1
*** HOLE CARDS ***
poker_soul11: folds 
Unipoker11: folds 
paul197866: calls $1
nikalas22: raises $3 to $4
BumHuntKing: folds 
LuckyShikari: raises $12.50 to $16.50
paul197866: folds 
nikalas22: folds 
Uncalled bet ($12.50) returned to LuckyShikari
LuckyShikari collected $9.50 from pot
LuckyShikari: doesn't show hand 
*** SUMMARY ***
Total pot $9.50 | Rake $0 
Seat 1: paul197866 folded before Flop
Seat 2: nikalas22 (button) folded before Flop
Seat 3: BumHuntKing (small blind) folded before Flop
Seat 4: LuckyShikari (big blind) collected ($9.50)
Seat 5: poker_soul11 folded before Flop (didn't bet)
Seat 6: Unipoker11 folded before Flop (didn't bet)



PokerStars Hand #254725542047:  Hold'em No Limit ($0.50/$1.00 USD) - 2025/02/05 21:55:23 WET [2025/02/05 16:55:23 ET]
Table 'Margo II' 6-max Seat #3 is the button
Seat 1: paul197866 ($79.01 in chips) 
Seat 2: nikalas22 ($100 in chips) 
Seat 3: BumHuntKing ($122.49 in chips) 
Seat 4: LuckyShikari ($105.50 in chips) 
Seat 5: poker_soul11 ($105.01 in chips) 
Seat 6: Unipoker11 ($103.81 in chips) 
LuckyShikari: posts small blind $0.50
poker_soul11: posts big blind $1
*** HOLE CARDS ***
Unipoker11: folds 
paul197866: calls $1
nikalas22: folds 
BumHuntKing: raises $2.50 to $3.50
LuckyShikari: raises $12 to $15.50
poker_soul11: folds 
paul197866: folds 
BumHuntKing: folds 
Uncalled bet ($12) returned to LuckyShikari
LuckyShikari collected $9 from pot
LuckyShikari: doesn't show hand 
*** SUMMARY ***
Total pot $9 | Rake $0 
Seat 1: paul197866 folded before Flop
Seat 2: nikalas22 folded before Flop (didn't bet)
Seat 3: BumHuntKing (button) folded before Flop
Seat 4: LuckyShikari (small blind) collected ($9)
Seat 5: poker_soul11 (big blind) folded before Flop
Seat 6: Unipoker11 folded before Flop (didn't bet)



PokerStars Hand #254725546658:  Hold'em No Limit ($0.50/$1.00 USD) - 2025/02/05 21:55:45 WET [2025/02/05 16:55:45 ET]
Table 'Margo II' 6-max Seat #4 is the button
Seat 1: paul197866 ($78.01 in chips) 
Seat 2: nikalas22 ($100 in chips) 
Seat 3: BumHuntKing ($118.99 in chips) 
Seat 4: LuckyShikari ($111 in chips) 
Seat 5: poker_soul11 ($104.01 in chips) 
Seat 6: Unipoker11 ($103.81 in chips) 
poker_soul11: posts small blind $0.50
Unipoker11: posts big blind $1
*** HOLE CARDS ***
paul197866: folds 
nikalas22: folds 
BumHuntKing: raises $1.20 to $2.20
LuckyShikari: folds 
poker_soul11: folds 
Unipoker11: folds 
Uncalled bet ($1.20) returned to BumHuntKing
BumHuntKing collected $2.50 from pot
BumHuntKing: doesn't show hand 
*** SUMMARY ***
Total pot $2.50 | Rake $0 
Seat 1: paul197866 folded before Flop (didn't bet)
Seat 2: nikalas22 folded before Flop (didn't bet)
Seat 3: BumHuntKing collected ($2.50)
Seat 4: LuckyShikari (button) folded before Flop (didn't bet)
Seat 5: poker_soul11 (small blind) folded before Flop
Seat 6: Unipoker11 (big blind) folded before Flop



PokerStars Hand #254725550549:  Hold'em No Limit ($0.50/$1.00 USD) - 2025/02/05 21:56:03 WET [2025/02/05 16:56:03 ET]
Table 'Margo II' 6-max Seat #5 is the button
Seat 1: paul197866 ($78.01 in chips) 
Seat 2: nikalas22 ($100 in chips) 
Seat 3: BumHuntKing ($120.49 in chips) 
Seat 4: LuckyShikari ($111 in chips) 
Seat 5: poker_soul11 ($103.51 in chips) 
Seat 6: Unipoker11 ($102.81 in chips) 
Unipoker11: posts small blind $0.50
paul197866: posts big blind $1
*** HOLE CARDS ***
nikalas22: folds 
BumHuntKing: raises $1.20 to $2.20
LuckyShikari: folds 
poker_soul11: folds 
Unipoker11: folds 
paul197866: calls $1.20
*** FLOP *** [7h 6h 9h]
paul197866: checks 
BumHuntKing: checks 
*** TURN *** [7h 6h 9h] [Qc]
paul197866: bets $4.66
BumHuntKing: calls $4.66
*** RIVER *** [7h 6h 9h Qc] [4s]
paul197866: checks 
BumHuntKing: checks 
*** SHOW DOWN ***
paul197866: shows [6c Tc] (a pair of Sixes)
BumHuntKing: shows [Qd Td] (a pair of Queens)
BumHuntKing collected $13.51 from pot
*** SUMMARY ***
Total pot $14.22 | Rake $0.71 
Board [7h 6h 9h Qc 4s]
Seat 1: paul197866 (big blind) showed [6c Tc] and lost with a pair of Sixes
Seat 2: nikalas22 folded before Flop (didn't bet)
Seat 3: BumHuntKing showed [Qd Td] and won ($13.51) with a pair of Queens
Seat 4: LuckyShikari folded before Flop (didn't bet)
Seat 5: poker_soul11 (button) folded before Flop (didn't bet)
Seat 6: Unipoker11 (small blind) folded before Flop



PokerStars Hand #254725560815:  Hold'em No Limit ($0.50/$1.00 USD) - 2025/02/05 21:56:52 WET [2025/02/05 16:56:52 ET]
Table 'Margo II' 6-max Seat #6 is the button
Seat 1: paul197866 ($71.15 in chips) 
Seat 2: nikalas22 ($100 in chips) 
Seat 3: BumHuntKing ($127.14 in chips) 
Seat 4: LuckyShikari ($111 in chips) 
Seat 5: poker_soul11 ($103.51 in chips) 
Seat 6: Unipoker11 ($102.31 in chips) 
paul197866: posts small blind $0.50
nikalas22: posts big blind $1
*** HOLE CARDS ***
BumHuntKing: folds 
LuckyShikari: folds 
poker_soul11: raises $1.20 to $2.20
Unipoker11: calls $2.20
paul197866: folds 
nikalas22: folds 
*** FLOP *** [Kh As 8d]
poker_soul11: checks 
Unipoker11: checks 
*** TURN *** [Kh As 8d] [Jh]
poker_soul11: checks 
Unipoker11: checks 
*** RIVER *** [Kh As 8d Jh] [6d]
poker_soul11: bets $4.20
Unipoker11: calls $4.20
*** SHOW DOWN ***
poker_soul11: shows [Qd Kd] (a pair of Kings)
Unipoker11: shows [3d Ad] (a pair of Aces)
Unipoker11 collected $13.58 from pot
*** SUMMARY ***
Total pot $14.30 | Rake $0.72 
Board [Kh As 8d Jh 6d]
Seat 1: paul197866 (small blind) folded before Flop
Seat 2: nikalas22 (big blind) folded before Flop
Seat 3: BumHuntKing folded before Flop (didn't bet)
Seat 4: LuckyShikari folded before Flop (didn't bet)
Seat 5: poker_soul11 showed [Qd Kd] and lost with a pair of Kings
Seat 6: Unipoker11 (button) showed [3d Ad] and won ($13.58) with a pair of Aces



PokerStars Hand #254725575526:  Hold'em No Limit ($0.50/$1.00 USD) - 2025/02/05 21:58:02 WET [2025/02/05 16:58:02 ET]
Table 'Margo II' 6-max Seat #1 is the button
Seat 1: paul197866 ($70.65 in chips) 
Seat 2: nikalas22 ($100 in chips) 
Seat 3: BumHuntKing ($127.14 in chips) 
Seat 4: LuckyShikari ($111 in chips) 
Seat 5: poker_soul11 ($100 in chips) 
Seat 6: Unipoker11 ($109.49 in chips) 
nikalas22: posts small blind $0.50
BumHuntKing: posts big blind $1
*** HOLE CARDS ***
LuckyShikari: folds 
poker_soul11: folds 
Unipoker11: folds 
paul197866: folds 
nikalas22: folds 
Uncalled bet ($0.50) returned to BumHuntKing
BumHuntKing collected $1 from pot
BumHuntKing: doesn't show hand 
*** SUMMARY ***
Total pot $1 | Rake $0 
Seat 1: paul197866 (button) folded before Flop (didn't bet)
Seat 2: nikalas22 (small blind) folded before Flop
Seat 3: BumHuntKing (big blind) collected ($1)
Seat 4: LuckyShikari folded before Flop (didn't bet)
Seat 5: poker_soul11 folded before Flop (didn't bet)
Seat 6: Unipoker11 folded before Flop (didn't bet)



PokerStars Hand #254725578586:  Hold'em No Limit ($0.50/$1.00 USD) - 2025/02/05 21:58:17 WET [2025/02/05 16:58:17 ET]
Table 'Margo II' 6-max Seat #2 is the button
Seat 1: paul197866 ($70.65 in chips) 
Seat 2: nikalas22 ($100 in chips) 
Seat 3: BumHuntKing ($127.64 in chips) 
Seat 4: LuckyShikari ($111 in chips) 
Seat 5: poker_soul11 ($100 in chips) 
Seat 6: Unipoker11 ($109.49 in chips) 
BumHuntKing: posts small blind $0.50
LuckyShikari: posts big blind $1
*** HOLE CARDS ***
poker_soul11: folds 
Unipoker11: folds 
paul197866: folds 
nikalas22: folds 
BumHuntKing: folds 
Uncalled bet ($0.50) returned to LuckyShikari
LuckyShikari collected $1 from pot
LuckyShikari: doesn't show hand 
*** SUMMARY ***
Total pot $1 | Rake $0 
Seat 1: paul197866 folded before Flop (didn't bet)
Seat 2: nikalas22 (button) folded before Flop (didn't bet)
Seat 3: BumHuntKing (small blind) folded before Flop
Seat 4: LuckyShikari (big blind) collected ($1)
Seat 5: poker_soul11 folded before Flop (didn't bet)
Seat 6: Unipoker11 folded before Flop (didn't bet)



PokerStars Hand #254725582248:  Hold'em No Limit ($0.50/$1.00 USD) - 2025/02/05 21:58:35 WET [2025/02/05 16:58:35 ET]
Table 'Margo II' 6-max Seat #3 is the button
Seat 1: paul197866 ($70.65 in chips) 
Seat 2: nikalas22 ($100 in chips) 
Seat 3: BumHuntKing ($127.14 in chips) 
Seat 4: LuckyShikari ($111.50 in chips) 
Seat 5: poker_soul11 ($100 in chips) 
Seat 6: Unipoker11 ($109.49 in chips) 
LuckyShikari: posts small blind $0.50
poker_soul11: posts big blind $1
*** HOLE CARDS ***
Unipoker11: folds 
paul197866: folds 
nikalas22: folds 
BumHuntKing: folds 
LuckyShikari: raises $1.50 to $2.50
poker_soul11: calls $1.50
*** FLOP *** [6h 5c Js]
LuckyShikari: checks 
poker_soul11: checks 
*** TURN *** [6h 5c Js] [9h]
LuckyShikari: checks 
poker_soul11: bets $5.94
LuckyShikari: folds 
Uncalled bet ($5.94) returned to poker_soul11
poker_soul11 collected $4.75 from pot
poker_soul11: doesn't show hand 
*** SUMMARY ***
Total pot $5 | Rake $0.25 
Board [6h 5c Js 9h]
Seat 1: paul197866 folded before Flop (didn't bet)
Seat 2: nikalas22 folded before Flop (didn't bet)
Seat 3: BumHuntKing (button) folded before Flop (didn't bet)
Seat 4: LuckyShikari (small blind) folded on the Turn
Seat 5: poker_soul11 (big blind) collected ($4.75)
Seat 6: Unipoker11 folded before Flop (didn't bet)



PokerStars Hand #254725592021:  Hold'em No Limit ($0.50/$1.00 USD) - 2025/02/05 21:59:21 WET [2025/02/05 16:59:21 ET]
Table 'Margo II' 6-max Seat #4 is the button
Seat 1: paul197866 ($70.65 in chips) 
Seat 2: nikalas22 ($100 in chips) 
Seat 3: BumHuntKing ($127.14 in chips) 
Seat 4: LuckyShikari ($109 in chips) 
Seat 5: poker_soul11 ($102.25 in chips) 
Seat 6: Unipoker11 ($109.49 in chips) 
poker_soul11: posts small blind $0.50
Unipoker11: posts big blind $1
*** HOLE CARDS ***
paul197866: folds 
nikalas22: folds 
BumHuntKing: folds 
LuckyShikari: raises $1 to $2
poker_soul11: folds 
Unipoker11: calls $1
*** FLOP *** [3s 6c 4d]
Unipoker11: checks 
LuckyShikari: bets $4.50
Unipoker11: folds 
Uncalled bet ($4.50) returned to LuckyShikari
LuckyShikari collected $4.28 from pot
LuckyShikari: doesn't show hand 
*** SUMMARY ***
Total pot $4.50 | Rake $0.22 
Board [3s 6c 4d]
Seat 1: paul197866 folded before Flop (didn't bet)
Seat 2: nikalas22 folded before Flop (didn't bet)
Seat 3: BumHuntKing folded before Flop (didn't bet)
Seat 4: LuckyShikari (button) collected ($4.28)
Seat 5: poker_soul11 (small blind) folded before Flop
Seat 6: Unipoker11 (big blind) folded on the Flop



PokerStars Hand #254725601702:  Hold'em No Limit ($0.50/$1.00 USD) - 2025/02/05 22:00:06 WET [2025/02/05 17:00:06 ET]
Table 'Margo II' 6-max Seat #5 is the button
Seat 1: paul197866 ($70.65 in chips) 
Seat 2: nikalas22 ($100 in chips) 
Seat 3: BumHuntKing ($127.14 in chips) 
Seat 4: LuckyShikari ($111.28 in chips) 
Seat 5: poker_soul11 ($101.75 in chips) 
Seat 6: Unipoker11 ($107.49 in chips) 
Unipoker11: posts small blind $0.50
paul197866: posts big blind $1
*** HOLE CARDS ***
nikalas22: folds 
BumHuntKing: folds 
LuckyShikari: folds 
poker_soul11: raises $1.20 to $2.20
Unipoker11: folds 
paul197866: folds 
Uncalled bet ($1.20) returned to poker_soul11
poker_soul11 collected $2.50 from pot
poker_soul11: doesn't show hand 
*** SUMMARY ***
Total pot $2.50 | Rake $0 
Seat 1: paul197866 (big blind) folded before Flop
Seat 2: nikalas22 folded before Flop (didn't bet)
Seat 3: BumHuntKing folded before Flop (didn't bet)
Seat 4: LuckyShikari folded before Flop (didn't bet)
Seat 5: poker_soul11 (button) collected ($2.50)
Seat 6: Unipoker11 (small blind) folded before Flop



PokerStars Hand #254725604748:  Hold'em No Limit ($0.50/$1.00 USD) - 2025/02/05 22:00:20 WET [2025/02/05 17:00:20 ET]
Table 'Margo II' 6-max Seat #6 is the button
Seat 1: paul197866 ($69.65 in chips) 
Seat 2: nikalas22 ($100 in chips) 
Seat 3: BumHuntKing ($127.14 in chips) 
Seat 4: LuckyShikari ($111.28 in chips) 
Seat 5: poker_soul11 ($103.25 in chips) 
Seat 6: Unipoker11 ($106.99 in chips) 
paul197866: posts small blind $0.50
nikalas22: posts big blind $1
*** HOLE CARDS ***
BumHuntKing: folds 
LuckyShikari: folds 
poker_soul11: folds 
Unipoker11: folds 
paul197866: folds 
Uncalled bet ($0.50) returned to nikalas22
nikalas22 collected $1 from pot
nikalas22: doesn't show hand 
*** SUMMARY ***
Total pot $1 | Rake $0 
Seat 1: paul197866 (small blind) folded before Flop
Seat 2: nikalas22 (big blind) collected ($1)
Seat 3: BumHuntKing folded before Flop (didn't bet)
Seat 4: LuckyShikari folded before Flop (didn't bet)
Seat 5: poker_soul11 folded before Flop (didn't bet)
Seat 6: Unipoker11 (button) folded before Flop (didn't bet)



PokerStars Hand #254725609138:  Hold'em No Limit ($0.50/$1.00 USD) - 2025/02/05 22:00:39 WET [2025/02/05 17:00:39 ET]
Table 'Margo II' 6-max Seat #1 is the button
Seat 1: paul197866 ($69.15 in chips) 
Seat 2: nikalas22 ($100.50 in chips) 
Seat 3: BumHuntKing ($127.14 in chips) 
Seat 4: LuckyShikari ($111.28 in chips) 
Seat 5: poker_soul11 ($103.25 in chips) 
Seat 6: Unipoker11 ($106.99 in chips) 
nikalas22: posts small blind $0.50
BumHuntKing: posts big blind $1
*** HOLE CARDS ***
LuckyShikari: folds 
poker_soul11: raises $1.20 to $2.20
LuckyShikari leaves the table
Unipoker11: raises $4.80 to $7
paul197866: folds 
nikalas22: folds 
BumHuntKing: folds 
poker_soul11: raises $13 to $20
Unipoker11: raises $86.99 to $106.99 and is all-in
poker_soul11: folds 
Uncalled bet ($86.99) returned to Unipoker11
Unipoker11 collected $41.50 from pot
Unipoker11: doesn't show hand 
*** SUMMARY ***
Total pot $41.50 | Rake $0 
Seat 1: paul197866 (button) folded before Flop (didn't bet)
Seat 2: nikalas22 (small blind) folded before Flop
Seat 3: BumHuntKing (big blind) folded before Flop
Seat 4: LuckyShikari folded before Flop (didn't bet)
Seat 5: poker_soul11 folded before Flop
Seat 6: Unipoker11 collected ($41.50)



PokerStars Hand #254725626437:  Hold'em No Limit ($0.50/$1.00 USD) - 2025/02/05 22:01:46 WET [2025/02/05 17:01:46 ET]
Table 'Margo II' 6-max Seat #2 is the button
Seat 1: paul197866 ($69.15 in chips) 
Seat 2: nikalas22 ($100 in chips) 
Seat 3: BumHuntKing ($126.14 in chips) 
Seat 5: poker_soul11 ($100 in chips) 
Seat 6: Unipoker11 ($128.49 in chips) 
BumHuntKing: posts small blind $0.50
poker_soul11: posts big blind $1
*** HOLE CARDS ***
Unipoker11: folds 
paul197866: folds 
nikalas22: raises $1.20 to $2.20
BumHuntKing: folds 
poker_soul11: raises $9.30 to $11.50
nikalas22: folds 
Uncalled bet ($9.30) returned to poker_soul11
poker_soul11 collected $4.90 from pot
poker_soul11: doesn't show hand 
*** SUMMARY ***
Total pot $4.90 | Rake $0 
Seat 1: paul197866 folded before Flop (didn't bet)
Seat 2: nikalas22 (button) folded before Flop
Seat 3: BumHuntKing (small blind) folded before Flop
Seat 5: poker_soul11 (big blind) collected ($4.90)
Seat 6: Unipoker11 folded before Flop (didn't bet)



PokerStars Hand #254725631096:  Hold'em No Limit ($0.50/$1.00 USD) - 2025/02/05 22:02:03 WET [2025/02/05 17:02:03 ET]
Table 'Margo II' 6-max Seat #3 is the button
Seat 1: paul197866 ($69.15 in chips) 
Seat 2: nikalas22 ($100 in chips) 
Seat 3: BumHuntKing ($125.64 in chips) 
Seat 5: poker_soul11 ($102.70 in chips) 
Seat 6: Unipoker11 ($128.49 in chips) 
poker_soul11: posts small blind $0.50
Unipoker11: posts big blind $1
*** HOLE CARDS ***
paul197866: folds 
nikalas22: raises $1.20 to $2.20
BumHuntKing: folds 
poker_soul11: folds 
Unipoker11: folds 
Uncalled bet ($1.20) returned to nikalas22
nikalas22 collected $2.50 from pot
nikalas22: doesn't show hand 
*** SUMMARY ***
Total pot $2.50 | Rake $0 
Seat 1: paul197866 folded before Flop (didn't bet)
Seat 2: nikalas22 collected ($2.50)
Seat 3: BumHuntKing (button) folded before Flop (didn't bet)
Seat 5: poker_soul11 (small blind) folded before Flop
Seat 6: Unipoker11 (big blind) folded before Flop



PokerStars Hand #254725640532:  Hold'em No Limit ($0.50/$1.00 USD) - 2025/02/05 22:02:35 WET [2025/02/05 17:02:35 ET]
Table 'Margo II' 6-max Seat #5 is the button
Seat 1: paul197866 ($69.15 in chips) 
Seat 2: nikalas22 ($101.50 in chips) 
Seat 3: BumHuntKing ($125.64 in chips) 
Seat 5: poker_soul11 ($102.20 in chips) 
Seat 6: Unipoker11 ($127.49 in chips) 
Unipoker11: posts small blind $0.50
paul197866: posts big blind $1
*** HOLE CARDS ***
nikalas22: raises $1.20 to $2.20
Joe_Li7 joins the table at seat #4 
BumHuntKing: folds 
poker_soul11: folds 
Unipoker11: folds 
paul197866: folds 
Uncalled bet ($1.20) returned to nikalas22
nikalas22 collected $2.50 from pot
nikalas22: doesn't show hand 
*** SUMMARY ***
Total pot $2.50 | Rake $0 
Seat 1: paul197866 (big blind) folded before Flop
Seat 2: nikalas22 collected ($2.50)
Seat 3: BumHuntKing folded before Flop (didn't bet)
Seat 5: poker_soul11 (button) folded before Flop (didn't bet)
Seat 6: Unipoker11 (small blind) folded before Flop



PokerStars Hand #254725646675:  Hold'em No Limit ($0.50/$1.00 USD) - 2025/02/05 22:02:55 WET [2025/02/05 17:02:55 ET]
Table 'Margo II' 6-max Seat #6 is the button
Seat 4: Joe_Li7 ($100 in chips) is sitting out
Seat 1: paul197866 ($68.15 in chips) 
Seat 2: nikalas22 ($103 in chips) 
Seat 3: BumHuntKing ($125.64 in chips) 
Seat 5: poker_soul11 ($102.20 in chips) 
Seat 6: Unipoker11 ($126.99 in chips) 
paul197866: posts small blind $0.50
nikalas22: posts big blind $1
Joe_Li7: sits out 
*** HOLE CARDS ***
BumHuntKing: folds 
poker_soul11: folds 
Unipoker11: folds 
paul197866: calls $0.50
nikalas22: checks 
*** FLOP *** [3s 5c 4s]
paul197866: bets $1.90
nikalas22: folds 
Uncalled bet ($1.90) returned to paul197866
paul197866 collected $1.90 from pot
*** SUMMARY ***
Total pot $2 | Rake $0.10 
Board [3s 5c 4s]
Seat 4: Joe_Li7
Seat 1: paul197866 (small blind) collected ($1.90)
Seat 2: nikalas22 (big blind) folded on the Flop
Seat 3: BumHuntKing folded before Flop (didn't bet)
Seat 5: poker_soul11 folded before Flop (didn't bet)
Seat 6: Unipoker11 (button) folded before Flop (didn't bet)



PokerStars Hand #254725656726:  Hold'em No Limit ($0.50/$1.00 USD) - 2025/02/05 22:03:28 WET [2025/02/05 17:03:28 ET]
Table 'Margo II' 6-max Seat #1 is the button
Seat 4: Joe_Li7 ($100 in chips) is sitting out
Seat 1: paul197866 ($69.05 in chips) 
Seat 2: nikalas22 ($102 in chips) 
Seat 3: BumHuntKing ($125.64 in chips) 
Seat 5: poker_soul11 ($102.20 in chips) 
Seat 6: Unipoker11 ($126.99 in chips) 
nikalas22: posts small blind $0.50
BumHuntKing: posts big blind $1
Joe_Li7: sits out 
*** HOLE CARDS ***
poker_soul11: folds 
Unipoker11: raises $1.30 to $2.30
paul197866: folds 
nikalas22: folds 
BumHuntKing: folds 
Uncalled bet ($1.30) returned to Unipoker11
Unipoker11 collected $2.50 from pot
Unipoker11: doesn't show hand 
*** SUMMARY ***
Total pot $2.50 | Rake $0 
Seat 4: Joe_Li7
Seat 1: paul197866 (button) folded before Flop (didn't bet)
Seat 2: nikalas22 (small blind) folded before Flop
Seat 3: BumHuntKing (big blind) folded before Flop
Seat 5: poker_soul11 folded before Flop (didn't bet)
Seat 6: Unipoker11 collected ($2.50)



PokerStars Hand #254725660677:  Hold'em No Limit ($0.50/$1.00 USD) - 2025/02/05 22:03:41 WET [2025/02/05 17:03:41 ET]
Table 'Margo II' 6-max Seat #2 is the button
Seat 1: paul197866 ($69.05 in chips) 
Seat 2: nikalas22 ($101.50 in chips) 
Seat 3: BumHuntKing ($124.64 in chips) 
Seat 4: Joe_Li7 ($100 in chips) 
Seat 5: poker_soul11 ($102.20 in chips) 
Seat 6: Unipoker11 ($128.49 in chips) 
BumHuntKing: posts small blind $0.50
Joe_Li7: posts big blind $1
*** HOLE CARDS ***
poker_soul11: folds 
Unipoker11: folds 
paul197866: calls $1
nikalas22: raises $3 to $4
BumHuntKing: folds 
Joe_Li7: raises $10.60 to $14.60
paul197866: folds 
nikalas22: folds 
Uncalled bet ($10.60) returned to Joe_Li7
Joe_Li7 collected $9.50 from pot
*** SUMMARY ***
Total pot $9.50 | Rake $0 
Seat 1: paul197866 folded before Flop
Seat 2: nikalas22 (button) folded before Flop
Seat 3: BumHuntKing (small blind) folded before Flop
Seat 4: Joe_Li7 (big blind) collected ($9.50)
Seat 5: poker_soul11 folded before Flop (didn't bet)
Seat 6: Unipoker11 folded before Flop (didn't bet)



PokerStars Hand #254725676728:  Hold'em No Limit ($0.50/$1.00 USD) - 2025/02/05 22:04:35 WET [2025/02/05 17:04:35 ET]
Table 'Margo II' 6-max Seat #3 is the button
Seat 5: poker_soul11 ($102.20 in chips) is sitting out
Seat 1: paul197866 ($68.05 in chips) 
Seat 2: nikalas22 ($100 in chips) 
Seat 3: BumHuntKing ($124.14 in chips) 
Seat 4: Joe_Li7 ($105.50 in chips) 
Seat 6: Unipoker11 ($128.49 in chips) 
Joe_Li7: posts small blind $0.50
poker_soul11: is sitting out 
Unipoker11: posts big blind $1
*** HOLE CARDS ***
paul197866: folds 
poker_soul11 leaves the table
nikalas22: raises $1.20 to $2.20
BumHuntKing: raises $5.30 to $7.50
Joe_Li7: folds 
Unipoker11: folds 
XKTTBOBV11 joins the table at seat #5 
nikalas22: folds 
Uncalled bet ($5.30) returned to BumHuntKing
BumHuntKing collected $5.90 from pot
BumHuntKing: doesn't show hand 
*** SUMMARY ***
Total pot $5.90 | Rake $0 
Seat 5: poker_soul11
Seat 1: paul197866 folded before Flop (didn't bet)
Seat 2: nikalas22 folded before Flop
Seat 3: BumHuntKing (button) collected ($5.90)
Seat 4: Joe_Li7 (small blind) folded before Flop
Seat 6: Unipoker11 (big blind) folded before Flop



PokerStars Hand #254725685007:  Hold'em No Limit ($0.50/$1.00 USD) - 2025/02/05 22:05:02 WET [2025/02/05 17:05:02 ET]
Table 'Margo II' 6-max Seat #4 is the button
Seat 5: XKTTBOBV11 ($10 in chips) is sitting out
Seat 1: paul197866 ($68.05 in chips) 
Seat 2: nikalas22 ($100 in chips) 
Seat 3: BumHuntKing ($127.84 in chips) 
Seat 4: Joe_Li7 ($105 in chips) 
Seat 6: Unipoker11 ($127.49 in chips) 
Unipoker11: posts small blind $0.50
paul197866: posts big blind $1
*** HOLE CARDS ***
nikalas22: raises $1.20 to $2.20
BumHuntKing: calls $2.20
Joe_Li7: folds 
Unipoker11: folds 
paul197866: calls $1.20
*** FLOP *** [8s Th As]
paul197866: checks 
nikalas22: checks 
BumHuntKing: checks 
*** TURN *** [8s Th As] [Ah]
paul197866: checks 
nikalas22: checks 
BumHuntKing: checks 
*** RIVER *** [8s Th As Ah] [Tc]
paul197866: checks 
nikalas22: checks 
BumHuntKing: checks 
*** SHOW DOWN ***
paul197866: shows [9h Qc] (two pair, Aces and Tens)
nikalas22: shows [Qs Qd] (two pair, Aces and Queens)
BumHuntKing: mucks hand 
nikalas22 collected $6.74 from pot
*** SUMMARY ***
Total pot $7.10 | Rake $0.36 
Board [8s Th As Ah Tc]
Seat 5: XKTTBOBV11
Seat 1: paul197866 (big blind) showed [9h Qc] and lost with two pair, Aces and Tens
Seat 2: nikalas22 showed [Qs Qd] and won ($6.74) with two pair, Aces and Queens
Seat 3: BumHuntKing mucked
Seat 4: Joe_Li7 (button) folded before Flop (didn't bet)
Seat 6: Unipoker11 (small blind) folded before Flop



PokerStars Hand #254725707577:  Hold'em No Limit ($0.50/$1.00 USD) - 2025/02/05 22:06:15 WET [2025/02/05 17:06:15 ET]
Table 'Margo II' 6-max Seat #6 is the button
Seat 5: XKTTBOBV11 ($10 in chips) is sitting out
Seat 1: paul197866 ($65.85 in chips) 
Seat 2: nikalas22 ($104.54 in chips) 
Seat 3: BumHuntKing ($125.64 in chips) 
Seat 4: Joe_Li7 ($105 in chips) 
Seat 6: Unipoker11 ($126.99 in chips) 
paul197866: posts small blind $0.50
nikalas22: posts big blind $1
XKTTBOBV11: sits out 
*** HOLE CARDS ***
BumHuntKing: folds 
Joe_Li7: raises $1.20 to $2.20
Unipoker11: folds 
paul197866: folds 
nikalas22: raises $8.80 to $11
Joe_Li7: calls $8.80
*** FLOP *** [7d 4d 6d]
nikalas22: checks 
Joe_Li7: bets $5.35
nikalas22: folds 
Uncalled bet ($5.35) returned to Joe_Li7
Joe_Li7 collected $21.38 from pot
*** SUMMARY ***
Total pot $22.50 | Rake $1.12 
Board [7d 4d 6d]
Seat 5: XKTTBOBV11
Seat 1: paul197866 (small blind) folded before Flop
Seat 2: nikalas22 (big blind) folded on the Flop
Seat 3: BumHuntKing folded before Flop (didn't bet)
Seat 4: Joe_Li7 collected ($21.38)
Seat 6: Unipoker11 (button) folded before Flop (didn't bet)



PokerStars Hand #254725725030:  Hold'em No Limit ($0.50/$1.00 USD) - 2025/02/05 22:07:12 WET [2025/02/05 17:07:12 ET]
Table 'Margo II' 6-max Seat #1 is the button
Seat 5: XKTTBOBV11 ($10 in chips) is sitting out
Seat 1: paul197866 ($65.35 in chips) 
Seat 2: nikalas22 ($100 in chips) 
Seat 3: BumHuntKing ($125.64 in chips) 
Seat 4: Joe_Li7 ($115.38 in chips) 
Seat 6: Unipoker11 ($126.99 in chips) 
nikalas22: posts small blind $0.50
BumHuntKing: posts big blind $1
XKTTBOBV11: sits out 
*** HOLE CARDS ***
Joe_Li7: folds 
Unipoker11: folds 
paul197866: calls $1
nikalas22: folds 
BumHuntKing: checks 
*** FLOP *** [6s 6d 5h]
BumHuntKing: checks 
paul197866: bets $2.38
BumHuntKing: calls $2.38
*** TURN *** [6s 6d 5h] [Js]
BumHuntKing: checks 
paul197866: bets $6.90
BumHuntKing: folds 
Uncalled bet ($6.90) returned to paul197866
paul197866 collected $6.90 from pot
*** SUMMARY ***
Total pot $7.26 | Rake $0.36 
Board [6s 6d 5h Js]
Seat 5: XKTTBOBV11
Seat 1: paul197866 (button) collected ($6.90)
Seat 2: nikalas22 (small blind) folded before Flop
Seat 3: BumHuntKing (big blind) folded on the Turn
Seat 4: Joe_Li7 folded before Flop (didn't bet)
Seat 6: Unipoker11 folded before Flop (didn't bet)



PokerStars Hand #254725740445:  Hold'em No Limit ($0.50/$1.00 USD) - 2025/02/05 22:08:02 WET [2025/02/05 17:08:02 ET]
Table 'Margo II' 6-max Seat #2 is the button
Seat 5: XKTTBOBV11 ($10 in chips) is sitting out
Seat 1: paul197866 ($68.87 in chips) 
Seat 2: nikalas22 ($100 in chips) 
Seat 3: BumHuntKing ($122.26 in chips) 
Seat 4: Joe_Li7 ($115.38 in chips) 
Seat 6: Unipoker11 ($126.99 in chips) 
BumHuntKing: posts small blind $0.50
Joe_Li7: posts big blind $1
XKTTBOBV11: sits out 
*** HOLE CARDS ***
Unipoker11: folds 
paul197866: folds 
nikalas22: raises $1.20 to $2.20
BumHuntKing: folds 
Joe_Li7: calls $1.20
*** FLOP *** [Td 5c 8d]
Joe_Li7: checks 
nikalas22: bets $3.50
Joe_Li7: calls $3.50
*** TURN *** [Td 5c 8d] [7d]
Joe_Li7: checks 
nikalas22: checks 
*** RIVER *** [Td 5c 8d 7d] [7c]
Joe_Li7: bets $8.48
nikalas22: calls $8.48
*** SHOW DOWN ***
Joe_Li7: shows [9d 4d] (a flush, Ten high)
nikalas22: mucks hand 
Joe_Li7 collected $27.42 from pot
*** SUMMARY ***
Total pot $28.86 | Rake $1.44 
Board [Td 5c 8d 7d 7c]
Seat 5: XKTTBOBV11
Seat 1: paul197866 folded before Flop (didn't bet)
Seat 2: nikalas22 (button) mucked
Seat 3: BumHuntKing (small blind) folded before Flop
Seat 4: Joe_Li7 (big blind) showed [9d 4d] and won ($27.42) with a flush, Ten high
Seat 6: Unipoker11 folded before Flop (didn't bet)



PokerStars Hand #254725763980:  Hold'em No Limit ($0.50/$1.00 USD) - 2025/02/05 22:09:18 WET [2025/02/05 17:09:18 ET]
Table 'Margo II' 6-max Seat #3 is the button
Seat 1: paul197866 ($68.87 in chips) 
Seat 2: nikalas22 ($100 in chips) 
Seat 3: BumHuntKing ($121.76 in chips) 
Seat 4: Joe_Li7 ($128.62 in chips) 
Seat 5: XKTTBOBV11 ($10 in chips) 
Seat 6: Unipoker11 ($126.99 in chips) 
Joe_Li7: posts small blind $0.50
XKTTBOBV11: posts big blind $1
*** HOLE CARDS ***
Unipoker11: raises $1 to $2
paul197866: calls $2
nikalas22: folds 
BumHuntKing: folds 
Joe_Li7: folds 
XKTTBOBV11: folds 
*** FLOP *** [Qd 6c Kh]
Unipoker11: checks 
paul197866: checks 
*** TURN *** [Qd 6c Kh] [9h]
Unipoker11: checks 
paul197866: checks 
*** RIVER *** [Qd 6c Kh 9h] [9d]
Unipoker11: bets $3.91
paul197866: folds 
Uncalled bet ($3.91) returned to Unipoker11
Unipoker11 collected $5.22 from pot
Unipoker11: doesn't show hand 
*** SUMMARY ***
Total pot $5.50 | Rake $0.28 
Board [Qd 6c Kh 9h 9d]
Seat 1: paul197866 folded on the River
Seat 2: nikalas22 folded before Flop (didn't bet)
Seat 3: BumHuntKing (button) folded before Flop (didn't bet)
Seat 4: Joe_Li7 (small blind) folded before Flop
Seat 5: XKTTBOBV11 (big blind) folded before Flop
Seat 6: Unipoker11 collected ($5.22)



PokerStars Hand #254725783198:  Hold'em No Limit ($0.50/$1.00 USD) - 2025/02/05 22:10:22 WET [2025/02/05 17:10:22 ET]
Table 'Margo II' 6-max Seat #4 is the button
Seat 1: paul197866 ($66.87 in chips) 
Seat 2: nikalas22 ($100 in chips) 
Seat 3: BumHuntKing ($121.76 in chips) 
Seat 4: Joe_Li7 ($128.12 in chips) 
Seat 5: XKTTBOBV11 ($9 in chips) 
Seat 6: Unipoker11 ($130.21 in chips) 
XKTTBOBV11: posts small blind $0.50
Unipoker11: posts big blind $1
*** HOLE CARDS ***
paul197866: calls $1
nikalas22: raises $3 to $4
BumHuntKing: folds 
Joe_Li7: folds 
XKTTBOBV11: folds 
Unipoker11: calls $3
paul197866: calls $3
*** FLOP *** [5s 3d 2c]
Unipoker11: checks 
paul197866: checks 
nikalas22: checks 
*** TURN *** [5s 3d 2c] [9s]
Unipoker11: bets $8.91
paul197866: folds 
nikalas22: folds 
Uncalled bet ($8.91) returned to Unipoker11
Unipoker11 collected $11.88 from pot
Unipoker11: doesn't show hand 
*** SUMMARY ***
Total pot $12.50 | Rake $0.62 
Board [5s 3d 2c 9s]
Seat 1: paul197866 folded on the Turn
Seat 2: nikalas22 folded on the Turn
Seat 3: BumHuntKing folded before Flop (didn't bet)
Seat 4: Joe_Li7 (button) folded before Flop (didn't bet)
Seat 5: XKTTBOBV11 (small blind) folded before Flop
Seat 6: Unipoker11 (big blind) collected ($11.88)



PokerStars Hand #254725802263:  Hold'em No Limit ($0.50/$1.00 USD) - 2025/02/05 22:11:24 WET [2025/02/05 17:11:24 ET]
Table 'Margo II' 6-max Seat #5 is the button
Seat 1: paul197866 ($62.87 in chips) 
Seat 2: nikalas22 ($100 in chips) 
Seat 3: BumHuntKing ($121.76 in chips) 
Seat 4: Joe_Li7 ($128.12 in chips) 
Seat 5: XKTTBOBV11 ($8.50 in chips) 
Seat 6: Unipoker11 ($138.09 in chips) 
Unipoker11: posts small blind $0.50
paul197866: posts big blind $1
*** HOLE CARDS ***
nikalas22: folds 
BumHuntKing: folds 
Joe_Li7: raises $1.20 to $2.20
XKTTBOBV11: folds 
Unipoker11: folds 
paul197866: calls $1.20
*** FLOP *** [7h 4c Tc]
paul197866: bets $4.66
Joe_Li7: calls $4.66
*** TURN *** [7h 4c Tc] [8s]
paul197866: checks 
Joe_Li7: checks 
*** RIVER *** [7h 4c Tc 8s] [As]
paul197866: checks 
Joe_Li7: bets $11.67
paul197866: folds 
Uncalled bet ($11.67) returned to Joe_Li7
Joe_Li7 collected $13.51 from pot
*** SUMMARY ***
Total pot $14.22 | Rake $0.71 
Board [7h 4c Tc 8s As]
Seat 1: paul197866 (big blind) folded on the River
Seat 2: nikalas22 folded before Flop (didn't bet)
Seat 3: BumHuntKing folded before Flop (didn't bet)
Seat 4: Joe_Li7 collected ($13.51)
Seat 5: XKTTBOBV11 (button) folded before Flop (didn't bet)
Seat 6: Unipoker11 (small blind) folded before Flop



PokerStars Hand #254725831485:  Hold'em No Limit ($0.50/$1.00 USD) - 2025/02/05 22:13:00 WET [2025/02/05 17:13:00 ET]
Table 'Margo II' 6-max Seat #6 is the button
Seat 1: paul197866 ($56.01 in chips) 
Seat 2: nikalas22 ($100 in chips) 
Seat 3: BumHuntKing ($121.76 in chips) 
Seat 4: Joe_Li7 ($134.77 in chips) 
Seat 5: XKTTBOBV11 ($20.50 in chips) 
Seat 6: Unipoker11 ($137.59 in chips) 
paul197866: posts small blind $0.50
nikalas22: posts big blind $1
*** HOLE CARDS ***
BumHuntKing: raises $1.20 to $2.20
Joe_Li7: folds 
XKTTBOBV11: folds 
Unipoker11: folds 
paul197866: folds 
nikalas22: folds 
Uncalled bet ($1.20) returned to BumHuntKing
BumHuntKing collected $2.50 from pot
BumHuntKing: doesn't show hand 
*** SUMMARY ***
Total pot $2.50 | Rake $0 
Seat 1: paul197866 (small blind) folded before Flop
Seat 2: nikalas22 (big blind) folded before Flop
Seat 3: BumHuntKing collected ($2.50)
Seat 4: Joe_Li7 folded before Flop (didn't bet)
Seat 5: XKTTBOBV11 folded before Flop (didn't bet)
Seat 6: Unipoker11 (button) folded before Flop (didn't bet)



PokerStars Hand #254725836462:  Hold'em No Limit ($0.50/$1.00 USD) - 2025/02/05 22:13:16 WET [2025/02/05 17:13:16 ET]
Table 'Margo II' 6-max Seat #1 is the button
Seat 1: paul197866 ($55.51 in chips) 
Seat 2: nikalas22 ($100 in chips) 
Seat 3: BumHuntKing ($123.26 in chips) 
Seat 4: Joe_Li7 ($134.77 in chips) 
Seat 5: XKTTBOBV11 ($20.50 in chips) 
Seat 6: Unipoker11 ($137.59 in chips) 
nikalas22: posts small blind $0.50
BumHuntKing: posts big blind $1
*** HOLE CARDS ***
Joe_Li7: folds 
XKTTBOBV11: folds 
Unipoker11: raises $1.30 to $2.30
paul197866: calls $2.30
nikalas22: folds 
BumHuntKing: calls $1.30
*** FLOP *** [Js Jc 4s]
BumHuntKing: checks 
Unipoker11: checks 
paul197866: bets $7.03
BumHuntKing: folds 
Unipoker11: calls $7.03
*** TURN *** [Js Jc 4s] [Ac]
Unipoker11: checks 
paul197866: bets $20.39
Unipoker11: calls $20.39
*** RIVER *** [Js Jc 4s Ac] [Th]
Unipoker11: checks 
Joe_Li7 leaves the table
paul197866: checks 
*** SHOW DOWN ***
Unipoker11: shows [Ad As] (a full house, Aces full of Jacks)
paul197866: mucks hand 
Unipoker11 collected $59.74 from pot
*** SUMMARY ***
Total pot $62.24 | Rake $2.50 
Board [Js Jc 4s Ac Th]
Seat 1: paul197866 (button) mucked
Seat 2: nikalas22 (small blind) folded before Flop
Seat 3: BumHuntKing (big blind) folded on the Flop
Seat 4: Joe_Li7 folded before Flop (didn't bet)
Seat 5: XKTTBOBV11 folded before Flop (didn't bet)
Seat 6: Unipoker11 showed [Ad As] and won ($59.74) with a full house, Aces full of Jacks



PokerStars Hand #254725859592:  Hold'em No Limit ($0.50/$1.00 USD) - 2025/02/05 22:14:32 WET [2025/02/05 17:14:32 ET]
Table 'Margo II' 6-max Seat #2 is the button
Seat 1: paul197866 ($25.79 in chips) 
Seat 2: nikalas22 ($100 in chips) 
Seat 3: BumHuntKing ($120.96 in chips) 
Seat 5: XKTTBOBV11 ($20.50 in chips) 
BumHuntKing: posts small blind $0.50
XKTTBOBV11: posts big blind $1
*** HOLE CARDS ***
paul197866: folds 
nikalas22: raises $1.20 to $2.20
BumHuntKing: folds 
XKTTBOBV11: folds 
Uncalled bet ($1.20) returned to nikalas22
nikalas22 collected $2.50 from pot
nikalas22: doesn't show hand 
*** SUMMARY ***
Total pot $2.50 | Rake $0 
Seat 1: paul197866 folded before Flop (didn't bet)
Seat 2: nikalas22 (button) collected ($2.50)
Seat 3: BumHuntKing (small blind) folded before Flop
Seat 5: XKTTBOBV11 (big blind) folded before Flop



PokerStars Hand #254725863903:  Hold'em No Limit ($0.50/$1.00 USD) - 2025/02/05 22:14:46 WET [2025/02/05 17:14:46 ET]
Table 'Margo II' 6-max Seat #3 is the button
Seat 1: paul197866 ($25.79 in chips) 
Seat 2: nikalas22 ($101.50 in chips) 
Seat 3: BumHuntKing ($120.46 in chips) 
Seat 5: XKTTBOBV11 ($19.50 in chips) 
XKTTBOBV11: posts small blind $0.50
paul197866: posts big blind $1
*** HOLE CARDS ***
nikalas22: folds 
BumHuntKing: folds 
XKTTBOBV11: folds 
Uncalled bet ($0.50) returned to paul197866
paul197866 collected $1 from pot
*** SUMMARY ***
Total pot $1 | Rake $0 
Seat 1: paul197866 (big blind) collected ($1)
Seat 2: nikalas22 folded before Flop (didn't bet)
Seat 3: BumHuntKing (button) folded before Flop (didn't bet)
Seat 5: XKTTBOBV11 (small blind) folded before Flop



PokerStars Hand #254725867149:  Hold'em No Limit ($0.50/$1.00 USD) - 2025/02/05 22:14:57 WET [2025/02/05 17:14:57 ET]
Table 'Margo II' 6-max Seat #5 is the button
Seat 1: paul197866 ($26.29 in chips) 
Seat 2: nikalas22 ($101.50 in chips) 
Seat 3: BumHuntKing ($120.46 in chips) 
Seat 5: XKTTBOBV11 ($19 in chips) 
paul197866: posts small blind $0.50
nikalas22: posts big blind $1
*** HOLE CARDS ***
BumHuntKing: folds 
XKTTBOBV11: folds 
paul197866: calls $0.50
nikalas22: checks 
*** FLOP *** [3c 2c 7c]
paul197866: checks 
nikalas22: checks 
*** TURN *** [3c 2c 7c] [9s]
paul197866: bets $1.90
nikalas22: folds 
Uncalled bet ($1.90) returned to paul197866
paul197866 collected $1.90 from pot
*** SUMMARY ***
Total pot $2 | Rake $0.10 
Board [3c 2c 7c 9s]
Seat 1: paul197866 (small blind) collected ($1.90)
Seat 2: nikalas22 (big blind) folded on the Turn
Seat 3: BumHuntKing folded before Flop (didn't bet)
Seat 5: XKTTBOBV11 (button) folded before Flop (didn't bet)



PokerStars Hand #254725874751:  Hold'em No Limit ($0.50/$1.00 USD) - 2025/02/05 22:15:22 WET [2025/02/05 17:15:22 ET]
Table 'Margo II' 6-max Seat #1 is the button
Seat 1: paul197866 ($27.19 in chips) 
Seat 2: nikalas22 ($100.50 in chips) 
Seat 3: BumHuntKing ($120.46 in chips) 
Seat 5: XKTTBOBV11 ($19 in chips) 
nikalas22: posts small blind $0.50
BumHuntKing: posts big blind $1
*** HOLE CARDS ***
XKTTBOBV11: raises $1 to $2
paul197866: folds 
nikalas22: folds 
BumHuntKing: raises $10 to $12
XKTTBOBV11: folds 
Uncalled bet ($10) returned to BumHuntKing
BumHuntKing collected $4.50 from pot
BumHuntKing: doesn't show hand 
*** SUMMARY ***
Total pot $4.50 | Rake $0 
Seat 1: paul197866 (button) folded before Flop (didn't bet)
Seat 2: nikalas22 (small blind) folded before Flop
Seat 3: BumHuntKing (big blind) collected ($4.50)
Seat 5: XKTTBOBV11 folded before Flop



PokerStars Hand #254725884325:  Hold'em No Limit ($0.50/$1.00 USD) - 2025/02/05 22:15:53 WET [2025/02/05 17:15:53 ET]
Table 'Margo II' 6-max Seat #2 is the button
Seat 5: XKTTBOBV11 ($17 in chips) is sitting out
Seat 1: paul197866 ($27.19 in chips) 
Seat 2: nikalas22 ($100 in chips) 
Seat 3: BumHuntKing ($122.96 in chips) 
BumHuntKing: posts small blind $0.50
XKTTBOBV11: is sitting out 
paul197866: posts big blind $1
*** HOLE CARDS ***
lommer93 joins the table at seat #6 
nikalas22: raises $1.20 to $2.20
BumHuntKing: folds 
paul197866: calls $1.20
*** FLOP *** [5h 2h 7d]
BoyLoc0 joins the table at seat #4 
paul197866: checks 
nikalas22: bets $1.40
paul197866: calls $1.40
*** TURN *** [5h 2h 7d] [4d]
paul197866: checks 
nikalas22: bets $5.49
paul197866: calls $5.49
*** RIVER *** [5h 2h 7d 4d] [9h]
paul197866: checks 
nikalas22: checks 
*** SHOW DOWN ***
paul197866: shows [4h 5c] (two pair, Fives and Fours)
nikalas22: mucks hand 
paul197866 collected $17.75 from pot
*** SUMMARY ***
Total pot $18.68 | Rake $0.93 
Board [5h 2h 7d 4d 9h]
Seat 5: XKTTBOBV11
Seat 1: paul197866 (big blind) showed [4h 5c] and won ($17.75) with two pair, Fives and Fours
Seat 2: nikalas22 (button) mucked
Seat 3: BumHuntKing (small blind) folded before Flop



PokerStars Hand #254725896997:  Hold'em No Limit ($0.50/$1.00 USD) - 2025/02/05 22:16:35 WET [2025/02/05 17:16:35 ET]
Table 'Margo II' 6-max Seat #3 is the button
Seat 4: BoyLoc0 ($100 in chips) is sitting out
Seat 5: XKTTBOBV11 ($17 in chips) is sitting out
Seat 6: lommer93 ($15 in chips) is sitting out
Seat 1: paul197866 ($35.85 in chips) 
Seat 2: nikalas22 ($100 in chips) 
Seat 3: BumHuntKing ($122.46 in chips) 
paul197866: posts small blind $0.50
nikalas22: posts big blind $1
*** HOLE CARDS ***
BumHuntKing: folds 
paul197866: calls $0.50
nikalas22: raises $4 to $5
paul197866: calls $4
*** FLOP *** [9c 2c 9h]
paul197866: checks 
nikalas22: bets $2.85
paul197866: calls $2.85
*** TURN *** [9c 2c 9h] [2h]
paul197866: checks 
nikalas22: bets $11.19
paul197866: folds 
Uncalled bet ($11.19) returned to nikalas22
nikalas22 collected $14.92 from pot
nikalas22: doesn't show hand 
*** SUMMARY ***
Total pot $15.70 | Rake $0.78 
Board [9c 2c 9h 2h]
Seat 4: BoyLoc0
Seat 5: XKTTBOBV11
Seat 6: lommer93
Seat 1: paul197866 (small blind) folded on the Turn
Seat 2: nikalas22 (big blind) collected ($14.92)
Seat 3: BumHuntKing (button) folded before Flop (didn't bet)



PokerStars Hand #254725905831:  Hold'em No Limit ($0.50/$1.00 USD) - 2025/02/05 22:17:04 WET [2025/02/05 17:17:04 ET]
Table 'Margo II' 6-max Seat #1 is the button
Seat 3: BumHuntKing ($122.46 in chips) is sitting out
Seat 5: XKTTBOBV11 ($17 in chips) is sitting out
Seat 6: lommer93 ($15 in chips) is sitting out
Seat 1: paul197866 ($28 in chips) 
Seat 2: nikalas22 ($107.07 in chips) 
Seat 4: BoyLoc0 ($100 in chips) 
nikalas22: posts small blind $0.50
BumHuntKing: is sitting out 
BoyLoc0: posts big blind $1
XKTTBOBV11: sits out 
lommer93: sits out 
*** HOLE CARDS ***
paul197866: folds 
nikalas22: raises $2 to $3
BoyLoc0: folds 
Uncalled bet ($2) returned to nikalas22
nikalas22 collected $2 from pot
nikalas22: doesn't show hand 
BumHuntKing leaves the table
*** SUMMARY ***
Total pot $2 | Rake $0 
Seat 3: BumHuntKing
Seat 5: XKTTBOBV11
Seat 6: lommer93
Seat 1: paul197866 (button) folded before Flop (didn't bet)
Seat 2: nikalas22 (small blind) collected ($2)
Seat 4: BoyLoc0 (big blind) folded before Flop



PokerStars Hand #254725910858:  Hold'em No Limit ($0.50/$1.00 USD) - 2025/02/05 22:17:21 WET [2025/02/05 17:17:21 ET]
Table 'Margo II' 6-max Seat #2 is the button
Seat 6: lommer93 ($15 in chips) is sitting out
Seat 1: paul197866 ($28 in chips) 
Seat 2: nikalas22 ($108.07 in chips) 
Seat 4: BoyLoc0 ($100 in chips) 
Seat 5: XKTTBOBV11 ($17 in chips) 
BoyLoc0: posts small blind $0.50
XKTTBOBV11: posts big blind $1
lommer93: sits out 
*** HOLE CARDS ***
paul197866: folds 
nikalas22: raises $1.20 to $2.20
BGS013 joins the table at seat #3 
BoyLoc0: folds 
XKTTBOBV11: folds 
Uncalled bet ($1.20) returned to nikalas22
BoyLoc0 leaves the table
nikalas22 collected $2.50 from pot
nikalas22: doesn't show hand 
*** SUMMARY ***
Total pot $2.50 | Rake $0 
Seat 6: lommer93
Seat 1: paul197866 folded before Flop (didn't bet)
Seat 2: nikalas22 (button) collected ($2.50)
Seat 4: BoyLoc0 (small blind) folded before Flop
Seat 5: XKTTBOBV11 (big blind) folded before Flop



PokerStars Hand #254725918856:  Hold'em No Limit ($0.50/$1.00 USD) - 2025/02/05 22:17:47 WET [2025/02/05 17:17:47 ET]
Table 'Margo II' 6-max Seat #5 is the button
Seat 3: BGS013 ($100 in chips) is sitting out
Seat 6: lommer93 ($15 in chips) is sitting out
Seat 1: paul197866 ($28 in chips) 
Seat 2: nikalas22 ($109.57 in chips) 
Seat 5: XKTTBOBV11 ($16 in chips) 
paul197866: posts small blind $0.50
nikalas22: posts big blind $1
BGS013: sits out 
*** HOLE CARDS ***
XKTTBOBV11: folds 
paul197866: folds 
Uncalled bet ($0.50) returned to nikalas22
nikalas22 collected $1 from pot
nikalas22: doesn't show hand 
*** SUMMARY ***
Total pot $1 | Rake $0 
Seat 3: BGS013
Seat 6: lommer93
Seat 1: paul197866 (small blind) folded before Flop
Seat 2: nikalas22 (big blind) collected ($1)
Seat 5: XKTTBOBV11 (button) folded before Flop (didn't bet)



PokerStars Hand #254725922029:  Hold'em No Limit ($0.50/$1.00 USD) - 2025/02/05 22:17:57 WET [2025/02/05 17:17:57 ET]
Table 'Margo II' 6-max Seat #1 is the button
Seat 6: lommer93 ($15 in chips) is sitting out
Seat 1: paul197866 ($27.50 in chips) 
Seat 2: nikalas22 ($110.07 in chips) 
Seat 3: BGS013 ($100 in chips) 
Seat 5: XKTTBOBV11 ($16 in chips) 
nikalas22: posts small blind $0.50
BGS013: posts big blind $1
lommer93: sits out 
*** HOLE CARDS ***
XKTTBOBV11: folds 
paul197866: calls $1
nikalas22: raises $3 to $4
BGS013: folds 
paul197866: calls $3
*** FLOP *** [Th 9d 9h]
Oclanis8 joins the table at seat #4 
Oclanis8 is disconnected 
nikalas22: checks 
paul197866: bets $8.55
nikalas22: folds 
Uncalled bet ($8.55) returned to paul197866
paul197866 collected $8.55 from pot
*** SUMMARY ***
Total pot $9 | Rake $0.45 
Board [Th 9d 9h]
Seat 6: lommer93
Seat 1: paul197866 (button) collected ($8.55)
Seat 2: nikalas22 (small blind) folded on the Flop
Seat 3: BGS013 (big blind) folded before Flop
Seat 5: XKTTBOBV11 folded before Flop (didn't bet)



PokerStars Hand #254725929930:  Hold'em No Limit ($0.50/$1.00 USD) - 2025/02/05 22:18:24 WET [2025/02/05 17:18:24 ET]
Table 'Margo II' 6-max Seat #2 is the button
Seat 6: lommer93 ($15 in chips) is sitting out
Seat 1: paul197866 ($32.05 in chips) 
Seat 2: nikalas22 ($106.07 in chips) 
Seat 3: BGS013 ($100 in chips) 
Seat 4: Oclanis8 ($26.23 in chips) 
Seat 5: XKTTBOBV11 ($20 in chips) 
BGS013: posts small blind $0.50
Oclanis8: posts big blind $1
lommer93: sits out 
*** HOLE CARDS ***
XKTTBOBV11: folds 
paul197866: folds 
nikalas22: raises $1.20 to $2.20
BGS013: folds 
Oclanis8: folds 
Uncalled bet ($1.20) returned to nikalas22
nikalas22 collected $2.50 from pot
nikalas22: doesn't show hand 
*** SUMMARY ***
Total pot $2.50 | Rake $0 
Seat 6: lommer93
Seat 1: paul197866 folded before Flop (didn't bet)
Seat 2: nikalas22 (button) collected ($2.50)
Seat 3: BGS013 (small blind) folded before Flop
Seat 4: Oclanis8 (big blind) folded before Flop
Seat 5: XKTTBOBV11 folded before Flop (didn't bet)



PokerStars Hand #254725938335:  Hold'em No Limit ($0.50/$1.00 USD) - 2025/02/05 22:18:51 WET [2025/02/05 17:18:51 ET]
Table 'Margo II' 6-max Seat #3 is the button
Seat 6: lommer93 ($15 in chips) is sitting out
Seat 1: paul197866 ($32.05 in chips) 
Seat 2: nikalas22 ($107.57 in chips) 
Seat 3: BGS013 ($100 in chips) 
Seat 4: Oclanis8 ($25.23 in chips) 
Seat 5: XKTTBOBV11 ($20 in chips) 
Oclanis8: posts small blind $0.50
XKTTBOBV11: posts big blind $1
lommer93: sits out 
*** HOLE CARDS ***
paul197866: folds 
nikalas22: folds 
BGS013: raises $1.50 to $2.50
Oclanis8: folds 
XKTTBOBV11: calls $1.50
*** FLOP *** [3s Jc Js]
XKTTBOBV11: checks 
BGS013: bets $1.36
XKTTBOBV11: calls $1.36
*** TURN *** [3s Jc Js] [8c]
XKTTBOBV11: checks 
BGS013: checks 
*** RIVER *** [3s Jc Js 8c] [7d]
XKTTBOBV11: bets $3.91
BGS013: folds 
Uncalled bet ($3.91) returned to XKTTBOBV11
XKTTBOBV11 collected $7.81 from pot
XKTTBOBV11: doesn't show hand 
*** SUMMARY ***
Total pot $8.22 | Rake $0.41 
Board [3s Jc Js 8c 7d]
Seat 6: lommer93
Seat 1: paul197866 folded before Flop (didn't bet)
Seat 2: nikalas22 folded before Flop (didn't bet)
Seat 3: BGS013 (button) folded on the River
Seat 4: Oclanis8 (small blind) folded before Flop
Seat 5: XKTTBOBV11 (big blind) collected ($7.81)



PokerStars Hand #254725952846:  Hold'em No Limit ($0.50/$1.00 USD) - 2025/02/05 22:19:39 WET [2025/02/05 17:19:39 ET]
Table 'Margo II' 6-max Seat #4 is the button
Seat 1: paul197866 ($32.05 in chips) 
Seat 2: nikalas22 ($107.57 in chips) 
Seat 3: BGS013 ($100 in chips) 
Seat 4: Oclanis8 ($24.73 in chips) 
Seat 5: XKTTBOBV11 ($23.95 in chips) 
Seat 6: lommer93 ($15 in chips) 
XKTTBOBV11: posts small blind $0.50
lommer93: posts big blind $1
*** HOLE CARDS ***
paul197866: folds 
nikalas22: folds 
BGS013: folds 
Oclanis8: raises $4 to $5
XKTTBOBV11: folds 
lommer93: folds 
Uncalled bet ($4) returned to Oclanis8
Oclanis8 collected $2.50 from pot
*** SUMMARY ***
Total pot $2.50 | Rake $0 
Seat 1: paul197866 folded before Flop (didn't bet)
Seat 2: nikalas22 folded before Flop (didn't bet)
Seat 3: BGS013 folded before Flop (didn't bet)
Seat 4: Oclanis8 (button) collected ($2.50)
Seat 5: XKTTBOBV11 (small blind) folded before Flop
Seat 6: lommer93 (big blind) folded before Flop



PokerStars Hand #254725960224:  Hold'em No Limit ($0.50/$1.00 USD) - 2025/02/05 22:20:04 WET [2025/02/05 17:20:04 ET]
Table 'Margo II' 6-max Seat #5 is the button
Seat 1: paul197866 ($32.05 in chips) 
Seat 2: nikalas22 ($107.57 in chips) 
Seat 3: BGS013 ($100 in chips) 
Seat 4: Oclanis8 ($26.23 in chips) 
Seat 5: XKTTBOBV11 ($23.45 in chips) 
Seat 6: lommer93 ($14 in chips) 
lommer93: posts small blind $0.50
paul197866: posts big blind $1
*** HOLE CARDS ***
nikalas22: folds 
BGS013: folds 
Oclanis8: folds 
XKTTBOBV11: folds 
lommer93: folds 
Uncalled bet ($0.50) returned to paul197866
paul197866 collected $1 from pot
*** SUMMARY ***
Total pot $1 | Rake $0 
Seat 1: paul197866 (big blind) collected ($1)
Seat 2: nikalas22 folded before Flop (didn't bet)
Seat 3: BGS013 folded before Flop (didn't bet)
Seat 4: Oclanis8 folded before Flop (didn't bet)
Seat 5: XKTTBOBV11 (button) folded before Flop (didn't bet)
Seat 6: lommer93 (small blind) folded before Flop



PokerStars Hand #254725966334:  Hold'em No Limit ($0.50/$1.00 USD) - 2025/02/05 22:20:24 WET [2025/02/05 17:20:24 ET]
Table 'Margo II' 6-max Seat #6 is the button
Seat 1: paul197866 ($32.55 in chips) 
Seat 2: nikalas22 ($107.57 in chips) 
Seat 3: BGS013 ($100 in chips) 
Seat 4: Oclanis8 ($26.23 in chips) 
Seat 5: XKTTBOBV11 ($23.45 in chips) 
Seat 6: lommer93 ($13.50 in chips) 
paul197866: posts small blind $0.50
nikalas22: posts big blind $1
*** HOLE CARDS ***
BGS013: folds 
Oclanis8: folds 
XKTTBOBV11: folds 
lommer93: folds 
paul197866: calls $0.50
nikalas22: checks 
*** FLOP *** [6h Ah 8c]
paul197866: bets $1.90
nikalas22: calls $1.90
*** TURN *** [6h Ah 8c] [4h]
paul197866: bets $5.51
nikalas22: folds 
Uncalled bet ($5.51) returned to paul197866
paul197866 collected $5.51 from pot
*** SUMMARY ***
Total pot $5.80 | Rake $0.29 
Board [6h Ah 8c 4h]
Seat 1: paul197866 (small blind) collected ($5.51)
Seat 2: nikalas22 (big blind) folded on the Turn
Seat 3: BGS013 folded before Flop (didn't bet)
Seat 4: Oclanis8 folded before Flop (didn't bet)
Seat 5: XKTTBOBV11 folded before Flop (didn't bet)
Seat 6: lommer93 (button) folded before Flop (didn't bet)



PokerStars Hand #254725977584:  Hold'em No Limit ($0.50/$1.00 USD) - 2025/02/05 22:21:01 WET [2025/02/05 17:21:01 ET]
Table 'Margo II' 6-max Seat #1 is the button
Seat 1: paul197866 ($35.16 in chips) 
Seat 2: nikalas22 ($104.67 in chips) 
Seat 3: BGS013 ($100 in chips) 
Seat 4: Oclanis8 ($26.23 in chips) 
Seat 5: XKTTBOBV11 ($23.45 in chips) 
Seat 6: lommer93 ($13.50 in chips) 
nikalas22: posts small blind $0.50
BGS013: posts big blind $1
*** HOLE CARDS ***
Oclanis8: calls $1
XKTTBOBV11: folds 
lommer93: folds 
paul197866: calls $1
nikalas22: folds 
BGS013: checks 
*** FLOP *** [Qs Jd 7s]
BGS013: checks 
Oclanis8: checks 
paul197866: checks 
*** TURN *** [Qs Jd 7s] [4h]
BGS013: checks 
Oclanis8: checks 
paul197866: checks 
*** RIVER *** [Qs Jd 7s 4h] [4c]
BGS013: checks 
Oclanis8: checks 
paul197866: checks 
*** SHOW DOWN ***
BGS013: shows [6c 2d] (a pair of Fours)
Oclanis8: shows [Ah Td] (a pair of Fours - Ace kicker)
paul197866: shows [5h 5c] (two pair, Fives and Fours)
paul197866 collected $3.32 from pot
*** SUMMARY ***
Total pot $3.50 | Rake $0.18 
Board [Qs Jd 7s 4h 4c]
Seat 1: paul197866 (button) showed [5h 5c] and won ($3.32) with two pair, Fives and Fours
Seat 2: nikalas22 (small blind) folded before Flop
Seat 3: BGS013 (big blind) showed [6c 2d] and lost with a pair of Fours
Seat 4: Oclanis8 showed [Ah Td] and lost with a pair of Fours
Seat 5: XKTTBOBV11 folded before Flop (didn't bet)
Seat 6: lommer93 folded before Flop (didn't bet)



PokerStars Hand #254725989704:  Hold'em No Limit ($0.50/$1.00 USD) - 2025/02/05 22:21:42 WET [2025/02/05 17:21:42 ET]
Table 'Margo II' 6-max Seat #2 is the button
Seat 1: paul197866 ($37.48 in chips) 
Seat 2: nikalas22 ($104.17 in chips) 
Seat 3: BGS013 ($100 in chips) 
Seat 4: Oclanis8 ($25.23 in chips) 
Seat 5: XKTTBOBV11 ($23.45 in chips) 
Seat 6: lommer93 ($13.50 in chips) 
BGS013: posts small blind $0.50
Oclanis8: posts big blind $1
*** HOLE CARDS ***
XKTTBOBV11: folds 
lommer93 has timed out
lommer93: folds 
paul197866: folds 
nikalas22: folds 
BGS013: raises $2 to $3
Oclanis8: calls $2
*** FLOP *** [Tc Ah 4d]
BGS013: bets $1.48
Oclanis8: folds 
Uncalled bet ($1.48) returned to BGS013
BGS013 collected $5.70 from pot
BGS013: doesn't show hand 
*** SUMMARY ***
Total pot $6 | Rake $0.30 
Board [Tc Ah 4d]
Seat 1: paul197866 folded before Flop (didn't bet)
Seat 2: nikalas22 (button) folded before Flop (didn't bet)
Seat 3: BGS013 (small blind) collected ($5.70)
Seat 4: Oclanis8 (big blind) folded on the Flop
Seat 5: XKTTBOBV11 folded before Flop (didn't bet)
Seat 6: lommer93 folded before Flop (didn't bet)



PokerStars Hand #254726002158:  Hold'em No Limit ($0.50/$1.00 USD) - 2025/02/05 22:22:24 WET [2025/02/05 17:22:24 ET]
Table 'Margo II' 6-max Seat #3 is the button
Seat 1: paul197866 ($37.48 in chips) 
Seat 2: nikalas22 ($104.17 in chips) 
Seat 3: BGS013 ($102.70 in chips) 
Seat 4: Oclanis8 ($22.23 in chips) 
Seat 5: XKTTBOBV11 ($23.45 in chips) 
Seat 6: lommer93 ($13.50 in chips) 
Oclanis8: posts small blind $0.50
XKTTBOBV11: posts big blind $1
*** HOLE CARDS ***
lommer93: folds 
paul197866: folds 
nikalas22: raises $1.20 to $2.20
BGS013: raises $5.80 to $8
Oclanis8: folds 
XKTTBOBV11: folds 
nikalas22: folds 
Uncalled bet ($5.80) returned to BGS013
BGS013 collected $5.90 from pot
BGS013: doesn't show hand 
*** SUMMARY ***
Total pot $5.90 | Rake $0 
Seat 1: paul197866 folded before Flop (didn't bet)
Seat 2: nikalas22 folded before Flop
Seat 3: BGS013 (button) collected ($5.90)
Seat 4: Oclanis8 (small blind) folded before Flop
Seat 5: XKTTBOBV11 (big blind) folded before Flop
Seat 6: lommer93 folded before Flop (didn't bet)



PokerStars Hand #254726007826:  Hold'em No Limit ($0.50/$1.00 USD) - 2025/02/05 22:22:43 WET [2025/02/05 17:22:43 ET]
Table 'Margo II' 6-max Seat #4 is the button
Seat 1: paul197866 ($37.48 in chips) 
Seat 2: nikalas22 ($101.97 in chips) 
Seat 3: BGS013 ($106.40 in chips) 
Seat 4: Oclanis8 ($21.73 in chips) 
Seat 5: XKTTBOBV11 ($22.45 in chips) 
Seat 6: lommer93 ($13.50 in chips) 
XKTTBOBV11: posts small blind $0.50
lommer93: posts big blind $1
*** HOLE CARDS ***
paul197866: folds 
nikalas22: folds 
BGS013: raises $1.50 to $2.50
Oclanis8: raises $2.50 to $5
XKTTBOBV11: folds 
lommer93: folds 
BGS013: calls $2.50
*** FLOP *** [3h Qd 8d]
BGS013: checks 
Oclanis8: bets $13
BGS013: raises $46.89 to $59.89
Oclanis8: calls $3.73 and is all-in
Uncalled bet ($43.16) returned to BGS013
*** TURN *** [3h Qd 8d] [8c]
*** RIVER *** [3h Qd 8d 8c] [Qh]
*** SHOW DOWN ***
BGS013: shows [Kh Qc] (a full house, Queens full of Eights)
Oclanis8: shows [Qs Ah] (a full house, Queens full of Eights)
BGS013 collected $21.36 from pot
Oclanis8 collected $21.35 from pot
*** SUMMARY ***
Total pot $44.96 | Rake $2.25 
Board [3h Qd 8d 8c Qh]
Seat 1: paul197866 folded before Flop (didn't bet)
Seat 2: nikalas22 folded before Flop (didn't bet)
Seat 3: BGS013 showed [Kh Qc] and won ($21.36) with a full house, Queens full of Eights
Seat 4: Oclanis8 (button) showed [Qs Ah] and won ($21.35) with a full house, Queens full of Eights
Seat 5: XKTTBOBV11 (small blind) folded before Flop
Seat 6: lommer93 (big blind) folded before Flop



PokerStars Hand #254726157369:  Hold'em No Limit ($0.50/$1.00 USD) - 2025/02/05 22:31:05 WET [2025/02/05 17:31:05 ET]
Table 'Margo II' 6-max Seat #3 is the button
Seat 1: paul197866 ($0 in chips) is sitting out
Seat 2: nikalas22 ($127.08 in chips) 
Seat 3: BGS013 ($141.31 in chips) 
Seat 4: IREQO ($102.46 in chips) 
Seat 6: lommer93 ($8.32 in chips) 
IREQO: posts small blind $0.50
lommer93: posts big blind $1
*** HOLE CARDS ***
nikalas22: raises $1.20 to $2.20
BGS013: folds 
IREQO: folds 
lommer93: folds 
Uncalled bet ($1.20) returned to nikalas22
nikalas22 collected $2.50 from pot
nikalas22: doesn't show hand 
*** SUMMARY ***
Total pot $2.50 | Rake $0 
Seat 1: paul197866
Seat 2: nikalas22 collected ($2.50)
Seat 3: BGS013 (button) folded before Flop (didn't bet)
Seat 4: IREQO (small blind) folded before Flop
Seat 6: lommer93 (big blind) folded before Flop



PokerStars Hand #254726160666:  Hold'em No Limit ($0.50/$1.00 USD) - 2025/02/05 22:31:16 WET [2025/02/05 17:31:16 ET]
Table 'Margo II' 6-max Seat #4 is the button
Seat 1: paul197866 ($0 in chips) is sitting out
Seat 2: nikalas22 ($128.58 in chips) 
Seat 3: BGS013 ($141.31 in chips) 
Seat 4: IREQO ($101.96 in chips) 
Seat 6: lommer93 ($7.32 in chips) 
lommer93: posts small blind $0.50
nikalas22: posts big blind $1
*** HOLE CARDS ***
BGS013: folds 
IREQO: folds 
lommer93: raises $2 to $3
nikalas22: raises $125.58 to $128.58 and is all-in
lommer93: calls $4.32 and is all-in
Uncalled bet ($121.26) returned to nikalas22
*** FLOP *** [8c Qd 3s]
*** TURN *** [8c Qd 3s] [5c]
*** RIVER *** [8c Qd 3s 5c] [5s]
*** SHOW DOWN ***
lommer93: shows [Qs Qh] (a full house, Queens full of Fives)
nikalas22: shows [9d 9h] (two pair, Nines and Fives)
lommer93 collected $13.91 from pot
*** SUMMARY ***
Total pot $14.64 | Rake $0.73 
Board [8c Qd 3s 5c 5s]
Seat 1: paul197866
Seat 2: nikalas22 (big blind) showed [9d 9h] and lost with two pair, Nines and Fives
Seat 3: BGS013 folded before Flop (didn't bet)
Seat 4: IREQO (button) folded before Flop (didn't bet)
Seat 6: lommer93 (small blind) showed [Qs Qh] and won ($13.91) with a full house, Queens full of Fives



PokerStars Hand #254726168762:  Hold'em No Limit ($0.50/$1.00 USD) - 2025/02/05 22:31:43 WET [2025/02/05 17:31:43 ET]
Table 'Margo II' 6-max Seat #6 is the button
Seat 1: paul197866 ($0 in chips) is sitting out
Seat 2: nikalas22 ($121.26 in chips) 
Seat 3: BGS013 ($141.31 in chips) 
Seat 4: IREQO ($101.96 in chips) 
Seat 6: lommer93 ($13.91 in chips) 
nikalas22: posts small blind $0.50
BGS013: posts big blind $1
*** HOLE CARDS ***
IREQO: folds 
lommer93: raises $2 to $3
nikalas22: folds 
BGS013: folds 
Uncalled bet ($2) returned to lommer93
lommer93 collected $2.50 from pot
lommer93: doesn't show hand 
*** SUMMARY ***
Total pot $2.50 | Rake $0 
Seat 1: paul197866
Seat 2: nikalas22 (small blind) folded before Flop
Seat 3: BGS013 (big blind) folded before Flop
Seat 4: IREQO folded before Flop (didn't bet)
Seat 6: lommer93 (button) collected ($2.50)



PokerStars Hand #254726172397:  Hold'em No Limit ($0.50/$1.00 USD) - 2025/02/05 22:31:56 WET [2025/02/05 17:31:56 ET]
Table 'Margo II' 6-max Seat #2 is the button
Seat 1: paul197866 ($0 in chips) is sitting out
Seat 2: nikalas22 ($120.76 in chips) 
Seat 3: BGS013 ($140.31 in chips) 
Seat 4: IREQO ($101.96 in chips) 
Seat 6: lommer93 ($15.41 in chips) 
BGS013: posts small blind $0.50
IREQO: posts big blind $1
*** HOLE CARDS ***
lommer93: folds 
nikalas22: raises $1.20 to $2.20
BGS013: raises $8.80 to $11
IREQO: folds 
nikalas22: folds 
Uncalled bet ($8.80) returned to BGS013
BGS013 collected $5.40 from pot
BGS013: doesn't show hand 
*** SUMMARY ***
Total pot $5.40 | Rake $0 
Seat 1: paul197866
Seat 2: nikalas22 (button) folded before Flop
Seat 3: BGS013 (small blind) collected ($5.40)
Seat 4: IREQO (big blind) folded before Flop
Seat 6: lommer93 folded before Flop (didn't bet)



PokerStars Hand #254726178486:  Hold'em No Limit ($0.50/$1.00 USD) - 2025/02/05 22:32:16 WET [2025/02/05 17:32:16 ET]
Table 'Margo II' 6-max Seat #3 is the button
Seat 1: paul197866 ($0 in chips) is sitting out
Seat 2: nikalas22 ($118.56 in chips) 
Seat 3: BGS013 ($143.51 in chips) 
Seat 4: IREQO ($100.96 in chips) 
Seat 6: lommer93 ($15.41 in chips) 
IREQO: posts small blind $0.50
lommer93: posts big blind $1
*** HOLE CARDS ***
nikalas22: folds 
BGS013: raises $1.50 to $2.50
IREQO: folds 
lommer93: calls $1.50
*** FLOP *** [2c Tc 8h]
lommer93: bets $2.61
BGS013: raises $35.39 to $38
lommer93: folds 
Uncalled bet ($35.39) returned to BGS013
Mrs Hobbleer joins the table at seat #5 
Mrs Hobbleer is disconnected 
BGS013 collected $10.18 from pot
BGS013: doesn't show hand 
*** SUMMARY ***
Total pot $10.72 | Rake $0.54 
Board [2c Tc 8h]
Seat 1: paul197866
Seat 2: nikalas22 folded before Flop (didn't bet)
Seat 3: BGS013 (button) collected ($10.18)
Seat 4: IREQO (small blind) folded before Flop
Seat 6: lommer93 (big blind) folded on the Flop



PokerStars Hand #254726186677:  Hold'em No Limit ($0.50/$1.00 USD) - 2025/02/05 22:32:44 WET [2025/02/05 17:32:44 ET]
Table 'Margo II' 6-max Seat #4 is the button
Seat 1: paul197866 ($0 in chips) is sitting out
Seat 5: Mrs Hobbleer ($97.34 in chips) is sitting out
Seat 2: nikalas22 ($118.56 in chips) 
Seat 3: BGS013 ($148.58 in chips) 
Seat 4: IREQO ($100.46 in chips) 
Seat 6: lommer93 ($10.30 in chips) 
lommer93: posts small blind $0.50
nikalas22: posts big blind $1
*** HOLE CARDS ***
BGS013: folds 
IREQO: raises $1.50 to $2.50
lommer93: calls $2
nikalas22: folds 
*** FLOP *** [Ac Jh Kh]
lommer93: bets $2.85
IREQO: calls $2.85
*** TURN *** [Ac Jh Kh] [Kc]
lommer93: bets $4.95 and is all-in
IREQO: calls $4.95
IREQO has timed out
*** RIVER *** [Ac Jh Kh Kc] [As]
*** SHOW DOWN ***
lommer93: shows [Qs Ks] (a full house, Kings full of Aces)
IREQO: shows [Ad Js] (a full house, Aces full of Kings)
IREQO collected $20.60 from pot
paul197866 leaves the table
*** SUMMARY ***
Total pot $21.60 | Rake $1 
Board [Ac Jh Kh Kc As]
Seat 1: paul197866
Seat 5: Mrs Hobbleer
Seat 2: nikalas22 (big blind) folded before Flop
Seat 3: BGS013 folded before Flop (didn't bet)
Seat 4: IREQO (button) showed [Ad Js] and won ($20.60) with a full house, Aces full of Kings
Seat 6: lommer93 (small blind) showed [Qs Ks] and lost with a full house, Kings full of Aces



PokerStars Hand #254726202405:  Hold'em No Limit ($0.50/$1.00 USD) - 2025/02/05 22:33:37 WET [2025/02/05 17:33:37 ET]
Table 'Margo II' 6-max Seat #2 is the button
Seat 5: Mrs Hobbleer ($97.34 in chips) is sitting out
Seat 6: lommer93 ($0 in chips) is sitting out
Seat 2: nikalas22 ($117.56 in chips) 
Seat 3: BGS013 ($148.58 in chips) 
Seat 4: IREQO ($110.76 in chips) 
BGS013: posts small blind $0.50
IREQO: posts big blind $1
Mrs Hobbleer: sits out 
*** HOLE CARDS ***
nikalas22: folds 
lommer93 leaves the table
BGS013: raises $2 to $3
IREQO: folds 
Uncalled bet ($2) returned to BGS013
BGS013 collected $2 from pot
BGS013: doesn't show hand 
citsoul joins the table at seat #1 
*** SUMMARY ***
Total pot $2 | Rake $0 
Seat 5: Mrs Hobbleer
Seat 6: lommer93
Seat 2: nikalas22 (button) folded before Flop (didn't bet)
Seat 3: BGS013 (small blind) collected ($2)
Seat 4: IREQO (big blind) folded before Flop



PokerStars Hand #254726206449:  Hold'em No Limit ($0.50/$1.00 USD) - 2025/02/05 22:33:51 WET [2025/02/05 17:33:51 ET]
Table 'Margo II' 6-max Seat #3 is the button
Seat 1: citsoul ($100 in chips) is sitting out
Seat 2: nikalas22 ($117.56 in chips) 
Seat 3: BGS013 ($149.58 in chips) 
Seat 4: IREQO ($109.76 in chips) 
Seat 5: Mrs Hobbleer ($97.34 in chips) 
IREQO: posts small blind $0.50
Mrs Hobbleer: posts big blind $1
citsoul: sits out 
*** HOLE CARDS ***
nikalas22: folds 
CichiChanMarian joins the table at seat #6 
BGS013: raises $1.50 to $2.50
IREQO: folds 
Mrs Hobbleer: folds 
Uncalled bet ($1.50) returned to BGS013
BGS013 collected $2.50 from pot
BGS013: doesn't show hand 
*** SUMMARY ***
Total pot $2.50 | Rake $0 
Seat 1: citsoul
Seat 2: nikalas22 folded before Flop (didn't bet)
Seat 3: BGS013 (button) collected ($2.50)
Seat 4: IREQO (small blind) folded before Flop
Seat 5: Mrs Hobbleer (big blind) folded before Flop



PokerStars Hand #254726212477:  Hold'em No Limit ($0.50/$1.00 USD) - 2025/02/05 22:34:11 WET [2025/02/05 17:34:11 ET]
Table 'Margo II' 6-max Seat #4 is the button
Seat 1: citsoul ($100 in chips) 
Seat 2: nikalas22 ($117.56 in chips) 
Seat 3: BGS013 ($151.08 in chips) 
Seat 4: IREQO ($109.26 in chips) 
Seat 5: Mrs Hobbleer ($96.34 in chips) 
Seat 6: CichiChanMarian ($100 in chips) 
Mrs Hobbleer: posts small blind $0.50
CichiChanMarian: posts big blind $1
citsoul: posts big blind $1
*** HOLE CARDS ***
citsoul: raises $1 to $2
nikalas22: folds 
BGS013: folds 
IREQO: folds 
Mrs Hobbleer: calls $1.50
CichiChanMarian: folds 
*** FLOP *** [9d Ad 7h]
Mrs Hobbleer: checks 
citsoul: checks 
*** TURN *** [9d Ad 7h] [6c]
Mrs Hobbleer: bets $2.38
citsoul: calls $2.38
*** RIVER *** [9d Ad 7h 6c] [Kh]
Mrs Hobbleer: checks 
citsoul: checks 
*** SHOW DOWN ***
Mrs Hobbleer: shows [8s Ah] (a pair of Aces)
citsoul: mucks hand 
Mrs Hobbleer collected $9.27 from pot
*** SUMMARY ***
Total pot $9.76 | Rake $0.49 
Board [9d Ad 7h 6c Kh]
Seat 1: citsoul mucked
Seat 2: nikalas22 folded before Flop (didn't bet)
Seat 3: BGS013 folded before Flop (didn't bet)
Seat 4: IREQO (button) folded before Flop (didn't bet)
Seat 5: Mrs Hobbleer (small blind) showed [8s Ah] and won ($9.27) with a pair of Aces
Seat 6: CichiChanMarian (big blind) folded before Flop



PokerStars Hand #254726223044:  Hold'em No Limit ($0.50/$1.00 USD) - 2025/02/05 22:34:47 WET [2025/02/05 17:34:47 ET]
Table 'Margo II' 6-max Seat #5 is the button
Seat 1: citsoul ($95.62 in chips) 
Seat 2: nikalas22 ($117.56 in chips) 
Seat 3: BGS013 ($151.08 in chips) 
Seat 4: IREQO ($109.26 in chips) 
Seat 5: Mrs Hobbleer ($101.23 in chips) 
Seat 6: CichiChanMarian ($100 in chips) 
CichiChanMarian: posts small blind $0.50
citsoul: posts big blind $1
*** HOLE CARDS ***
nikalas22: raises $1.20 to $2.20
BGS013: folds 
IREQO: folds 
Mrs Hobbleer: folds 
CichiChanMarian: folds 
citsoul: calls $1.20
*** FLOP *** [Tc 9s 2d]
citsoul: checks 
nikalas22: bets $3.50
citsoul: calls $3.50
*** TURN *** [Tc 9s 2d] [7s]
citsoul: checks 
nikalas22: bets $8.48
citsoul: calls $8.48
*** RIVER *** [Tc 9s 2d 7s] [Qd]
citsoul: checks 
nikalas22: bets $20.57
citsoul: calls $20.57
*** SHOW DOWN ***
nikalas22: shows [Ah Jc] (high card Ace)
citsoul: shows [2c 6c] (a pair of Deuces)
citsoul collected $67.50 from pot
*** SUMMARY ***
Total pot $70 | Rake $2.50 
Board [Tc 9s 2d 7s Qd]
Seat 1: citsoul (big blind) showed [2c 6c] and won ($67.50) with a pair of Deuces
Seat 2: nikalas22 showed [Ah Jc] and lost with high card Ace
Seat 3: BGS013 folded before Flop (didn't bet)
Seat 4: IREQO folded before Flop (didn't bet)
Seat 5: Mrs Hobbleer (button) folded before Flop (didn't bet)
Seat 6: CichiChanMarian (small blind) folded before Flop



PokerStars Hand #254726241631:  Hold'em No Limit ($0.50/$1.00 USD) - 2025/02/05 22:35:51 WET [2025/02/05 17:35:51 ET]
Table 'Margo II' 6-max Seat #6 is the button
Seat 1: citsoul ($128.37 in chips) 
Seat 2: nikalas22 ($100 in chips) 
Seat 3: BGS013 ($151.08 in chips) 
Seat 4: IREQO ($109.26 in chips) 
Seat 5: Mrs Hobbleer ($101.23 in chips) 
Seat 6: CichiChanMarian ($100 in chips) 
citsoul: posts small blind $0.50
nikalas22: posts big blind $1
*** HOLE CARDS ***
BGS013: folds 
IREQO: folds 
Mrs Hobbleer: folds 
CichiChanMarian: raises $1.50 to $2.50
citsoul: calls $2
nikalas22: folds 
*** FLOP *** [3d Ac 2h]
citsoul: checks 
CichiChanMarian: bets $1.54
citsoul: calls $1.54
*** TURN *** [3d Ac 2h] [7c]
citsoul: checks 
CichiChanMarian: bets $11.48
citsoul: folds 
Uncalled bet ($11.48) returned to CichiChanMarian
CichiChanMarian collected $8.63 from pot
CichiChanMarian: doesn't show hand 
*** SUMMARY ***
Total pot $9.08 | Rake $0.45 
Board [3d Ac 2h 7c]
Seat 1: citsoul (small blind) folded on the Turn
Seat 2: nikalas22 (big blind) folded before Flop
Seat 3: BGS013 folded before Flop (didn't bet)
Seat 4: IREQO folded before Flop (didn't bet)
Seat 5: Mrs Hobbleer folded before Flop (didn't bet)
Seat 6: CichiChanMarian (button) collected ($8.63)



PokerStars Hand #254726256433:  Hold'em No Limit ($0.50/$1.00 USD) - 2025/02/05 22:36:41 WET [2025/02/05 17:36:41 ET]
Table 'Margo II' 6-max Seat #1 is the button
Seat 1: citsoul ($124.33 in chips) 
Seat 2: nikalas22 ($100 in chips) 
Seat 3: BGS013 ($151.08 in chips) 
Seat 4: IREQO ($109.26 in chips) 
Seat 5: Mrs Hobbleer ($101.23 in chips) 
Seat 6: CichiChanMarian ($104.59 in chips) 
nikalas22: posts small blind $0.50
BGS013: posts big blind $1
*** HOLE CARDS ***
IREQO: folds 
Mrs Hobbleer: folds 
CichiChanMarian: folds 
citsoul: folds 
nikalas22: folds 
Uncalled bet ($0.50) returned to BGS013
BGS013 collected $1 from pot
BGS013: doesn't show hand 
*** SUMMARY ***
Total pot $1 | Rake $0 
Seat 1: citsoul (button) folded before Flop (didn't bet)
Seat 2: nikalas22 (small blind) folded before Flop
Seat 3: BGS013 (big blind) collected ($1)
Seat 4: IREQO folded before Flop (didn't bet)
Seat 5: Mrs Hobbleer folded before Flop (didn't bet)
Seat 6: CichiChanMarian folded before Flop (didn't bet)



PokerStars Hand #254726261311:  Hold'em No Limit ($0.50/$1.00 USD) - 2025/02/05 22:36:58 WET [2025/02/05 17:36:58 ET]
Table 'Margo II' 6-max Seat #2 is the button
Seat 1: citsoul ($124.33 in chips) 
Seat 2: nikalas22 ($100 in chips) 
Seat 3: BGS013 ($151.58 in chips) 
Seat 4: IREQO ($109.26 in chips) 
Seat 5: Mrs Hobbleer ($101.23 in chips) 
Seat 6: CichiChanMarian ($104.59 in chips) 
BGS013: posts small blind $0.50
IREQO: posts big blind $1
*** HOLE CARDS ***
Mrs Hobbleer: folds 
CichiChanMarian: folds 
citsoul: folds 
nikalas22: folds 
BGS013: folds 
Uncalled bet ($0.50) returned to IREQO
IREQO collected $1 from pot
IREQO: doesn't show hand 
*** SUMMARY ***
Total pot $1 | Rake $0 
Seat 1: citsoul folded before Flop (didn't bet)
Seat 2: nikalas22 (button) folded before Flop (didn't bet)
Seat 3: BGS013 (small blind) folded before Flop
Seat 4: IREQO (big blind) collected ($1)
Seat 5: Mrs Hobbleer folded before Flop (didn't bet)
Seat 6: CichiChanMarian folded before Flop (didn't bet)



PokerStars Hand #254726267188:  Hold'em No Limit ($0.50/$1.00 USD) - 2025/02/05 22:37:19 WET [2025/02/05 17:37:19 ET]
Table 'Margo II' 6-max Seat #3 is the button
Seat 1: citsoul ($124.33 in chips) 
Seat 2: nikalas22 ($100 in chips) 
Seat 3: BGS013 ($151.08 in chips) 
Seat 4: IREQO ($109.76 in chips) 
Seat 5: Mrs Hobbleer ($101.23 in chips) 
Seat 6: CichiChanMarian ($104.59 in chips) 
IREQO: posts small blind $0.50
Mrs Hobbleer: posts big blind $1
*** HOLE CARDS ***
CichiChanMarian: folds 
citsoul: folds 
nikalas22: raises $1.20 to $2.20
BGS013: folds 
IREQO: folds 
Mrs Hobbleer: calls $1.20
*** FLOP *** [4d 2s 3s]
Mrs Hobbleer: checks 
nikalas22: checks 
*** TURN *** [4d 2s 3s] [4c]
Mrs Hobbleer: bets $2.33
nikalas22: calls $2.33
*** RIVER *** [4d 2s 3s 4c] [5h]
Mrs Hobbleer: bets $4.54
nikalas22: calls $4.54
*** SHOW DOWN ***
Mrs Hobbleer: shows [Kh 4h] (three of a kind, Fours)
nikalas22: mucks hand 
Mrs Hobbleer collected $17.71 from pot
*** SUMMARY ***
Total pot $18.64 | Rake $0.93 
Board [4d 2s 3s 4c 5h]
Seat 1: citsoul folded before Flop (didn't bet)
Seat 2: nikalas22 mucked
Seat 3: BGS013 (button) folded before Flop (didn't bet)
Seat 4: IREQO (small blind) folded before Flop
Seat 5: Mrs Hobbleer (big blind) showed [Kh 4h] and won ($17.71) with three of a kind, Fours
Seat 6: CichiChanMarian folded before Flop (didn't bet)



PokerStars Hand #254726282005:  Hold'em No Limit ($0.50/$1.00 USD) - 2025/02/05 22:38:10 WET [2025/02/05 17:38:10 ET]
Table 'Margo II' 6-max Seat #4 is the button
Seat 1: citsoul ($124.33 in chips) 
Seat 2: nikalas22 ($100 in chips) 
Seat 3: BGS013 ($151.08 in chips) 
Seat 4: IREQO ($109.26 in chips) 
Seat 5: Mrs Hobbleer ($109.87 in chips) 
Seat 6: CichiChanMarian ($104.59 in chips) 
Mrs Hobbleer: posts small blind $0.50
CichiChanMarian: posts big blind $1
*** HOLE CARDS ***
citsoul: raises $1 to $2
nikalas22: folds 
BGS013: folds 
IREQO: folds 
Mrs Hobbleer: calls $1.50
CichiChanMarian: folds 
*** FLOP *** [8s Jh 5c]
Mrs Hobbleer: checks 
citsoul: checks 
*** TURN *** [8s Jh 5c] [4h]
Mrs Hobbleer: checks 
citsoul: bets $4.75
Mrs Hobbleer: folds 
Uncalled bet ($4.75) returned to citsoul
citsoul collected $4.75 from pot
citsoul: doesn't show hand 
*** SUMMARY ***
Total pot $5 | Rake $0.25 
Board [8s Jh 5c 4h]
Seat 1: citsoul collected ($4.75)
Seat 2: nikalas22 folded before Flop (didn't bet)
Seat 3: BGS013 folded before Flop (didn't bet)
Seat 4: IREQO (button) folded before Flop (didn't bet)
Seat 5: Mrs Hobbleer (small blind) folded on the Turn
Seat 6: CichiChanMarian (big blind) folded before Flop



PokerStars Hand #254726292678:  Hold'em No Limit ($0.50/$1.00 USD) - 2025/02/05 22:38:47 WET [2025/02/05 17:38:47 ET]
Table 'Margo II' 6-max Seat #5 is the button
Seat 1: citsoul ($127.08 in chips) 
Seat 2: nikalas22 ($100 in chips) 
Seat 3: BGS013 ($151.08 in chips) 
Seat 4: IREQO ($109.26 in chips) 
Seat 5: Mrs Hobbleer ($107.87 in chips) 
Seat 6: CichiChanMarian ($103.59 in chips) 
CichiChanMarian: posts small blind $0.50
citsoul: posts big blind $1
*** HOLE CARDS ***
nikalas22: folds 
BGS013: folds 
IREQO: folds 
Mrs Hobbleer: folds 
CichiChanMarian: raises $2 to $3
citsoul: calls $2
*** FLOP *** [8s Kd 7d]
CichiChanMarian: checks 
citsoul: bets $5.70
CichiChanMarian: raises $11.29 to $16.99
citsoul: calls $11.29
*** TURN *** [8s Kd 7d] [Jc]
CichiChanMarian: bets $25.15
citsoul: calls $25.15
*** RIVER *** [8s Kd 7d Jc] [8h]
CichiChanMarian: bets $58.45 and is all-in
citsoul: folds 
Uncalled bet ($58.45) returned to CichiChanMarian
CichiChanMarian collected $87.78 from pot
CichiChanMarian: doesn't show hand 
*** SUMMARY ***
Total pot $90.28 | Rake $2.50 
Board [8s Kd 7d Jc 8h]
Seat 1: citsoul (big blind) folded on the River
Seat 2: nikalas22 folded before Flop (didn't bet)
Seat 3: BGS013 folded before Flop (didn't bet)
Seat 4: IREQO folded before Flop (didn't bet)
Seat 5: Mrs Hobbleer (button) folded before Flop (didn't bet)
Seat 6: CichiChanMarian (small blind) collected ($87.78)



PokerStars Hand #254726312914:  Hold'em No Limit ($0.50/$1.00 USD) - 2025/02/05 22:39:57 WET [2025/02/05 17:39:57 ET]
Table 'Margo II' 6-max Seat #6 is the button
Seat 1: citsoul ($81.94 in chips) 
Seat 2: nikalas22 ($100 in chips) 
Seat 3: BGS013 ($151.08 in chips) 
Seat 4: IREQO ($109.26 in chips) 
Seat 5: Mrs Hobbleer ($107.87 in chips) 
Seat 6: CichiChanMarian ($146.23 in chips) 
citsoul: posts small blind $0.50
nikalas22: posts big blind $1
*** HOLE CARDS ***
BGS013: folds 
IREQO: folds 
Mrs Hobbleer: folds 
CichiChanMarian: raises $1.50 to $2.50
citsoul: folds 
nikalas22: calls $1.50
*** FLOP *** [5s 8h 6d]
nikalas22: checks 
CichiChanMarian: checks 
*** TURN *** [5s 8h 6d] [7s]
citsoul leaves the table
nikalas22: bets $1.57
CichiChanMarian: calls $1.57
*** RIVER *** [5s 8h 6d 7s] [Ad]
nikalas22: bets $6.16
CichiChanMarian: folds 
Uncalled bet ($6.16) returned to nikalas22
nikalas22 collected $8.21 from pot
nikalas22: doesn't show hand 
*** SUMMARY ***
Total pot $8.64 | Rake $0.43 
Board [5s 8h 6d 7s Ad]
Seat 1: citsoul (small blind) folded before Flop
Seat 2: nikalas22 (big blind) collected ($8.21)
Seat 3: BGS013 folded before Flop (didn't bet)
Seat 4: IREQO folded before Flop (didn't bet)
Seat 5: Mrs Hobbleer folded before Flop (didn't bet)
Seat 6: CichiChanMarian (button) folded on the River



PokerStars Hand #254726325268:  Hold'em No Limit ($0.50/$1.00 USD) - 2025/02/05 22:40:41 WET [2025/02/05 17:40:41 ET]
Table 'Margo II' 6-max Seat #2 is the button
Seat 2: nikalas22 ($104.14 in chips) 
Seat 3: BGS013 ($151.08 in chips) 
Seat 4: IREQO ($109.26 in chips) 
Seat 5: Mrs Hobbleer ($107.87 in chips) 
Seat 6: CichiChanMarian ($142.16 in chips) 
BGS013: posts small blind $0.50
IREQO: posts big blind $1
*** HOLE CARDS ***
Mrs Hobbleer: folds 
CichiChanMarian: folds 
nikalas22: folds 
Mrs Hobbleer leaves the table
BGS013: raises $2 to $3
CichiChanMarian leaves the table
IREQO: folds 
Uncalled bet ($2) returned to BGS013
BGS013 collected $2 from pot
BGS013: doesn't show hand 
*** SUMMARY ***
Total pot $2 | Rake $0 
Seat 2: nikalas22 (button) folded before Flop (didn't bet)
Seat 3: BGS013 (small blind) collected ($2)
Seat 4: IREQO (big blind) folded before Flop
Seat 5: Mrs Hobbleer folded before Flop (didn't bet)
Seat 6: CichiChanMarian folded before Flop (didn't bet)



