PokerStars Hand #254716571747:  Hold'em No Limit ($0.50/$1.00 USD) - 2025/02/05 10:07:02 WET [2025/02/05 5:07:02 ET]
Table 'Eva' 6-max Seat #3 is the button
Seat 1: VahTang_89 ($100 in chips) 
Seat 2: Y_19 ($100 in chips) 
Seat 3: D€est7oye€R ($107.80 in chips) 
Seat 4: gig.gyty ($100 in chips) 
Seat 5: antey89 ($100 in chips) 
Seat 6: johnny2dugs ($95.39 in chips) 
gig.gyty: posts small blind $0.50
antey89: posts big blind $1
*** HOLE CARDS ***
johnny2dugs: calls $1
VahTang_89: folds 
Y_19: folds 
D€est7oye€R: folds 
gig.gyty: folds 
antey89: raises $4 to $5
johnny2dugs: calls $4
*** FLOP *** [9h 3d Jd]
antey89: bets $3.29
johnny2dugs: calls $3.29
*** TURN *** [9h 3d Jd] [2d]
antey89: checks 
johnny2dugs: checks 
*** RIVER *** [9h 3d Jd 2d] [6s]
antey89: bets $10.55
johnny2dugs: calls $10.55
*** SHOW DOWN ***
antey89: shows [Ts 8s] (high card Jack)
johnny2dugs: shows [Jh Kc] (a pair of Jacks)
johnny2dugs collected $36.27 from pot
*** SUMMARY ***
Total pot $38.18 | Rake $1.91 
Board [9h 3d Jd 2d 6s]
Seat 1: VahTang_89 folded before Flop (didn't bet)
Seat 2: Y_19 folded before Flop (didn't bet)
Seat 3: D€est7oye€R (button) folded before Flop (didn't bet)
Seat 4: gig.gyty (small blind) folded before Flop
Seat 5: antey89 (big blind) showed [Ts 8s] and lost with high card Jack
Seat 6: johnny2dugs showed [Jh Kc] and won ($36.27) with a pair of Jacks



PokerStars Hand #254716579840:  Hold'em No Limit ($0.50/$1.00 USD) - 2025/02/05 10:08:19 WET [2025/02/05 5:08:19 ET]
Table 'Eva' 6-max Seat #4 is the button
Seat 1: VahTang_89 ($100 in chips) 
Seat 2: Y_19 ($100 in chips) 
Seat 3: D€est7oye€R ($107.80 in chips) 
Seat 4: gig.gyty ($100 in chips) 
Seat 5: antey89 ($100 in chips) 
Seat 6: johnny2dugs ($112.82 in chips) 
antey89: posts small blind $0.50
johnny2dugs: posts big blind $1
*** HOLE CARDS ***
VahTang_89: raises $1.20 to $2.20
Y_19: folds 
D€est7oye€R: raises $7.80 to $10
gig.gyty: folds 
antey89: folds 
johnny2dugs: folds 
VahTang_89: raises $16 to $26
D€est7oye€R: raises $81.80 to $107.80 and is all-in
VahTang_89: folds 
Uncalled bet ($81.80) returned to D€est7oye€R
D€est7oye€R collected $53.50 from pot
D€est7oye€R: doesn't show hand 
*** SUMMARY ***
Total pot $53.50 | Rake $0 
Seat 1: VahTang_89 folded before Flop
Seat 2: Y_19 folded before Flop (didn't bet)
Seat 3: D€est7oye€R collected ($53.50)
Seat 4: gig.gyty (button) folded before Flop (didn't bet)
Seat 5: antey89 (small blind) folded before Flop
Seat 6: johnny2dugs (big blind) folded before Flop



PokerStars Hand #254716585616:  Hold'em No Limit ($0.50/$1.00 USD) - 2025/02/05 10:09:15 WET [2025/02/05 5:09:15 ET]
Table 'Eva' 6-max Seat #5 is the button
Seat 1: VahTang_89 ($100 in chips) 
Seat 2: Y_19 ($100 in chips) 
Seat 3: D€est7oye€R ($135.30 in chips) 
Seat 4: gig.gyty ($100 in chips) 
Seat 5: antey89 ($100 in chips) 
Seat 6: johnny2dugs ($111.82 in chips) 
johnny2dugs: posts small blind $0.50
VahTang_89: posts big blind $1
*** HOLE CARDS ***
Y_19: folds 
D€est7oye€R: folds 
gig.gyty: folds 
antey89: raises $1.50 to $2.50
johnny2dugs: folds 
VahTang_89: calls $1.50
*** FLOP *** [Kc 6s 5s]
VahTang_89: checks 
antey89: checks 
*** TURN *** [Kc 6s 5s] [Jd]
VahTang_89: bets $1.72
antey89: calls $1.72
*** RIVER *** [Kc 6s 5s Jd] [8s]
VahTang_89: bets $6.37
antey89: raises $15.92 to $22.29
VahTang_89: calls $15.92
*** SHOW DOWN ***
antey89: shows [Ac Qs] (high card Ace)
VahTang_89: shows [Ks Jc] (two pair, Kings and Jacks)
VahTang_89 collected $51.02 from pot
*** SUMMARY ***
Total pot $53.52 | Rake $2.50 
Board [Kc 6s 5s Jd 8s]
Seat 1: VahTang_89 (big blind) showed [Ks Jc] and won ($51.02) with two pair, Kings and Jacks
Seat 2: Y_19 folded before Flop (didn't bet)
Seat 3: D€est7oye€R folded before Flop (didn't bet)
Seat 4: gig.gyty folded before Flop (didn't bet)
Seat 5: antey89 (button) showed [Ac Qs] and lost with high card Ace
Seat 6: johnny2dugs (small blind) folded before Flop



PokerStars Hand #254716594460:  Hold'em No Limit ($0.50/$1.00 USD) - 2025/02/05 10:10:38 WET [2025/02/05 5:10:38 ET]
Table 'Eva' 6-max Seat #6 is the button
Seat 1: VahTang_89 ($124.51 in chips) 
Seat 2: Y_19 ($100 in chips) 
Seat 3: D€est7oye€R ($135.30 in chips) 
Seat 4: gig.gyty ($100 in chips) 
Seat 5: antey89 ($100 in chips) 
Seat 6: johnny2dugs ($111.32 in chips) 
VahTang_89: posts small blind $0.50
Y_19: posts big blind $1
*** HOLE CARDS ***
D€est7oye€R: folds 
gig.gyty: folds 
antey89: raises $1.50 to $2.50
johnny2dugs: raises $5.50 to $8
VahTang_89: folds 
Y_19: folds 
antey89: calls $5.50
*** FLOP *** [3h 6c Js]
antey89: checks 
johnny2dugs: bets $14.62
antey89: calls $14.62
*** TURN *** [3h 6c Js] [5h]
antey89: checks 
johnny2dugs: checks 
*** RIVER *** [3h 6c Js 5h] [Qh]
antey89: bets $13.50
johnny2dugs: folds 
Uncalled bet ($13.50) returned to antey89
antey89 collected $44.40 from pot
antey89: doesn't show hand 
*** SUMMARY ***
Total pot $46.74 | Rake $2.34 
Board [3h 6c Js 5h Qh]
Seat 1: VahTang_89 (small blind) folded before Flop
Seat 2: Y_19 (big blind) folded before Flop
Seat 3: D€est7oye€R folded before Flop (didn't bet)
Seat 4: gig.gyty folded before Flop (didn't bet)
Seat 5: antey89 collected ($44.40)
Seat 6: johnny2dugs (button) folded on the River



PokerStars Hand #254716609965:  Hold'em No Limit ($0.50/$1.00 USD) - 2025/02/05 10:13:04 WET [2025/02/05 5:13:04 ET]
Table 'Eva' 6-max Seat #1 is the button
Seat 3: D€est7oye€R ($135.30 in chips) is sitting out
Seat 1: VahTang_89 ($124.01 in chips) 
Seat 2: Y_19 ($100 in chips) 
Seat 4: gig.gyty ($100 in chips) 
Seat 5: antey89 ($121.78 in chips) 
Seat 6: johnny2dugs ($88.70 in chips) 
Y_19: posts small blind $0.50
D€est7oye€R: is sitting out 
gig.gyty: posts big blind $1
*** HOLE CARDS ***
antey89: folds 
D€est7oye€R leaves the table
johnny2dugs: calls $1
VahTang_89: folds 
Y_19: folds 
gig.gyty: checks 
*** FLOP *** [Ac 8h Jh]
gig.gyty: checks 
johnny2dugs: bets $1
gig.gyty: folds 
Uncalled bet ($1) returned to johnny2dugs
johnny2dugs collected $2.38 from pot
*** SUMMARY ***
Total pot $2.50 | Rake $0.12 
Board [Ac 8h Jh]
Seat 3: D€est7oye€R
Seat 1: VahTang_89 (button) folded before Flop (didn't bet)
Seat 2: Y_19 (small blind) folded before Flop
Seat 4: gig.gyty (big blind) folded on the Flop
Seat 5: antey89 folded before Flop (didn't bet)
Seat 6: johnny2dugs collected ($2.38)



PokerStars Hand #254716613812:  Hold'em No Limit ($0.50/$1.00 USD) - 2025/02/05 10:13:40 WET [2025/02/05 5:13:40 ET]
Table 'Eva' 6-max Seat #2 is the button
Seat 1: VahTang_89 ($124.01 in chips) 
Seat 2: Y_19 ($100 in chips) 
Seat 4: gig.gyty ($100 in chips) 
Seat 5: antey89 ($121.78 in chips) 
Seat 6: johnny2dugs ($100 in chips) 
gig.gyty: posts small blind $0.50
antey89: posts big blind $1
*** HOLE CARDS ***
johnny2dugs: folds 
VahTang_89: raises $1.20 to $2.20
Y_19: raises $4.43 to $6.63
gig.gyty: folds 
antey89: folds 
VahTang_89: folds 
Uncalled bet ($4.43) returned to Y_19
Y_19 collected $5.90 from pot
Y_19: doesn't show hand 
*** SUMMARY ***
Total pot $5.90 | Rake $0 
Seat 1: VahTang_89 folded before Flop
Seat 2: Y_19 (button) collected ($5.90)
Seat 4: gig.gyty (small blind) folded before Flop
Seat 5: antey89 (big blind) folded before Flop
Seat 6: johnny2dugs folded before Flop (didn't bet)



PokerStars Hand #254716567427:  Hold'em No Limit ($0.50/$1.00 USD) - 2025/02/05 10:06:20 WET [2025/02/05 5:06:20 ET]
Table 'Eva' 6-max Seat #2 is the button
Seat 1: VahTang_89 ($100 in chips) 
Seat 2: Y_19 ($100 in chips) 
Seat 3: D€est7oye€R ($104.57 in chips) 
Seat 4: gig.gyty ($100 in chips) 
Seat 5: antey89 ($100 in chips) 
Seat 6: johnny2dugs ($95.39 in chips) 
D€est7oye€R: posts small blind $0.50
gig.gyty: posts big blind $1
*** HOLE CARDS ***
antey89: folds 
johnny2dugs: folds 
VahTang_89: folds 
Y_19: raises $1.23 to $2.23
D€est7oye€R: raises $11.27 to $13.50
gig.gyty: folds 
Y_19: folds 
Uncalled bet ($11.27) returned to D€est7oye€R
D€est7oye€R collected $5.46 from pot
D€est7oye€R: doesn't show hand 
*** SUMMARY ***
Total pot $5.46 | Rake $0 
Seat 1: VahTang_89 folded before Flop (didn't bet)
Seat 2: Y_19 (button) folded before Flop
Seat 3: D€est7oye€R (small blind) collected ($5.46)
Seat 4: gig.gyty (big blind) folded before Flop
Seat 5: antey89 folded before Flop (didn't bet)
Seat 6: johnny2dugs folded before Flop (didn't bet)



PokerStars Hand #254716615821:  Hold'em No Limit ($0.50/$1.00 USD) - 2025/02/05 10:13:58 WET [2025/02/05 5:13:58 ET]
Table 'Eva' 6-max Seat #4 is the button
Seat 1: VahTang_89 ($121.81 in chips) 
Seat 2: Y_19 ($103.70 in chips) 
Seat 4: gig.gyty ($100 in chips) 
Seat 5: antey89 ($120.78 in chips) 
Seat 6: johnny2dugs ($100 in chips) 
antey89: posts small blind $0.50
johnny2dugs: posts big blind $1
*** HOLE CARDS ***
VahTang_89: folds 
Y_19: folds 
gig.gyty: folds 
antey89: raises $2 to $3
johnny2dugs: folds 
Uncalled bet ($2) returned to antey89
antey89 collected $2 from pot
antey89: doesn't show hand 
*** SUMMARY ***
Total pot $2 | Rake $0 
Seat 1: VahTang_89 folded before Flop (didn't bet)
Seat 2: Y_19 folded before Flop (didn't bet)
Seat 4: gig.gyty (button) folded before Flop (didn't bet)
Seat 5: antey89 (small blind) collected ($2)
Seat 6: johnny2dugs (big blind) folded before Flop



PokerStars Hand #254716618422:  Hold'em No Limit ($0.50/$1.00 USD) - 2025/02/05 10:14:22 WET [2025/02/05 5:14:22 ET]
Table 'Eva' 6-max Seat #5 is the button
Seat 1: VahTang_89 ($121.81 in chips) 
Seat 2: Y_19 ($103.70 in chips) 
Seat 4: gig.gyty ($100 in chips) 
Seat 5: antey89 ($121.78 in chips) 
Seat 6: johnny2dugs ($99 in chips) 
johnny2dugs: posts small blind $0.50
VahTang_89: posts big blind $1
*** HOLE CARDS ***
Y_19: folds 
gig.gyty: raises $1.25 to $2.25
antey89: raises $5.25 to $7.50
johnny2dugs: calls $7
VahTang_89: folds 
gig.gyty: folds 
*** FLOP *** [8h 2s 9c]
johnny2dugs: checks 
iNeverBluff398 joins the table at seat #3 
iNeverBluff398 leaves the table
antey89: checks 
*** TURN *** [8h 2s 9c] [7d]
johnny2dugs: bets $7.67
antey89: calls $7.67
*** RIVER *** [8h 2s 9c 7d] [Ac]
johnny2dugs: checks 
antey89: bets $23.93
johnny2dugs: folds 
Uncalled bet ($23.93) returned to antey89
antey89 collected $31.91 from pot
antey89: doesn't show hand 
*** SUMMARY ***
Total pot $33.59 | Rake $1.68 
Board [8h 2s 9c 7d Ac]
Seat 1: VahTang_89 (big blind) folded before Flop
Seat 2: Y_19 folded before Flop (didn't bet)
Seat 4: gig.gyty folded before Flop
Seat 5: antey89 (button) collected ($31.91)
Seat 6: johnny2dugs (small blind) folded on the River



PokerStars Hand #254716628376:  Hold'em No Limit ($0.50/$1.00 USD) - 2025/02/05 10:15:56 WET [2025/02/05 5:15:56 ET]
Table 'Eva' 6-max Seat #6 is the button
Seat 1: VahTang_89 ($120.81 in chips) 
Seat 2: Y_19 ($103.70 in chips) 
Seat 4: gig.gyty ($100 in chips) 
Seat 5: antey89 ($138.52 in chips) 
Seat 6: johnny2dugs ($84.83 in chips) 
VahTang_89: posts small blind $0.50
Y_19: posts big blind $1
*** HOLE CARDS ***
gig.gyty: folds 
antey89: folds 
johnny2dugs: folds 
VahTang_89: folds 
Uncalled bet ($0.50) returned to Y_19
Y_19 collected $1 from pot
Y_19: doesn't show hand 
*** SUMMARY ***
Total pot $1 | Rake $0 
Seat 1: VahTang_89 (small blind) folded before Flop
Seat 2: Y_19 (big blind) collected ($1)
Seat 4: gig.gyty folded before Flop (didn't bet)
Seat 5: antey89 folded before Flop (didn't bet)
Seat 6: johnny2dugs (button) folded before Flop (didn't bet)



PokerStars Hand #254716629724:  Hold'em No Limit ($0.50/$1.00 USD) - 2025/02/05 10:16:09 WET [2025/02/05 5:16:09 ET]
Table 'Eva' 6-max Seat #1 is the button
Seat 4: gig.gyty ($100 in chips) is sitting out
Seat 1: VahTang_89 ($120.31 in chips) 
Seat 2: Y_19 ($104.20 in chips) 
Seat 5: antey89 ($138.52 in chips) 
Seat 6: johnny2dugs ($100 in chips) 
Y_19: posts small blind $0.50
gig.gyty: is sitting out 
antey89: posts big blind $1
*** HOLE CARDS ***
johnny2dugs: raises $1 to $2
VahTang_89: folds 
gig.gyty leaves the table
Y_19: calls $1.50
antey89: calls $1
*** FLOP *** [Qs Td 6s]
Y_19: checks 
antey89: checks 
johnny2dugs: bets $2.85
Y_19: calls $2.85
antey89: folds 
*** TURN *** [Qs Td 6s] [Qh]
Y_19: checks 
johnny2dugs: bets $6.56
Y_19: calls $6.56
*** RIVER *** [Qs Td 6s Qh] [Kc]
Y_19: checks 
johnny2dugs: bets $22.82
Y_19: folds 
Uncalled bet ($22.82) returned to johnny2dugs
johnny2dugs collected $23.82 from pot
*** SUMMARY ***
Total pot $24.82 | Rake $1 
Board [Qs Td 6s Qh Kc]
Seat 4: gig.gyty
Seat 1: VahTang_89 (button) folded before Flop (didn't bet)
Seat 2: Y_19 (small blind) folded on the River
Seat 5: antey89 (big blind) folded on the Flop
Seat 6: johnny2dugs collected ($23.82)



PokerStars Hand #254716635687:  Hold'em No Limit ($0.50/$1.00 USD) - 2025/02/05 10:17:05 WET [2025/02/05 5:17:05 ET]
Table 'Eva' 6-max Seat #2 is the button
Seat 1: VahTang_89 ($120.31 in chips) 
Seat 2: Y_19 ($100 in chips) 
Seat 5: antey89 ($136.52 in chips) 
Seat 6: johnny2dugs ($112.41 in chips) 
antey89: posts small blind $0.50
johnny2dugs: posts big blind $1
*** HOLE CARDS ***
VahTang_89: folds 
Y_19: raises $1.23 to $2.23
antey89: folds 
johnny2dugs: calls $1.23
*** FLOP *** [Jd 6d 8h]
johnny2dugs: checks 
Y_19: bets $1.55
johnny2dugs: calls $1.55
*** TURN *** [Jd 6d 8h] [Ac]
johnny2dugs: checks 
Y_19: checks 
*** RIVER *** [Jd 6d 8h Ac] [9h]
johnny2dugs: bets $3.83
Y_19: folds 
Uncalled bet ($3.83) returned to johnny2dugs
johnny2dugs collected $7.66 from pot
*** SUMMARY ***
Total pot $8.06 | Rake $0.40 
Board [Jd 6d 8h Ac 9h]
Seat 1: VahTang_89 folded before Flop (didn't bet)
Seat 2: Y_19 (button) folded on the River
Seat 5: antey89 (small blind) folded before Flop
Seat 6: johnny2dugs (big blind) collected ($7.66)



PokerStars Hand #254716640563:  Hold'em No Limit ($0.50/$1.00 USD) - 2025/02/05 10:17:51 WET [2025/02/05 5:17:51 ET]
Table 'Eva' 6-max Seat #5 is the button
Seat 1: VahTang_89 ($120.31 in chips) 
Seat 2: Y_19 ($100 in chips) 
Seat 5: antey89 ($136.02 in chips) 
Seat 6: johnny2dugs ($116.29 in chips) 
johnny2dugs: posts small blind $0.50
VahTang_89: posts big blind $1
*** HOLE CARDS ***
Y_19: folds 
antey89: raises $1.50 to $2.50
johnny2dugs: calls $2
VahTang_89: folds 
*** FLOP *** [Jd 7h Kh]
johnny2dugs: checks 
TheAveiro joins the table at seat #3 
antey89: checks 
*** TURN *** [Jd 7h Kh] [Qc]
sikisken3169 joins the table at seat #4 
johnny2dugs: bets $2.85
antey89: folds 
Uncalled bet ($2.85) returned to johnny2dugs
johnny2dugs collected $5.70 from pot
*** SUMMARY ***
Total pot $6 | Rake $0.30 
Board [Jd 7h Kh Qc]
Seat 1: VahTang_89 (big blind) folded before Flop
Seat 2: Y_19 folded before Flop (didn't bet)
Seat 5: antey89 (button) folded on the Turn
Seat 6: johnny2dugs (small blind) collected ($5.70)



PokerStars Hand #254716646434:  Hold'em No Limit ($0.50/$1.00 USD) - 2025/02/05 10:18:45 WET [2025/02/05 5:18:45 ET]
Table 'Eva' 6-max Seat #6 is the button
Seat 3: TheAveiro ($40 in chips) is sitting out
Seat 1: VahTang_89 ($119.31 in chips) 
Seat 2: Y_19 ($100 in chips) 
Seat 4: sikisken3169 ($40.16 in chips) 
Seat 5: antey89 ($133.52 in chips) 
Seat 6: johnny2dugs ($119.49 in chips) 
VahTang_89: posts small blind $0.50
Y_19: posts big blind $1
TheAveiro: sits out 
sikisken3169: posts big blind $1
*** HOLE CARDS ***
sikisken3169: checks 
antey89: folds 
johnny2dugs: folds 
VahTang_89: raises $3 to $4
Y_19: folds 
sikisken3169: folds 
Uncalled bet ($3) returned to VahTang_89
VahTang_89 collected $3 from pot
VahTang_89: doesn't show hand 
*** SUMMARY ***
Total pot $3 | Rake $0 
Seat 3: TheAveiro
Seat 1: VahTang_89 (small blind) collected ($3)
Seat 2: Y_19 (big blind) folded before Flop
Seat 4: sikisken3169 folded before Flop (didn't bet)
Seat 5: antey89 folded before Flop (didn't bet)
Seat 6: johnny2dugs (button) folded before Flop (didn't bet)



PokerStars Hand #254716648493:  Hold'em No Limit ($0.50/$1.00 USD) - 2025/02/05 10:19:03 WET [2025/02/05 5:19:03 ET]
Table 'Eva' 6-max Seat #1 is the button
Seat 1: VahTang_89 ($121.31 in chips) 
Seat 2: Y_19 ($100 in chips) 
Seat 3: TheAveiro ($40 in chips) 
Seat 4: sikisken3169 ($39.16 in chips) 
Seat 5: antey89 ($133.52 in chips) 
Seat 6: johnny2dugs ($119.49 in chips) 
Y_19: posts small blind $0.50
TheAveiro: posts big blind $1
*** HOLE CARDS ***
sikisken3169: calls $1
antey89: folds 
johnny2dugs: folds 
VahTang_89: folds 
Y_19: folds 
TheAveiro: raises $2 to $3
sikisken3169: calls $2
*** FLOP *** [4s 6d Th]
TheAveiro: checks 
sikisken3169: checks 
*** TURN *** [4s 6d Th] [Qh]
TheAveiro: checks 
sikisken3169: bets $3.09
TheAveiro: folds 
Uncalled bet ($3.09) returned to sikisken3169
sikisken3169 collected $6.18 from pot
sikisken3169: doesn't show hand 
*** SUMMARY ***
Total pot $6.50 | Rake $0.32 
Board [4s 6d Th Qh]
Seat 1: VahTang_89 (button) folded before Flop (didn't bet)
Seat 2: Y_19 (small blind) folded before Flop
Seat 3: TheAveiro (big blind) folded on the Turn
Seat 4: sikisken3169 collected ($6.18)
Seat 5: antey89 folded before Flop (didn't bet)
Seat 6: johnny2dugs folded before Flop (didn't bet)



PokerStars Hand #254716651769:  Hold'em No Limit ($0.50/$1.00 USD) - 2025/02/05 10:19:33 WET [2025/02/05 5:19:33 ET]
Table 'Eva' 6-max Seat #2 is the button
Seat 1: VahTang_89 ($121.31 in chips) 
Seat 2: Y_19 ($100 in chips) 
Seat 3: TheAveiro ($40 in chips) 
Seat 4: sikisken3169 ($42.34 in chips) 
Seat 5: antey89 ($133.52 in chips) 
Seat 6: johnny2dugs ($119.49 in chips) 
TheAveiro: posts small blind $0.50
sikisken3169: posts big blind $1
*** HOLE CARDS ***
antey89: folds 
johnny2dugs: calls $1
VahTang_89: folds 
Y_19: folds 
TheAveiro: folds 
sikisken3169: checks 
*** FLOP *** [7s 7h Jh]
sikisken3169: checks 
johnny2dugs: checks 
*** TURN *** [7s 7h Jh] [4c]
sikisken3169: bets $1
johnny2dugs: folds 
Uncalled bet ($1) returned to sikisken3169
sikisken3169 collected $2.38 from pot
sikisken3169: doesn't show hand 
*** SUMMARY ***
Total pot $2.50 | Rake $0.12 
Board [7s 7h Jh 4c]
Seat 1: VahTang_89 folded before Flop (didn't bet)
Seat 2: Y_19 (button) folded before Flop (didn't bet)
Seat 3: TheAveiro (small blind) folded before Flop
Seat 4: sikisken3169 (big blind) collected ($2.38)
Seat 5: antey89 folded before Flop (didn't bet)
Seat 6: johnny2dugs folded on the Turn



PokerStars Hand #254716654509:  Hold'em No Limit ($0.50/$1.00 USD) - 2025/02/05 10:19:58 WET [2025/02/05 5:19:58 ET]
Table 'Eva' 6-max Seat #3 is the button
Seat 1: VahTang_89 ($121.31 in chips) 
Seat 2: Y_19 ($100 in chips) 
Seat 3: TheAveiro ($40 in chips) 
Seat 4: sikisken3169 ($43.72 in chips) 
Seat 5: antey89 ($133.52 in chips) 
Seat 6: johnny2dugs ($118.49 in chips) 
sikisken3169: posts small blind $0.50
antey89: posts big blind $1
*** HOLE CARDS ***
johnny2dugs: calls $1
VahTang_89: folds 
Y_19: folds 
TheAveiro: folds 
sikisken3169: calls $0.50
antey89: checks 
*** FLOP *** [8s 5d Jd]
sikisken3169: checks 
antey89: checks 
johnny2dugs: checks 
*** TURN *** [8s 5d Jd] [Jh]
sikisken3169: bets $1
antey89: calls $1
johnny2dugs: folds 
*** RIVER *** [8s 5d Jd Jh] [6d]
sikisken3169: checks 
antey89: checks 
*** SHOW DOWN ***
sikisken3169: shows [5c Qc] (two pair, Jacks and Fives)
antey89: mucks hand 
sikisken3169 collected $4.75 from pot
*** SUMMARY ***
Total pot $5 | Rake $0.25 
Board [8s 5d Jd Jh 6d]
Seat 1: VahTang_89 folded before Flop (didn't bet)
Seat 2: Y_19 folded before Flop (didn't bet)
Seat 3: TheAveiro (button) folded before Flop (didn't bet)
Seat 4: sikisken3169 (small blind) showed [5c Qc] and won ($4.75) with two pair, Jacks and Fives
Seat 5: antey89 (big blind) mucked
Seat 6: johnny2dugs folded on the Turn



PokerStars Hand #254716660258:  Hold'em No Limit ($0.50/$1.00 USD) - 2025/02/05 10:20:52 WET [2025/02/05 5:20:52 ET]
Table 'Eva' 6-max Seat #4 is the button
Seat 1: VahTang_89 ($121.31 in chips) 
Seat 2: Y_19 ($100 in chips) 
Seat 3: TheAveiro ($40 in chips) 
Seat 4: sikisken3169 ($46.47 in chips) 
Seat 5: antey89 ($131.52 in chips) 
Seat 6: johnny2dugs ($117.49 in chips) 
antey89: posts small blind $0.50
johnny2dugs: posts big blind $1
*** HOLE CARDS ***
VahTang_89: folds 
Y_19: raises $1.23 to $2.23
TheAveiro: folds 
sikisken3169: raises $3.23 to $5.46
antey89: folds 
johnny2dugs: folds 
Y_19: calls $3.23
*** FLOP *** [8d 4h 8s]
Y_19: checks 
sikisken3169: bets $4.90
Y_19: folds 
Uncalled bet ($4.90) returned to sikisken3169
sikisken3169 collected $11.80 from pot
sikisken3169: doesn't show hand 
*** SUMMARY ***
Total pot $12.42 | Rake $0.62 
Board [8d 4h 8s]
Seat 1: VahTang_89 folded before Flop (didn't bet)
Seat 2: Y_19 folded on the Flop
Seat 3: TheAveiro folded before Flop (didn't bet)
Seat 4: sikisken3169 (button) collected ($11.80)
Seat 5: antey89 (small blind) folded before Flop
Seat 6: johnny2dugs (big blind) folded before Flop



PokerStars Hand #254716663175:  Hold'em No Limit ($0.50/$1.00 USD) - 2025/02/05 10:21:20 WET [2025/02/05 5:21:20 ET]
Table 'Eva' 6-max Seat #5 is the button
Seat 1: VahTang_89 ($121.31 in chips) 
Seat 2: Y_19 ($100 in chips) 
Seat 3: TheAveiro ($40 in chips) 
Seat 4: sikisken3169 ($52.81 in chips) 
Seat 5: antey89 ($131.02 in chips) 
Seat 6: johnny2dugs ($116.49 in chips) 
johnny2dugs: posts small blind $0.50
VahTang_89: posts big blind $1
*** HOLE CARDS ***
Y_19: raises $1.23 to $2.23
TheAveiro: folds 
sikisken3169: folds 
antey89: folds 
johnny2dugs: folds 
VahTang_89: folds 
Uncalled bet ($1.23) returned to Y_19
Y_19 collected $2.50 from pot
Y_19: doesn't show hand 
*** SUMMARY ***
Total pot $2.50 | Rake $0 
Seat 1: VahTang_89 (big blind) folded before Flop
Seat 2: Y_19 collected ($2.50)
Seat 3: TheAveiro folded before Flop (didn't bet)
Seat 4: sikisken3169 folded before Flop (didn't bet)
Seat 5: antey89 (button) folded before Flop (didn't bet)
Seat 6: johnny2dugs (small blind) folded before Flop



PokerStars Hand #254716664497:  Hold'em No Limit ($0.50/$1.00 USD) - 2025/02/05 10:21:32 WET [2025/02/05 5:21:32 ET]
Table 'Eva' 6-max Seat #6 is the button
Seat 1: VahTang_89 ($120.31 in chips) 
Seat 2: Y_19 ($101.50 in chips) 
Seat 3: TheAveiro ($40 in chips) 
Seat 4: sikisken3169 ($52.81 in chips) 
Seat 5: antey89 ($131.02 in chips) 
Seat 6: johnny2dugs ($115.99 in chips) 
VahTang_89: posts small blind $0.50
Y_19: posts big blind $1
*** HOLE CARDS ***
TheAveiro: folds 
sikisken3169: folds 
antey89: folds 
johnny2dugs: raises $2 to $3
VahTang_89: folds 
Y_19: calls $2
*** FLOP *** [6h Kh 8c]
Y_19: checks 
johnny2dugs: bets $4.09
Y_19: calls $4.09
*** TURN *** [6h Kh 8c] [2s]
Y_19: checks 
johnny2dugs: checks 
*** RIVER *** [6h Kh 8c 2s] [6s]
Y_19: bets $14
johnny2dugs: calls $14
*** SHOW DOWN ***
Y_19: shows [Ac 6c] (three of a kind, Sixes)
johnny2dugs: mucks hand 
Y_19 collected $40.55 from pot
*** SUMMARY ***
Total pot $42.68 | Rake $2.13 
Board [6h Kh 8c 2s 6s]
Seat 1: VahTang_89 (small blind) folded before Flop
Seat 2: Y_19 (big blind) showed [Ac 6c] and won ($40.55) with three of a kind, Sixes
Seat 3: TheAveiro folded before Flop (didn't bet)
Seat 4: sikisken3169 folded before Flop (didn't bet)
Seat 5: antey89 folded before Flop (didn't bet)
Seat 6: johnny2dugs (button) mucked



PokerStars Hand #254716670992:  Hold'em No Limit ($0.50/$1.00 USD) - 2025/02/05 10:22:32 WET [2025/02/05 5:22:32 ET]
Table 'Eva' 6-max Seat #1 is the button
Seat 1: VahTang_89 ($119.81 in chips) 
Seat 2: Y_19 ($120.96 in chips) 
Seat 3: TheAveiro ($40 in chips) 
Seat 4: sikisken3169 ($52.81 in chips) 
Seat 5: antey89 ($131.02 in chips) 
Seat 6: johnny2dugs ($94.90 in chips) 
Y_19: posts small blind $0.50
TheAveiro: posts big blind $1
*** HOLE CARDS ***
sikisken3169: folds 
antey89: folds 
johnny2dugs: folds 
VahTang_89: folds 
Y_19: raises $2 to $3
TheAveiro: calls $2
*** FLOP *** [7c As Qc]
Y_19: bets $1.88
TheAveiro: calls $1.88
*** TURN *** [7c As Qc] [Ts]
Y_19: bets $6.49
TheAveiro: folds 
Uncalled bet ($6.49) returned to Y_19
Y_19 collected $9.27 from pot
Y_19: doesn't show hand 
*** SUMMARY ***
Total pot $9.76 | Rake $0.49 
Board [7c As Qc Ts]
Seat 1: VahTang_89 (button) folded before Flop (didn't bet)
Seat 2: Y_19 (small blind) collected ($9.27)
Seat 3: TheAveiro (big blind) folded on the Turn
Seat 4: sikisken3169 folded before Flop (didn't bet)
Seat 5: antey89 folded before Flop (didn't bet)
Seat 6: johnny2dugs folded before Flop (didn't bet)



PokerStars Hand #254716676419:  Hold'em No Limit ($0.50/$1.00 USD) - 2025/02/05 10:23:23 WET [2025/02/05 5:23:23 ET]
Table 'Eva' 6-max Seat #2 is the button
Seat 1: VahTang_89 ($119.81 in chips) 
Seat 2: Y_19 ($125.35 in chips) 
Seat 3: TheAveiro ($40 in chips) 
Seat 4: sikisken3169 ($52.81 in chips) 
Seat 5: antey89 ($131.02 in chips) 
Seat 6: johnny2dugs ($94.90 in chips) 
TheAveiro: posts small blind $0.50
sikisken3169: posts big blind $1
*** HOLE CARDS ***
antey89: folds 
johnny2dugs: calls $1
VahTang_89: folds 
Y_19: raises $2.63 to $3.63
TheAveiro: folds 
sikisken3169: folds 
johnny2dugs: calls $2.63
*** FLOP *** [Js 9d 7h]
sikisken3169 leaves the table
johnny2dugs: checks 
Y_19: bets $2.75
johnny2dugs: calls $2.75
*** TURN *** [Js 9d 7h] [Qd]
johnny2dugs: checks 
Y_19: bets $9.49
johnny2dugs: calls $9.49
*** RIVER *** [Js 9d 7h Qd] [4d]
johnny2dugs: checks 
Y_19: checks 
*** SHOW DOWN ***
johnny2dugs: shows [9c Ts] (a pair of Nines)
Y_19: shows [Qs 8s] (a pair of Queens)
Y_19 collected $31.58 from pot
*** SUMMARY ***
Total pot $33.24 | Rake $1.66 
Board [Js 9d 7h Qd 4d]
Seat 1: VahTang_89 folded before Flop (didn't bet)
Seat 2: Y_19 (button) showed [Qs 8s] and won ($31.58) with a pair of Queens
Seat 3: TheAveiro (small blind) folded before Flop
Seat 4: sikisken3169 (big blind) folded before Flop
Seat 5: antey89 folded before Flop (didn't bet)
Seat 6: johnny2dugs showed [9c Ts] and lost with a pair of Nines



PokerStars Hand #254716682027:  Hold'em No Limit ($0.50/$1.00 USD) - 2025/02/05 10:24:15 WET [2025/02/05 5:24:15 ET]
Table 'Eva' 6-max Seat #3 is the button
Seat 1: VahTang_89 ($119.81 in chips) 
Seat 2: Y_19 ($141.06 in chips) 
Seat 3: TheAveiro ($40 in chips) 
Seat 5: antey89 ($131.02 in chips) 
Seat 6: johnny2dugs ($79.03 in chips) 
antey89: posts small blind $0.50
johnny2dugs: posts big blind $1
*** HOLE CARDS ***
VahTang_89: folds 
Y_19: folds 
TheAveiro: raises $1.50 to $2.50
antey89: folds 
johnny2dugs: calls $1.50
*** FLOP *** [4d Jc Jd]
johnny2dugs: checks 
Bejondeiala joins the table at seat #4 
TheAveiro: checks 
*** TURN *** [4d Jc Jd] [Th]
johnny2dugs: checks 
TheAveiro: checks 
*** RIVER *** [4d Jc Jd Th] [9d]
johnny2dugs: bets $2.61
TheAveiro: folds 
Uncalled bet ($2.61) returned to johnny2dugs
johnny2dugs collected $5.22 from pot
*** SUMMARY ***
Total pot $5.50 | Rake $0.28 
Board [4d Jc Jd Th 9d]
Seat 1: VahTang_89 folded before Flop (didn't bet)
Seat 2: Y_19 folded before Flop (didn't bet)
Seat 3: TheAveiro (button) folded on the River
Seat 5: antey89 (small blind) folded before Flop
Seat 6: johnny2dugs (big blind) collected ($5.22)



PokerStars Hand #254716686072:  Hold'em No Limit ($0.50/$1.00 USD) - 2025/02/05 10:24:52 WET [2025/02/05 5:24:52 ET]
Table 'Eva' 6-max Seat #5 is the button
Seat 4: Bejondeiala ($100 in chips) is sitting out
Seat 1: VahTang_89 ($119.81 in chips) 
Seat 2: Y_19 ($141.06 in chips) 
Seat 3: TheAveiro ($40 in chips) 
Seat 5: antey89 ($130.52 in chips) 
Seat 6: johnny2dugs ($81.75 in chips) 
johnny2dugs: posts small blind $0.50
VahTang_89: posts big blind $1
Bejondeiala: sits out 
*** HOLE CARDS ***
Y_19: folds 
TheAveiro: folds 
antey89: raises $1.50 to $2.50
johnny2dugs: folds 
VahTang_89: folds 
Uncalled bet ($1.50) returned to antey89
antey89 collected $2.50 from pot
antey89: doesn't show hand 
*** SUMMARY ***
Total pot $2.50 | Rake $0 
Seat 4: Bejondeiala
Seat 1: VahTang_89 (big blind) folded before Flop
Seat 2: Y_19 folded before Flop (didn't bet)
Seat 3: TheAveiro folded before Flop (didn't bet)
Seat 5: antey89 (button) collected ($2.50)
Seat 6: johnny2dugs (small blind) folded before Flop



PokerStars Hand #254716688127:  Hold'em No Limit ($0.50/$1.00 USD) - 2025/02/05 10:25:10 WET [2025/02/05 5:25:10 ET]
Table 'Eva' 6-max Seat #6 is the button
Seat 4: Bejondeiala ($100 in chips) is sitting out
Seat 1: VahTang_89 ($118.81 in chips) 
Seat 2: Y_19 ($141.06 in chips) 
Seat 3: TheAveiro ($40 in chips) 
Seat 5: antey89 ($132.02 in chips) 
Seat 6: johnny2dugs ($81.25 in chips) 
VahTang_89: posts small blind $0.50
Y_19: posts big blind $1
Bejondeiala: sits out 
*** HOLE CARDS ***
TheAveiro: raises $1.50 to $2.50
antey89: folds 
johnny2dugs: folds 
VahTang_89: folds 
Y_19: calls $1.50
*** FLOP *** [3c 3s 2d]
Y_19: checks 
TheAveiro: bets $1.67
Y_19: calls $1.67
*** TURN *** [3c 3s 2d] [9c]
Y_19: checks 
TheAveiro: checks 
*** RIVER *** [3c 3s 2d 9c] [4d]
Y_19: bets $4.20
TheAveiro: calls $4.20
*** SHOW DOWN ***
Y_19: shows [Tc Qc] (a pair of Threes)
TheAveiro: shows [Kc Ad] (a pair of Threes - Ace kicker)
TheAveiro collected $16.38 from pot
*** SUMMARY ***
Total pot $17.24 | Rake $0.86 
Board [3c 3s 2d 9c 4d]
Seat 4: Bejondeiala
Seat 1: VahTang_89 (small blind) folded before Flop
Seat 2: Y_19 (big blind) showed [Tc Qc] and lost with a pair of Threes
Seat 3: TheAveiro showed [Kc Ad] and won ($16.38) with a pair of Threes
Seat 5: antey89 folded before Flop (didn't bet)
Seat 6: johnny2dugs (button) folded before Flop (didn't bet)



PokerStars Hand #254716692111:  Hold'em No Limit ($0.50/$1.00 USD) - 2025/02/05 10:25:47 WET [2025/02/05 5:25:47 ET]
Table 'Eva' 6-max Seat #1 is the button
Seat 4: Bejondeiala ($100 in chips) is sitting out
Seat 1: VahTang_89 ($118.31 in chips) 
Seat 2: Y_19 ($132.69 in chips) 
Seat 3: TheAveiro ($48.01 in chips) 
Seat 5: antey89 ($132.02 in chips) 
Seat 6: johnny2dugs ($81.25 in chips) 
Y_19: posts small blind $0.50
TheAveiro: posts big blind $1
Bejondeiala: sits out 
*** HOLE CARDS ***
antey89: folds 
johnny2dugs: raises $1 to $2
VahTang_89: folds 
Y_19: folds 
TheAveiro: calls $1
*** FLOP *** [Kc 4d 5s]
TheAveiro: checks 
johnny2dugs: checks 
*** TURN *** [Kc 4d 5s] [Ad]
TheAveiro: checks 
johnny2dugs: bets $2.14
TheAveiro: calls $2.14
*** RIVER *** [Kc 4d 5s Ad] [Tc]
TheAveiro: checks 
johnny2dugs: checks 
*** SHOW DOWN ***
TheAveiro: shows [6h 7s] (high card Ace)
johnny2dugs: shows [9c 8c] (high card Ace - King+Ten+Nine kicker)
johnny2dugs collected $8.34 from pot
*** SUMMARY ***
Total pot $8.78 | Rake $0.44 
Board [Kc 4d 5s Ad Tc]
Seat 4: Bejondeiala
Seat 1: VahTang_89 (button) folded before Flop (didn't bet)
Seat 2: Y_19 (small blind) folded before Flop
Seat 3: TheAveiro (big blind) showed [6h 7s] and lost with high card Ace
Seat 5: antey89 folded before Flop (didn't bet)
Seat 6: johnny2dugs showed [9c 8c] and won ($8.34) with high card Ace



PokerStars Hand #254716695515:  Hold'em No Limit ($0.50/$1.00 USD) - 2025/02/05 10:26:18 WET [2025/02/05 5:26:18 ET]
Table 'Eva' 6-max Seat #2 is the button
Seat 1: VahTang_89 ($118.31 in chips) 
Seat 2: Y_19 ($132.19 in chips) 
Seat 3: TheAveiro ($43.87 in chips) 
Seat 4: Bejondeiala ($100 in chips) 
Seat 5: antey89 ($132.02 in chips) 
Seat 6: johnny2dugs ($85.45 in chips) 
TheAveiro: posts small blind $0.50
Bejondeiala: posts big blind $1
*** HOLE CARDS ***
antey89: folds 
johnny2dugs: raises $1 to $2
VahTang_89: folds 
Y_19: folds 
TheAveiro: folds 
Bejondeiala: folds 
Uncalled bet ($1) returned to johnny2dugs
johnny2dugs collected $2.50 from pot
*** SUMMARY ***
Total pot $2.50 | Rake $0 
Seat 1: VahTang_89 folded before Flop (didn't bet)
Seat 2: Y_19 (button) folded before Flop (didn't bet)
Seat 3: TheAveiro (small blind) folded before Flop
Seat 4: Bejondeiala (big blind) folded before Flop
Seat 5: antey89 folded before Flop (didn't bet)
Seat 6: johnny2dugs collected ($2.50)



PokerStars Hand #254716697446:  Hold'em No Limit ($0.50/$1.00 USD) - 2025/02/05 10:26:35 WET [2025/02/05 5:26:35 ET]
Table 'Eva' 6-max Seat #3 is the button
Seat 1: VahTang_89 ($118.31 in chips) 
Seat 2: Y_19 ($132.19 in chips) 
Seat 3: TheAveiro ($43.37 in chips) 
Seat 4: Bejondeiala ($100 in chips) 
Seat 5: antey89 ($132.02 in chips) 
Seat 6: johnny2dugs ($86.95 in chips) 
Bejondeiala: posts small blind $0.50
antey89: posts big blind $1
*** HOLE CARDS ***
johnny2dugs: folds 
VahTang_89: folds 
Y_19: folds 
TheAveiro: raises $1.12 to $2.12
Bejondeiala: folds 
antey89: folds 
Uncalled bet ($1.12) returned to TheAveiro
TheAveiro collected $2.50 from pot
TheAveiro: doesn't show hand 
*** SUMMARY ***
Total pot $2.50 | Rake $0 
Seat 1: VahTang_89 folded before Flop (didn't bet)
Seat 2: Y_19 folded before Flop (didn't bet)
Seat 3: TheAveiro (button) collected ($2.50)
Seat 4: Bejondeiala (small blind) folded before Flop
Seat 5: antey89 (big blind) folded before Flop
Seat 6: johnny2dugs folded before Flop (didn't bet)



PokerStars Hand #254716700876:  Hold'em No Limit ($0.50/$1.00 USD) - 2025/02/05 10:27:07 WET [2025/02/05 5:27:07 ET]
Table 'Eva' 6-max Seat #4 is the button
Seat 1: VahTang_89 ($118.31 in chips) 
Seat 2: Y_19 ($132.19 in chips) 
Seat 3: TheAveiro ($44.87 in chips) 
Seat 4: Bejondeiala ($100 in chips) 
Seat 5: antey89 ($131.02 in chips) 
Seat 6: johnny2dugs ($86.95 in chips) 
antey89: posts small blind $0.50
johnny2dugs: posts big blind $1
*** HOLE CARDS ***
VahTang_89: folds 
Y_19: folds 
TheAveiro: folds 
Bejondeiala: raises $1.50 to $2.50
antey89: raises $8.50 to $11
johnny2dugs: folds 
Bejondeiala: folds 
Uncalled bet ($8.50) returned to antey89
antey89 collected $6 from pot
antey89: doesn't show hand 
*** SUMMARY ***
Total pot $6 | Rake $0 
Seat 1: VahTang_89 folded before Flop (didn't bet)
Seat 2: Y_19 folded before Flop (didn't bet)
Seat 3: TheAveiro folded before Flop (didn't bet)
Seat 4: Bejondeiala (button) folded before Flop
Seat 5: antey89 (small blind) collected ($6)
Seat 6: johnny2dugs (big blind) folded before Flop



PokerStars Hand #254716705171:  Hold'em No Limit ($0.50/$1.00 USD) - 2025/02/05 10:27:46 WET [2025/02/05 5:27:46 ET]
Table 'Eva' 6-max Seat #5 is the button
Seat 1: VahTang_89 ($118.31 in chips) 
Seat 2: Y_19 ($132.19 in chips) 
Seat 3: TheAveiro ($44.87 in chips) 
Seat 4: Bejondeiala ($100 in chips) 
Seat 5: antey89 ($134.52 in chips) 
Seat 6: johnny2dugs ($85.95 in chips) 
johnny2dugs: posts small blind $0.50
VahTang_89: posts big blind $1
*** HOLE CARDS ***
Y_19: folds 
TheAveiro: folds 
Bejondeiala: folds 
antey89: folds 
johnny2dugs: folds 
Uncalled bet ($0.50) returned to VahTang_89
VahTang_89 collected $1 from pot
VahTang_89: doesn't show hand 
*** SUMMARY ***
Total pot $1 | Rake $0 
Seat 1: VahTang_89 (big blind) collected ($1)
Seat 2: Y_19 folded before Flop (didn't bet)
Seat 3: TheAveiro folded before Flop (didn't bet)
Seat 4: Bejondeiala folded before Flop (didn't bet)
Seat 5: antey89 (button) folded before Flop (didn't bet)
Seat 6: johnny2dugs (small blind) folded before Flop



PokerStars Hand #254716709439:  Hold'em No Limit ($0.50/$1.00 USD) - 2025/02/05 10:28:25 WET [2025/02/05 5:28:25 ET]
Table 'Eva' 6-max Seat #6 is the button
Seat 1: VahTang_89 ($118.81 in chips) 
Seat 2: Y_19 ($132.19 in chips) 
Seat 3: TheAveiro ($44.87 in chips) 
Seat 4: Bejondeiala ($100 in chips) 
Seat 5: antey89 ($134.52 in chips) 
Seat 6: johnny2dugs ($85.45 in chips) 
VahTang_89: posts small blind $0.50
Y_19: posts big blind $1
*** HOLE CARDS ***
TheAveiro: folds 
Bejondeiala: folds 
antey89: folds 
johnny2dugs: raises $1 to $2
VahTang_89: folds 
Y_19: calls $1
*** FLOP *** [Ks 2s 9s]
Y_19: checks 
johnny2dugs: checks 
*** TURN *** [Ks 2s 9s] [7c]
Y_19: bets $3.21
johnny2dugs: calls $3.21
*** RIVER *** [Ks 2s 9s 7c] [8c]
Y_19: bets $8.47
johnny2dugs: folds 
Uncalled bet ($8.47) returned to Y_19
Y_19 collected $10.37 from pot
Y_19: doesn't show hand 
*** SUMMARY ***
Total pot $10.92 | Rake $0.55 
Board [Ks 2s 9s 7c 8c]
Seat 1: VahTang_89 (small blind) folded before Flop
Seat 2: Y_19 (big blind) collected ($10.37)
Seat 3: TheAveiro folded before Flop (didn't bet)
Seat 4: Bejondeiala folded before Flop (didn't bet)
Seat 5: antey89 folded before Flop (didn't bet)
Seat 6: johnny2dugs (button) folded on the River



PokerStars Hand #254716716071:  Hold'em No Limit ($0.50/$1.00 USD) - 2025/02/05 10:29:25 WET [2025/02/05 5:29:25 ET]
Table 'Eva' 6-max Seat #1 is the button
Seat 1: VahTang_89 ($118.31 in chips) 
Seat 2: Y_19 ($137.35 in chips) 
Seat 3: TheAveiro ($44.87 in chips) 
Seat 4: Bejondeiala ($100 in chips) 
Seat 5: antey89 ($134.52 in chips) 
Seat 6: johnny2dugs ($80.24 in chips) 
Y_19: posts small blind $0.50
TheAveiro: posts big blind $1
*** HOLE CARDS ***
Bejondeiala: raises $1.10 to $2.10
antey89: folds 
johnny2dugs: calls $2.10
VahTang_89: folds 
Y_19: folds 
TheAveiro: folds 
*** FLOP *** [Qh 2h 3d]
Bejondeiala: checks 
johnny2dugs: checks 
*** TURN *** [Qh 2h 3d] [Jd]
Bejondeiala: checks 
johnny2dugs: bets $2.71
Bejondeiala: raises $6.42 to $9.13
johnny2dugs: calls $6.42
*** RIVER *** [Qh 2h 3d Jd] [9d]
Bejondeiala: bets $7.97
johnny2dugs: raises $19.35 to $27.32
Bejondeiala: folds 
Uncalled bet ($19.35) returned to johnny2dugs
johnny2dugs collected $37.90 from pot
*** SUMMARY ***
Total pot $39.90 | Rake $2 
Board [Qh 2h 3d Jd 9d]
Seat 1: VahTang_89 (button) folded before Flop (didn't bet)
Seat 2: Y_19 (small blind) folded before Flop
Seat 3: TheAveiro (big blind) folded before Flop
Seat 4: Bejondeiala folded on the River
Seat 5: antey89 folded before Flop (didn't bet)
Seat 6: johnny2dugs collected ($37.90)



PokerStars Hand #254716729083:  Hold'em No Limit ($0.50/$1.00 USD) - 2025/02/05 10:31:24 WET [2025/02/05 5:31:24 ET]
Table 'Eva' 6-max Seat #2 is the button
Seat 1: VahTang_89 ($118.31 in chips) 
Seat 2: Y_19 ($136.85 in chips) 
Seat 3: TheAveiro ($43.87 in chips) 
Seat 4: Bejondeiala ($100 in chips) 
Seat 5: antey89 ($134.52 in chips) 
Seat 6: johnny2dugs ($100 in chips) 
TheAveiro: posts small blind $0.50
Bejondeiala: posts big blind $1
*** HOLE CARDS ***
antey89: folds 
johnny2dugs: raises $1 to $2
VahTang_89: folds 
Y_19: folds 
TheAveiro: calls $1.50
Bejondeiala: raises $11 to $13
johnny2dugs: folds 
TheAveiro: folds 
Uncalled bet ($11) returned to Bejondeiala
Bejondeiala collected $6 from pot
Bejondeiala: doesn't show hand 
*** SUMMARY ***
Total pot $6 | Rake $0 
Seat 1: VahTang_89 folded before Flop (didn't bet)
Seat 2: Y_19 (button) folded before Flop (didn't bet)
Seat 3: TheAveiro (small blind) folded before Flop
Seat 4: Bejondeiala (big blind) collected ($6)
Seat 5: antey89 folded before Flop (didn't bet)
Seat 6: johnny2dugs folded before Flop



PokerStars Hand #254716732656:  Hold'em No Limit ($0.50/$1.00 USD) - 2025/02/05 10:31:56 WET [2025/02/05 5:31:56 ET]
Table 'Eva' 6-max Seat #3 is the button
Seat 1: VahTang_89 ($118.31 in chips) 
Seat 2: Y_19 ($136.85 in chips) 
Seat 3: TheAveiro ($41.87 in chips) 
Seat 4: Bejondeiala ($104 in chips) 
Seat 5: antey89 ($134.52 in chips) 
Seat 6: johnny2dugs ($98 in chips) 
Bejondeiala: posts small blind $0.50
antey89: posts big blind $1
*** HOLE CARDS ***
johnny2dugs: folds 
VahTang_89: raises $1.20 to $2.20
Y_19: folds 
TheAveiro: raises $4.80 to $7
Bejondeiala: folds 
antey89: folds 
VahTang_89: folds 
Uncalled bet ($4.80) returned to TheAveiro
TheAveiro collected $5.90 from pot
TheAveiro: doesn't show hand 
*** SUMMARY ***
Total pot $5.90 | Rake $0 
Seat 1: VahTang_89 folded before Flop
Seat 2: Y_19 folded before Flop (didn't bet)
Seat 3: TheAveiro (button) collected ($5.90)
Seat 4: Bejondeiala (small blind) folded before Flop
Seat 5: antey89 (big blind) folded before Flop
Seat 6: johnny2dugs folded before Flop (didn't bet)



PokerStars Hand #254716735970:  Hold'em No Limit ($0.50/$1.00 USD) - 2025/02/05 10:32:26 WET [2025/02/05 5:32:26 ET]
Table 'Eva' 6-max Seat #4 is the button
Seat 1: VahTang_89 ($116.11 in chips) 
Seat 2: Y_19 ($136.85 in chips) 
Seat 3: TheAveiro ($45.57 in chips) 
Seat 4: Bejondeiala ($103.50 in chips) 
Seat 5: antey89 ($133.52 in chips) 
Seat 6: johnny2dugs ($98 in chips) 
antey89: posts small blind $0.50
johnny2dugs: posts big blind $1
*** HOLE CARDS ***
VahTang_89: folds 
Y_19: raises $1.23 to $2.23
TheAveiro: folds 
Bejondeiala: raises $4.77 to $7
antey89: folds 
johnny2dugs: folds 
Y_19: folds 
Uncalled bet ($4.77) returned to Bejondeiala
Bejondeiala collected $5.96 from pot
Bejondeiala: doesn't show hand 
*** SUMMARY ***
Total pot $5.96 | Rake $0 
Seat 1: VahTang_89 folded before Flop (didn't bet)
Seat 2: Y_19 folded before Flop
Seat 3: TheAveiro folded before Flop (didn't bet)
Seat 4: Bejondeiala (button) collected ($5.96)
Seat 5: antey89 (small blind) folded before Flop
Seat 6: johnny2dugs (big blind) folded before Flop



PokerStars Hand #254716740182:  Hold'em No Limit ($0.50/$1.00 USD) - 2025/02/05 10:33:03 WET [2025/02/05 5:33:03 ET]
Table 'Eva' 6-max Seat #5 is the button
Seat 1: VahTang_89 ($116.11 in chips) is sitting out
Seat 2: Y_19 ($134.62 in chips) 
Seat 3: TheAveiro ($45.57 in chips) 
Seat 4: Bejondeiala ($107.23 in chips) 
Seat 5: antey89 ($133.02 in chips) 
Seat 6: johnny2dugs ($97 in chips) 
johnny2dugs: posts small blind $0.50
VahTang_89: is sitting out 
Y_19: posts big blind $1
*** HOLE CARDS ***
VahTang_89 leaves the table
TheAveiro: folds 
Bejondeiala: folds 
antey89: folds 
johnny2dugs: raises $1 to $2
Y_19: calls $1
*** FLOP *** [9h Js 7s]
BadenBadenPH joins the table at seat #1 
BadenBadenPH is disconnected 
johnny2dugs: bets $2.90
Y_19: folds 
Uncalled bet ($2.90) returned to johnny2dugs
johnny2dugs collected $3.80 from pot
*** SUMMARY ***
Total pot $4 | Rake $0.20 
Board [9h Js 7s]
Seat 1: VahTang_89
Seat 2: Y_19 (big blind) folded on the Flop
Seat 3: TheAveiro folded before Flop (didn't bet)
Seat 4: Bejondeiala folded before Flop (didn't bet)
Seat 5: antey89 (button) folded before Flop (didn't bet)
Seat 6: johnny2dugs (small blind) collected ($3.80)



PokerStars Hand #254716745595:  Hold'em No Limit ($0.50/$1.00 USD) - 2025/02/05 10:33:52 WET [2025/02/05 5:33:52 ET]
Table 'Eva' 6-max Seat #6 is the button
Seat 1: BadenBadenPH ($100 in chips) is sitting out
Seat 2: Y_19 ($132.62 in chips) 
Seat 3: TheAveiro ($45.57 in chips) 
Seat 4: Bejondeiala ($107.23 in chips) 
Seat 5: antey89 ($133.02 in chips) 
Seat 6: johnny2dugs ($98.80 in chips) 
Y_19: posts small blind $0.50
TheAveiro: posts big blind $1
*** HOLE CARDS ***
Bejondeiala: folds 
antey89: raises $1.50 to $2.50
johnny2dugs: folds 
Y_19: folds 
TheAveiro: calls $1.50
*** FLOP *** [Jh 7h Kd]
TheAveiro: checks 
antey89: checks 
*** TURN *** [Jh 7h Kd] [7s]
TheAveiro: checks 
antey89: checks 
*** RIVER *** [Jh 7h Kd 7s] [4d]
TheAveiro: checks 
antey89: bets $1.72
TheAveiro: calls $1.72
*** SHOW DOWN ***
antey89: shows [8d Jd] (two pair, Jacks and Sevens)
TheAveiro: mucks hand 
antey89 collected $8.49 from pot
*** SUMMARY ***
Total pot $8.94 | Rake $0.45 
Board [Jh 7h Kd 7s 4d]
Seat 1: BadenBadenPH
Seat 2: Y_19 (small blind) folded before Flop
Seat 3: TheAveiro (big blind) mucked
Seat 4: Bejondeiala folded before Flop (didn't bet)
Seat 5: antey89 showed [8d Jd] and won ($8.49) with two pair, Jacks and Sevens
Seat 6: johnny2dugs (button) folded before Flop (didn't bet)



PokerStars Hand #254716752895:  Hold'em No Limit ($0.50/$1.00 USD) - 2025/02/05 10:34:55 WET [2025/02/05 5:34:55 ET]
Table 'Eva' 6-max Seat #2 is the button
Seat 1: BadenBadenPH ($100 in chips) is sitting out
Seat 4: Bejondeiala ($107.23 in chips) is sitting out
Seat 2: Y_19 ($132.12 in chips) 
Seat 3: TheAveiro ($41.35 in chips) 
Seat 5: antey89 ($137.29 in chips) 
Seat 6: johnny2dugs ($98.80 in chips) 
TheAveiro: posts small blind $0.50
Bejondeiala: is sitting out 
antey89: posts big blind $1
BadenBadenPH: sits out 
*** HOLE CARDS ***
Bejondeiala leaves the table
johnny2dugs: calls $1
Y_19: folds 
TheAveiro: folds 
antey89: checks 
*** FLOP *** [3c 6d Kd]
antey89: bets $1.79
johnny2dugs: folds 
Uncalled bet ($1.79) returned to antey89
antey89 collected $2.38 from pot
antey89: doesn't show hand 
*** SUMMARY ***
Total pot $2.50 | Rake $0.12 
Board [3c 6d Kd]
Seat 1: BadenBadenPH
Seat 4: Bejondeiala
Seat 2: Y_19 (button) folded before Flop (didn't bet)
Seat 3: TheAveiro (small blind) folded before Flop
Seat 5: antey89 (big blind) collected ($2.38)
Seat 6: johnny2dugs folded on the Flop



PokerStars Hand #254716756326:  Hold'em No Limit ($0.50/$1.00 USD) - 2025/02/05 10:35:25 WET [2025/02/05 5:35:25 ET]
Table 'Eva' 6-max Seat #3 is the button
Seat 1: BadenBadenPH ($100 in chips) is sitting out
Seat 2: Y_19 ($132.12 in chips) 
Seat 3: TheAveiro ($40.85 in chips) 
Seat 5: antey89 ($138.67 in chips) 
Seat 6: johnny2dugs ($97.80 in chips) 
antey89: posts small blind $0.50
johnny2dugs: posts big blind $1
BadenBadenPH: sits out 
*** HOLE CARDS ***
Y_19: raises $1.23 to $2.23
TheAveiro: folds 
antey89: folds 
johnny2dugs: calls $1.23
*** FLOP *** [Qc 2h 4h]
johnny2dugs: checks 
Y_19: bets $1.55
johnny2dugs: raises $3.91 to $5.46
Y_19: folds 
Uncalled bet ($3.91) returned to johnny2dugs
johnny2dugs collected $7.66 from pot
*** SUMMARY ***
Total pot $8.06 | Rake $0.40 
Board [Qc 2h 4h]
Seat 1: BadenBadenPH
Seat 2: Y_19 folded on the Flop
Seat 3: TheAveiro (button) folded before Flop (didn't bet)
Seat 5: antey89 (small blind) folded before Flop
Seat 6: johnny2dugs (big blind) collected ($7.66)



PokerStars Hand #254716760828:  Hold'em No Limit ($0.50/$1.00 USD) - 2025/02/05 10:36:05 WET [2025/02/05 5:36:05 ET]
Table 'Eva' 6-max Seat #5 is the button
Seat 1: BadenBadenPH ($100 in chips) 
Seat 2: Y_19 ($128.34 in chips) 
Seat 3: TheAveiro ($40.85 in chips) 
Seat 5: antey89 ($138.17 in chips) 
Seat 6: johnny2dugs ($101.68 in chips) 
johnny2dugs: posts small blind $0.50
BadenBadenPH: posts big blind $1
*** HOLE CARDS ***
Y_19: folds 
WAPEASS joins the table at seat #4 
TheAveiro has timed out
TheAveiro: folds 
antey89: raises $1.50 to $2.50
johnny2dugs: folds 
BadenBadenPH: folds 
Uncalled bet ($1.50) returned to antey89
antey89 collected $2.50 from pot
antey89: doesn't show hand 
*** SUMMARY ***
Total pot $2.50 | Rake $0 
Seat 1: BadenBadenPH (big blind) folded before Flop
Seat 2: Y_19 folded before Flop (didn't bet)
Seat 3: TheAveiro folded before Flop (didn't bet)
Seat 5: antey89 (button) collected ($2.50)
Seat 6: johnny2dugs (small blind) folded before Flop



PokerStars Hand #254716763603:  Hold'em No Limit ($0.50/$1.00 USD) - 2025/02/05 10:36:31 WET [2025/02/05 5:36:31 ET]
Table 'Eva' 6-max Seat #6 is the button
Seat 3: TheAveiro ($40.85 in chips) is sitting out
Seat 4: WAPEASS ($100 in chips) is sitting out
Seat 1: BadenBadenPH ($99 in chips) 
Seat 2: Y_19 ($128.34 in chips) 
Seat 5: antey89 ($139.67 in chips) 
Seat 6: johnny2dugs ($101.18 in chips) 
BadenBadenPH: posts small blind $0.50
Y_19: posts big blind $1
WAPEASS: sits out 
*** HOLE CARDS ***
antey89: folds 
johnny2dugs: raises $1 to $2
BadenBadenPH: calls $1.50
Y_19: raises $10 to $12
johnny2dugs: calls $10
BadenBadenPH: calls $10
*** FLOP *** [Tc 6c 3s]
BadenBadenPH: checks 
WAPEASS leaves the table
perketti joins the table at seat #4 
perketti is disconnected 
Y_19: bets $11.55
johnny2dugs: folds 
BadenBadenPH: raises $20.05 to $31.60
Y_19: calls $20.05
*** TURN *** [Tc 6c 3s] [9c]
BadenBadenPH: bets $55.40 and is all-in
Y_19: folds 
Uncalled bet ($55.40) returned to BadenBadenPH
BadenBadenPH collected $97.95 from pot
*** SUMMARY ***
Total pot $99.20 | Rake $1.25 
Board [Tc 6c 3s 9c]
Seat 3: TheAveiro
Seat 4: WAPEASS
Seat 1: BadenBadenPH (small blind) collected ($97.95)
Seat 2: Y_19 (big blind) folded on the Turn
Seat 5: antey89 folded before Flop (didn't bet)
Seat 6: johnny2dugs (button) folded on the Flop



PokerStars Hand #254716774995:  Hold'em No Limit ($0.50/$1.00 USD) - 2025/02/05 10:38:11 WET [2025/02/05 5:38:11 ET]
Table 'Eva' 6-max Seat #1 is the button
Seat 1: BadenBadenPH ($153.35 in chips) 
Seat 2: Y_19 ($100 in chips) 
Seat 3: TheAveiro ($40.85 in chips) 
Seat 4: perketti ($100 in chips) 
Seat 5: antey89 ($139.67 in chips) 
Seat 6: johnny2dugs ($89.18 in chips) 
Y_19: posts small blind $0.50
TheAveiro: posts big blind $1
perketti: posts big blind $1
*** HOLE CARDS ***
perketti: checks 
antey89: folds 
johnny2dugs: folds 
BadenBadenPH: folds 
Y_19: folds 
TheAveiro: raises $2.50 to $3.50
perketti: calls $2.50
*** FLOP *** [4c Qs 9c]
TheAveiro: checks 
perketti: bets $4.70
TheAveiro: folds 
Uncalled bet ($4.70) returned to perketti
perketti collected $7.12 from pot
perketti: doesn't show hand 
*** SUMMARY ***
Total pot $7.50 | Rake $0.38 
Board [4c Qs 9c]
Seat 1: BadenBadenPH (button) folded before Flop (didn't bet)
Seat 2: Y_19 (small blind) folded before Flop
Seat 3: TheAveiro (big blind) folded on the Flop
Seat 4: perketti collected ($7.12)
Seat 5: antey89 folded before Flop (didn't bet)
Seat 6: johnny2dugs folded before Flop (didn't bet)



PokerStars Hand #254716834618:  Hold'em No Limit ($0.50/$1.00 USD) - 2025/02/05 10:46:53 WET [2025/02/05 5:46:53 ET]
Table 'Eva' 6-max Seat #6 is the button
Seat 1: BadenBadenPH ($76.52 in chips) 
Seat 2: Y_19 ($100 in chips) 
Seat 3: TheAveiro ($40 in chips) 
Seat 4: derek5858 ($112.35 in chips) 
Seat 5: antey89 ($140.56 in chips) 
Seat 6: johnny2dugs ($171.86 in chips) 
BadenBadenPH: posts small blind $0.50
Y_19: posts big blind $1
*** HOLE CARDS ***
TheAveiro: raises $1.50 to $2.50
derek5858: folds 
antey89: folds 
johnny2dugs: folds 
BadenBadenPH: calls $2
Y_19: folds 
*** FLOP *** [8s Jh 8h]
BadenBadenPH: checks 
TheAveiro: checks 
*** TURN *** [8s Jh 8h] [6s]
BadenBadenPH: checks 
TheAveiro: checks 
*** RIVER *** [8s Jh 8h 6s] [Th]
BadenBadenPH: bets $2.85
TheAveiro: calls $2.85
*** SHOW DOWN ***
BadenBadenPH: shows [Qd 2d] (a pair of Eights)
TheAveiro: shows [Ts Ad] (two pair, Tens and Eights)
TheAveiro collected $11.12 from pot
*** SUMMARY ***
Total pot $11.70 | Rake $0.58 
Board [8s Jh 8h 6s Th]
Seat 1: BadenBadenPH (small blind) showed [Qd 2d] and lost with a pair of Eights
Seat 2: Y_19 (big blind) folded before Flop
Seat 3: TheAveiro showed [Ts Ad] and won ($11.12) with two pair, Tens and Eights
Seat 4: derek5858 folded before Flop (didn't bet)
Seat 5: antey89 folded before Flop (didn't bet)
Seat 6: johnny2dugs (button) folded before Flop (didn't bet)



PokerStars Hand #254716839978:  Hold'em No Limit ($0.50/$1.00 USD) - 2025/02/05 10:47:40 WET [2025/02/05 5:47:40 ET]
Table 'Eva' 6-max Seat #1 is the button
Seat 3: TheAveiro ($45.77 in chips) is sitting out
Seat 1: BadenBadenPH ($71.17 in chips) 
Seat 2: Y_19 ($100 in chips) 
Seat 4: derek5858 ($112.35 in chips) 
Seat 5: antey89 ($140.56 in chips) 
Seat 6: johnny2dugs ($171.86 in chips) 
Y_19: posts small blind $0.50
TheAveiro: is sitting out 
derek5858: posts big blind $1
*** HOLE CARDS ***
TheAveiro leaves the table
antey89: folds 
johnny2dugs: calls $1
BadenBadenPH: raises $2.50 to $3.50
Y_19: folds 
derek5858: folds 
johnny2dugs: calls $2.50
*** FLOP *** [5d 4h 9d]
johnny2dugs: checks 
BadenBadenPH: checks 
*** TURN *** [5d 4h 9d] [4c]
johnny2dugs: bets $4.04
BadenBadenPH: folds 
Uncalled bet ($4.04) returned to johnny2dugs
johnny2dugs collected $8.08 from pot
*** SUMMARY ***
Total pot $8.50 | Rake $0.42 
Board [5d 4h 9d 4c]
Seat 3: TheAveiro
Seat 1: BadenBadenPH (button) folded on the Turn
Seat 2: Y_19 (small blind) folded before Flop
Seat 4: derek5858 (big blind) folded before Flop
Seat 5: antey89 folded before Flop (didn't bet)
Seat 6: johnny2dugs collected ($8.08)



PokerStars Hand #254716844728:  Hold'em No Limit ($0.50/$1.00 USD) - 2025/02/05 10:48:22 WET [2025/02/05 5:48:22 ET]
Table 'Eva' 6-max Seat #2 is the button
Seat 1: BadenBadenPH ($67.67 in chips) 
Seat 2: Y_19 ($100 in chips) 
Seat 4: derek5858 ($111.35 in chips) 
Seat 5: antey89 ($140.56 in chips) 
Seat 6: johnny2dugs ($176.44 in chips) 
derek5858: posts small blind $0.50
antey89: posts big blind $1
*** HOLE CARDS ***
johnny2dugs: folds 
BadenBadenPH: raises $1 to $2
Y_19: folds 
derek5858: raises $9 to $11
antey89: folds 
BadenBadenPH: raises $56.67 to $67.67 and is all-in
derek5858: folds 
Uncalled bet ($56.67) returned to BadenBadenPH
BadenBadenPH collected $23 from pot
*** SUMMARY ***
Total pot $23 | Rake $0 
Seat 1: BadenBadenPH collected ($23)
Seat 2: Y_19 (button) folded before Flop (didn't bet)
Seat 4: derek5858 (small blind) folded before Flop
Seat 5: antey89 (big blind) folded before Flop
Seat 6: johnny2dugs folded before Flop (didn't bet)



PokerStars Hand #254716847651:  Hold'em No Limit ($0.50/$1.00 USD) - 2025/02/05 10:48:48 WET [2025/02/05 5:48:48 ET]
Table 'Eva' 6-max Seat #4 is the button
Seat 1: BadenBadenPH ($79.67 in chips) 
Seat 2: Y_19 ($100 in chips) 
Seat 4: derek5858 ($100.35 in chips) 
Seat 5: antey89 ($139.56 in chips) 
Seat 6: johnny2dugs ($176.44 in chips) 
antey89: posts small blind $0.50
johnny2dugs: posts big blind $1
*** HOLE CARDS ***
BadenBadenPH: raises $1 to $2
Y_19: folds 
derek5858: folds 
antey89: folds 
johnny2dugs: folds 
Uncalled bet ($1) returned to BadenBadenPH
BadenBadenPH collected $2.50 from pot
*** SUMMARY ***
Total pot $2.50 | Rake $0 
Seat 1: BadenBadenPH collected ($2.50)
Seat 2: Y_19 folded before Flop (didn't bet)
Seat 4: derek5858 (button) folded before Flop (didn't bet)
Seat 5: antey89 (small blind) folded before Flop
Seat 6: johnny2dugs (big blind) folded before Flop



PokerStars Hand #254716850559:  Hold'em No Limit ($0.50/$1.00 USD) - 2025/02/05 10:49:13 WET [2025/02/05 5:49:13 ET]
Table 'Eva' 6-max Seat #5 is the button
Seat 1: BadenBadenPH ($81.17 in chips) 
Seat 2: Y_19 ($100 in chips) 
Seat 4: derek5858 ($100.35 in chips) 
Seat 5: antey89 ($139.06 in chips) 
Seat 6: johnny2dugs ($175.44 in chips) 
johnny2dugs: posts small blind $0.50
BadenBadenPH: posts big blind $1
*** HOLE CARDS ***
Y_19: folds 
derek5858: folds 
antey89: raises $1.50 to $2.50
johnny2dugs: folds 
BadenBadenPH: calls $1.50
*** FLOP *** [7d Qc 3s]
BadenBadenPH: checks 
antey89: bets $1.72
BadenBadenPH: raises $5.33 to $7.05
antey89: calls $5.33
*** TURN *** [7d Qc 3s] [Js]
BadenBadenPH: checks 
antey89: bets $6.14
BadenBadenPH: calls $6.14
*** RIVER *** [7d Qc 3s Js] [7c]
BadenBadenPH: checks 
antey89: checks 
*** SHOW DOWN ***
BadenBadenPH: shows [Qh 5d] (two pair, Queens and Sevens)
antey89: mucks hand 
BadenBadenPH collected $29.89 from pot
*** SUMMARY ***
Total pot $31.88 | Rake $1.99 
Board [7d Qc 3s Js 7c]
Seat 1: BadenBadenPH (big blind) showed [Qh 5d] and won ($29.89) with two pair, Queens and Sevens
Seat 2: Y_19 folded before Flop (didn't bet)
Seat 4: derek5858 folded before Flop (didn't bet)
Seat 5: antey89 (button) mucked
Seat 6: johnny2dugs (small blind) folded before Flop



PokerStars Hand #254716862388:  Hold'em No Limit ($0.50/$1.00 USD) - 2025/02/05 10:50:59 WET [2025/02/05 5:50:59 ET]
Table 'Eva' 6-max Seat #6 is the button
Seat 1: BadenBadenPH ($95.37 in chips) 
Seat 2: Y_19 ($100 in chips) 
Seat 4: derek5858 ($100.35 in chips) 
Seat 5: antey89 ($123.37 in chips) 
Seat 6: johnny2dugs ($174.94 in chips) 
BadenBadenPH: posts small blind $0.50
Y_19: posts big blind $1
*** HOLE CARDS ***
derek5858: raises $1 to $2
antey89: folds 
johnny2dugs: folds 
BadenBadenPH: folds 
Y_19: folds 
Uncalled bet ($1) returned to derek5858
derek5858 collected $2.50 from pot
*** SUMMARY ***
Total pot $2.50 | Rake $0 
Seat 1: BadenBadenPH (small blind) folded before Flop
Seat 2: Y_19 (big blind) folded before Flop
Seat 4: derek5858 collected ($2.50)
Seat 5: antey89 folded before Flop (didn't bet)
Seat 6: johnny2dugs (button) folded before Flop (didn't bet)



PokerStars Hand #254716866018:  Hold'em No Limit ($0.50/$1.00 USD) - 2025/02/05 10:51:31 WET [2025/02/05 5:51:31 ET]
Table 'Eva' 6-max Seat #1 is the button
Seat 1: BadenBadenPH ($94.87 in chips) 
Seat 2: Y_19 ($100 in chips) 
Seat 4: derek5858 ($101.85 in chips) 
Seat 5: antey89 ($123.37 in chips) 
Seat 6: johnny2dugs ($174.94 in chips) 
Y_19: posts small blind $0.50
derek5858: posts big blind $1
*** HOLE CARDS ***
antey89: folds 
johnny2dugs: folds 
BadenBadenPH: raises $2 to $3
Y_19: folds 
derek5858: calls $2
*** FLOP *** [3d 8h Qd]
derek5858: checks 
BadenBadenPH: bets $3.09
habib beye joins the table at seat #3 
derek5858: calls $3.09
*** TURN *** [3d 8h Qd] [4c]
derek5858: checks 
BadenBadenPH: bets $15.03
derek5858: folds 
Uncalled bet ($15.03) returned to BadenBadenPH
BadenBadenPH collected $11.89 from pot
*** SUMMARY ***
Total pot $12.68 | Rake $0.79 
Board [3d 8h Qd 4c]
Seat 1: BadenBadenPH (button) collected ($11.89)
Seat 2: Y_19 (small blind) folded before Flop
Seat 4: derek5858 (big blind) folded on the Turn
Seat 5: antey89 folded before Flop (didn't bet)
Seat 6: johnny2dugs folded before Flop (didn't bet)



PokerStars Hand #254716872601:  Hold'em No Limit ($0.50/$1.00 USD) - 2025/02/05 10:52:29 WET [2025/02/05 5:52:29 ET]
Table 'Eva' 6-max Seat #2 is the button
Seat 3: habib beye ($100 in chips) is sitting out
Seat 1: BadenBadenPH ($100.67 in chips) 
Seat 2: Y_19 ($100 in chips) 
Seat 4: derek5858 ($100 in chips) 
Seat 5: antey89 ($123.37 in chips) 
Seat 6: johnny2dugs ($174.94 in chips) 
derek5858: posts small blind $0.50
antey89: posts big blind $1
*** HOLE CARDS ***
johnny2dugs: calls $1
BadenBadenPH: folds 
Y_19: folds 
derek5858: folds 
antey89: checks 
*** FLOP *** [Kd Kh 4s]
antey89: checks 
johnny2dugs: checks 
*** TURN *** [Kd Kh 4s] [Td]
antey89: checks 
johnny2dugs: bets $2.19
antey89: folds 
Uncalled bet ($2.19) returned to johnny2dugs
johnny2dugs collected $2.38 from pot
*** SUMMARY ***
Total pot $2.50 | Rake $0.12 
Board [Kd Kh 4s Td]
Seat 3: habib beye
Seat 1: BadenBadenPH folded before Flop (didn't bet)
Seat 2: Y_19 (button) folded before Flop (didn't bet)
Seat 4: derek5858 (small blind) folded before Flop
Seat 5: antey89 (big blind) folded on the Turn
Seat 6: johnny2dugs collected ($2.38)



PokerStars Hand #254716777377:  Hold'em No Limit ($0.50/$1.00 USD) - 2025/02/05 10:38:32 WET [2025/02/05 5:38:32 ET]
Table 'Eva' 6-max Seat #2 is the button
Seat 1: BadenBadenPH ($153.35 in chips) 
Seat 2: Y_19 ($100 in chips) 
Seat 3: TheAveiro ($40 in chips) 
Seat 4: perketti ($103.62 in chips) 
Seat 5: antey89 ($139.67 in chips) 
Seat 6: johnny2dugs ($89.18 in chips) 
TheAveiro: posts small blind $0.50
perketti: posts big blind $1
*** HOLE CARDS ***
antey89: raises $1.50 to $2.50
johnny2dugs: folds 
BadenBadenPH: folds 
Y_19: folds 
TheAveiro: calls $2
perketti: folds 
*** FLOP *** [4s Qh 3s]
TheAveiro: checks 
antey89: bets $1.88
TheAveiro: calls $1.88
*** TURN *** [4s Qh 3s] [Kd]
TheAveiro: checks 
antey89: bets $6.95
TheAveiro: folds 
Uncalled bet ($6.95) returned to antey89
antey89 collected $9.27 from pot
antey89: doesn't show hand 
*** SUMMARY ***
Total pot $9.76 | Rake $0.49 
Board [4s Qh 3s Kd]
Seat 1: BadenBadenPH folded before Flop (didn't bet)
Seat 2: Y_19 (button) folded before Flop (didn't bet)
Seat 3: TheAveiro (small blind) folded on the Turn
Seat 4: perketti (big blind) folded before Flop
Seat 5: antey89 collected ($9.27)
Seat 6: johnny2dugs folded before Flop (didn't bet)



PokerStars Hand #254716783404:  Hold'em No Limit ($0.50/$1.00 USD) - 2025/02/05 10:39:25 WET [2025/02/05 5:39:25 ET]
Table 'Eva' 6-max Seat #3 is the button
Seat 1: BadenBadenPH ($153.35 in chips) 
Seat 2: Y_19 ($100 in chips) 
Seat 3: TheAveiro ($40 in chips) 
Seat 4: perketti ($102.62 in chips) 
Seat 5: antey89 ($144.56 in chips) 
Seat 6: johnny2dugs ($89.18 in chips) 
perketti: posts small blind $0.50
antey89: posts big blind $1
*** HOLE CARDS ***
johnny2dugs: folds 
BadenBadenPH: folds 
Y_19: folds 
TheAveiro: folds 
perketti: folds 
Uncalled bet ($0.50) returned to antey89
antey89 collected $1 from pot
antey89: doesn't show hand 
*** SUMMARY ***
Total pot $1 | Rake $0 
Seat 1: BadenBadenPH folded before Flop (didn't bet)
Seat 2: Y_19 folded before Flop (didn't bet)
Seat 3: TheAveiro (button) folded before Flop (didn't bet)
Seat 4: perketti (small blind) folded before Flop
Seat 5: antey89 (big blind) collected ($1)
Seat 6: johnny2dugs folded before Flop (didn't bet)



PokerStars Hand #254716784599:  Hold'em No Limit ($0.50/$1.00 USD) - 2025/02/05 10:39:36 WET [2025/02/05 5:39:36 ET]
Table 'Eva' 6-max Seat #4 is the button
Seat 1: BadenBadenPH ($153.35 in chips) 
Seat 2: Y_19 ($100 in chips) 
Seat 3: TheAveiro ($40 in chips) 
Seat 4: perketti ($102.12 in chips) 
Seat 5: antey89 ($145.06 in chips) 
Seat 6: johnny2dugs ($89.18 in chips) 
antey89: posts small blind $0.50
johnny2dugs: posts big blind $1
*** HOLE CARDS ***
BadenBadenPH: folds 
Y_19: folds 
TheAveiro: raises $1.12 to $2.12
perketti: calls $2.12
antey89: folds 
johnny2dugs: folds 
*** FLOP *** [Qc 7s Qs]
TheAveiro: bets $1.74
perketti: calls $1.74
*** TURN *** [Qc 7s Qs] [3s]
TheAveiro: checks 
perketti: bets $2
TheAveiro: calls $2
*** RIVER *** [Qc 7s Qs 3s] [Qh]
TheAveiro: checks 
perketti: bets $11
TheAveiro: calls $11
*** SHOW DOWN ***
perketti: shows [Qd Th] (four of a kind, Queens)
TheAveiro: mucks hand 
perketti collected $33.46 from pot
*** SUMMARY ***
Total pot $35.22 | Rake $1.76 
Board [Qc 7s Qs 3s Qh]
Seat 1: BadenBadenPH folded before Flop (didn't bet)
Seat 2: Y_19 folded before Flop (didn't bet)
Seat 3: TheAveiro mucked
Seat 4: perketti (button) showed [Qd Th] and won ($33.46) with four of a kind, Queens
Seat 5: antey89 (small blind) folded before Flop
Seat 6: johnny2dugs (big blind) folded before Flop



PokerStars Hand #254716789873:  Hold'em No Limit ($0.50/$1.00 USD) - 2025/02/05 10:40:22 WET [2025/02/05 5:40:22 ET]
Table 'Eva' 6-max Seat #5 is the button
Seat 1: BadenBadenPH ($153.35 in chips) 
Seat 2: Y_19 ($100 in chips) 
Seat 3: TheAveiro ($40 in chips) 
Seat 4: perketti ($118.72 in chips) 
Seat 5: antey89 ($144.56 in chips) 
Seat 6: johnny2dugs ($88.18 in chips) 
johnny2dugs: posts small blind $0.50
BadenBadenPH: posts big blind $1
*** HOLE CARDS ***
Y_19: folds 
TheAveiro: raises $2 to $3
perketti: folds 
antey89: folds 
johnny2dugs: folds 
BadenBadenPH: calls $2
*** FLOP *** [4c 4h 2s]
BadenBadenPH: checks 
TheAveiro: checks 
*** TURN *** [4c 4h 2s] [8h]
BadenBadenPH: bets $3.09
TheAveiro: folds 
Uncalled bet ($3.09) returned to BadenBadenPH
BadenBadenPH collected $6.10 from pot
*** SUMMARY ***
Total pot $6.50 | Rake $0.40 
Board [4c 4h 2s 8h]
Seat 1: BadenBadenPH (big blind) collected ($6.10)
Seat 2: Y_19 folded before Flop (didn't bet)
Seat 3: TheAveiro folded on the Turn
Seat 4: perketti folded before Flop (didn't bet)
Seat 5: antey89 (button) folded before Flop (didn't bet)
Seat 6: johnny2dugs (small blind) folded before Flop



PokerStars Hand #254716792734:  Hold'em No Limit ($0.50/$1.00 USD) - 2025/02/05 10:40:47 WET [2025/02/05 5:40:47 ET]
Table 'Eva' 6-max Seat #6 is the button
Seat 1: BadenBadenPH ($156.45 in chips) 
Seat 2: Y_19 ($100 in chips) 
Seat 3: TheAveiro ($40 in chips) 
Seat 4: perketti ($118.72 in chips) 
Seat 5: antey89 ($144.56 in chips) 
Seat 6: johnny2dugs ($87.68 in chips) 
BadenBadenPH: posts small blind $0.50
Y_19: posts big blind $1
*** HOLE CARDS ***
TheAveiro: folds 
perketti: folds 
antey89: folds 
johnny2dugs: folds 
BadenBadenPH: raises $2 to $3
Y_19: calls $2
*** FLOP *** [6c Td 2h]
BadenBadenPH: checks 
Y_19: bets $1.88
BadenBadenPH: raises $3.73 to $5.61
Y_19: folds 
Uncalled bet ($3.73) returned to BadenBadenPH
BadenBadenPH collected $9.15 from pot
*** SUMMARY ***
Total pot $9.76 | Rake $0.61 
Board [6c Td 2h]
Seat 1: BadenBadenPH (small blind) collected ($9.15)
Seat 2: Y_19 (big blind) folded on the Flop
Seat 3: TheAveiro folded before Flop (didn't bet)
Seat 4: perketti folded before Flop (didn't bet)
Seat 5: antey89 folded before Flop (didn't bet)
Seat 6: johnny2dugs (button) folded before Flop (didn't bet)



PokerStars Hand #254716796707:  Hold'em No Limit ($0.50/$1.00 USD) - 2025/02/05 10:41:22 WET [2025/02/05 5:41:22 ET]
Table 'Eva' 6-max Seat #1 is the button
Seat 1: BadenBadenPH ($160.72 in chips) 
Seat 2: Y_19 ($100 in chips) 
Seat 3: TheAveiro ($40 in chips) 
Seat 4: perketti ($118.72 in chips) 
Seat 5: antey89 ($144.56 in chips) 
Seat 6: johnny2dugs ($87.68 in chips) 
Y_19: posts small blind $0.50
TheAveiro: posts big blind $1
*** HOLE CARDS ***
perketti: folds 
perketti leaves the table
antey89: raises $1.50 to $2.50
johnny2dugs: calls $2.50
BadenBadenPH: raises $8 to $10.50
Y_19: folds 
TheAveiro: folds 
derek5858 joins the table at seat #4 
antey89: folds 
johnny2dugs: calls $8
*** FLOP *** [Kd Qs 3h]
johnny2dugs: checks 
BadenBadenPH: bets $7.88
johnny2dugs: calls $7.88
*** TURN *** [Kd Qs 3h] [3d]
johnny2dugs: checks 
BadenBadenPH: bets $20.36
johnny2dugs: calls $20.36
*** RIVER *** [Kd Qs 3h 3d] [9s]
johnny2dugs: checks 
BadenBadenPH: bets $121.98 and is all-in
johnny2dugs: calls $48.94 and is all-in
Uncalled bet ($73.04) returned to BadenBadenPH
*** SHOW DOWN ***
BadenBadenPH: shows [6d 5d] (a pair of Threes)
johnny2dugs: shows [Qc Td] (two pair, Queens and Threes)
johnny2dugs collected $176.86 from pot
*** SUMMARY ***
Total pot $179.36 | Rake $2.50 
Board [Kd Qs 3h 3d 9s]
Seat 1: BadenBadenPH (button) showed [6d 5d] and lost with a pair of Threes
Seat 2: Y_19 (small blind) folded before Flop
Seat 3: TheAveiro (big blind) folded before Flop
Seat 4: perketti folded before Flop (didn't bet)
Seat 5: antey89 folded before Flop
Seat 6: johnny2dugs showed [Qc Td] and won ($176.86) with two pair, Queens and Threes



PokerStars Hand #254716810151:  Hold'em No Limit ($0.50/$1.00 USD) - 2025/02/05 10:43:21 WET [2025/02/05 5:43:21 ET]
Table 'Eva' 6-max Seat #2 is the button
Seat 1: BadenBadenPH ($73.04 in chips) 
Seat 2: Y_19 ($100 in chips) 
Seat 3: TheAveiro ($40 in chips) 
Seat 4: derek5858 ($100 in chips) 
Seat 5: antey89 ($142.06 in chips) 
Seat 6: johnny2dugs ($176.86 in chips) 
TheAveiro: posts small blind $0.50
derek5858: posts big blind $1
*** HOLE CARDS ***
antey89: folds 
johnny2dugs: calls $1
BadenBadenPH: raises $2.50 to $3.50
Y_19: folds 
TheAveiro: folds 
derek5858: folds 
johnny2dugs: calls $2.50
*** FLOP *** [7s Js Qd]
johnny2dugs: checks 
BadenBadenPH: bets $4.04
johnny2dugs: folds 
Uncalled bet ($4.04) returned to BadenBadenPH
BadenBadenPH collected $7.98 from pot
*** SUMMARY ***
Total pot $8.50 | Rake $0.52 
Board [7s Js Qd]
Seat 1: BadenBadenPH collected ($7.98)
Seat 2: Y_19 (button) folded before Flop (didn't bet)
Seat 3: TheAveiro (small blind) folded before Flop
Seat 4: derek5858 (big blind) folded before Flop
Seat 5: antey89 folded before Flop (didn't bet)
Seat 6: johnny2dugs folded on the Flop



PokerStars Hand #254716816262:  Hold'em No Limit ($0.50/$1.00 USD) - 2025/02/05 10:44:14 WET [2025/02/05 5:44:14 ET]
Table 'Eva' 6-max Seat #3 is the button
Seat 1: BadenBadenPH ($77.52 in chips) 
Seat 2: Y_19 ($100 in chips) 
Seat 3: TheAveiro ($40 in chips) 
Seat 4: derek5858 ($100 in chips) 
Seat 5: antey89 ($142.06 in chips) 
Seat 6: johnny2dugs ($173.36 in chips) 
derek5858: posts small blind $0.50
antey89: posts big blind $1
*** HOLE CARDS ***
johnny2dugs: raises $1 to $2
BadenBadenPH: folds 
Y_19: folds 
TheAveiro: folds 
derek5858: folds 
antey89: folds 
Uncalled bet ($1) returned to johnny2dugs
johnny2dugs collected $2.50 from pot
*** SUMMARY ***
Total pot $2.50 | Rake $0 
Seat 1: BadenBadenPH folded before Flop (didn't bet)
Seat 2: Y_19 folded before Flop (didn't bet)
Seat 3: TheAveiro (button) folded before Flop (didn't bet)
Seat 4: derek5858 (small blind) folded before Flop
Seat 5: antey89 (big blind) folded before Flop
Seat 6: johnny2dugs collected ($2.50)



PokerStars Hand #254716819187:  Hold'em No Limit ($0.50/$1.00 USD) - 2025/02/05 10:44:39 WET [2025/02/05 5:44:39 ET]
Table 'Eva' 6-max Seat #4 is the button
Seat 1: BadenBadenPH ($77.52 in chips) 
Seat 2: Y_19 ($100 in chips) 
Seat 3: TheAveiro ($40 in chips) 
Seat 4: derek5858 ($100 in chips) 
Seat 5: antey89 ($141.06 in chips) 
Seat 6: johnny2dugs ($174.86 in chips) 
antey89: posts small blind $0.50
johnny2dugs: posts big blind $1
*** HOLE CARDS ***
BadenBadenPH: folds 
Y_19: folds 
TheAveiro: folds 
derek5858: raises $1.50 to $2.50
antey89: folds 
johnny2dugs: calls $1.50
*** FLOP *** [Ts Kh 9s]
johnny2dugs: checks 
derek5858: checks 
*** TURN *** [Ts Kh 9s] [Kd]
johnny2dugs: checks 
derek5858: bets $3.65
johnny2dugs: folds 
Uncalled bet ($3.65) returned to derek5858
derek5858 collected $5.22 from pot
*** SUMMARY ***
Total pot $5.50 | Rake $0.28 
Board [Ts Kh 9s Kd]
Seat 1: BadenBadenPH folded before Flop (didn't bet)
Seat 2: Y_19 folded before Flop (didn't bet)
Seat 3: TheAveiro folded before Flop (didn't bet)
Seat 4: derek5858 (button) collected ($5.22)
Seat 5: antey89 (small blind) folded before Flop
Seat 6: johnny2dugs (big blind) folded on the Turn



PokerStars Hand #254716826305:  Hold'em No Limit ($0.50/$1.00 USD) - 2025/02/05 10:45:40 WET [2025/02/05 5:45:40 ET]
Table 'Eva' 6-max Seat #5 is the button
Seat 1: BadenBadenPH ($77.52 in chips) 
Seat 2: Y_19 ($100 in chips) 
Seat 3: TheAveiro ($40 in chips) 
Seat 4: derek5858 ($102.72 in chips) 
Seat 5: antey89 ($140.56 in chips) 
Seat 6: johnny2dugs ($172.36 in chips) 
johnny2dugs: posts small blind $0.50
BadenBadenPH: posts big blind $1
*** HOLE CARDS ***
Y_19: raises $1.23 to $2.23
TheAveiro: folds 
derek5858: raises $4.17 to $6.40
antey89: folds 
johnny2dugs: folds 
BadenBadenPH: folds 
Y_19: calls $4.17
*** FLOP *** [Kd 2h 8s]
Y_19: checks 
derek5858: bets $2.72
Y_19: calls $2.72
*** TURN *** [Kd 2h 8s] [5d]
Y_19: checks 
derek5858: bets $13.13
Y_19: folds 
Uncalled bet ($13.13) returned to derek5858
derek5858 collected $18.75 from pot
*** SUMMARY ***
Total pot $19.74 | Rake $0.99 
Board [Kd 2h 8s 5d]
Seat 1: BadenBadenPH (big blind) folded before Flop
Seat 2: Y_19 folded on the Turn
Seat 3: TheAveiro folded before Flop (didn't bet)
Seat 4: derek5858 collected ($18.75)
Seat 5: antey89 (button) folded before Flop (didn't bet)
Seat 6: johnny2dugs (small blind) folded before Flop



PokerStars Hand #254716878987:  Hold'em No Limit ($0.50/$1.00 USD) - 2025/02/05 10:53:25 WET [2025/02/05 5:53:25 ET]
Table 'Eva' 6-max Seat #4 is the button
Seat 3: habib beye ($100 in chips) is sitting out
Seat 1: BadenBadenPH ($100.67 in chips) 
Seat 2: Y_19 ($100 in chips) 
Seat 4: derek5858 ($100 in chips) 
Seat 5: antey89 ($122.37 in chips) 
Seat 6: johnny2dugs ($176.32 in chips) 
antey89: posts small blind $0.50
johnny2dugs: posts big blind $1
habib beye: sits out 
*** HOLE CARDS ***
BadenBadenPH: folds 
Y_19: folds 
derek5858: folds 
antey89: folds 
Uncalled bet ($0.50) returned to johnny2dugs
johnny2dugs collected $1 from pot
*** SUMMARY ***
Total pot $1 | Rake $0 
Seat 3: habib beye
Seat 1: BadenBadenPH folded before Flop (didn't bet)
Seat 2: Y_19 folded before Flop (didn't bet)
Seat 4: derek5858 (button) folded before Flop (didn't bet)
Seat 5: antey89 (small blind) folded before Flop
Seat 6: johnny2dugs (big blind) collected ($1)



PokerStars Hand #254716881452:  Hold'em No Limit ($0.50/$1.00 USD) - 2025/02/05 10:53:46 WET [2025/02/05 5:53:46 ET]
Table 'Eva' 6-max Seat #5 is the button
Seat 3: habib beye ($100 in chips) is sitting out
Seat 1: BadenBadenPH ($100.67 in chips) 
Seat 2: Y_19 ($100 in chips) 
Seat 4: derek5858 ($100 in chips) 
Seat 5: antey89 ($121.87 in chips) 
Seat 6: johnny2dugs ($176.82 in chips) 
johnny2dugs: posts small blind $0.50
BadenBadenPH: posts big blind $1
habib beye: sits out 
*** HOLE CARDS ***
Y_19: folds 
derek5858: folds 
antey89: raises $1.50 to $2.50
johnny2dugs: calls $2
BadenBadenPH: raises $7.50 to $10
antey89: folds 
johnny2dugs: folds 
Uncalled bet ($7.50) returned to BadenBadenPH
BadenBadenPH collected $7.50 from pot
*** SUMMARY ***
Total pot $7.50 | Rake $0 
Seat 3: habib beye
Seat 1: BadenBadenPH (big blind) collected ($7.50)
Seat 2: Y_19 folded before Flop (didn't bet)
Seat 4: derek5858 folded before Flop (didn't bet)
Seat 5: antey89 (button) folded before Flop
Seat 6: johnny2dugs (small blind) folded before Flop



PokerStars Hand #254716886385:  Hold'em No Limit ($0.50/$1.00 USD) - 2025/02/05 10:54:28 WET [2025/02/05 5:54:28 ET]
Table 'Eva' 6-max Seat #6 is the button
Seat 3: habib beye ($100 in chips) is sitting out
Seat 1: BadenBadenPH ($105.67 in chips) 
Seat 2: Y_19 ($100 in chips) 
Seat 4: derek5858 ($100 in chips) 
Seat 5: antey89 ($119.37 in chips) 
Seat 6: johnny2dugs ($174.32 in chips) 
BadenBadenPH: posts small blind $0.50
Y_19: posts big blind $1
habib beye: sits out 
*** HOLE CARDS ***
derek5858: folds 
antey89: folds 
johnny2dugs: folds 
BadenBadenPH: raises $2 to $3
Y_19: folds 
Uncalled bet ($2) returned to BadenBadenPH
BadenBadenPH collected $2 from pot
*** SUMMARY ***
Total pot $2 | Rake $0 
Seat 3: habib beye
Seat 1: BadenBadenPH (small blind) collected ($2)
Seat 2: Y_19 (big blind) folded before Flop
Seat 4: derek5858 folded before Flop (didn't bet)
Seat 5: antey89 folded before Flop (didn't bet)
Seat 6: johnny2dugs (button) folded before Flop (didn't bet)



PokerStars Hand #254716889244:  Hold'em No Limit ($0.50/$1.00 USD) - 2025/02/05 10:54:53 WET [2025/02/05 5:54:53 ET]
Table 'Eva' 6-max Seat #1 is the button
Seat 1: BadenBadenPH ($106.67 in chips) 
Seat 2: Y_19 ($100 in chips) 
Seat 3: habib beye ($100 in chips) 
Seat 4: derek5858 ($100 in chips) 
Seat 5: antey89 ($119.37 in chips) 
Seat 6: johnny2dugs ($174.32 in chips) 
Y_19: posts small blind $0.50
habib beye: posts big blind $1
*** HOLE CARDS ***
derek5858: folds 
antey89: raises $1.50 to $2.50
johnny2dugs: calls $2.50
BadenBadenPH: folds 
Y_19: folds 
habib beye: folds 
*** FLOP *** [6h Ad 5d]
antey89: checks 
johnny2dugs: bets $3.09
antey89: folds 
Uncalled bet ($3.09) returned to johnny2dugs
johnny2dugs collected $6.18 from pot
*** SUMMARY ***
Total pot $6.50 | Rake $0.32 
Board [6h Ad 5d]
Seat 1: BadenBadenPH (button) folded before Flop (didn't bet)
Seat 2: Y_19 (small blind) folded before Flop
Seat 3: habib beye (big blind) folded before Flop
Seat 4: derek5858 folded before Flop (didn't bet)
Seat 5: antey89 folded on the Flop
Seat 6: johnny2dugs collected ($6.18)



PokerStars Hand #254716895467:  Hold'em No Limit ($0.50/$1.00 USD) - 2025/02/05 10:55:55 WET [2025/02/05 5:55:55 ET]
Table 'Eva' 6-max Seat #2 is the button
Seat 1: BadenBadenPH ($106.67 in chips) 
Seat 2: Y_19 ($100 in chips) 
Seat 3: habib beye ($100 in chips) 
Seat 4: derek5858 ($100 in chips) 
Seat 5: antey89 ($116.87 in chips) 
Seat 6: johnny2dugs ($178 in chips) 
habib beye: posts small blind $0.50
derek5858: posts big blind $1
*** HOLE CARDS ***
antey89: folds 
johnny2dugs: folds 
BadenBadenPH: folds 
Y_19: folds 
habib beye: folds 
Uncalled bet ($0.50) returned to derek5858
derek5858 collected $1 from pot
*** SUMMARY ***
Total pot $1 | Rake $0 
Seat 1: BadenBadenPH folded before Flop (didn't bet)
Seat 2: Y_19 (button) folded before Flop (didn't bet)
Seat 3: habib beye (small blind) folded before Flop
Seat 4: derek5858 (big blind) collected ($1)
Seat 5: antey89 folded before Flop (didn't bet)
Seat 6: johnny2dugs folded before Flop (didn't bet)



PokerStars Hand #254716897717:  Hold'em No Limit ($0.50/$1.00 USD) - 2025/02/05 10:56:16 WET [2025/02/05 5:56:16 ET]
Table 'Eva' 6-max Seat #3 is the button
Seat 1: BadenBadenPH ($106.67 in chips) 
Seat 2: Y_19 ($100 in chips) 
Seat 3: habib beye ($100 in chips) 
Seat 4: derek5858 ($100.50 in chips) 
Seat 5: antey89 ($116.87 in chips) 
Seat 6: johnny2dugs ($178 in chips) 
derek5858: posts small blind $0.50
antey89: posts big blind $1
*** HOLE CARDS ***
johnny2dugs: calls $1
BadenBadenPH: raises $2 to $3
Y_19: folds 
habib beye: folds 
derek5858: folds 
antey89: folds 
johnny2dugs: calls $2
*** FLOP *** [As 4d Jh]
johnny2dugs: checks 
BadenBadenPH: bets $3.56
johnny2dugs: folds 
Uncalled bet ($3.56) returned to BadenBadenPH
BadenBadenPH collected $7.02 from pot
*** SUMMARY ***
Total pot $7.50 | Rake $0.48 
Board [As 4d Jh]
Seat 1: BadenBadenPH collected ($7.02)
Seat 2: Y_19 folded before Flop (didn't bet)
Seat 3: habib beye (button) folded before Flop (didn't bet)
Seat 4: derek5858 (small blind) folded before Flop
Seat 5: antey89 (big blind) folded before Flop
Seat 6: johnny2dugs folded on the Flop



PokerStars Hand #254716902451:  Hold'em No Limit ($0.50/$1.00 USD) - 2025/02/05 10:57:04 WET [2025/02/05 5:57:04 ET]
Table 'Eva' 6-max Seat #4 is the button
Seat 1: BadenBadenPH ($110.69 in chips) 
Seat 2: Y_19 ($100 in chips) 
Seat 3: habib beye ($100 in chips) 
Seat 4: derek5858 ($100 in chips) 
Seat 5: antey89 ($115.87 in chips) 
Seat 6: johnny2dugs ($175 in chips) 
antey89: posts small blind $0.50
johnny2dugs: posts big blind $1
*** HOLE CARDS ***
BadenBadenPH: raises $1 to $2
Y_19: folds 
habib beye: folds 
derek5858: folds 
antey89: folds 
johnny2dugs: folds 
Uncalled bet ($1) returned to BadenBadenPH
BadenBadenPH collected $2.50 from pot
*** SUMMARY ***
Total pot $2.50 | Rake $0 
Seat 1: BadenBadenPH collected ($2.50)
Seat 2: Y_19 folded before Flop (didn't bet)
Seat 3: habib beye folded before Flop (didn't bet)
Seat 4: derek5858 (button) folded before Flop (didn't bet)
Seat 5: antey89 (small blind) folded before Flop
Seat 6: johnny2dugs (big blind) folded before Flop



PokerStars Hand #254716904900:  Hold'em No Limit ($0.50/$1.00 USD) - 2025/02/05 10:57:29 WET [2025/02/05 5:57:29 ET]
Table 'Eva' 6-max Seat #5 is the button
Seat 1: BadenBadenPH ($112.19 in chips) 
Seat 2: Y_19 ($100 in chips) 
Seat 3: habib beye ($100 in chips) 
Seat 4: derek5858 ($100 in chips) 
Seat 5: antey89 ($115.37 in chips) 
Seat 6: johnny2dugs ($174 in chips) 
johnny2dugs: posts small blind $0.50
BadenBadenPH: posts big blind $1
*** HOLE CARDS ***
Y_19: raises $1.23 to $2.23
habib beye: folds 
derek5858: folds 
antey89: folds 
johnny2dugs: folds 
BadenBadenPH: folds 
Uncalled bet ($1.23) returned to Y_19
Y_19 collected $2.50 from pot
Y_19: doesn't show hand 
*** SUMMARY ***
Total pot $2.50 | Rake $0 
Seat 1: BadenBadenPH (big blind) folded before Flop
Seat 2: Y_19 collected ($2.50)
Seat 3: habib beye folded before Flop (didn't bet)
Seat 4: derek5858 folded before Flop (didn't bet)
Seat 5: antey89 (button) folded before Flop (didn't bet)
Seat 6: johnny2dugs (small blind) folded before Flop



PokerStars Hand #254716907123:  Hold'em No Limit ($0.50/$1.00 USD) - 2025/02/05 10:57:51 WET [2025/02/05 5:57:51 ET]
Table 'Eva' 6-max Seat #6 is the button
Seat 1: BadenBadenPH ($111.19 in chips) 
Seat 2: Y_19 ($101.50 in chips) 
Seat 3: habib beye ($100 in chips) 
Seat 4: derek5858 ($100 in chips) 
Seat 5: antey89 ($115.37 in chips) 
Seat 6: johnny2dugs ($173.50 in chips) 
BadenBadenPH: posts small blind $0.50
Y_19: posts big blind $1
*** HOLE CARDS ***
habib beye: raises $1.25 to $2.25
derek5858: folds 
antey89: folds 
johnny2dugs: folds 
BadenBadenPH: folds 
Y_19: calls $1.25
*** FLOP *** [5d 7s Qs]
Y_19: checks 
habib beye: checks 
*** TURN *** [5d 7s Qs] [4h]
Y_19: checks 
habib beye: checks 
*** RIVER *** [5d 7s Qs 4h] [5s]
Y_19: bets $1.57
habib beye: calls $1.57
*** SHOW DOWN ***
Y_19: shows [7h Kh] (two pair, Sevens and Fives)
habib beye: shows [Jd Jc] (two pair, Jacks and Fives)
habib beye collected $7.73 from pot
*** SUMMARY ***
Total pot $8.14 | Rake $0.41 
Board [5d 7s Qs 4h 5s]
Seat 1: BadenBadenPH (small blind) folded before Flop
Seat 2: Y_19 (big blind) showed [7h Kh] and lost with two pair, Sevens and Fives
Seat 3: habib beye showed [Jd Jc] and won ($7.73) with two pair, Jacks and Fives
Seat 4: derek5858 folded before Flop (didn't bet)
Seat 5: antey89 folded before Flop (didn't bet)
Seat 6: johnny2dugs (button) folded before Flop (didn't bet)



PokerStars Hand #254716912136:  Hold'em No Limit ($0.50/$1.00 USD) - 2025/02/05 10:58:42 WET [2025/02/05 5:58:42 ET]
Table 'Eva' 6-max Seat #1 is the button
Seat 1: BadenBadenPH ($110.69 in chips) 
Seat 2: Y_19 ($100 in chips) 
Seat 3: habib beye ($103.91 in chips) 
Seat 4: derek5858 ($100 in chips) 
Seat 5: antey89 ($115.37 in chips) 
Seat 6: johnny2dugs ($173.50 in chips) 
Y_19: posts small blind $0.50
habib beye: posts big blind $1
*** HOLE CARDS ***
derek5858: raises $1 to $2
antey89: folds 
johnny2dugs: calls $2
BadenBadenPH: calls $2
Y_19: folds 
habib beye: folds 
*** FLOP *** [5h Ad 2s]
derek5858: checks 
johnny2dugs: checks 
BadenBadenPH: checks 
*** TURN *** [5h Ad 2s] [Ac]
derek5858: checks 
johnny2dugs: checks 
BadenBadenPH: checks 
*** RIVER *** [5h Ad 2s Ac] [6h]
derek5858: checks 
johnny2dugs: checks 
BadenBadenPH: checks 
*** SHOW DOWN ***
derek5858: shows [7h 7s] (two pair, Aces and Sevens)
johnny2dugs: mucks hand 
BadenBadenPH: mucks hand 
derek5858 collected $7.12 from pot
*** SUMMARY ***
Total pot $7.50 | Rake $0.38 
Board [5h Ad 2s Ac 6h]
Seat 1: BadenBadenPH (button) mucked
Seat 2: Y_19 (small blind) folded before Flop
Seat 3: habib beye (big blind) folded before Flop
Seat 4: derek5858 showed [7h 7s] and won ($7.12) with two pair, Aces and Sevens
Seat 5: antey89 folded before Flop (didn't bet)
Seat 6: johnny2dugs mucked



PokerStars Hand #254716919271:  Hold'em No Limit ($0.50/$1.00 USD) - 2025/02/05 10:59:53 WET [2025/02/05 5:59:53 ET]
Table 'Eva' 6-max Seat #2 is the button
Seat 1: BadenBadenPH ($108.69 in chips) 
Seat 2: Y_19 ($100 in chips) 
Seat 3: habib beye ($102.91 in chips) 
Seat 4: derek5858 ($105.12 in chips) 
Seat 5: antey89 ($115.37 in chips) 
Seat 6: johnny2dugs ($171.50 in chips) 
habib beye: posts small blind $0.50
derek5858: posts big blind $1
*** HOLE CARDS ***
antey89: folds 
johnny2dugs: folds 
BadenBadenPH: raises $1 to $2
Y_19: raises $4.13 to $6.13
habib beye: folds 
derek5858: folds 
BadenBadenPH: calls $4.13
*** FLOP *** [Jh 9h As]
BadenBadenPH: checks 
Y_19: bets $4.31
BadenBadenPH: folds 
Uncalled bet ($4.31) returned to Y_19
Y_19 collected $13.07 from pot
Y_19: doesn't show hand 
*** SUMMARY ***
Total pot $13.76 | Rake $0.69 
Board [Jh 9h As]
Seat 1: BadenBadenPH folded on the Flop
Seat 2: Y_19 (button) collected ($13.07)
Seat 3: habib beye (small blind) folded before Flop
Seat 4: derek5858 (big blind) folded before Flop
Seat 5: antey89 folded before Flop (didn't bet)
Seat 6: johnny2dugs folded before Flop (didn't bet)



PokerStars Hand #254716924949:  Hold'em No Limit ($0.50/$1.00 USD) - 2025/02/05 11:00:49 WET [2025/02/05 6:00:49 ET]
Table 'Eva' 6-max Seat #3 is the button
Seat 1: BadenBadenPH ($102.56 in chips) 
Seat 2: Y_19 ($106.94 in chips) 
Seat 3: habib beye ($102.41 in chips) 
Seat 4: derek5858 ($104.12 in chips) 
Seat 5: antey89 ($115.37 in chips) 
Seat 6: johnny2dugs ($171.50 in chips) 
derek5858: posts small blind $0.50
antey89: posts big blind $1
*** HOLE CARDS ***
johnny2dugs: folds 
BadenBadenPH: raises $1 to $2
Y_19: folds 
habib beye: raises $5 to $7
derek5858: folds 
antey89: folds 
BadenBadenPH: raises $15.50 to $22.50
habib beye: calls $15.50
*** FLOP *** [Qd 9c Kd]
BadenBadenPH: bets $22.09
habib beye: folds 
Uncalled bet ($22.09) returned to BadenBadenPH
BadenBadenPH collected $43.60 from pot
*** SUMMARY ***
Total pot $46.50 | Rake $2.90 
Board [Qd 9c Kd]
Seat 1: BadenBadenPH collected ($43.60)
Seat 2: Y_19 folded before Flop (didn't bet)
Seat 3: habib beye (button) folded on the Flop
Seat 4: derek5858 (small blind) folded before Flop
Seat 5: antey89 (big blind) folded before Flop
Seat 6: johnny2dugs folded before Flop (didn't bet)



PokerStars Hand #254716931397:  Hold'em No Limit ($0.50/$1.00 USD) - 2025/02/05 11:01:47 WET [2025/02/05 6:01:47 ET]
Table 'Eva' 6-max Seat #4 is the button
Seat 1: BadenBadenPH ($123.66 in chips) 
Seat 2: Y_19 ($106.94 in chips) 
Seat 3: habib beye ($100 in chips) 
Seat 4: derek5858 ($103.62 in chips) 
Seat 5: antey89 ($114.37 in chips) 
Seat 6: johnny2dugs ($171.50 in chips) 
antey89: posts small blind $0.50
johnny2dugs: posts big blind $1
*** HOLE CARDS ***
BadenBadenPH: raises $1 to $2
Y_19: folds 
habib beye: folds 
derek5858: folds 
antey89: calls $1.50
johnny2dugs: calls $1
*** FLOP *** [5d 9c 2c]
antey89: checks 
johnny2dugs: checks 
BadenBadenPH: checks 
*** TURN *** [5d 9c 2c] [9d]
antey89: checks 
johnny2dugs: checks 
BadenBadenPH: checks 
*** RIVER *** [5d 9c 2c 9d] [Kd]
antey89: checks 
johnny2dugs: checks 
BadenBadenPH: checks 
*** SHOW DOWN ***
antey89: shows [Ts Js] (a pair of Nines)
johnny2dugs: shows [7c Qs] (a pair of Nines - King+Queen kicker)
BadenBadenPH: shows [Ah Th] (a pair of Nines - Ace kicker)
BadenBadenPH collected $5.62 from pot
*** SUMMARY ***
Total pot $6 | Rake $0.38 
Board [5d 9c 2c 9d Kd]
Seat 1: BadenBadenPH showed [Ah Th] and won ($5.62) with a pair of Nines
Seat 2: Y_19 folded before Flop (didn't bet)
Seat 3: habib beye folded before Flop (didn't bet)
Seat 4: derek5858 (button) folded before Flop (didn't bet)
Seat 5: antey89 (small blind) showed [Ts Js] and lost with a pair of Nines
Seat 6: johnny2dugs (big blind) showed [7c Qs] and lost with a pair of Nines



PokerStars Hand #254716942895:  Hold'em No Limit ($0.50/$1.00 USD) - 2025/02/05 11:03:26 WET [2025/02/05 6:03:26 ET]
Table 'Eva' 6-max Seat #5 is the button
Seat 1: BadenBadenPH ($127.28 in chips) is sitting out
Seat 2: Y_19 ($106.94 in chips) 
Seat 3: habib beye ($100 in chips) 
Seat 4: derek5858 ($103.62 in chips) 
Seat 5: antey89 ($112.37 in chips) 
Seat 6: johnny2dugs ($169.50 in chips) 
johnny2dugs: posts small blind $0.50
Y_19: posts big blind $1
*** HOLE CARDS ***
habib beye: folds 
derek5858: folds 
BadenBadenPH leaves the table
antey89: raises $1.50 to $2.50
johnny2dugs: calls $2
Ydys20 joins the table at seat #1 
Y_19: raises $10.50 to $13
antey89: folds 
johnny2dugs: calls $10.50
*** FLOP *** [Js Ah Kh]
johnny2dugs: checks 
Y_19: bets $13.54
johnny2dugs: folds 
Uncalled bet ($13.54) returned to Y_19
Y_19 collected $27.08 from pot
Y_19: doesn't show hand 
*** SUMMARY ***
Total pot $28.50 | Rake $1.42 
Board [Js Ah Kh]
Seat 1: BadenBadenPH
Seat 2: Y_19 (big blind) collected ($27.08)
Seat 3: habib beye folded before Flop (didn't bet)
Seat 4: derek5858 folded before Flop (didn't bet)
Seat 5: antey89 (button) folded before Flop
Seat 6: johnny2dugs (small blind) folded on the Flop



PokerStars Hand #254716949400:  Hold'em No Limit ($0.50/$1.00 USD) - 2025/02/05 11:04:22 WET [2025/02/05 6:04:22 ET]
Table 'Eva' 6-max Seat #6 is the button
Seat 1: Ydys20 ($100 in chips) is sitting out
Seat 2: Y_19 ($121.02 in chips) 
Seat 3: habib beye ($100 in chips) 
Seat 4: derek5858 ($103.62 in chips) 
Seat 5: antey89 ($109.87 in chips) 
Seat 6: johnny2dugs ($156.50 in chips) 
Y_19: posts small blind $0.50
habib beye: posts big blind $1
*** HOLE CARDS ***
derek5858: folds 
antey89: folds 
johnny2dugs: folds 
Y_19: folds 
Uncalled bet ($0.50) returned to habib beye
habib beye collected $1 from pot
habib beye: doesn't show hand 
*** SUMMARY ***
Total pot $1 | Rake $0 
Seat 1: Ydys20
Seat 2: Y_19 (small blind) folded before Flop
Seat 3: habib beye (big blind) collected ($1)
Seat 4: derek5858 folded before Flop (didn't bet)
Seat 5: antey89 folded before Flop (didn't bet)
Seat 6: johnny2dugs (button) folded before Flop (didn't bet)



PokerStars Hand #254716951234:  Hold'em No Limit ($0.50/$1.00 USD) - 2025/02/05 11:04:37 WET [2025/02/05 6:04:37 ET]
Table 'Eva' 6-max Seat #2 is the button
Seat 1: Ydys20 ($100 in chips) is sitting out
Seat 2: Y_19 ($120.52 in chips) 
Seat 3: habib beye ($100.50 in chips) 
Seat 4: derek5858 ($103.62 in chips) 
Seat 5: antey89 ($109.87 in chips) 
Seat 6: johnny2dugs ($156.50 in chips) 
habib beye: posts small blind $0.50
derek5858: posts big blind $1
Ydys20: sits out 
*** HOLE CARDS ***
antey89: folds 
johnny2dugs: folds 
Y_19: raises $1.23 to $2.23
habib beye: folds 
derek5858: folds 
Uncalled bet ($1.23) returned to Y_19
Y_19 collected $2.50 from pot
Y_19: doesn't show hand 
*** SUMMARY ***
Total pot $2.50 | Rake $0 
Seat 1: Ydys20
Seat 2: Y_19 (button) collected ($2.50)
Seat 3: habib beye (small blind) folded before Flop
Seat 4: derek5858 (big blind) folded before Flop
Seat 5: antey89 folded before Flop (didn't bet)
Seat 6: johnny2dugs folded before Flop (didn't bet)



PokerStars Hand #254716955229:  Hold'em No Limit ($0.50/$1.00 USD) - 2025/02/05 11:05:11 WET [2025/02/05 6:05:11 ET]
Table 'Eva' 6-max Seat #3 is the button
Seat 1: Ydys20 ($100 in chips) is sitting out
Seat 2: Y_19 ($122.02 in chips) 
Seat 3: habib beye ($100 in chips) 
Seat 4: derek5858 ($102.62 in chips) 
Seat 5: antey89 ($109.87 in chips) 
Seat 6: johnny2dugs ($156.50 in chips) 
derek5858: posts small blind $0.50
antey89: posts big blind $1
Ydys20: sits out 
*** HOLE CARDS ***
johnny2dugs: folds 
Y_19: folds 
habib beye: folds 
derek5858: folds 
Uncalled bet ($0.50) returned to antey89
antey89 collected $1 from pot
antey89: doesn't show hand 
*** SUMMARY ***
Total pot $1 | Rake $0 
Seat 1: Ydys20
Seat 2: Y_19 folded before Flop (didn't bet)
Seat 3: habib beye (button) folded before Flop (didn't bet)
Seat 4: derek5858 (small blind) folded before Flop
Seat 5: antey89 (big blind) collected ($1)
Seat 6: johnny2dugs folded before Flop (didn't bet)



PokerStars Hand #254716957467:  Hold'em No Limit ($0.50/$1.00 USD) - 2025/02/05 11:05:30 WET [2025/02/05 6:05:30 ET]
Table 'Eva' 6-max Seat #4 is the button
Seat 1: Ydys20 ($100 in chips) is sitting out
Seat 2: Y_19 ($122.02 in chips) 
Seat 3: habib beye ($100 in chips) 
Seat 4: derek5858 ($102.12 in chips) 
Seat 5: antey89 ($110.37 in chips) 
Seat 6: johnny2dugs ($156.50 in chips) 
antey89: posts small blind $0.50
johnny2dugs: posts big blind $1
Ydys20: sits out 
*** HOLE CARDS ***
Y_19: raises $1.23 to $2.23
habib beye: folds 
derek5858: folds 
antey89: folds 
johnny2dugs: folds 
Uncalled bet ($1.23) returned to Y_19
Y_19 collected $2.50 from pot
Y_19: doesn't show hand 
*** SUMMARY ***
Total pot $2.50 | Rake $0 
Seat 1: Ydys20
Seat 2: Y_19 collected ($2.50)
Seat 3: habib beye folded before Flop (didn't bet)
Seat 4: derek5858 (button) folded before Flop (didn't bet)
Seat 5: antey89 (small blind) folded before Flop
Seat 6: johnny2dugs (big blind) folded before Flop



PokerStars Hand #254716960274:  Hold'em No Limit ($0.50/$1.00 USD) - 2025/02/05 11:05:54 WET [2025/02/05 6:05:54 ET]
Table 'Eva' 6-max Seat #5 is the button
Seat 1: Ydys20 ($100 in chips) 
Seat 2: Y_19 ($123.52 in chips) 
Seat 3: habib beye ($100 in chips) 
Seat 4: derek5858 ($102.12 in chips) 
Seat 5: antey89 ($109.87 in chips) 
Seat 6: johnny2dugs ($155.50 in chips) 
johnny2dugs: posts small blind $0.50
Ydys20: posts big blind $1
*** HOLE CARDS ***
Y_19: folds 
habib beye: folds 
derek5858: folds 
antey89: folds 
johnny2dugs: folds 
Uncalled bet ($0.50) returned to Ydys20
Ydys20 collected $1 from pot
Ydys20: doesn't show hand 
*** SUMMARY ***
Total pot $1 | Rake $0 
Seat 1: Ydys20 (big blind) collected ($1)
Seat 2: Y_19 folded before Flop (didn't bet)
Seat 3: habib beye folded before Flop (didn't bet)
Seat 4: derek5858 folded before Flop (didn't bet)
Seat 5: antey89 (button) folded before Flop (didn't bet)
Seat 6: johnny2dugs (small blind) folded before Flop



PokerStars Hand #254716962010:  Hold'em No Limit ($0.50/$1.00 USD) - 2025/02/05 11:06:09 WET [2025/02/05 6:06:09 ET]
Table 'Eva' 6-max Seat #1 is the button
Seat 6: johnny2dugs ($155 in chips) is sitting out
Seat 1: Ydys20 ($100.50 in chips) 
Seat 2: Y_19 ($123.52 in chips) 
Seat 3: habib beye ($100 in chips) 
Seat 4: derek5858 ($102.12 in chips) 
Seat 5: antey89 ($109.87 in chips) 
Y_19: posts small blind $0.50
habib beye: posts big blind $1
*** HOLE CARDS ***
derek5858: folds 
antey89: raises $1.50 to $2.50
Ydys20: folds 
Y_19: folds 
habib beye: calls $1.50
*** FLOP *** [6c 7h 4h]
habib beye: checks 
antey89: checks 
*** TURN *** [6c 7h 4h] [3c]
habib beye: checks 
antey89: checks 
*** RIVER *** [6c 7h 4h 3c] [6d]
habib beye: checks 
antey89: checks 
*** SHOW DOWN ***
habib beye: shows [Kd Js] (a pair of Sixes)
antey89: mucks hand 
habib beye collected $5.22 from pot
*** SUMMARY ***
Total pot $5.50 | Rake $0.28 
Board [6c 7h 4h 3c 6d]
Seat 6: johnny2dugs
Seat 1: Ydys20 (button) folded before Flop (didn't bet)
Seat 2: Y_19 (small blind) folded before Flop
Seat 3: habib beye (big blind) showed [Kd Js] and won ($5.22) with a pair of Sixes
Seat 4: derek5858 folded before Flop (didn't bet)
Seat 5: antey89 mucked



PokerStars Hand #254716968876:  Hold'em No Limit ($0.50/$1.00 USD) - 2025/02/05 11:07:07 WET [2025/02/05 6:07:07 ET]
Table 'Eva' 6-max Seat #2 is the button
Seat 6: johnny2dugs ($155 in chips) is sitting out
Seat 1: Ydys20 ($100.50 in chips) 
Seat 2: Y_19 ($123.02 in chips) 
Seat 3: habib beye ($102.72 in chips) 
Seat 4: derek5858 ($102.12 in chips) 
Seat 5: antey89 ($107.37 in chips) 
habib beye: posts small blind $0.50
derek5858: posts big blind $1
*** HOLE CARDS ***
antey89: folds 
Ydys20: folds 
Y_19: folds 
habib beye: raises $2 to $3
derek5858: calls $2
*** FLOP *** [5s 4d 5c]
habib beye: checks 
derek5858: bets $1
habib beye: calls $1
*** TURN *** [5s 4d 5c] [Ad]
habib beye: checks 
derek5858: checks 
*** RIVER *** [5s 4d 5c Ad] [Qs]
habib beye: checks 
derek5858: checks 
*** SHOW DOWN ***
habib beye: shows [Jd As] (two pair, Aces and Fives)
derek5858: mucks hand 
habib beye collected $7.60 from pot
*** SUMMARY ***
Total pot $8 | Rake $0.40 
Board [5s 4d 5c Ad Qs]
Seat 6: johnny2dugs
Seat 1: Ydys20 folded before Flop (didn't bet)
Seat 2: Y_19 (button) folded before Flop (didn't bet)
Seat 3: habib beye (small blind) showed [Jd As] and won ($7.60) with two pair, Aces and Fives
Seat 4: derek5858 (big blind) mucked
Seat 5: antey89 folded before Flop (didn't bet)



PokerStars Hand #254716977108:  Hold'em No Limit ($0.50/$1.00 USD) - 2025/02/05 11:08:17 WET [2025/02/05 6:08:17 ET]
Table 'Eva' 6-max Seat #3 is the button
Seat 6: johnny2dugs ($155 in chips) is sitting out
Seat 1: Ydys20 ($100.50 in chips) 
Seat 2: Y_19 ($123.02 in chips) 
Seat 3: habib beye ($106.32 in chips) 
Seat 4: derek5858 ($100 in chips) 
Seat 5: antey89 ($107.37 in chips) 
derek5858: posts small blind $0.50
antey89: posts big blind $1
*** HOLE CARDS ***
Ydys20: folds 
Y_19: folds 
habib beye: folds 
derek5858: folds 
Uncalled bet ($0.50) returned to antey89
antey89 collected $1 from pot
antey89: doesn't show hand 
*** SUMMARY ***
Total pot $1 | Rake $0 
Seat 6: johnny2dugs
Seat 1: Ydys20 folded before Flop (didn't bet)
Seat 2: Y_19 folded before Flop (didn't bet)
Seat 3: habib beye (button) folded before Flop (didn't bet)
Seat 4: derek5858 (small blind) folded before Flop
Seat 5: antey89 (big blind) collected ($1)



PokerStars Hand #254716978255:  Hold'em No Limit ($0.50/$1.00 USD) - 2025/02/05 11:08:27 WET [2025/02/05 6:08:27 ET]
Table 'Eva' 6-max Seat #4 is the button
Seat 6: johnny2dugs ($155 in chips) is sitting out
Seat 1: Ydys20 ($100.50 in chips) 
Seat 2: Y_19 ($123.02 in chips) 
Seat 3: habib beye ($106.32 in chips) 
Seat 4: derek5858 ($100 in chips) 
Seat 5: antey89 ($107.87 in chips) 
antey89: posts small blind $0.50
Ydys20: posts big blind $1
*** HOLE CARDS ***
Y_19: folds 
habib beye: folds 
derek5858: folds 
antey89: folds 
Uncalled bet ($0.50) returned to Ydys20
Ydys20 collected $1 from pot
Ydys20: doesn't show hand 
*** SUMMARY ***
Total pot $1 | Rake $0 
Seat 6: johnny2dugs
Seat 1: Ydys20 (big blind) collected ($1)
Seat 2: Y_19 folded before Flop (didn't bet)
Seat 3: habib beye folded before Flop (didn't bet)
Seat 4: derek5858 (button) folded before Flop (didn't bet)
Seat 5: antey89 (small blind) folded before Flop



PokerStars Hand #254716979406:  Hold'em No Limit ($0.50/$1.00 USD) - 2025/02/05 11:08:37 WET [2025/02/05 6:08:37 ET]
Table 'Eva' 6-max Seat #5 is the button
Seat 6: johnny2dugs ($155 in chips) is sitting out
Seat 1: Ydys20 ($101 in chips) 
Seat 2: Y_19 ($123.02 in chips) 
Seat 3: habib beye ($106.32 in chips) 
Seat 4: derek5858 ($100 in chips) 
Seat 5: antey89 ($107.37 in chips) 
Ydys20: posts small blind $0.50
Y_19: posts big blind $1
*** HOLE CARDS ***
habib beye: folds 
derek5858: folds 
antey89: folds 
Ydys20: raises $2 to $3
Y_19: folds 
Uncalled bet ($2) returned to Ydys20
Ydys20 collected $2 from pot
Ydys20: doesn't show hand 
*** SUMMARY ***
Total pot $2 | Rake $0 
Seat 6: johnny2dugs
Seat 1: Ydys20 (small blind) collected ($2)
Seat 2: Y_19 (big blind) folded before Flop
Seat 3: habib beye folded before Flop (didn't bet)
Seat 4: derek5858 folded before Flop (didn't bet)
Seat 5: antey89 (button) folded before Flop (didn't bet)



PokerStars Hand #254716983937:  Hold'em No Limit ($0.50/$1.00 USD) - 2025/02/05 11:09:16 WET [2025/02/05 6:09:16 ET]
Table 'Eva' 6-max Seat #1 is the button
Seat 6: johnny2dugs ($155 in chips) is sitting out
Seat 1: Ydys20 ($102 in chips) 
Seat 2: Y_19 ($122.02 in chips) 
Seat 3: habib beye ($106.32 in chips) 
Seat 4: derek5858 ($100 in chips) 
Seat 5: antey89 ($107.37 in chips) 
Y_19: posts small blind $0.50
habib beye: posts big blind $1
*** HOLE CARDS ***
derek5858: folds 
derek5858 leaves the table
antey89: folds 
Ydys20: folds 
Y_19: folds 
Uncalled bet ($0.50) returned to habib beye
habib beye collected $1 from pot
*** SUMMARY ***
Total pot $1 | Rake $0 
Seat 6: johnny2dugs
Seat 1: Ydys20 (button) folded before Flop (didn't bet)
Seat 2: Y_19 (small blind) folded before Flop
Seat 3: habib beye (big blind) collected ($1)
Seat 4: derek5858 folded before Flop (didn't bet)
Seat 5: antey89 folded before Flop (didn't bet)



PokerStars Hand #254716986285:  Hold'em No Limit ($0.50/$1.00 USD) - 2025/02/05 11:09:36 WET [2025/02/05 6:09:36 ET]
Table 'Eva' 6-max Seat #2 is the button
Seat 6: johnny2dugs ($155 in chips) is sitting out
Seat 1: Ydys20 ($102 in chips) 
Seat 2: Y_19 ($121.52 in chips) 
Seat 3: habib beye ($106.82 in chips) 
Seat 5: antey89 ($107.37 in chips) 
habib beye: posts small blind $0.50
antey89: posts big blind $1
*** HOLE CARDS ***
Ydys20: raises $1.50 to $2.50
Y_19: folds 
habib beye: folds 
antey89: folds 
Uncalled bet ($1.50) returned to Ydys20
Ydys20 collected $2.50 from pot
Ydys20: doesn't show hand 
*** SUMMARY ***
Total pot $2.50 | Rake $0 
Seat 6: johnny2dugs
Seat 1: Ydys20 collected ($2.50)
Seat 2: Y_19 (button) folded before Flop (didn't bet)
Seat 3: habib beye (small blind) folded before Flop
Seat 5: antey89 (big blind) folded before Flop



PokerStars Hand #254716987844:  Hold'em No Limit ($0.50/$1.00 USD) - 2025/02/05 11:09:49 WET [2025/02/05 6:09:49 ET]
Table 'Eva' 6-max Seat #3 is the button
Seat 6: johnny2dugs ($155 in chips) is sitting out
Seat 1: Ydys20 ($103.50 in chips) 
Seat 2: Y_19 ($121.52 in chips) 
Seat 3: habib beye ($106.32 in chips) 
Seat 5: antey89 ($106.37 in chips) 
antey89: posts small blind $0.50
Ydys20: posts big blind $1
*** HOLE CARDS ***
Y_19: folds 
habib beye: folds 
antey89: raises $2 to $3
Ydys20: folds 
Uncalled bet ($2) returned to antey89
antey89 collected $2 from pot
antey89: doesn't show hand 
*** SUMMARY ***
Total pot $2 | Rake $0 
Seat 6: johnny2dugs
Seat 1: Ydys20 (big blind) folded before Flop
Seat 2: Y_19 folded before Flop (didn't bet)
Seat 3: habib beye (button) folded before Flop (didn't bet)
Seat 5: antey89 (small blind) collected ($2)



PokerStars Hand #254716989533:  Hold'em No Limit ($0.50/$1.00 USD) - 2025/02/05 11:10:04 WET [2025/02/05 6:10:04 ET]
Table 'Eva' 6-max Seat #5 is the button
Seat 2: Y_19 ($121.52 in chips) is sitting out
Seat 6: johnny2dugs ($155 in chips) is sitting out
Seat 1: Ydys20 ($102.50 in chips) 
Seat 3: habib beye ($106.32 in chips) 
Seat 5: antey89 ($107.37 in chips) 
Ydys20: posts small blind $0.50
Y_19: is sitting out 
habib beye: posts big blind $1
*** HOLE CARDS ***
antey89: folds 
Y_19 leaves the table
Ydys20: raises $2 to $3
habib beye: folds 
Uncalled bet ($2) returned to Ydys20
Ydys20 collected $2 from pot
Ydys20: doesn't show hand 
*** SUMMARY ***
Total pot $2 | Rake $0 
Seat 2: Y_19
Seat 6: johnny2dugs
Seat 1: Ydys20 (small blind) collected ($2)
Seat 3: habib beye (big blind) folded before Flop
Seat 5: antey89 (button) folded before Flop (didn't bet)



PokerStars Hand #254716991303:  Hold'em No Limit ($0.50/$1.00 USD) - 2025/02/05 11:10:19 WET [2025/02/05 6:10:19 ET]
Table 'Eva' 6-max Seat #1 is the button
Seat 6: johnny2dugs ($155 in chips) is sitting out
Seat 1: Ydys20 ($103.50 in chips) 
Seat 3: habib beye ($105.32 in chips) 
Seat 5: antey89 ($107.37 in chips) 
habib beye: posts small blind $0.50
antey89: posts big blind $1
*** HOLE CARDS ***
Ydys20: folds 
habib beye: raises $2 to $3
antey89: folds 
Uncalled bet ($2) returned to habib beye
habib beye collected $2 from pot
*** SUMMARY ***
Total pot $2 | Rake $0 
Seat 6: johnny2dugs
Seat 1: Ydys20 (button) folded before Flop (didn't bet)
Seat 3: habib beye (small blind) collected ($2)
Seat 5: antey89 (big blind) folded before Flop



PokerStars Hand #254716993361:  Hold'em No Limit ($0.50/$1.00 USD) - 2025/02/05 11:10:36 WET [2025/02/05 6:10:36 ET]
Table 'Eva' 6-max Seat #3 is the button
Seat 6: johnny2dugs ($155 in chips) is sitting out
Seat 1: Ydys20 ($103.50 in chips) 
Seat 3: habib beye ($106.32 in chips) 
Seat 5: antey89 ($106.37 in chips) 
antey89: posts small blind $0.50
Ydys20: posts big blind $1
*** HOLE CARDS ***
habib beye: raises $1.50 to $2.50
antey89: folds 
Ydys20: folds 
Uncalled bet ($1.50) returned to habib beye
habib beye collected $2.50 from pot
*** SUMMARY ***
Total pot $2.50 | Rake $0 
Seat 6: johnny2dugs
Seat 1: Ydys20 (big blind) folded before Flop
Seat 3: habib beye (button) collected ($2.50)
Seat 5: antey89 (small blind) folded before Flop



PokerStars Hand #254716996721:  Hold'em No Limit ($0.50/$1.00 USD) - 2025/02/05 11:11:05 WET [2025/02/05 6:11:05 ET]
Table 'Eva' 6-max Seat #5 is the button
Seat 6: johnny2dugs ($155 in chips) is sitting out
Seat 1: Ydys20 ($102.50 in chips) 
Seat 3: habib beye ($107.82 in chips) 
Seat 5: antey89 ($105.87 in chips) 
Ydys20: posts small blind $0.50
habib beye: posts big blind $1
*** HOLE CARDS ***
antey89: folds 
Ydys20: raises $2 to $3
habib beye: calls $2
*** FLOP *** [4s 5c 9c]
Ydys20: checks 
habib beye: checks 
*** TURN *** [4s 5c 9c] [Qh]
Ydys20: checks 
habib beye: checks 
*** RIVER *** [4s 5c 9c Qh] [Ad]
Ydys20: checks 
habib beye: checks 
*** SHOW DOWN ***
Ydys20: shows [Ks Jc] (high card Ace)
habib beye: shows [3d 4h] (a pair of Fours)
habib beye collected $5.70 from pot
*** SUMMARY ***
Total pot $6 | Rake $0.30 
Board [4s 5c 9c Qh Ad]
Seat 6: johnny2dugs
Seat 1: Ydys20 (small blind) showed [Ks Jc] and lost with high card Ace
Seat 3: habib beye (big blind) showed [3d 4h] and won ($5.70) with a pair of Fours
Seat 5: antey89 (button) folded before Flop (didn't bet)



PokerStars Hand #254717004003:  Hold'em No Limit ($0.50/$1.00 USD) - 2025/02/05 11:12:06 WET [2025/02/05 6:12:06 ET]
Table 'Eva' 6-max Seat #1 is the button
Seat 5: antey89 ($105.87 in chips) is sitting out
Seat 1: Ydys20 ($100 in chips) 
Seat 3: habib beye ($110.52 in chips) 
Seat 6: johnny2dugs ($155 in chips) 
habib beye: posts small blind $0.50
antey89: is sitting out 
johnny2dugs: posts big blind $1
*** HOLE CARDS ***
Ydys20: raises $1.50 to $2.50
habib beye: raises $9.50 to $12
antey89 leaves the table
johnny2dugs: folds 
Ydys20: calls $9.50
*** FLOP *** [5s Js Ac]
habib beye: bets $6.92
Ydys20: calls $6.92
*** TURN *** [5s Js Ac] [6s]
habib beye: checks 
Ydys20: bets $12.49
habib beye: calls $12.49
*** RIVER *** [5s Js Ac 6s] [7h]
habib beye: checks 
Ydys20: bets $68.59 and is all-in
habib beye: calls $68.59
*** SHOW DOWN ***
Ydys20: shows [9s 9d] (a pair of Nines)
habib beye: shows [Kc Jh] (a pair of Jacks)
habib beye collected $200 from pot
*** SUMMARY ***
Total pot $201 | Rake $1 
Board [5s Js Ac 6s 7h]
Seat 5: antey89
Seat 1: Ydys20 (button) showed [9s 9d] and lost with a pair of Nines
Seat 3: habib beye (small blind) showed [Kc Jh] and won ($200) with a pair of Jacks
Seat 6: johnny2dugs (big blind) folded before Flop



PokerStars Hand #254717019632:  Hold'em No Limit ($0.50/$1.00 USD) - 2025/02/05 11:14:16 WET [2025/02/05 6:14:16 ET]
Table 'Eva' 6-max Seat #3 is the button
Seat 1: Ydys20 ($100 in chips) 
Seat 3: habib beye ($210.52 in chips) 
Seat 6: johnny2dugs ($154 in chips) 
johnny2dugs: posts small blind $0.50
Ydys20: posts big blind $1
*** HOLE CARDS ***
habib beye: folds 
johnny2dugs: calls $0.50
Ydys20: raises $3 to $4
johnny2dugs: folds 
Uncalled bet ($3) returned to Ydys20
Ydys20 collected $2 from pot
Ydys20: doesn't show hand 
*** SUMMARY ***
Total pot $2 | Rake $0 
Seat 1: Ydys20 (big blind) collected ($2)
Seat 3: habib beye (button) folded before Flop (didn't bet)
Seat 6: johnny2dugs (small blind) folded before Flop



PokerStars Hand #254717021734:  Hold'em No Limit ($0.50/$1.00 USD) - 2025/02/05 11:14:33 WET [2025/02/05 6:14:33 ET]
Table 'Eva' 6-max Seat #6 is the button
Seat 1: Ydys20 ($101 in chips) 
Seat 3: habib beye ($210.52 in chips) 
Seat 6: johnny2dugs ($153 in chips) 
Ydys20: posts small blind $0.50
habib beye: posts big blind $1
*** HOLE CARDS ***
johnny2dugs: raises $1 to $2
Ydys20: folds 
habib beye: raises $8 to $10
johnny2dugs: folds 
Uncalled bet ($8) returned to habib beye
habib beye collected $4.50 from pot
*** SUMMARY ***
Total pot $4.50 | Rake $0 
Seat 1: Ydys20 (small blind) folded before Flop
Seat 3: habib beye (big blind) collected ($4.50)
Seat 6: johnny2dugs (button) folded before Flop



PokerStars Hand #254717023835:  Hold'em No Limit ($0.50/$1.00 USD) - 2025/02/05 11:14:50 WET [2025/02/05 6:14:50 ET]
Table 'Eva' 6-max Seat #3 is the button
Seat 6: johnny2dugs ($151 in chips) is sitting out
Seat 1: Ydys20 ($100.50 in chips) 
Seat 3: habib beye ($213.02 in chips) 
habib beye: posts small blind $0.50
Ydys20: posts big blind $1
*** HOLE CARDS ***
johnny2dugs leaves the table
habib beye: raises $1.50 to $2.50
Ydys20: folds 
Uncalled bet ($1.50) returned to habib beye
habib beye collected $2 from pot
*** SUMMARY ***
Total pot $2 | Rake $0 
Seat 6: johnny2dugs
Seat 1: Ydys20 (big blind) folded before Flop
Seat 3: habib beye (button) (small blind) collected ($2)



PokerStars Hand #254717025110:  Hold'em No Limit ($0.50/$1.00 USD) - 2025/02/05 11:15:00 WET [2025/02/05 6:15:00 ET]
Table 'Eva' 6-max Seat #1 is the button
Seat 1: Ydys20 ($100 in chips) 
Seat 3: habib beye ($214.02 in chips) 
Ydys20: posts small blind $0.50
habib beye: posts big blind $1
*** HOLE CARDS ***
Ydys20: raises $1.50 to $2.50
habib beye: folds 
Uncalled bet ($1.50) returned to Ydys20
Ydys20 collected $2 from pot
Ydys20: doesn't show hand 
*** SUMMARY ***
Total pot $2 | Rake $0 
Seat 1: Ydys20 (button) (small blind) collected ($2)
Seat 3: habib beye (big blind) folded before Flop



