PokerStars Hand #254722389263:  Hold'em No Limit ($0.50/$1.00 USD) - 2025/02/05 18:58:03 WET [2025/02/05 13:58:03 ET]
Table 'Biarmia II' 6-max Seat #3 is the button
Seat 1: joaquin612 ($101.50 in chips) 
Seat 2: Ydys20 ($103.47 in chips) 
Seat 3: Sergey.V90 ($106.90 in chips) 
Seat 4: AIien Hand ($166.22 in chips) 
Seat 5: xxxZeka ($100 in chips) 
Seat 6: poker_soul11 ($100 in chips) 
AIien Hand: posts small blind $0.50
xxxZeka: posts big blind $1
*** HOLE CARDS ***
poker_soul11: folds 
joaquin612: folds 
Ydys20: folds 
Sergey.V90: raises $1.50 to $2.50
AIien Hand: folds 
xxxZeka: calls $1.50
*** FLOP *** [3c 9h 5h]
xxxZeka: checks 
Sergey.V90: bets $1.61
xxxZeka: calls $1.61
*** TURN *** [3c 9h 5h] [6d]
xxxZeka: checks 
Sergey.V90: checks 
*** RIVER *** [3c 9h 5h 6d] [3s]
xxxZeka: checks 
Sergey.V90: checks 
*** SHOW DOWN ***
xxxZeka: shows [Ah 8c] (a pair of Threes)
Sergey.V90: shows [7d Ac] (a pair of Threes - lower kicker)
xxxZeka collected $8.28 from pot
*** SUMMARY ***
Total pot $8.72 | Rake $0.44 
Board [3c 9h 5h 6d 3s]
Seat 1: joaquin612 folded before Flop (didn't bet)
Seat 2: Ydys20 folded before Flop (didn't bet)
Seat 3: Sergey.V90 (button) showed [7d Ac] and lost with a pair of Threes
Seat 4: AIien Hand (small blind) folded before Flop
Seat 5: xxxZeka (big blind) showed [Ah 8c] and won ($8.28) with a pair of Threes
Seat 6: poker_soul11 folded before Flop (didn't bet)



PokerStars Hand #254722398654:  Hold'em No Limit ($0.50/$1.00 USD) - 2025/02/05 18:58:50 WET [2025/02/05 13:58:50 ET]
Table 'Biarmia II' 6-max Seat #4 is the button
Seat 1: joaquin612 ($101.50 in chips) 
Seat 2: Ydys20 ($103.47 in chips) 
Seat 3: Sergey.V90 ($102.79 in chips) 
Seat 4: AIien Hand ($165.72 in chips) 
Seat 5: xxxZeka ($104.17 in chips) 
Seat 6: poker_soul11 ($100 in chips) 
xxxZeka: posts small blind $0.50
poker_soul11: posts big blind $1
*** HOLE CARDS ***
joaquin612: folds 
Ydys20: raises $1.20 to $2.20
Sergey.V90: folds 
AIien Hand: folds 
xxxZeka: folds 
poker_soul11: folds 
Uncalled bet ($1.20) returned to Ydys20
Ydys20 collected $2.50 from pot
Ydys20: doesn't show hand 
*** SUMMARY ***
Total pot $2.50 | Rake $0 
Seat 1: joaquin612 folded before Flop (didn't bet)
Seat 2: Ydys20 collected ($2.50)
Seat 3: Sergey.V90 folded before Flop (didn't bet)
Seat 4: AIien Hand (button) folded before Flop (didn't bet)
Seat 5: xxxZeka (small blind) folded before Flop
Seat 6: poker_soul11 (big blind) folded before Flop



PokerStars Hand #254722403952:  Hold'em No Limit ($0.50/$1.00 USD) - 2025/02/05 18:59:17 WET [2025/02/05 13:59:17 ET]
Table 'Biarmia II' 6-max Seat #5 is the button
Seat 1: joaquin612 ($101.50 in chips) 
Seat 2: Ydys20 ($104.97 in chips) 
Seat 3: Sergey.V90 ($102.79 in chips) 
Seat 4: AIien Hand ($165.72 in chips) 
Seat 5: xxxZeka ($103.67 in chips) 
Seat 6: poker_soul11 ($100 in chips) 
poker_soul11: posts small blind $0.50
joaquin612: posts big blind $1
*** HOLE CARDS ***
Ydys20: folds 
Sergey.V90: raises $1.50 to $2.50
AIien Hand: folds 
xxxZeka: folds 
poker_soul11: folds 
joaquin612: folds 
Uncalled bet ($1.50) returned to Sergey.V90
Sergey.V90 collected $2.50 from pot
*** SUMMARY ***
Total pot $2.50 | Rake $0 
Seat 1: joaquin612 (big blind) folded before Flop
Seat 2: Ydys20 folded before Flop (didn't bet)
Seat 3: Sergey.V90 collected ($2.50)
Seat 4: AIien Hand folded before Flop (didn't bet)
Seat 5: xxxZeka (button) folded before Flop (didn't bet)
Seat 6: poker_soul11 (small blind) folded before Flop



PokerStars Hand #254722406906:  Hold'em No Limit ($0.50/$1.00 USD) - 2025/02/05 18:59:32 WET [2025/02/05 13:59:32 ET]
Table 'Biarmia II' 6-max Seat #6 is the button
Seat 1: joaquin612 ($100.50 in chips) 
Seat 2: Ydys20 ($104.97 in chips) 
Seat 3: Sergey.V90 ($104.29 in chips) 
Seat 4: AIien Hand ($165.72 in chips) 
Seat 5: xxxZeka ($103.67 in chips) 
Seat 6: poker_soul11 ($100 in chips) 
joaquin612: posts small blind $0.50
Ydys20: posts big blind $1
*** HOLE CARDS ***
Sergey.V90: raises $1.50 to $2.50
AIien Hand: folds 
xxxZeka: folds 
poker_soul11: folds 
joaquin612: folds 
Ydys20: folds 
Uncalled bet ($1.50) returned to Sergey.V90
Sergey.V90 collected $2.50 from pot
Sergey.V90: doesn't show hand 
*** SUMMARY ***
Total pot $2.50 | Rake $0 
Seat 1: joaquin612 (small blind) folded before Flop
Seat 2: Ydys20 (big blind) folded before Flop
Seat 3: Sergey.V90 collected ($2.50)
Seat 4: AIien Hand folded before Flop (didn't bet)
Seat 5: xxxZeka folded before Flop (didn't bet)
Seat 6: poker_soul11 (button) folded before Flop (didn't bet)



PokerStars Hand #254722410572:  Hold'em No Limit ($0.50/$1.00 USD) - 2025/02/05 18:59:49 WET [2025/02/05 13:59:49 ET]
Table 'Biarmia II' 6-max Seat #1 is the button
Seat 1: joaquin612 ($100 in chips) 
Seat 2: Ydys20 ($103.97 in chips) 
Seat 3: Sergey.V90 ($105.79 in chips) 
Seat 4: AIien Hand ($165.72 in chips) 
Seat 5: xxxZeka ($103.67 in chips) 
Seat 6: poker_soul11 ($100 in chips) 
Ydys20: posts small blind $0.50
Sergey.V90: posts big blind $1
*** HOLE CARDS ***
AIien Hand: raises $1.20 to $2.20
xxxZeka: folds 
poker_soul11: folds 
joaquin612: raises $5.30 to $7.50
Ydys20: folds 
Sergey.V90: folds 
AIien Hand: folds 
Uncalled bet ($5.30) returned to joaquin612
joaquin612 collected $5.90 from pot
joaquin612: doesn't show hand 
*** SUMMARY ***
Total pot $5.90 | Rake $0 
Seat 1: joaquin612 (button) collected ($5.90)
Seat 2: Ydys20 (small blind) folded before Flop
Seat 3: Sergey.V90 (big blind) folded before Flop
Seat 4: AIien Hand folded before Flop
Seat 5: xxxZeka folded before Flop (didn't bet)
Seat 6: poker_soul11 folded before Flop (didn't bet)



PokerStars Hand #254722417345:  Hold'em No Limit ($0.50/$1.00 USD) - 2025/02/05 19:00:22 WET [2025/02/05 14:00:22 ET]
Table 'Biarmia II' 6-max Seat #2 is the button
Seat 1: joaquin612 ($103.70 in chips) 
Seat 2: Ydys20 ($103.47 in chips) 
Seat 3: Sergey.V90 ($104.79 in chips) 
Seat 4: AIien Hand ($163.52 in chips) 
Seat 5: xxxZeka ($103.67 in chips) 
Seat 6: poker_soul11 ($100 in chips) 
Sergey.V90: posts small blind $0.50
AIien Hand: posts big blind $1
*** HOLE CARDS ***
xxxZeka: folds 
poker_soul11: folds 
joaquin612: folds 
Ydys20: raises $1.50 to $2.50
Sergey.V90: folds 
AIien Hand: folds 
Uncalled bet ($1.50) returned to Ydys20
Ydys20 collected $2.50 from pot
Ydys20: doesn't show hand 
*** SUMMARY ***
Total pot $2.50 | Rake $0 
Seat 1: joaquin612 folded before Flop (didn't bet)
Seat 2: Ydys20 (button) collected ($2.50)
Seat 3: Sergey.V90 (small blind) folded before Flop
Seat 4: AIien Hand (big blind) folded before Flop
Seat 5: xxxZeka folded before Flop (didn't bet)
Seat 6: poker_soul11 folded before Flop (didn't bet)



PokerStars Hand #254722421660:  Hold'em No Limit ($0.50/$1.00 USD) - 2025/02/05 19:00:42 WET [2025/02/05 14:00:42 ET]
Table 'Biarmia II' 6-max Seat #3 is the button
Seat 1: joaquin612 ($103.70 in chips) 
Seat 2: Ydys20 ($104.97 in chips) 
Seat 3: Sergey.V90 ($104.29 in chips) 
Seat 4: AIien Hand ($162.52 in chips) 
Seat 5: xxxZeka ($103.67 in chips) 
Seat 6: poker_soul11 ($100 in chips) 
AIien Hand: posts small blind $0.50
xxxZeka: posts big blind $1
*** HOLE CARDS ***
poker_soul11: folds 
joaquin612: folds 
Ydys20: folds 
Sergey.V90: raises $1.50 to $2.50
AIien Hand: folds 
xxxZeka: folds 
Uncalled bet ($1.50) returned to Sergey.V90
Sergey.V90 collected $2.50 from pot
Sergey.V90: doesn't show hand 
*** SUMMARY ***
Total pot $2.50 | Rake $0 
Seat 1: joaquin612 folded before Flop (didn't bet)
Seat 2: Ydys20 folded before Flop (didn't bet)
Seat 3: Sergey.V90 (button) collected ($2.50)
Seat 4: AIien Hand (small blind) folded before Flop
Seat 5: xxxZeka (big blind) folded before Flop
Seat 6: poker_soul11 folded before Flop (didn't bet)



PokerStars Hand #254722426914:  Hold'em No Limit ($0.50/$1.00 USD) - 2025/02/05 19:01:04 WET [2025/02/05 14:01:04 ET]
Table 'Biarmia II' 6-max Seat #4 is the button
Seat 1: joaquin612 ($103.70 in chips) 
Seat 2: Ydys20 ($104.97 in chips) 
Seat 3: Sergey.V90 ($105.79 in chips) 
Seat 4: AIien Hand ($162.02 in chips) 
Seat 5: xxxZeka ($102.67 in chips) 
Seat 6: poker_soul11 ($100 in chips) 
xxxZeka: posts small blind $0.50
poker_soul11: posts big blind $1
*** HOLE CARDS ***
joaquin612: folds 
Ydys20: raises $1.20 to $2.20
Sergey.V90: folds 
AIien Hand: folds 
xxxZeka: folds 
poker_soul11: folds 
Uncalled bet ($1.20) returned to Ydys20
Ydys20 collected $2.50 from pot
Ydys20: doesn't show hand 
*** SUMMARY ***
Total pot $2.50 | Rake $0 
Seat 1: joaquin612 folded before Flop (didn't bet)
Seat 2: Ydys20 collected ($2.50)
Seat 3: Sergey.V90 folded before Flop (didn't bet)
Seat 4: AIien Hand (button) folded before Flop (didn't bet)
Seat 5: xxxZeka (small blind) folded before Flop
Seat 6: poker_soul11 (big blind) folded before Flop



PokerStars Hand #254722431019:  Hold'em No Limit ($0.50/$1.00 USD) - 2025/02/05 19:01:21 WET [2025/02/05 14:01:21 ET]
Table 'Biarmia II' 6-max Seat #5 is the button
Seat 1: joaquin612 ($103.70 in chips) 
Seat 2: Ydys20 ($106.47 in chips) 
Seat 3: Sergey.V90 ($105.79 in chips) 
Seat 4: AIien Hand ($162.02 in chips) 
Seat 5: xxxZeka ($102.17 in chips) 
Seat 6: poker_soul11 ($100 in chips) 
poker_soul11: posts small blind $0.50
joaquin612: posts big blind $1
*** HOLE CARDS ***
Ydys20: folds 
Sergey.V90: raises $1 to $2
AIien Hand: folds 
xxxZeka: folds 
poker_soul11: folds 
joaquin612: folds 
Uncalled bet ($1) returned to Sergey.V90
Sergey.V90 collected $2.50 from pot
Sergey.V90: doesn't show hand 
*** SUMMARY ***
Total pot $2.50 | Rake $0 
Seat 1: joaquin612 (big blind) folded before Flop
Seat 2: Ydys20 folded before Flop (didn't bet)
Seat 3: Sergey.V90 collected ($2.50)
Seat 4: AIien Hand folded before Flop (didn't bet)
Seat 5: xxxZeka (button) folded before Flop (didn't bet)
Seat 6: poker_soul11 (small blind) folded before Flop



PokerStars Hand #254722436331:  Hold'em No Limit ($0.50/$1.00 USD) - 2025/02/05 19:01:42 WET [2025/02/05 14:01:42 ET]
Table 'Biarmia II' 6-max Seat #6 is the button
Seat 1: joaquin612 ($102.70 in chips) 
Seat 2: Ydys20 ($106.47 in chips) 
Seat 3: Sergey.V90 ($107.29 in chips) 
Seat 4: AIien Hand ($162.02 in chips) 
Seat 5: xxxZeka ($102.17 in chips) 
Seat 6: poker_soul11 ($100 in chips) 
joaquin612: posts small blind $0.50
Ydys20: posts big blind $1
*** HOLE CARDS ***
Sergey.V90: raises $1 to $2
AIien Hand: folds 
xxxZeka: folds 
poker_soul11: folds 
joaquin612: folds 
Ydys20: folds 
Uncalled bet ($1) returned to Sergey.V90
Sergey.V90 collected $2.50 from pot
Sergey.V90: doesn't show hand 
*** SUMMARY ***
Total pot $2.50 | Rake $0 
Seat 1: joaquin612 (small blind) folded before Flop
Seat 2: Ydys20 (big blind) folded before Flop
Seat 3: Sergey.V90 collected ($2.50)
Seat 4: AIien Hand folded before Flop (didn't bet)
Seat 5: xxxZeka folded before Flop (didn't bet)
Seat 6: poker_soul11 (button) folded before Flop (didn't bet)



PokerStars Hand #254722440624:  Hold'em No Limit ($0.50/$1.00 USD) - 2025/02/05 19:01:59 WET [2025/02/05 14:01:59 ET]
Table 'Biarmia II' 6-max Seat #1 is the button
Seat 1: joaquin612 ($102.20 in chips) 
Seat 2: Ydys20 ($105.47 in chips) 
Seat 3: Sergey.V90 ($108.79 in chips) 
Seat 4: AIien Hand ($162.02 in chips) 
Seat 5: xxxZeka ($102.17 in chips) 
Seat 6: poker_soul11 ($100 in chips) 
Ydys20: posts small blind $0.50
Sergey.V90: posts big blind $1
*** HOLE CARDS ***
AIien Hand: folds 
xxxZeka: folds 
poker_soul11: raises $1.20 to $2.20
joaquin612: calls $2.20
Ydys20: folds 
Sergey.V90: folds 
*** FLOP *** [7d 9h Qs]
poker_soul11: checks 
joaquin612: checks 
*** TURN *** [7d 9h Qs] [6c]
poker_soul11: checks 
joaquin612: bets $4.20
poker_soul11: calls $4.20
*** RIVER *** [7d 9h Qs 6c] [Th]
poker_soul11: checks 
joaquin612: bets $20.37
poker_soul11: folds 
Uncalled bet ($20.37) returned to joaquin612
joaquin612 collected $13.58 from pot
joaquin612: doesn't show hand 
*** SUMMARY ***
Total pot $14.30 | Rake $0.72 
Board [7d 9h Qs 6c Th]
Seat 1: joaquin612 (button) collected ($13.58)
Seat 2: Ydys20 (small blind) folded before Flop
Seat 3: Sergey.V90 (big blind) folded before Flop
Seat 4: AIien Hand folded before Flop (didn't bet)
Seat 5: xxxZeka folded before Flop (didn't bet)
Seat 6: poker_soul11 folded on the River



PokerStars Hand #254722461914:  Hold'em No Limit ($0.50/$1.00 USD) - 2025/02/05 19:03:15 WET [2025/02/05 14:03:15 ET]
Table 'Biarmia II' 6-max Seat #2 is the button
Seat 1: joaquin612 ($109.38 in chips) 
Seat 2: Ydys20 ($104.97 in chips) 
Seat 3: Sergey.V90 ($107.79 in chips) 
Seat 4: AIien Hand ($162.02 in chips) 
Seat 5: xxxZeka ($102.17 in chips) 
Seat 6: poker_soul11 ($100 in chips) 
Sergey.V90: posts small blind $0.50
AIien Hand: posts big blind $1
*** HOLE CARDS ***
xxxZeka: folds 
poker_soul11: folds 
joaquin612: folds 
Ydys20: raises $1.50 to $2.50
Sergey.V90: folds 
AIien Hand: folds 
Uncalled bet ($1.50) returned to Ydys20
Ydys20 collected $2.50 from pot
Ydys20: doesn't show hand 
*** SUMMARY ***
Total pot $2.50 | Rake $0 
Seat 1: joaquin612 folded before Flop (didn't bet)
Seat 2: Ydys20 (button) collected ($2.50)
Seat 3: Sergey.V90 (small blind) folded before Flop
Seat 4: AIien Hand (big blind) folded before Flop
Seat 5: xxxZeka folded before Flop (didn't bet)
Seat 6: poker_soul11 folded before Flop (didn't bet)



PokerStars Hand #254722468637:  Hold'em No Limit ($0.50/$1.00 USD) - 2025/02/05 19:03:39 WET [2025/02/05 14:03:39 ET]
Table 'Biarmia II' 6-max Seat #3 is the button
Seat 1: joaquin612 ($109.38 in chips) 
Seat 2: Ydys20 ($106.47 in chips) 
Seat 3: Sergey.V90 ($107.29 in chips) 
Seat 4: AIien Hand ($161.02 in chips) 
Seat 5: xxxZeka ($102.17 in chips) 
Seat 6: poker_soul11 ($100 in chips) 
AIien Hand: posts small blind $0.50
xxxZeka: posts big blind $1
*** HOLE CARDS ***
poker_soul11: folds 
joaquin612: raises $1.50 to $2.50
Ydys20: raises $5 to $7.50
Sergey.V90: calls $7.50
AIien Hand: folds 
xxxZeka: folds 
joaquin612: calls $5
*** FLOP *** [Kc 9d 4s]
joaquin612: checks 
Ydys20: checks 
Sergey.V90: checks 
*** TURN *** [Kc 9d 4s] [Jc]
joaquin612: bets $5.50
Ydys20: calls $5.50
Sergey.V90: calls $5.50
*** RIVER *** [Kc 9d 4s Jc] [7s]
joaquin612: checks 
Ydys20: checks 
Sergey.V90: checks 
*** SHOW DOWN ***
joaquin612: shows [Tc 9c] (a pair of Nines)
Ydys20: shows [Kh Th] (a pair of Kings)
Sergey.V90: shows [Js Ad] (a pair of Jacks)
Ydys20 collected $38.48 from pot
*** SUMMARY ***
Total pot $40.50 | Rake $2.02 
Board [Kc 9d 4s Jc 7s]
Seat 1: joaquin612 showed [Tc 9c] and lost with a pair of Nines
Seat 2: Ydys20 showed [Kh Th] and won ($38.48) with a pair of Kings
Seat 3: Sergey.V90 (button) showed [Js Ad] and lost with a pair of Jacks
Seat 4: AIien Hand (small blind) folded before Flop
Seat 5: xxxZeka (big blind) folded before Flop
Seat 6: poker_soul11 folded before Flop (didn't bet)



PokerStars Hand #254722496137:  Hold'em No Limit ($0.50/$1.00 USD) - 2025/02/05 19:05:17 WET [2025/02/05 14:05:17 ET]
Table 'Biarmia II' 6-max Seat #4 is the button
Seat 1: joaquin612 ($100 in chips) 
Seat 2: Ydys20 ($131.95 in chips) 
Seat 3: Sergey.V90 ($94.29 in chips) 
Seat 4: AIien Hand ($160.52 in chips) 
Seat 5: xxxZeka ($101.17 in chips) 
Seat 6: poker_soul11 ($100 in chips) 
xxxZeka: posts small blind $0.50
poker_soul11: posts big blind $1
*** HOLE CARDS ***
joaquin612: folds 
Ydys20: folds 
Sergey.V90: folds 
AIien Hand: folds 
xxxZeka: folds 
Uncalled bet ($0.50) returned to poker_soul11
poker_soul11 collected $1 from pot
poker_soul11: doesn't show hand 
*** SUMMARY ***
Total pot $1 | Rake $0 
Seat 1: joaquin612 folded before Flop (didn't bet)
Seat 2: Ydys20 folded before Flop (didn't bet)
Seat 3: Sergey.V90 folded before Flop (didn't bet)
Seat 4: AIien Hand (button) folded before Flop (didn't bet)
Seat 5: xxxZeka (small blind) folded before Flop
Seat 6: poker_soul11 (big blind) collected ($1)



PokerStars Hand #254722501712:  Hold'em No Limit ($0.50/$1.00 USD) - 2025/02/05 19:05:37 WET [2025/02/05 14:05:37 ET]
Table 'Biarmia II' 6-max Seat #5 is the button
Seat 1: joaquin612 ($100 in chips) 
Seat 2: Ydys20 ($131.95 in chips) 
Seat 3: Sergey.V90 ($94.29 in chips) 
Seat 4: AIien Hand ($160.52 in chips) 
Seat 5: xxxZeka ($100.67 in chips) 
Seat 6: poker_soul11 ($100.50 in chips) 
poker_soul11: posts small blind $0.50
joaquin612: posts big blind $1
*** HOLE CARDS ***
Ydys20: folds 
Sergey.V90: folds 
AIien Hand: folds 
xxxZeka: folds 
poker_soul11: folds 
Uncalled bet ($0.50) returned to joaquin612
joaquin612 collected $1 from pot
joaquin612: doesn't show hand 
*** SUMMARY ***
Total pot $1 | Rake $0 
Seat 1: joaquin612 (big blind) collected ($1)
Seat 2: Ydys20 folded before Flop (didn't bet)
Seat 3: Sergey.V90 folded before Flop (didn't bet)
Seat 4: AIien Hand folded before Flop (didn't bet)
Seat 5: xxxZeka (button) folded before Flop (didn't bet)
Seat 6: poker_soul11 (small blind) folded before Flop



PokerStars Hand #254722506180:  Hold'em No Limit ($0.50/$1.00 USD) - 2025/02/05 19:05:52 WET [2025/02/05 14:05:52 ET]
Table 'Biarmia II' 6-max Seat #6 is the button
Seat 1: joaquin612 ($100.50 in chips) 
Seat 2: Ydys20 ($131.95 in chips) 
Seat 3: Sergey.V90 ($94.29 in chips) 
Seat 4: AIien Hand ($160.52 in chips) 
Seat 5: xxxZeka ($100.67 in chips) 
Seat 6: poker_soul11 ($100 in chips) 
joaquin612: posts small blind $0.50
Ydys20: posts big blind $1
*** HOLE CARDS ***
Sergey.V90: raises $1.50 to $2.50
AIien Hand: folds 
xxxZeka: folds 
poker_soul11: folds 
joaquin612: folds 
Ydys20: folds 
Uncalled bet ($1.50) returned to Sergey.V90
Sergey.V90 collected $2.50 from pot
*** SUMMARY ***
Total pot $2.50 | Rake $0 
Seat 1: joaquin612 (small blind) folded before Flop
Seat 2: Ydys20 (big blind) folded before Flop
Seat 3: Sergey.V90 collected ($2.50)
Seat 4: AIien Hand folded before Flop (didn't bet)
Seat 5: xxxZeka folded before Flop (didn't bet)
Seat 6: poker_soul11 (button) folded before Flop (didn't bet)



PokerStars Hand #254722513276:  Hold'em No Limit ($0.50/$1.00 USD) - 2025/02/05 19:06:16 WET [2025/02/05 14:06:16 ET]
Table 'Biarmia II' 6-max Seat #1 is the button
Seat 1: joaquin612 ($100 in chips) 
Seat 2: Ydys20 ($130.95 in chips) 
Seat 3: Sergey.V90 ($95.79 in chips) 
Seat 4: AIien Hand ($160.52 in chips) 
Seat 5: xxxZeka ($100.67 in chips) 
Seat 6: poker_soul11 ($100 in chips) 
Ydys20: posts small blind $0.50
Sergey.V90: posts big blind $1
*** HOLE CARDS ***
AIien Hand: raises $1.20 to $2.20
xxxZeka: folds 
poker_soul11: folds 
joaquin612: folds 
Ydys20: folds 
Sergey.V90: folds 
Uncalled bet ($1.20) returned to AIien Hand
AIien Hand collected $2.50 from pot
AIien Hand: doesn't show hand 
*** SUMMARY ***
Total pot $2.50 | Rake $0 
Seat 1: joaquin612 (button) folded before Flop (didn't bet)
Seat 2: Ydys20 (small blind) folded before Flop
Seat 3: Sergey.V90 (big blind) folded before Flop
Seat 4: AIien Hand collected ($2.50)
Seat 5: xxxZeka folded before Flop (didn't bet)
Seat 6: poker_soul11 folded before Flop (didn't bet)



PokerStars Hand #254722518030:  Hold'em No Limit ($0.50/$1.00 USD) - 2025/02/05 19:06:33 WET [2025/02/05 14:06:33 ET]
Table 'Biarmia II' 6-max Seat #2 is the button
Seat 1: joaquin612 ($100 in chips) 
Seat 2: Ydys20 ($130.45 in chips) 
Seat 3: Sergey.V90 ($94.79 in chips) 
Seat 4: AIien Hand ($162.02 in chips) 
Seat 5: xxxZeka ($100.67 in chips) 
Seat 6: poker_soul11 ($100 in chips) 
Sergey.V90: posts small blind $0.50
AIien Hand: posts big blind $1
*** HOLE CARDS ***
xxxZeka: raises $1.50 to $2.50
poker_soul11: folds 
joaquin612: folds 
Ydys20: folds 
Sergey.V90: folds 
AIien Hand: folds 
Uncalled bet ($1.50) returned to xxxZeka
xxxZeka collected $2.50 from pot
xxxZeka: doesn't show hand 
*** SUMMARY ***
Total pot $2.50 | Rake $0 
Seat 1: joaquin612 folded before Flop (didn't bet)
Seat 2: Ydys20 (button) folded before Flop (didn't bet)
Seat 3: Sergey.V90 (small blind) folded before Flop
Seat 4: AIien Hand (big blind) folded before Flop
Seat 5: xxxZeka collected ($2.50)
Seat 6: poker_soul11 folded before Flop (didn't bet)



PokerStars Hand #254722523493:  Hold'em No Limit ($0.50/$1.00 USD) - 2025/02/05 19:06:52 WET [2025/02/05 14:06:52 ET]
Table 'Biarmia II' 6-max Seat #3 is the button
Seat 1: joaquin612 ($100 in chips) 
Seat 2: Ydys20 ($130.45 in chips) 
Seat 3: Sergey.V90 ($94.29 in chips) 
Seat 4: AIien Hand ($161.02 in chips) 
Seat 5: xxxZeka ($102.17 in chips) 
Seat 6: poker_soul11 ($100 in chips) 
AIien Hand: posts small blind $0.50
xxxZeka: posts big blind $1
*** HOLE CARDS ***
poker_soul11: folds 
joaquin612: folds 
Ydys20: raises $1.50 to $2.50
Sergey.V90: folds 
AIien Hand: folds 
xxxZeka: folds 
Uncalled bet ($1.50) returned to Ydys20
Ydys20 collected $2.50 from pot
Ydys20: doesn't show hand 
*** SUMMARY ***
Total pot $2.50 | Rake $0 
Seat 1: joaquin612 folded before Flop (didn't bet)
Seat 2: Ydys20 collected ($2.50)
Seat 3: Sergey.V90 (button) folded before Flop (didn't bet)
Seat 4: AIien Hand (small blind) folded before Flop
Seat 5: xxxZeka (big blind) folded before Flop
Seat 6: poker_soul11 folded before Flop (didn't bet)



PokerStars Hand #254722528875:  Hold'em No Limit ($0.50/$1.00 USD) - 2025/02/05 19:07:11 WET [2025/02/05 14:07:11 ET]
Table 'Biarmia II' 6-max Seat #4 is the button
Seat 1: joaquin612 ($100 in chips) 
Seat 2: Ydys20 ($131.95 in chips) 
Seat 3: Sergey.V90 ($94.29 in chips) 
Seat 4: AIien Hand ($160.52 in chips) 
Seat 5: xxxZeka ($101.17 in chips) 
Seat 6: poker_soul11 ($100 in chips) 
xxxZeka: posts small blind $0.50
poker_soul11: posts big blind $1
*** HOLE CARDS ***
joaquin612: folds 
Ydys20: raises $1.20 to $2.20
Sergey.V90: folds 
AIien Hand: raises $5.80 to $8
xxxZeka: folds 
poker_soul11: folds 
Ydys20: folds 
Uncalled bet ($5.80) returned to AIien Hand
AIien Hand collected $5.90 from pot
AIien Hand: doesn't show hand 
*** SUMMARY ***
Total pot $5.90 | Rake $0 
Seat 1: joaquin612 folded before Flop (didn't bet)
Seat 2: Ydys20 folded before Flop
Seat 3: Sergey.V90 folded before Flop (didn't bet)
Seat 4: AIien Hand (button) collected ($5.90)
Seat 5: xxxZeka (small blind) folded before Flop
Seat 6: poker_soul11 (big blind) folded before Flop



PokerStars Hand #254722538112:  Hold'em No Limit ($0.50/$1.00 USD) - 2025/02/05 19:07:43 WET [2025/02/05 14:07:43 ET]
Table 'Biarmia II' 6-max Seat #5 is the button
Seat 1: joaquin612 ($100 in chips) 
Seat 2: Ydys20 ($129.75 in chips) 
Seat 3: Sergey.V90 ($94.29 in chips) 
Seat 4: AIien Hand ($164.22 in chips) 
Seat 5: xxxZeka ($100.67 in chips) 
Seat 6: poker_soul11 ($100 in chips) 
poker_soul11: posts small blind $0.50
joaquin612: posts big blind $1
*** HOLE CARDS ***
Ydys20: folds 
Sergey.V90: folds 
AIien Hand: folds 
xxxZeka: raises $1.50 to $2.50
poker_soul11: folds 
joaquin612: folds 
Uncalled bet ($1.50) returned to xxxZeka
xxxZeka collected $2.50 from pot
xxxZeka: doesn't show hand 
*** SUMMARY ***
Total pot $2.50 | Rake $0 
Seat 1: joaquin612 (big blind) folded before Flop
Seat 2: Ydys20 folded before Flop (didn't bet)
Seat 3: Sergey.V90 folded before Flop (didn't bet)
Seat 4: AIien Hand folded before Flop (didn't bet)
Seat 5: xxxZeka (button) collected ($2.50)
Seat 6: poker_soul11 (small blind) folded before Flop



PokerStars Hand #254722544739:  Hold'em No Limit ($0.50/$1.00 USD) - 2025/02/05 19:08:06 WET [2025/02/05 14:08:06 ET]
Table 'Biarmia II' 6-max Seat #6 is the button
Seat 1: joaquin612 ($100 in chips) 
Seat 2: Ydys20 ($129.75 in chips) 
Seat 3: Sergey.V90 ($94.29 in chips) 
Seat 4: AIien Hand ($164.22 in chips) 
Seat 5: xxxZeka ($102.17 in chips) 
Seat 6: poker_soul11 ($100 in chips) 
joaquin612: posts small blind $0.50
Ydys20: posts big blind $1
*** HOLE CARDS ***
Sergey.V90: folds 
AIien Hand: folds 
xxxZeka: folds 
poker_soul11: raises $1.20 to $2.20
joaquin612: folds 
Ydys20: folds 
Uncalled bet ($1.20) returned to poker_soul11
poker_soul11 collected $2.50 from pot
poker_soul11: doesn't show hand 
*** SUMMARY ***
Total pot $2.50 | Rake $0 
Seat 1: joaquin612 (small blind) folded before Flop
Seat 2: Ydys20 (big blind) folded before Flop
Seat 3: Sergey.V90 folded before Flop (didn't bet)
Seat 4: AIien Hand folded before Flop (didn't bet)
Seat 5: xxxZeka folded before Flop (didn't bet)
Seat 6: poker_soul11 (button) collected ($2.50)



PokerStars Hand #254722551535:  Hold'em No Limit ($0.50/$1.00 USD) - 2025/02/05 19:08:30 WET [2025/02/05 14:08:30 ET]
Table 'Biarmia II' 6-max Seat #1 is the button
Seat 1: joaquin612 ($100 in chips) 
Seat 2: Ydys20 ($128.75 in chips) 
Seat 3: Sergey.V90 ($94.29 in chips) 
Seat 4: AIien Hand ($164.22 in chips) 
Seat 5: xxxZeka ($102.17 in chips) 
Seat 6: poker_soul11 ($101.50 in chips) 
Ydys20: posts small blind $0.50
Sergey.V90: posts big blind $1
*** HOLE CARDS ***
AIien Hand: folds 
xxxZeka: folds 
poker_soul11: folds 
joaquin612: raises $1.50 to $2.50
Ydys20: folds 
Sergey.V90: folds 
Uncalled bet ($1.50) returned to joaquin612
joaquin612 collected $2.50 from pot
joaquin612: doesn't show hand 
*** SUMMARY ***
Total pot $2.50 | Rake $0 
Seat 1: joaquin612 (button) collected ($2.50)
Seat 2: Ydys20 (small blind) folded before Flop
Seat 3: Sergey.V90 (big blind) folded before Flop
Seat 4: AIien Hand folded before Flop (didn't bet)
Seat 5: xxxZeka folded before Flop (didn't bet)
Seat 6: poker_soul11 folded before Flop (didn't bet)



PokerStars Hand #254722555656:  Hold'em No Limit ($0.50/$1.00 USD) - 2025/02/05 19:08:45 WET [2025/02/05 14:08:45 ET]
Table 'Biarmia II' 6-max Seat #2 is the button
Seat 4: AIien Hand ($164.22 in chips) is sitting out
Seat 1: joaquin612 ($101.50 in chips) 
Seat 2: Ydys20 ($128.25 in chips) 
Seat 3: Sergey.V90 ($93.29 in chips) 
Seat 5: xxxZeka ($102.17 in chips) 
Seat 6: poker_soul11 ($101.50 in chips) 
Sergey.V90: posts small blind $0.50
AIien Hand: is sitting out 
xxxZeka: posts big blind $1
*** HOLE CARDS ***
poker_soul11: folds 
joaquin612: folds 
Ydys20: folds 
Sergey.V90: calls $0.50
xxxZeka: raises $4 to $5
Sergey.V90: calls $4
*** FLOP *** [6h Ad 8d]
Sergey.V90: checks 
xxxZeka: bets $3
Sergey.V90: calls $3
*** TURN *** [6h Ad 8d] [6s]
Sergey.V90: checks 
xxxZeka: checks 
*** RIVER *** [6h Ad 8d 6s] [2c]
Sergey.V90: bets $15.20
xxxZeka: folds 
Uncalled bet ($15.20) returned to Sergey.V90
Sergey.V90 collected $15.20 from pot
*** SUMMARY ***
Total pot $16 | Rake $0.80 
Board [6h Ad 8d 6s 2c]
Seat 4: AIien Hand
Seat 1: joaquin612 folded before Flop (didn't bet)
Seat 2: Ydys20 (button) folded before Flop (didn't bet)
Seat 3: Sergey.V90 (small blind) collected ($15.20)
Seat 5: xxxZeka (big blind) folded on the River
Seat 6: poker_soul11 folded before Flop (didn't bet)



PokerStars Hand #254722572223:  Hold'em No Limit ($0.50/$1.00 USD) - 2025/02/05 19:09:42 WET [2025/02/05 14:09:42 ET]
Table 'Biarmia II' 6-max Seat #3 is the button
Seat 4: AIien Hand ($164.22 in chips) is sitting out
Seat 1: joaquin612 ($101.50 in chips) 
Seat 2: Ydys20 ($128.25 in chips) 
Seat 3: Sergey.V90 ($100.49 in chips) 
Seat 5: xxxZeka ($100 in chips) 
Seat 6: poker_soul11 ($101.50 in chips) 
xxxZeka: posts small blind $0.50
poker_soul11: posts big blind $1
*** HOLE CARDS ***
joaquin612: folds 
Ydys20: raises $1.50 to $2.50
Sergey.V90: folds 
xxxZeka: folds 
poker_soul11: folds 
Uncalled bet ($1.50) returned to Ydys20
Ydys20 collected $2.50 from pot
Ydys20: doesn't show hand 
*** SUMMARY ***
Total pot $2.50 | Rake $0 
Seat 4: AIien Hand
Seat 1: joaquin612 folded before Flop (didn't bet)
Seat 2: Ydys20 collected ($2.50)
Seat 3: Sergey.V90 (button) folded before Flop (didn't bet)
Seat 5: xxxZeka (small blind) folded before Flop
Seat 6: poker_soul11 (big blind) folded before Flop



PokerStars Hand #254722582048:  Hold'em No Limit ($0.50/$1.00 USD) - 2025/02/05 19:10:17 WET [2025/02/05 14:10:17 ET]
Table 'Biarmia II' 6-max Seat #5 is the button
Seat 4: AIien Hand ($164.22 in chips) is sitting out
Seat 1: joaquin612 ($101.50 in chips) 
Seat 2: Ydys20 ($129.75 in chips) 
Seat 3: Sergey.V90 ($100.49 in chips) 
Seat 5: xxxZeka ($100 in chips) 
Seat 6: poker_soul11 ($100.50 in chips) 
poker_soul11: posts small blind $0.50
joaquin612: posts big blind $1
*** HOLE CARDS ***
Ydys20: folds 
Sergey.V90: folds 
xxxZeka: folds 
Ydys20 leaves the table
poker_soul11: folds 
Uncalled bet ($0.50) returned to joaquin612
joaquin612 collected $1 from pot
joaquin612: doesn't show hand 
franco232315 joins the table at seat #2 
*** SUMMARY ***
Total pot $1 | Rake $0 
Seat 4: AIien Hand
Seat 1: joaquin612 (big blind) collected ($1)
Seat 2: Ydys20 folded before Flop (didn't bet)
Seat 3: Sergey.V90 folded before Flop (didn't bet)
Seat 5: xxxZeka (button) folded before Flop (didn't bet)
Seat 6: poker_soul11 (small blind) folded before Flop



PokerStars Hand #254722584953:  Hold'em No Limit ($0.50/$1.00 USD) - 2025/02/05 19:10:27 WET [2025/02/05 14:10:27 ET]
Table 'Biarmia II' 6-max Seat #6 is the button
Seat 4: AIien Hand ($164.22 in chips) is sitting out
Seat 1: joaquin612 ($102 in chips) 
Seat 2: franco232315 ($80 in chips) 
Seat 3: Sergey.V90 ($100.49 in chips) 
Seat 5: xxxZeka ($100 in chips) 
Seat 6: poker_soul11 ($100 in chips) 
joaquin612: posts small blind $0.50
franco232315 is connected 
franco232315: posts big blind $1
*** HOLE CARDS ***
Sergey.V90: folds 
xxxZeka: raises $1.50 to $2.50
poker_soul11: folds 
joaquin612: folds 
franco232315: calls $1.50
*** FLOP *** [7h Kd Tc]
franco232315: checks 
xxxZeka: bets $2
franco232315: calls $2
*** TURN *** [7h Kd Tc] [2c]
franco232315: checks 
xxxZeka: bets $6.95
franco232315: folds 
Uncalled bet ($6.95) returned to xxxZeka
xxxZeka collected $9.02 from pot
xxxZeka: doesn't show hand 
*** SUMMARY ***
Total pot $9.50 | Rake $0.48 
Board [7h Kd Tc 2c]
Seat 4: AIien Hand
Seat 1: joaquin612 (small blind) folded before Flop
Seat 2: franco232315 (big blind) folded on the Turn
Seat 3: Sergey.V90 folded before Flop (didn't bet)
Seat 5: xxxZeka collected ($9.02)
Seat 6: poker_soul11 (button) folded before Flop (didn't bet)



PokerStars Hand #254722606961:  Hold'em No Limit ($0.50/$1.00 USD) - 2025/02/05 19:11:45 WET [2025/02/05 14:11:45 ET]
Table 'Biarmia II' 6-max Seat #1 is the button
Seat 4: AIien Hand ($164.22 in chips) is sitting out
Seat 1: joaquin612 ($101.50 in chips) 
Seat 2: franco232315 ($100 in chips) 
Seat 3: Sergey.V90 ($100.49 in chips) 
Seat 5: xxxZeka ($104.52 in chips) 
Seat 6: poker_soul11 ($100 in chips) 
franco232315: posts small blind $0.50
Sergey.V90: posts big blind $1
*** HOLE CARDS ***
xxxZeka: raises $1.50 to $2.50
poker_soul11: folds 
joaquin612: folds 
franco232315: folds 
Sergey.V90: calls $1.50
*** FLOP *** [8s 2h 6h]
Sergey.V90: checks 
xxxZeka: bets $2
Sergey.V90: calls $2
*** TURN *** [8s 2h 6h] [9s]
Sergey.V90: checks 
xxxZeka: bets $12
Sergey.V90: calls $12
*** RIVER *** [8s 2h 6h 9s] [4s]
Sergey.V90: checks 
xxxZeka: bets $25
Sergey.V90: calls $25
*** SHOW DOWN ***
xxxZeka: shows [Ks Ts] (a flush, King high)
Sergey.V90: mucks hand 
xxxZeka collected $81 from pot
*** SUMMARY ***
Total pot $83.50 | Rake $2.50 
Board [8s 2h 6h 9s 4s]
Seat 4: AIien Hand
Seat 1: joaquin612 (button) folded before Flop (didn't bet)
Seat 2: franco232315 (small blind) folded before Flop
Seat 3: Sergey.V90 (big blind) mucked
Seat 5: xxxZeka showed [Ks Ts] and won ($81) with a flush, King high
Seat 6: poker_soul11 folded before Flop (didn't bet)



PokerStars Hand #254722636593:  Hold'em No Limit ($0.50/$1.00 USD) - 2025/02/05 19:13:28 WET [2025/02/05 14:13:28 ET]
Table 'Biarmia II' 6-max Seat #2 is the button
Seat 1: joaquin612 ($101.50 in chips) 
Seat 2: franco232315 ($100 in chips) 
Seat 3: Sergey.V90 ($58.99 in chips) 
Seat 4: AIien Hand ($164.22 in chips) 
Seat 5: xxxZeka ($144.02 in chips) 
Seat 6: poker_soul11 ($100 in chips) 
Sergey.V90: posts small blind $0.50
AIien Hand: posts big blind $1
*** HOLE CARDS ***
xxxZeka: folds 
poker_soul11: raises $1.20 to $2.20
joaquin612: folds 
franco232315: folds 
Sergey.V90: raises $5.40 to $7.60
AIien Hand: folds 
poker_soul11: folds 
Uncalled bet ($5.40) returned to Sergey.V90
Sergey.V90 collected $5.40 from pot
*** SUMMARY ***
Total pot $5.40 | Rake $0 
Seat 1: joaquin612 folded before Flop (didn't bet)
Seat 2: franco232315 (button) folded before Flop (didn't bet)
Seat 3: Sergey.V90 (small blind) collected ($5.40)
Seat 4: AIien Hand (big blind) folded before Flop
Seat 5: xxxZeka folded before Flop (didn't bet)
Seat 6: poker_soul11 folded before Flop



PokerStars Hand #254722644370:  Hold'em No Limit ($0.50/$1.00 USD) - 2025/02/05 19:13:55 WET [2025/02/05 14:13:55 ET]
Table 'Biarmia II' 6-max Seat #3 is the button
Seat 1: joaquin612 ($101.50 in chips) 
Seat 2: franco232315 ($100 in chips) 
Seat 3: Sergey.V90 ($62.19 in chips) 
Seat 4: AIien Hand ($163.22 in chips) 
Seat 5: xxxZeka ($144.02 in chips) 
Seat 6: poker_soul11 ($100 in chips) 
AIien Hand: posts small blind $0.50
xxxZeka: posts big blind $1
*** HOLE CARDS ***
poker_soul11: folds 
joaquin612: folds 
franco232315: folds 
Sergey.V90: folds 
AIien Hand: raises $2 to $3
xxxZeka: folds 
Uncalled bet ($2) returned to AIien Hand
AIien Hand collected $2 from pot
AIien Hand: doesn't show hand 
*** SUMMARY ***
Total pot $2 | Rake $0 
Seat 1: joaquin612 folded before Flop (didn't bet)
Seat 2: franco232315 folded before Flop (didn't bet)
Seat 3: Sergey.V90 (button) folded before Flop (didn't bet)
Seat 4: AIien Hand (small blind) collected ($2)
Seat 5: xxxZeka (big blind) folded before Flop
Seat 6: poker_soul11 folded before Flop (didn't bet)



PokerStars Hand #254722648808:  Hold'em No Limit ($0.50/$1.00 USD) - 2025/02/05 19:14:11 WET [2025/02/05 14:14:11 ET]
Table 'Biarmia II' 6-max Seat #4 is the button
Seat 1: joaquin612 ($101.50 in chips) 
Seat 2: franco232315 ($100 in chips) 
Seat 3: Sergey.V90 ($62.19 in chips) 
Seat 4: AIien Hand ($164.22 in chips) 
Seat 5: xxxZeka ($143.02 in chips) 
Seat 6: poker_soul11 ($100 in chips) 
xxxZeka: posts small blind $0.50
poker_soul11: posts big blind $1
*** HOLE CARDS ***
joaquin612: folds 
franco232315: folds 
Sergey.V90: folds 
AIien Hand: raises $1.50 to $2.50
xxxZeka: folds 
poker_soul11: folds 
Uncalled bet ($1.50) returned to AIien Hand
AIien Hand collected $2.50 from pot
AIien Hand: doesn't show hand 
*** SUMMARY ***
Total pot $2.50 | Rake $0 
Seat 1: joaquin612 folded before Flop (didn't bet)
Seat 2: franco232315 folded before Flop (didn't bet)
Seat 3: Sergey.V90 folded before Flop (didn't bet)
Seat 4: AIien Hand (button) collected ($2.50)
Seat 5: xxxZeka (small blind) folded before Flop
Seat 6: poker_soul11 (big blind) folded before Flop



PokerStars Hand #254722657199:  Hold'em No Limit ($0.50/$1.00 USD) - 2025/02/05 19:14:40 WET [2025/02/05 14:14:40 ET]
Table 'Biarmia II' 6-max Seat #5 is the button
Seat 1: joaquin612 ($101.50 in chips) 
Seat 2: franco232315 ($100 in chips) 
Seat 3: Sergey.V90 ($62.19 in chips) 
Seat 4: AIien Hand ($165.72 in chips) 
Seat 5: xxxZeka ($142.52 in chips) 
Seat 6: poker_soul11 ($100 in chips) 
poker_soul11: posts small blind $0.50
joaquin612: posts big blind $1
*** HOLE CARDS ***
franco232315: folds 
Sergey.V90: folds 
AIien Hand: raises $1.20 to $2.20
xxxZeka: folds 
poker_soul11: folds 
joaquin612: calls $1.20
*** FLOP *** [7d 3s Kc]
joaquin612: checks 
AIien Hand: bets $1.40
joaquin612: folds 
Uncalled bet ($1.40) returned to AIien Hand
AIien Hand collected $4.66 from pot
AIien Hand: doesn't show hand 
*** SUMMARY ***
Total pot $4.90 | Rake $0.24 
Board [7d 3s Kc]
Seat 1: joaquin612 (big blind) folded on the Flop
Seat 2: franco232315 folded before Flop (didn't bet)
Seat 3: Sergey.V90 folded before Flop (didn't bet)
Seat 4: AIien Hand collected ($4.66)
Seat 5: xxxZeka (button) folded before Flop (didn't bet)
Seat 6: poker_soul11 (small blind) folded before Flop



PokerStars Hand #254722668823:  Hold'em No Limit ($0.50/$1.00 USD) - 2025/02/05 19:15:20 WET [2025/02/05 14:15:20 ET]
Table 'Biarmia II' 6-max Seat #6 is the button
Seat 1: joaquin612 ($100 in chips) 
Seat 2: franco232315 ($100 in chips) 
Seat 3: Sergey.V90 ($62.19 in chips) 
Seat 4: AIien Hand ($168.18 in chips) 
Seat 5: xxxZeka ($142.52 in chips) 
Seat 6: poker_soul11 ($100 in chips) 
joaquin612: posts small blind $0.50
franco232315: posts big blind $1
*** HOLE CARDS ***
Sergey.V90: raises $1.50 to $2.50
AIien Hand: raises $4.50 to $7
xxxZeka: folds 
poker_soul11: folds 
joaquin612: folds 
franco232315: folds 
Sergey.V90: raises $15.50 to $22.50
AIien Hand: folds 
Uncalled bet ($15.50) returned to Sergey.V90
Sergey.V90 collected $15.50 from pot
*** SUMMARY ***
Total pot $15.50 | Rake $0 
Seat 1: joaquin612 (small blind) folded before Flop
Seat 2: franco232315 (big blind) folded before Flop
Seat 3: Sergey.V90 collected ($15.50)
Seat 4: AIien Hand folded before Flop
Seat 5: xxxZeka folded before Flop (didn't bet)
Seat 6: poker_soul11 (button) folded before Flop (didn't bet)



PokerStars Hand #254722679559:  Hold'em No Limit ($0.50/$1.00 USD) - 2025/02/05 19:15:57 WET [2025/02/05 14:15:57 ET]
Table 'Biarmia II' 6-max Seat #1 is the button
Seat 1: joaquin612 ($100 in chips) 
Seat 2: franco232315 ($100 in chips) 
Seat 3: Sergey.V90 ($70.69 in chips) 
Seat 4: AIien Hand ($161.18 in chips) 
Seat 5: xxxZeka ($142.52 in chips) 
Seat 6: poker_soul11 ($100 in chips) 
franco232315: posts small blind $0.50
Sergey.V90: posts big blind $1
*** HOLE CARDS ***
AIien Hand: folds 
xxxZeka: folds 
poker_soul11: folds 
joaquin612: folds 
franco232315: raises $1.50 to $2.50
Sergey.V90: folds 
Uncalled bet ($1.50) returned to franco232315
franco232315 collected $2 from pot
franco232315: doesn't show hand 
*** SUMMARY ***
Total pot $2 | Rake $0 
Seat 1: joaquin612 (button) folded before Flop (didn't bet)
Seat 2: franco232315 (small blind) collected ($2)
Seat 3: Sergey.V90 (big blind) folded before Flop
Seat 4: AIien Hand folded before Flop (didn't bet)
Seat 5: xxxZeka folded before Flop (didn't bet)
Seat 6: poker_soul11 folded before Flop (didn't bet)



PokerStars Hand #254722684258:  Hold'em No Limit ($0.50/$1.00 USD) - 2025/02/05 19:16:13 WET [2025/02/05 14:16:13 ET]
Table 'Biarmia II' 6-max Seat #2 is the button
Seat 1: joaquin612 ($100 in chips) 
Seat 2: franco232315 ($101 in chips) 
Seat 3: Sergey.V90 ($69.69 in chips) 
Seat 4: AIien Hand ($161.18 in chips) 
Seat 5: xxxZeka ($142.52 in chips) 
Seat 6: poker_soul11 ($100 in chips) 
Sergey.V90: posts small blind $0.50
AIien Hand: posts big blind $1
*** HOLE CARDS ***
xxxZeka: folds 
poker_soul11: folds 
joaquin612: folds 
franco232315: folds 
Sergey.V90: raises $2 to $3
AIien Hand: calls $2
*** FLOP *** [8h 6c Jd]
Sergey.V90: bets $1.85
AIien Hand: folds 
Uncalled bet ($1.85) returned to Sergey.V90
Sergey.V90 collected $5.70 from pot
Sergey.V90: doesn't show hand 
*** SUMMARY ***
Total pot $6 | Rake $0.30 
Board [8h 6c Jd]
Seat 1: joaquin612 folded before Flop (didn't bet)
Seat 2: franco232315 (button) folded before Flop (didn't bet)
Seat 3: Sergey.V90 (small blind) collected ($5.70)
Seat 4: AIien Hand (big blind) folded on the Flop
Seat 5: xxxZeka folded before Flop (didn't bet)
Seat 6: poker_soul11 folded before Flop (didn't bet)



PokerStars Hand #254722699164:  Hold'em No Limit ($0.50/$1.00 USD) - 2025/02/05 19:17:05 WET [2025/02/05 14:17:05 ET]
Table 'Biarmia II' 6-max Seat #3 is the button
Seat 1: joaquin612 ($100 in chips) 
Seat 2: franco232315 ($101 in chips) 
Seat 3: Sergey.V90 ($72.39 in chips) 
Seat 4: AIien Hand ($158.18 in chips) 
Seat 5: xxxZeka ($142.52 in chips) 
Seat 6: poker_soul11 ($100 in chips) 
AIien Hand: posts small blind $0.50
xxxZeka: posts big blind $1
*** HOLE CARDS ***
poker_soul11: folds 
joaquin612: folds 
franco232315: folds 
Sergey.V90: raises $1.50 to $2.50
AIien Hand: raises $8.50 to $11
xxxZeka: folds 
Sergey.V90: calls $8.50
*** FLOP *** [2h 8s Js]
AIien Hand: checks 
Sergey.V90: bets $7.93
AIien Hand: folds 
Uncalled bet ($7.93) returned to Sergey.V90
Sergey.V90 collected $21.85 from pot
Sergey.V90: doesn't show hand 
*** SUMMARY ***
Total pot $23 | Rake $1.15 
Board [2h 8s Js]
Seat 1: joaquin612 folded before Flop (didn't bet)
Seat 2: franco232315 folded before Flop (didn't bet)
Seat 3: Sergey.V90 (button) collected ($21.85)
Seat 4: AIien Hand (small blind) folded on the Flop
Seat 5: xxxZeka (big blind) folded before Flop
Seat 6: poker_soul11 folded before Flop (didn't bet)



PokerStars Hand #254722719088:  Hold'em No Limit ($0.50/$1.00 USD) - 2025/02/05 19:18:14 WET [2025/02/05 14:18:14 ET]
Table 'Biarmia II' 6-max Seat #4 is the button
Seat 1: joaquin612 ($100 in chips) 
Seat 2: franco232315 ($101 in chips) 
Seat 3: Sergey.V90 ($83.24 in chips) 
Seat 4: AIien Hand ($147.18 in chips) 
Seat 5: xxxZeka ($141.52 in chips) 
Seat 6: poker_soul11 ($100 in chips) 
xxxZeka: posts small blind $0.50
poker_soul11: posts big blind $1
*** HOLE CARDS ***
joaquin612: raises $1.50 to $2.50
franco232315: folds 
Sergey.V90: folds 
AIien Hand: folds 
xxxZeka: folds 
poker_soul11: calls $1.50
*** FLOP *** [9c Kd 3s]
poker_soul11: checks 
joaquin612: bets $2.61
poker_soul11: folds 
Uncalled bet ($2.61) returned to joaquin612
joaquin612 collected $5.22 from pot
joaquin612: doesn't show hand 
*** SUMMARY ***
Total pot $5.50 | Rake $0.28 
Board [9c Kd 3s]
Seat 1: joaquin612 collected ($5.22)
Seat 2: franco232315 folded before Flop (didn't bet)
Seat 3: Sergey.V90 folded before Flop (didn't bet)
Seat 4: AIien Hand (button) folded before Flop (didn't bet)
Seat 5: xxxZeka (small blind) folded before Flop
Seat 6: poker_soul11 (big blind) folded on the Flop



PokerStars Hand #254722732639:  Hold'em No Limit ($0.50/$1.00 USD) - 2025/02/05 19:19:00 WET [2025/02/05 14:19:00 ET]
Table 'Biarmia II' 6-max Seat #5 is the button
Seat 1: joaquin612 ($102.72 in chips) 
Seat 2: franco232315 ($101 in chips) 
Seat 3: Sergey.V90 ($83.24 in chips) 
Seat 4: AIien Hand ($147.18 in chips) 
Seat 5: xxxZeka ($141.02 in chips) 
Seat 6: poker_soul11 ($100 in chips) 
poker_soul11: posts small blind $0.50
joaquin612: posts big blind $1
*** HOLE CARDS ***
franco232315: folds 
Sergey.V90: folds 
AIien Hand: folds 
xxxZeka: raises $1.50 to $2.50
poker_soul11: folds 
joaquin612: folds 
Uncalled bet ($1.50) returned to xxxZeka
xxxZeka collected $2.50 from pot
xxxZeka: doesn't show hand 
*** SUMMARY ***
Total pot $2.50 | Rake $0 
Seat 1: joaquin612 (big blind) folded before Flop
Seat 2: franco232315 folded before Flop (didn't bet)
Seat 3: Sergey.V90 folded before Flop (didn't bet)
Seat 4: AIien Hand folded before Flop (didn't bet)
Seat 5: xxxZeka (button) collected ($2.50)
Seat 6: poker_soul11 (small blind) folded before Flop



PokerStars Hand #254722737853:  Hold'em No Limit ($0.50/$1.00 USD) - 2025/02/05 19:19:18 WET [2025/02/05 14:19:18 ET]
Table 'Biarmia II' 6-max Seat #6 is the button
Seat 1: joaquin612 ($101.72 in chips) 
Seat 2: franco232315 ($101 in chips) 
Seat 3: Sergey.V90 ($83.24 in chips) 
Seat 4: AIien Hand ($147.18 in chips) 
Seat 5: xxxZeka ($142.52 in chips) 
Seat 6: poker_soul11 ($100 in chips) 
joaquin612: posts small blind $0.50
franco232315: posts big blind $1
*** HOLE CARDS ***
Sergey.V90: folds 
AIien Hand: raises $1.20 to $2.20
xxxZeka: folds 
poker_soul11: folds 
joaquin612: folds 
franco232315: calls $1.20
*** FLOP *** [Qd 6d Ts]
franco232315: checks 
AIien Hand: checks 
*** TURN *** [Qd 6d Ts] [7c]
franco232315: checks 
AIien Hand: bets $3.36
franco232315: calls $3.36
*** RIVER *** [Qd 6d Ts 7c] [5d]
franco232315: checks 
AIien Hand: checks 
*** SHOW DOWN ***
franco232315: shows [Tc As] (a pair of Tens)
AIien Hand: shows [9h Qh] (a pair of Queens)
AIien Hand collected $11.04 from pot
*** SUMMARY ***
Total pot $11.62 | Rake $0.58 
Board [Qd 6d Ts 7c 5d]
Seat 1: joaquin612 (small blind) folded before Flop
Seat 2: franco232315 (big blind) showed [Tc As] and lost with a pair of Tens
Seat 3: Sergey.V90 folded before Flop (didn't bet)
Seat 4: AIien Hand showed [9h Qh] and won ($11.04) with a pair of Queens
Seat 5: xxxZeka folded before Flop (didn't bet)
Seat 6: poker_soul11 (button) folded before Flop (didn't bet)



PokerStars Hand #254722762429:  Hold'em No Limit ($0.50/$1.00 USD) - 2025/02/05 19:20:42 WET [2025/02/05 14:20:42 ET]
Table 'Biarmia II' 6-max Seat #1 is the button
Seat 1: joaquin612 ($101.22 in chips) 
Seat 2: franco232315 ($100 in chips) 
Seat 3: Sergey.V90 ($83.24 in chips) 
Seat 4: AIien Hand ($152.66 in chips) 
Seat 5: xxxZeka ($142.52 in chips) 
Seat 6: poker_soul11 ($100 in chips) 
franco232315: posts small blind $0.50
Sergey.V90: posts big blind $1
*** HOLE CARDS ***
AIien Hand: folds 
xxxZeka: folds 
poker_soul11: raises $1.20 to $2.20
joaquin612: folds 
franco232315: raises $8.80 to $11
Sergey.V90: folds 
poker_soul11: raises $12 to $23
franco232315: calls $12
*** FLOP *** [Qh 2s Kh]
franco232315: checks 
poker_soul11: bets $11.16
franco232315: calls $11.16
*** TURN *** [Qh 2s Kh] [9d]
franco232315: checks 
poker_soul11: checks 
*** RIVER *** [Qh 2s Kh 9d] [Td]
franco232315: bets $65.84 and is all-in
poker_soul11: folds 
Uncalled bet ($65.84) returned to franco232315
franco232315 collected $66.82 from pot
franco232315: doesn't show hand 
*** SUMMARY ***
Total pot $69.32 | Rake $2.50 
Board [Qh 2s Kh 9d Td]
Seat 1: joaquin612 (button) folded before Flop (didn't bet)
Seat 2: franco232315 (small blind) collected ($66.82)
Seat 3: Sergey.V90 (big blind) folded before Flop
Seat 4: AIien Hand folded before Flop (didn't bet)
Seat 5: xxxZeka folded before Flop (didn't bet)
Seat 6: poker_soul11 folded on the River



PokerStars Hand #254722793377:  Hold'em No Limit ($0.50/$1.00 USD) - 2025/02/05 19:22:30 WET [2025/02/05 14:22:30 ET]
Table 'Biarmia II' 6-max Seat #2 is the button
Seat 1: joaquin612 ($101.22 in chips) 
Seat 2: franco232315 ($132.66 in chips) 
Seat 3: Sergey.V90 ($82.24 in chips) 
Seat 4: AIien Hand ($152.66 in chips) 
Seat 5: xxxZeka ($142.52 in chips) 
Seat 6: poker_soul11 ($100 in chips) 
Sergey.V90: posts small blind $0.50
AIien Hand: posts big blind $1
*** HOLE CARDS ***
xxxZeka: raises $1.50 to $2.50
poker_soul11: folds 
joaquin612: folds 
franco232315: folds 
Sergey.V90: folds 
AIien Hand: calls $1.50
*** FLOP *** [7h 3h 4d]
AIien Hand: checks 
xxxZeka: bets $3.45
AIien Hand: raises $4.85 to $8.30
xxxZeka: raises $11.70 to $20
AIien Hand: raises $130.16 to $150.16 and is all-in
xxxZeka: folds 
Uncalled bet ($130.16) returned to AIien Hand
AIien Hand collected $43.22 from pot
AIien Hand: doesn't show hand 
*** SUMMARY ***
Total pot $45.50 | Rake $2.28 
Board [7h 3h 4d]
Seat 1: joaquin612 folded before Flop (didn't bet)
Seat 2: franco232315 (button) folded before Flop (didn't bet)
Seat 3: Sergey.V90 (small blind) folded before Flop
Seat 4: AIien Hand (big blind) collected ($43.22)
Seat 5: xxxZeka folded on the Flop
Seat 6: poker_soul11 folded before Flop (didn't bet)



PokerStars Hand #254722828658:  Hold'em No Limit ($0.50/$1.00 USD) - 2025/02/05 19:24:32 WET [2025/02/05 14:24:32 ET]
Table 'Biarmia II' 6-max Seat #3 is the button
Seat 1: joaquin612 ($101.22 in chips) 
Seat 2: franco232315 ($132.66 in chips) 
Seat 3: Sergey.V90 ($81.74 in chips) 
Seat 4: AIien Hand ($173.38 in chips) 
Seat 5: xxxZeka ($120.02 in chips) 
Seat 6: poker_soul11 ($100 in chips) 
AIien Hand: posts small blind $0.50
xxxZeka: posts big blind $1
*** HOLE CARDS ***
poker_soul11: folds 
joaquin612: folds 
franco232315: folds 
Sergey.V90: folds 
AIien Hand: raises $2 to $3
xxxZeka: folds 
Uncalled bet ($2) returned to AIien Hand
AIien Hand collected $2 from pot
AIien Hand: doesn't show hand 
*** SUMMARY ***
Total pot $2 | Rake $0 
Seat 1: joaquin612 folded before Flop (didn't bet)
Seat 2: franco232315 folded before Flop (didn't bet)
Seat 3: Sergey.V90 (button) folded before Flop (didn't bet)
Seat 4: AIien Hand (small blind) collected ($2)
Seat 5: xxxZeka (big blind) folded before Flop
Seat 6: poker_soul11 folded before Flop (didn't bet)



PokerStars Hand #254722837240:  Hold'em No Limit ($0.50/$1.00 USD) - 2025/02/05 19:25:01 WET [2025/02/05 14:25:01 ET]
Table 'Biarmia II' 6-max Seat #4 is the button
Seat 1: joaquin612 ($101.22 in chips) 
Seat 2: franco232315 ($132.66 in chips) 
Seat 3: Sergey.V90 ($81.74 in chips) 
Seat 4: AIien Hand ($174.38 in chips) 
Seat 5: xxxZeka ($119.02 in chips) 
Seat 6: poker_soul11 ($100 in chips) 
xxxZeka: posts small blind $0.50
poker_soul11: posts big blind $1
*** HOLE CARDS ***
joaquin612: folds 
franco232315: folds 
Sergey.V90: folds 
AIien Hand: raises $1.50 to $2.50
xxxZeka: folds 
poker_soul11: calls $1.50
*** FLOP *** [7d Ah As]
poker_soul11: checks 
AIien Hand: bets $1.20
poker_soul11: folds 
Uncalled bet ($1.20) returned to AIien Hand
AIien Hand collected $5.22 from pot
AIien Hand: doesn't show hand 
*** SUMMARY ***
Total pot $5.50 | Rake $0.28 
Board [7d Ah As]
Seat 1: joaquin612 folded before Flop (didn't bet)
Seat 2: franco232315 folded before Flop (didn't bet)
Seat 3: Sergey.V90 folded before Flop (didn't bet)
Seat 4: AIien Hand (button) collected ($5.22)
Seat 5: xxxZeka (small blind) folded before Flop
Seat 6: poker_soul11 (big blind) folded on the Flop



PokerStars Hand #254722849845:  Hold'em No Limit ($0.50/$1.00 USD) - 2025/02/05 19:25:45 WET [2025/02/05 14:25:45 ET]
Table 'Biarmia II' 6-max Seat #5 is the button
Seat 1: joaquin612 ($101.22 in chips) 
Seat 2: franco232315 ($132.66 in chips) 
Seat 3: Sergey.V90 ($81.74 in chips) 
Seat 4: AIien Hand ($177.10 in chips) 
Seat 5: xxxZeka ($118.52 in chips) 
Seat 6: poker_soul11 ($100 in chips) 
poker_soul11: posts small blind $0.50
joaquin612: posts big blind $1
*** HOLE CARDS ***
franco232315: folds 
Sergey.V90: folds 
AIien Hand: raises $1.20 to $2.20
xxxZeka: raises $5.10 to $7.30
poker_soul11: folds 
joaquin612: folds 
AIien Hand: raises $12.70 to $20
xxxZeka: calls $12.70
*** FLOP *** [Ts 2d Td]
AIien Hand: bets $15.76
xxxZeka: folds 
Uncalled bet ($15.76) returned to AIien Hand
AIien Hand collected $39.42 from pot
AIien Hand: doesn't show hand 
*** SUMMARY ***
Total pot $41.50 | Rake $2.08 
Board [Ts 2d Td]
Seat 1: joaquin612 (big blind) folded before Flop
Seat 2: franco232315 folded before Flop (didn't bet)
Seat 3: Sergey.V90 folded before Flop (didn't bet)
Seat 4: AIien Hand collected ($39.42)
Seat 5: xxxZeka (button) folded on the Flop
Seat 6: poker_soul11 (small blind) folded before Flop



PokerStars Hand #254722870162:  Hold'em No Limit ($0.50/$1.00 USD) - 2025/02/05 19:26:54 WET [2025/02/05 14:26:54 ET]
Table 'Biarmia II' 6-max Seat #6 is the button
Seat 1: joaquin612 ($100.22 in chips) 
Seat 2: franco232315 ($132.66 in chips) 
Seat 3: Sergey.V90 ($81.74 in chips) 
Seat 4: AIien Hand ($196.52 in chips) 
Seat 5: xxxZeka ($100 in chips) 
Seat 6: poker_soul11 ($100 in chips) 
joaquin612: posts small blind $0.50
franco232315: posts big blind $1
*** HOLE CARDS ***
Sergey.V90: folds 
AIien Hand: folds 
xxxZeka: folds 
poker_soul11: folds 
joaquin612: folds 
Uncalled bet ($0.50) returned to franco232315
franco232315 collected $1 from pot
franco232315: doesn't show hand 
*** SUMMARY ***
Total pot $1 | Rake $0 
Seat 1: joaquin612 (small blind) folded before Flop
Seat 2: franco232315 (big blind) collected ($1)
Seat 3: Sergey.V90 folded before Flop (didn't bet)
Seat 4: AIien Hand folded before Flop (didn't bet)
Seat 5: xxxZeka folded before Flop (didn't bet)
Seat 6: poker_soul11 (button) folded before Flop (didn't bet)



PokerStars Hand #254722873888:  Hold'em No Limit ($0.50/$1.00 USD) - 2025/02/05 19:27:07 WET [2025/02/05 14:27:07 ET]
Table 'Biarmia II' 6-max Seat #1 is the button
Seat 1: joaquin612 ($100 in chips) 
Seat 2: franco232315 ($133.16 in chips) 
Seat 3: Sergey.V90 ($81.74 in chips) 
Seat 4: AIien Hand ($196.52 in chips) 
Seat 5: xxxZeka ($100 in chips) 
Seat 6: poker_soul11 ($100 in chips) 
franco232315: posts small blind $0.50
Sergey.V90: posts big blind $1
*** HOLE CARDS ***
AIien Hand: folds 
xxxZeka: folds 
poker_soul11: folds 
joaquin612: raises $1.50 to $2.50
franco232315: folds 
Sergey.V90: folds 
Uncalled bet ($1.50) returned to joaquin612
joaquin612 collected $2.50 from pot
joaquin612: doesn't show hand 
*** SUMMARY ***
Total pot $2.50 | Rake $0 
Seat 1: joaquin612 (button) collected ($2.50)
Seat 2: franco232315 (small blind) folded before Flop
Seat 3: Sergey.V90 (big blind) folded before Flop
Seat 4: AIien Hand folded before Flop (didn't bet)
Seat 5: xxxZeka folded before Flop (didn't bet)
Seat 6: poker_soul11 folded before Flop (didn't bet)



PokerStars Hand #254722881478:  Hold'em No Limit ($0.50/$1.00 USD) - 2025/02/05 19:27:33 WET [2025/02/05 14:27:33 ET]
Table 'Biarmia II' 6-max Seat #2 is the button
Seat 1: joaquin612 ($101.50 in chips) 
Seat 2: franco232315 ($132.66 in chips) 
Seat 3: Sergey.V90 ($80.74 in chips) 
Seat 4: AIien Hand ($196.52 in chips) 
Seat 5: xxxZeka ($100 in chips) 
Seat 6: poker_soul11 ($100 in chips) 
Sergey.V90: posts small blind $0.50
AIien Hand: posts big blind $1
*** HOLE CARDS ***
xxxZeka: folds 
poker_soul11: folds 
joaquin612: folds 
franco232315: raises $1.50 to $2.50
Sergey.V90: folds 
AIien Hand: folds 
Uncalled bet ($1.50) returned to franco232315
franco232315 collected $2.50 from pot
franco232315: doesn't show hand 
*** SUMMARY ***
Total pot $2.50 | Rake $0 
Seat 1: joaquin612 folded before Flop (didn't bet)
Seat 2: franco232315 (button) collected ($2.50)
Seat 3: Sergey.V90 (small blind) folded before Flop
Seat 4: AIien Hand (big blind) folded before Flop
Seat 5: xxxZeka folded before Flop (didn't bet)
Seat 6: poker_soul11 folded before Flop (didn't bet)



PokerStars Hand #254722888063:  Hold'em No Limit ($0.50/$1.00 USD) - 2025/02/05 19:27:56 WET [2025/02/05 14:27:56 ET]
Table 'Biarmia II' 6-max Seat #3 is the button
Seat 1: joaquin612 ($101.50 in chips) 
Seat 2: franco232315 ($134.16 in chips) 
Seat 3: Sergey.V90 ($80.24 in chips) 
Seat 4: AIien Hand ($195.52 in chips) 
Seat 5: xxxZeka ($100 in chips) 
Seat 6: poker_soul11 ($100 in chips) 
AIien Hand: posts small blind $0.50
xxxZeka: posts big blind $1
*** HOLE CARDS ***
poker_soul11: folds 
joaquin612: folds 
franco232315: folds 
Sergey.V90: folds 
AIien Hand: raises $2 to $3
xxxZeka: raises $6 to $9
AIien Hand: raises $13.50 to $22.50
xxxZeka: calls $13.50
*** FLOP *** [Ts 6c 4s]
AIien Hand: bets $17.12
xxxZeka: raises $60.38 to $77.50 and is all-in
AIien Hand: folds 
Uncalled bet ($60.38) returned to xxxZeka
xxxZeka collected $76.74 from pot
xxxZeka: doesn't show hand 
*** SUMMARY ***
Total pot $79.24 | Rake $2.50 
Board [Ts 6c 4s]
Seat 1: joaquin612 folded before Flop (didn't bet)
Seat 2: franco232315 folded before Flop (didn't bet)
Seat 3: Sergey.V90 (button) folded before Flop (didn't bet)
Seat 4: AIien Hand (small blind) folded on the Flop
Seat 5: xxxZeka (big blind) collected ($76.74)
Seat 6: poker_soul11 folded before Flop (didn't bet)



PokerStars Hand #254722909684:  Hold'em No Limit ($0.50/$1.00 USD) - 2025/02/05 19:29:11 WET [2025/02/05 14:29:11 ET]
Table 'Biarmia II' 6-max Seat #4 is the button
Seat 1: joaquin612 ($101.50 in chips) 
Seat 2: franco232315 ($134.16 in chips) 
Seat 3: Sergey.V90 ($80.24 in chips) 
Seat 4: AIien Hand ($155.90 in chips) 
Seat 5: xxxZeka ($137.12 in chips) 
Seat 6: poker_soul11 ($100 in chips) 
xxxZeka: posts small blind $0.50
poker_soul11: posts big blind $1
*** HOLE CARDS ***
joaquin612: folds 
franco232315: folds 
Sergey.V90: folds 
AIien Hand: folds 
xxxZeka: folds 
Uncalled bet ($0.50) returned to poker_soul11
poker_soul11 collected $1 from pot
poker_soul11: doesn't show hand 
*** SUMMARY ***
Total pot $1 | Rake $0 
Seat 1: joaquin612 folded before Flop (didn't bet)
Seat 2: franco232315 folded before Flop (didn't bet)
Seat 3: Sergey.V90 folded before Flop (didn't bet)
Seat 4: AIien Hand (button) folded before Flop (didn't bet)
Seat 5: xxxZeka (small blind) folded before Flop
Seat 6: poker_soul11 (big blind) collected ($1)



PokerStars Hand #254722913163:  Hold'em No Limit ($0.50/$1.00 USD) - 2025/02/05 19:29:23 WET [2025/02/05 14:29:23 ET]
Table 'Biarmia II' 6-max Seat #5 is the button
Seat 1: joaquin612 ($101.50 in chips) 
Seat 2: franco232315 ($134.16 in chips) 
Seat 3: Sergey.V90 ($80.24 in chips) 
Seat 4: AIien Hand ($155.90 in chips) 
Seat 5: xxxZeka ($136.62 in chips) 
Seat 6: poker_soul11 ($100.50 in chips) 
poker_soul11: posts small blind $0.50
joaquin612: posts big blind $1
*** HOLE CARDS ***
franco232315: folds 
Sergey.V90: raises $1.50 to $2.50
AIien Hand: raises $5 to $7.50
xxxZeka: folds 
poker_soul11: folds 
joaquin612: folds 
Sergey.V90: calls $5
*** FLOP *** [5h 8s Ah]
Sergey.V90: checks 
AIien Hand: bets $4.71
Sergey.V90: calls $4.71
*** TURN *** [5h 8s Ah] [Js]
Sergey.V90: checks 
AIien Hand: bets $17.71
Sergey.V90: calls $17.71
*** RIVER *** [5h 8s Ah Js] [Ks]
Sergey.V90: checks 
AIien Hand: bets $125.98 and is all-in
Sergey.V90: calls $50.32 and is all-in
Uncalled bet ($75.66) returned to AIien Hand
*** SHOW DOWN ***
AIien Hand: shows [As Qc] (a pair of Aces)
Sergey.V90: shows [Kd Jh] (two pair, Kings and Jacks)
Sergey.V90 collected $159.48 from pot
*** SUMMARY ***
Total pot $161.98 | Rake $2.50 
Board [5h 8s Ah Js Ks]
Seat 1: joaquin612 (big blind) folded before Flop
Seat 2: franco232315 folded before Flop (didn't bet)
Seat 3: Sergey.V90 showed [Kd Jh] and won ($159.48) with two pair, Kings and Jacks
Seat 4: AIien Hand showed [As Qc] and lost with a pair of Aces
Seat 5: xxxZeka (button) folded before Flop (didn't bet)
Seat 6: poker_soul11 (small blind) folded before Flop



PokerStars Hand #254722945572:  Hold'em No Limit ($0.50/$1.00 USD) - 2025/02/05 19:31:14 WET [2025/02/05 14:31:14 ET]
Table 'Biarmia II' 6-max Seat #6 is the button
Seat 2: franco232315 ($134.16 in chips) is sitting out
Seat 1: joaquin612 ($100.50 in chips) 
Seat 3: Sergey.V90 ($159.48 in chips) 
Seat 4: AIien Hand ($100 in chips) 
Seat 5: xxxZeka ($136.62 in chips) 
Seat 6: poker_soul11 ($100 in chips) 
joaquin612: posts small blind $0.50
franco232315: is sitting out 
Sergey.V90: posts big blind $1
*** HOLE CARDS ***
AIien Hand: folds 
xxxZeka: raises $1.50 to $2.50
poker_soul11: folds 
franco232315 leaves the table
joaquin612: folds 
Sergey.V90: calls $1.50
*** FLOP *** [Ad Jc 9s]
Sergey.V90: checks 
xxxZeka: checks 
*** TURN *** [Ad Jc 9s] [7s]
Sergey.V90: bets $1.61
xxxZeka: raises $4.39 to $6
Sergey.V90: calls $4.39
*** RIVER *** [Ad Jc 9s 7s] [7d]
Sergey.V90: checks 
xxxZeka: checks 
*** SHOW DOWN ***
Sergey.V90: shows [3s Ac] (two pair, Aces and Sevens)
xxxZeka: shows [5s As] (two pair, Aces and Sevens)
Sergey.V90 collected $8.31 from pot
xxxZeka collected $8.31 from pot
*** SUMMARY ***
Total pot $17.50 | Rake $0.88 
Board [Ad Jc 9s 7s 7d]
Seat 2: franco232315
Seat 1: joaquin612 (small blind) folded before Flop
Seat 3: Sergey.V90 (big blind) showed [3s Ac] and won ($8.31) with two pair, Aces and Sevens
Seat 4: AIien Hand folded before Flop (didn't bet)
Seat 5: xxxZeka showed [5s As] and won ($8.31) with two pair, Aces and Sevens
Seat 6: poker_soul11 (button) folded before Flop (didn't bet)



PokerStars Hand #254722959692:  Hold'em No Limit ($0.50/$1.00 USD) - 2025/02/05 19:32:02 WET [2025/02/05 14:32:02 ET]
Table 'Biarmia II' 6-max Seat #1 is the button
Seat 1: joaquin612 ($100 in chips) 
Seat 3: Sergey.V90 ($159.29 in chips) 
Seat 4: AIien Hand ($100 in chips) 
Seat 5: xxxZeka ($136.43 in chips) 
Seat 6: poker_soul11 ($100 in chips) 
Sergey.V90: posts small blind $0.50
AIien Hand: posts big blind $1
*** HOLE CARDS ***
xxxZeka: folds 
poker_soul11: raises $1.20 to $2.20
joaquin612: folds 
Sergey.V90: folds 
reiyser joins the table at seat #2 
AIien Hand: calls $1.20
*** FLOP *** [Kc Js As]
AIien Hand: checks 
poker_soul11: checks 
*** TURN *** [Kc Js As] [8h]
AIien Hand: checks 
poker_soul11: bets $3.50
AIien Hand: folds 
Uncalled bet ($3.50) returned to poker_soul11
poker_soul11 collected $4.66 from pot
poker_soul11: doesn't show hand 
*** SUMMARY ***
Total pot $4.90 | Rake $0.24 
Board [Kc Js As 8h]
Seat 1: joaquin612 (button) folded before Flop (didn't bet)
Seat 3: Sergey.V90 (small blind) folded before Flop
Seat 4: AIien Hand (big blind) folded on the Turn
Seat 5: xxxZeka folded before Flop (didn't bet)
Seat 6: poker_soul11 collected ($4.66)



PokerStars Hand #254722981775:  Hold'em No Limit ($0.50/$1.00 USD) - 2025/02/05 19:33:18 WET [2025/02/05 14:33:18 ET]
Table 'Biarmia II' 6-max Seat #3 is the button
Seat 2: reiyser ($100 in chips) is sitting out
Seat 1: joaquin612 ($100 in chips) 
Seat 3: Sergey.V90 ($158.79 in chips) 
Seat 4: AIien Hand ($100 in chips) 
Seat 5: xxxZeka ($136.43 in chips) 
Seat 6: poker_soul11 ($102.46 in chips) 
AIien Hand: posts small blind $0.50
xxxZeka: posts big blind $1
reiyser: sits out 
*** HOLE CARDS ***
poker_soul11: raises $1.20 to $2.20
joaquin612: folds 
Sergey.V90: folds 
AIien Hand: folds 
xxxZeka: folds 
Uncalled bet ($1.20) returned to poker_soul11
poker_soul11 collected $2.50 from pot
poker_soul11: doesn't show hand 
*** SUMMARY ***
Total pot $2.50 | Rake $0 
Seat 2: reiyser
Seat 1: joaquin612 folded before Flop (didn't bet)
Seat 3: Sergey.V90 (button) folded before Flop (didn't bet)
Seat 4: AIien Hand (small blind) folded before Flop
Seat 5: xxxZeka (big blind) folded before Flop
Seat 6: poker_soul11 collected ($2.50)



PokerStars Hand #254722985602:  Hold'em No Limit ($0.50/$1.00 USD) - 2025/02/05 19:33:31 WET [2025/02/05 14:33:31 ET]
Table 'Biarmia II' 6-max Seat #4 is the button
Seat 2: reiyser ($100 in chips) is sitting out
Seat 1: joaquin612 ($100 in chips) 
Seat 3: Sergey.V90 ($158.79 in chips) 
Seat 4: AIien Hand ($100 in chips) 
Seat 5: xxxZeka ($135.43 in chips) 
Seat 6: poker_soul11 ($103.96 in chips) 
xxxZeka: posts small blind $0.50
poker_soul11: posts big blind $1
reiyser: sits out 
*** HOLE CARDS ***
joaquin612: folds 
Sergey.V90: raises $1.50 to $2.50
AIien Hand: folds 
xxxZeka: folds 
poker_soul11: folds 
Uncalled bet ($1.50) returned to Sergey.V90
Sergey.V90 collected $2.50 from pot
Sergey.V90: doesn't show hand 
*** SUMMARY ***
Total pot $2.50 | Rake $0 
Seat 2: reiyser
Seat 1: joaquin612 folded before Flop (didn't bet)
Seat 3: Sergey.V90 collected ($2.50)
Seat 4: AIien Hand (button) folded before Flop (didn't bet)
Seat 5: xxxZeka (small blind) folded before Flop
Seat 6: poker_soul11 (big blind) folded before Flop



PokerStars Hand #254722990226:  Hold'em No Limit ($0.50/$1.00 USD) - 2025/02/05 19:33:47 WET [2025/02/05 14:33:47 ET]
Table 'Biarmia II' 6-max Seat #5 is the button
Seat 2: reiyser ($100 in chips) is sitting out
Seat 1: joaquin612 ($100 in chips) 
Seat 3: Sergey.V90 ($160.29 in chips) 
Seat 4: AIien Hand ($100 in chips) 
Seat 5: xxxZeka ($134.93 in chips) 
Seat 6: poker_soul11 ($102.96 in chips) 
poker_soul11: posts small blind $0.50
joaquin612: posts big blind $1
reiyser: sits out 
*** HOLE CARDS ***
Sergey.V90: folds 
AIien Hand: folds 
xxxZeka: folds 
poker_soul11: raises $2 to $3
joaquin612: folds 
Uncalled bet ($2) returned to poker_soul11
poker_soul11 collected $2 from pot
poker_soul11: doesn't show hand 
*** SUMMARY ***
Total pot $2 | Rake $0 
Seat 2: reiyser
Seat 1: joaquin612 (big blind) folded before Flop
Seat 3: Sergey.V90 folded before Flop (didn't bet)
Seat 4: AIien Hand folded before Flop (didn't bet)
Seat 5: xxxZeka (button) folded before Flop (didn't bet)
Seat 6: poker_soul11 (small blind) collected ($2)



PokerStars Hand #254722996867:  Hold'em No Limit ($0.50/$1.00 USD) - 2025/02/05 19:34:10 WET [2025/02/05 14:34:10 ET]
Table 'Biarmia II' 6-max Seat #6 is the button
Seat 1: joaquin612 ($100 in chips) 
Seat 2: reiyser ($100 in chips) 
Seat 3: Sergey.V90 ($160.29 in chips) 
Seat 4: AIien Hand ($100 in chips) 
Seat 5: xxxZeka ($134.93 in chips) 
Seat 6: poker_soul11 ($103.96 in chips) 
joaquin612: posts small blind $0.50
reiyser: posts big blind $1
*** HOLE CARDS ***
Sergey.V90: raises $1.50 to $2.50
AIien Hand: folds 
xxxZeka: folds 
poker_soul11: folds 
joaquin612: folds 
reiyser: folds 
Uncalled bet ($1.50) returned to Sergey.V90
Sergey.V90 collected $2.50 from pot
Sergey.V90: doesn't show hand 
*** SUMMARY ***
Total pot $2.50 | Rake $0 
Seat 1: joaquin612 (small blind) folded before Flop
Seat 2: reiyser (big blind) folded before Flop
Seat 3: Sergey.V90 collected ($2.50)
Seat 4: AIien Hand folded before Flop (didn't bet)
Seat 5: xxxZeka folded before Flop (didn't bet)
Seat 6: poker_soul11 (button) folded before Flop (didn't bet)



PokerStars Hand #254723002442:  Hold'em No Limit ($0.50/$1.00 USD) - 2025/02/05 19:34:29 WET [2025/02/05 14:34:29 ET]
Table 'Biarmia II' 6-max Seat #1 is the button
Seat 1: joaquin612 ($100 in chips) 
Seat 2: reiyser ($100 in chips) 
Seat 3: Sergey.V90 ($161.79 in chips) 
Seat 4: AIien Hand ($100 in chips) 
Seat 5: xxxZeka ($134.93 in chips) 
Seat 6: poker_soul11 ($103.96 in chips) 
reiyser: posts small blind $0.50
Sergey.V90: posts big blind $1
*** HOLE CARDS ***
AIien Hand: folds 
xxxZeka: folds 
poker_soul11: folds 
joaquin612: folds 
reiyser: folds 
Uncalled bet ($0.50) returned to Sergey.V90
Sergey.V90 collected $1 from pot
Sergey.V90: doesn't show hand 
*** SUMMARY ***
Total pot $1 | Rake $0 
Seat 1: joaquin612 (button) folded before Flop (didn't bet)
Seat 2: reiyser (small blind) folded before Flop
Seat 3: Sergey.V90 (big blind) collected ($1)
Seat 4: AIien Hand folded before Flop (didn't bet)
Seat 5: xxxZeka folded before Flop (didn't bet)
Seat 6: poker_soul11 folded before Flop (didn't bet)



PokerStars Hand #254723007593:  Hold'em No Limit ($0.50/$1.00 USD) - 2025/02/05 19:34:47 WET [2025/02/05 14:34:47 ET]
Table 'Biarmia II' 6-max Seat #2 is the button
Seat 1: joaquin612 ($100 in chips) 
Seat 2: reiyser ($100 in chips) 
Seat 3: Sergey.V90 ($162.29 in chips) 
Seat 4: AIien Hand ($100 in chips) 
Seat 5: xxxZeka ($134.93 in chips) 
Seat 6: poker_soul11 ($103.96 in chips) 
Sergey.V90: posts small blind $0.50
AIien Hand: posts big blind $1
*** HOLE CARDS ***
xxxZeka: folds 
poker_soul11: folds 
joaquin612: raises $2 to $3
reiyser: folds 
Sergey.V90: calls $2.50
AIien Hand: folds 
*** FLOP *** [6s 2d Kc]
Sergey.V90: checks 
joaquin612: checks 
*** TURN *** [6s 2d Kc] [8c]
Sergey.V90: checks 
joaquin612: bets $9.98
Sergey.V90: calls $9.98
*** RIVER *** [6s 2d Kc 8c] [Td]
Sergey.V90: checks 
joaquin612: checks 
*** SHOW DOWN ***
Sergey.V90: shows [Qc 9c] (high card King)
joaquin612: shows [Ac Jc] (high card Ace)
joaquin612 collected $25.61 from pot
*** SUMMARY ***
Total pot $26.96 | Rake $1.35 
Board [6s 2d Kc 8c Td]
Seat 1: joaquin612 showed [Ac Jc] and won ($25.61) with high card Ace
Seat 2: reiyser (button) folded before Flop (didn't bet)
Seat 3: Sergey.V90 (small blind) showed [Qc 9c] and lost with high card King
Seat 4: AIien Hand (big blind) folded before Flop
Seat 5: xxxZeka folded before Flop (didn't bet)
Seat 6: poker_soul11 folded before Flop (didn't bet)



PokerStars Hand #254723031997:  Hold'em No Limit ($0.50/$1.00 USD) - 2025/02/05 19:36:10 WET [2025/02/05 14:36:10 ET]
Table 'Biarmia II' 6-max Seat #3 is the button
Seat 1: joaquin612 ($112.63 in chips) 
Seat 2: reiyser ($100 in chips) 
Seat 3: Sergey.V90 ($149.31 in chips) 
Seat 4: AIien Hand ($100 in chips) 
Seat 5: xxxZeka ($134.93 in chips) 
Seat 6: poker_soul11 ($103.96 in chips) 
AIien Hand: posts small blind $0.50
xxxZeka: posts big blind $1
*** HOLE CARDS ***
poker_soul11: folds 
joaquin612: folds 
reiyser: folds 
Sergey.V90: folds 
AIien Hand: folds 
Uncalled bet ($0.50) returned to xxxZeka
xxxZeka collected $1 from pot
xxxZeka: doesn't show hand 
*** SUMMARY ***
Total pot $1 | Rake $0 
Seat 1: joaquin612 folded before Flop (didn't bet)
Seat 2: reiyser folded before Flop (didn't bet)
Seat 3: Sergey.V90 (button) folded before Flop (didn't bet)
Seat 4: AIien Hand (small blind) folded before Flop
Seat 5: xxxZeka (big blind) collected ($1)
Seat 6: poker_soul11 folded before Flop (didn't bet)



PokerStars Hand #254723038911:  Hold'em No Limit ($0.50/$1.00 USD) - 2025/02/05 19:36:34 WET [2025/02/05 14:36:34 ET]
Table 'Biarmia II' 6-max Seat #4 is the button
Seat 1: joaquin612 ($112.63 in chips) 
Seat 2: reiyser ($100 in chips) 
Seat 3: Sergey.V90 ($149.31 in chips) 
Seat 4: AIien Hand ($100 in chips) 
Seat 5: xxxZeka ($135.43 in chips) 
Seat 6: poker_soul11 ($103.96 in chips) 
xxxZeka: posts small blind $0.50
poker_soul11: posts big blind $1
*** HOLE CARDS ***
joaquin612: raises $1.50 to $2.50
reiyser: folds 
Sergey.V90: folds 
AIien Hand: folds 
xxxZeka: folds 
poker_soul11: folds 
Uncalled bet ($1.50) returned to joaquin612
joaquin612 collected $2.50 from pot
joaquin612: doesn't show hand 
*** SUMMARY ***
Total pot $2.50 | Rake $0 
Seat 1: joaquin612 collected ($2.50)
Seat 2: reiyser folded before Flop (didn't bet)
Seat 3: Sergey.V90 folded before Flop (didn't bet)
Seat 4: AIien Hand (button) folded before Flop (didn't bet)
Seat 5: xxxZeka (small blind) folded before Flop
Seat 6: poker_soul11 (big blind) folded before Flop



PokerStars Hand #254723043850:  Hold'em No Limit ($0.50/$1.00 USD) - 2025/02/05 19:36:51 WET [2025/02/05 14:36:51 ET]
Table 'Biarmia II' 6-max Seat #5 is the button
Seat 1: joaquin612 ($114.13 in chips) 
Seat 2: reiyser ($100 in chips) 
Seat 3: Sergey.V90 ($149.31 in chips) 
Seat 4: AIien Hand ($100 in chips) 
Seat 5: xxxZeka ($134.93 in chips) 
Seat 6: poker_soul11 ($102.96 in chips) 
poker_soul11: posts small blind $0.50
joaquin612: posts big blind $1
*** HOLE CARDS ***
reiyser: folds 
Sergey.V90: folds 
AIien Hand: folds 
xxxZeka: folds 
poker_soul11: folds 
Uncalled bet ($0.50) returned to joaquin612
joaquin612 collected $1 from pot
joaquin612: doesn't show hand 
*** SUMMARY ***
Total pot $1 | Rake $0 
Seat 1: joaquin612 (big blind) collected ($1)
Seat 2: reiyser folded before Flop (didn't bet)
Seat 3: Sergey.V90 folded before Flop (didn't bet)
Seat 4: AIien Hand folded before Flop (didn't bet)
Seat 5: xxxZeka (button) folded before Flop (didn't bet)
Seat 6: poker_soul11 (small blind) folded before Flop



PokerStars Hand #254723047869:  Hold'em No Limit ($0.50/$1.00 USD) - 2025/02/05 19:37:05 WET [2025/02/05 14:37:05 ET]
Table 'Biarmia II' 6-max Seat #6 is the button
Seat 1: joaquin612 ($114.63 in chips) 
Seat 2: reiyser ($100 in chips) 
Seat 3: Sergey.V90 ($149.31 in chips) 
Seat 4: AIien Hand ($100 in chips) 
Seat 5: xxxZeka ($134.93 in chips) 
Seat 6: poker_soul11 ($102.46 in chips) 
joaquin612: posts small blind $0.50
reiyser: posts big blind $1
*** HOLE CARDS ***
Sergey.V90: folds 
AIien Hand: folds 
xxxZeka: folds 
poker_soul11: raises $1.20 to $2.20
joaquin612: folds 
reiyser: calls $1.20
*** FLOP *** [Js Kc 2h]
reiyser: checks 
poker_soul11: bets $1.54
reiyser: folds 
Uncalled bet ($1.54) returned to poker_soul11
poker_soul11 collected $4.66 from pot
poker_soul11: doesn't show hand 
*** SUMMARY ***
Total pot $4.90 | Rake $0.24 
Board [Js Kc 2h]
Seat 1: joaquin612 (small blind) folded before Flop
Seat 2: reiyser (big blind) folded on the Flop
Seat 3: Sergey.V90 folded before Flop (didn't bet)
Seat 4: AIien Hand folded before Flop (didn't bet)
Seat 5: xxxZeka folded before Flop (didn't bet)
Seat 6: poker_soul11 (button) collected ($4.66)



PokerStars Hand #254723210155:  Hold'em No Limit ($0.50/$1.00 USD) - 2025/02/05 19:46:19 WET [2025/02/05 14:46:19 ET]
Table 'Biarmia II' 6-max Seat #5 is the button
Seat 2: reiyser ($100.50 in chips) 
Seat 4: AIien Hand ($100 in chips) 
Seat 5: xxxZeka ($133.43 in chips) 
reiyser: posts small blind $0.50
AIien Hand: posts big blind $1
*** HOLE CARDS ***
xxxZeka: folds 
reiyser: folds 
Uncalled bet ($0.50) returned to AIien Hand
AIien Hand collected $1 from pot
AIien Hand: doesn't show hand 
michasia joins the table at seat #1 
*** SUMMARY ***
Total pot $1 | Rake $0 
Seat 2: reiyser (small blind) folded before Flop
Seat 4: AIien Hand (big blind) collected ($1)
Seat 5: xxxZeka (button) folded before Flop (didn't bet)



PokerStars Hand #254723212312:  Hold'em No Limit ($0.50/$1.00 USD) - 2025/02/05 19:46:26 WET [2025/02/05 14:46:26 ET]
Table 'Biarmia II' 6-max Seat #2 is the button
Seat 5: xxxZeka ($133.43 in chips) is sitting out
Seat 1: michasia ($100 in chips) 
Seat 2: reiyser ($100 in chips) 
Seat 4: AIien Hand ($100.50 in chips) 
AIien Hand: posts small blind $0.50
xxxZeka: is sitting out 
michasia: posts big blind $1
*** HOLE CARDS ***
xxxZeka leaves the table
reiyser: raises $1.23 to $2.23
AIien Hand: folds 
michasia: folds 
Uncalled bet ($1.23) returned to reiyser
reiyser collected $2.50 from pot
reiyser: doesn't show hand 
*** SUMMARY ***
Total pot $2.50 | Rake $0 
Seat 5: xxxZeka
Seat 1: michasia (big blind) folded before Flop
Seat 2: reiyser (button) collected ($2.50)
Seat 4: AIien Hand (small blind) folded before Flop



PokerStars Hand #254723219057:  Hold'em No Limit ($0.50/$1.00 USD) - 2025/02/05 19:46:49 WET [2025/02/05 14:46:49 ET]
Table 'Biarmia II' 6-max Seat #1 is the button
Seat 2: reiyser ($101.50 in chips) is sitting out
Seat 1: michasia ($100 in chips) 
Seat 4: AIien Hand ($100 in chips) 
michasia: posts small blind $0.50
reiyser: is sitting out 
AIien Hand: posts big blind $1
*** HOLE CARDS ***
michasia: raises $1.80 to $2.80
AIien Hand: raises $8.20 to $11
reiyser leaves the table
michasia: folds 
Uncalled bet ($8.20) returned to AIien Hand
AIien Hand collected $5.60 from pot
AIien Hand: doesn't show hand 
*** SUMMARY ***
Total pot $5.60 | Rake $0 
Seat 2: reiyser
Seat 1: michasia (button) (small blind) folded before Flop
Seat 4: AIien Hand (big blind) collected ($5.60)



PokerStars Hand #254723224826:  Hold'em No Limit ($0.50/$1.00 USD) - 2025/02/05 19:47:09 WET [2025/02/05 14:47:09 ET]
Table 'Biarmia II' 6-max Seat #4 is the button
Seat 1: michasia ($100 in chips) 
Seat 4: AIien Hand ($102.80 in chips) 
AIien Hand: posts small blind $0.50
michasia: posts big blind $1
*** HOLE CARDS ***
AIien Hand: raises $1.50 to $2.50
michasia: folds 
Uncalled bet ($1.50) returned to AIien Hand
AIien Hand collected $2 from pot
AIien Hand: doesn't show hand 
*** SUMMARY ***
Total pot $2 | Rake $0 
Seat 1: michasia (big blind) folded before Flop
Seat 4: AIien Hand (button) (small blind) collected ($2)



PokerStars Hand #254723226855:  Hold'em No Limit ($0.50/$1.00 USD) - 2025/02/05 19:47:16 WET [2025/02/05 14:47:16 ET]
Table 'Biarmia II' 6-max Seat #1 is the button
Seat 1: michasia ($100 in chips) 
Seat 4: AIien Hand ($103.80 in chips) 
michasia: posts small blind $0.50
AIien Hand: posts big blind $1
*** HOLE CARDS ***
michasia: raises $1.80 to $2.80
AIien Hand: folds 
Uncalled bet ($1.80) returned to michasia
michasia collected $2 from pot
michasia: doesn't show hand 
*** SUMMARY ***
Total pot $2 | Rake $0 
Seat 1: michasia (button) (small blind) collected ($2)
Seat 4: AIien Hand (big blind) folded before Flop



