PokerStars Hand #254716094142:  Hold'em No Limit ($0.50/$1.00 USD) - 2025/02/05 8:38:20 WET [2025/02/05 3:38:20 ET]
Table 'Weber' 6-max Seat #6 is the button
Seat 4: Supermegopro ($100 in chips) 
Seat 6: janarr5 ($100 in chips) 
janarr5: posts small blind $0.50
CaHek-Ty3 leaves the table
Supermegopro: posts big blind $1
*** HOLE CARDS ***
janarr5: folds 
Uncalled bet ($0.50) returned to Supermegopro
Supermegopro collected $1 from pot
Supermegopro: doesn't show hand 
*** SUMMARY ***
Total pot $1 | Rake $0 
Seat 4: Supermegopro (big blind) collected ($1)
Seat 6: janarr5 (button) (small blind) folded before Flop



PokerStars Hand #254716094862:  Hold'em No Limit ($0.50/$1.00 USD) - 2025/02/05 8:38:28 WET [2025/02/05 3:38:28 ET]
Table 'Weber' 6-max Seat #4 is the button
Seat 4: Supermegopro ($100.50 in chips) 
Seat 6: janarr5 ($100 in chips) 
Supermegopro: posts small blind $0.50
janarr5: posts big blind $1
*** HOLE CARDS ***
Supermegopro: raises $1.50 to $2.50
janarr5: folds 
Uncalled bet ($1.50) returned to Supermegopro
Supermegopro collected $2 from pot
Supermegopro: doesn't show hand 
*** SUMMARY ***
Total pot $2 | Rake $0 
Seat 4: Supermegopro (button) (small blind) collected ($2)
Seat 6: janarr5 (big blind) folded before Flop



PokerStars Hand #254716166304:  Hold'em No Limit ($0.50/$1.00 USD) - 2025/02/05 8:52:59 WET [2025/02/05 3:52:59 ET]
Table 'Weber' 6-max Seat #6 is the button
Seat 2: Flix2204 ($100 in chips) 
Seat 3: LuckyShikari ($120.27 in chips) 
Seat 6: BadenBadenPH ($100 in chips) 
Flix2204: posts small blind $0.50
LuckyShikari: posts big blind $1
*** HOLE CARDS ***
BadenBadenPH: folds 
Flix2204: raises $2 to $3
LuckyShikari: folds 
Uncalled bet ($2) returned to Flix2204
Flix2204 collected $2 from pot
Flix2204: doesn't show hand 
*** SUMMARY ***
Total pot $2 | Rake $0 
Seat 2: Flix2204 (small blind) collected ($2)
Seat 3: LuckyShikari (big blind) folded before Flop
Seat 6: BadenBadenPH (button) folded before Flop (didn't bet)



PokerStars Hand #254716167315:  Hold'em No Limit ($0.50/$1.00 USD) - 2025/02/05 8:53:12 WET [2025/02/05 3:53:12 ET]
Table 'Weber' 6-max Seat #2 is the button
Seat 2: Flix2204 ($101 in chips) 
Seat 3: LuckyShikari ($119.27 in chips) 
Seat 6: BadenBadenPH ($100 in chips) 
LuckyShikari: posts small blind $0.50
BadenBadenPH: posts big blind $1
*** HOLE CARDS ***
Flix2204: raises $1.50 to $2.50
LuckyShikari: folds 
BadenBadenPH: folds 
Uncalled bet ($1.50) returned to Flix2204
Flix2204 collected $2.50 from pot
Flix2204: doesn't show hand 
*** SUMMARY ***
Total pot $2.50 | Rake $0 
Seat 2: Flix2204 (button) collected ($2.50)
Seat 3: LuckyShikari (small blind) folded before Flop
Seat 6: BadenBadenPH (big blind) folded before Flop



PokerStars Hand #254716168359:  Hold'em No Limit ($0.50/$1.00 USD) - 2025/02/05 8:53:24 WET [2025/02/05 3:53:24 ET]
Table 'Weber' 6-max Seat #6 is the button
Seat 2: Flix2204 ($102.50 in chips) is sitting out
Seat 3: LuckyShikari ($118.77 in chips) 
Seat 6: BadenBadenPH ($99 in chips) 
BadenBadenPH: posts small blind $0.50
Flix2204: is sitting out 
LuckyShikari: posts big blind $1
*** HOLE CARDS ***
BadenBadenPH: raises $1 to $2
LuckyShikari: calls $1
*** FLOP *** [8c 5c Th]
LuckyShikari: checks 
Flix2204 leaves the table
BadenBadenPH: bets $1.90
LuckyShikari: folds 
Uncalled bet ($1.90) returned to BadenBadenPH
BadenBadenPH collected $3.75 from pot
*** SUMMARY ***
Total pot $4 | Rake $0.25 
Board [8c 5c Th]
Seat 2: Flix2204
Seat 3: LuckyShikari (big blind) folded on the Flop
Seat 6: BadenBadenPH (button) (small blind) collected ($3.75)



PokerStars Hand #254716239560:  Hold'em No Limit ($0.50/$1.00 USD) - 2025/02/05 9:08:02 WET [2025/02/05 4:08:02 ET]
Table 'Weber' 6-max Seat #3 is the button
Seat 3: LuckyShikari ($116.77 in chips) 
Seat 6: BadenBadenPH ($100.75 in chips) 
LuckyShikari: posts small blind $0.50
BadenBadenPH: posts big blind $1
*** HOLE CARDS ***
LuckyShikari: raises $1 to $2
BadenBadenPH: raises $4 to $6
Chillingo88 joins the table at seat #1 
Emily_GetMan joins the table at seat #2 
janarr5 joins the table at seat #4 
MaRKiToScoK joins the table at seat #5 
LuckyShikari: folds 
Uncalled bet ($4) returned to BadenBadenPH
BadenBadenPH collected $4 from pot
*** SUMMARY ***
Total pot $4 | Rake $0 
Seat 3: LuckyShikari (button) (small blind) folded before Flop
Seat 6: BadenBadenPH (big blind) collected ($4)



PokerStars Hand #254716242011:  Hold'em No Limit ($0.50/$1.00 USD) - 2025/02/05 9:08:30 WET [2025/02/05 4:08:30 ET]
Table 'Weber' 6-max Seat #6 is the button
Seat 1: Chillingo88 ($100 in chips) is sitting out
Seat 2: Emily_GetMan ($100 in chips) is sitting out
Seat 5: MaRKiToScoK ($100 in chips) is sitting out
Seat 3: LuckyShikari ($114.77 in chips) 
Seat 4: janarr5 ($100 in chips) 
Seat 6: BadenBadenPH ($102.75 in chips) 
LuckyShikari: posts small blind $0.50
janarr5: posts big blind $1
MaRKiToScoK: sits out 
*** HOLE CARDS ***
BadenBadenPH: folds 
LuckyShikari: calls $0.50
janarr5: raises $3 to $4
LuckyShikari: calls $3
*** FLOP *** [Th Kh Qs]
LuckyShikari: bets $1
janarr5: raises $4.80 to $5.80
LuckyShikari: folds 
Uncalled bet ($4.80) returned to janarr5
janarr5 collected $9.50 from pot
janarr5: doesn't show hand 
*** SUMMARY ***
Total pot $10 | Rake $0.50 
Board [Th Kh Qs]
Seat 1: Chillingo88
Seat 2: Emily_GetMan
Seat 5: MaRKiToScoK
Seat 3: LuckyShikari (small blind) folded on the Flop
Seat 4: janarr5 (big blind) collected ($9.50)
Seat 6: BadenBadenPH (button) folded before Flop (didn't bet)



PokerStars Hand #254716243916:  Hold'em No Limit ($0.50/$1.00 USD) - 2025/02/05 9:08:52 WET [2025/02/05 4:08:52 ET]
Table 'Weber' 6-max Seat #3 is the button
Seat 1: Chillingo88 ($100 in chips) is sitting out
Seat 2: Emily_GetMan ($100 in chips) is sitting out
Seat 3: LuckyShikari ($109.77 in chips) 
Seat 4: janarr5 ($104.50 in chips) 
Seat 5: MaRKiToScoK ($100 in chips) 
Seat 6: BadenBadenPH ($102.75 in chips) 
janarr5: posts small blind $0.50
MaRKiToScoK: posts big blind $1
Chillingo88: sits out 
Emily_GetMan: sits out 
*** HOLE CARDS ***
BadenBadenPH: folds 
LuckyShikari: folds 
janarr5: raises $2 to $3
MaRKiToScoK: folds 
Uncalled bet ($2) returned to janarr5
janarr5 collected $2 from pot
janarr5: doesn't show hand 
*** SUMMARY ***
Total pot $2 | Rake $0 
Seat 1: Chillingo88
Seat 2: Emily_GetMan
Seat 3: LuckyShikari (button) folded before Flop (didn't bet)
Seat 4: janarr5 (small blind) collected ($2)
Seat 5: MaRKiToScoK (big blind) folded before Flop
Seat 6: BadenBadenPH folded before Flop (didn't bet)



PokerStars Hand #254716245176:  Hold'em No Limit ($0.50/$1.00 USD) - 2025/02/05 9:09:07 WET [2025/02/05 4:09:07 ET]
Table 'Weber' 6-max Seat #4 is the button
Seat 1: Chillingo88 ($100 in chips) is sitting out
Seat 2: Emily_GetMan ($100 in chips) is sitting out
Seat 3: LuckyShikari ($109.77 in chips) 
Seat 4: janarr5 ($105.50 in chips) 
Seat 5: MaRKiToScoK ($100 in chips) 
Seat 6: BadenBadenPH ($102.75 in chips) 
MaRKiToScoK: posts small blind $0.50
BadenBadenPH: posts big blind $1
Chillingo88: sits out 
Emily_GetMan: sits out 
*** HOLE CARDS ***
LuckyShikari: folds 
janarr5: folds 
MaRKiToScoK: folds 
Uncalled bet ($0.50) returned to BadenBadenPH
BadenBadenPH collected $1 from pot
*** SUMMARY ***
Total pot $1 | Rake $0 
Seat 1: Chillingo88
Seat 2: Emily_GetMan
Seat 3: LuckyShikari folded before Flop (didn't bet)
Seat 4: janarr5 (button) folded before Flop (didn't bet)
Seat 5: MaRKiToScoK (small blind) folded before Flop
Seat 6: BadenBadenPH (big blind) collected ($1)



PokerStars Hand #254716246751:  Hold'em No Limit ($0.50/$1.00 USD) - 2025/02/05 9:09:25 WET [2025/02/05 4:09:25 ET]
Table 'Weber' 6-max Seat #5 is the button
Seat 2: Emily_GetMan ($100 in chips) is sitting out
Seat 1: Chillingo88 ($100 in chips) 
Seat 3: LuckyShikari ($109.77 in chips) 
Seat 4: janarr5 ($105.50 in chips) 
Seat 5: MaRKiToScoK ($100 in chips) 
Seat 6: BadenBadenPH ($103.25 in chips) 
BadenBadenPH: posts small blind $0.50
Chillingo88: posts big blind $1
Emily_GetMan: sits out 
*** HOLE CARDS ***
LuckyShikari: folds 
janarr5: folds 
MaRKiToScoK: raises $1.50 to $2.50
BadenBadenPH: folds 
Chillingo88: calls $1.50
*** FLOP *** [Js 4c 7c]
Chillingo88: checks 
MaRKiToScoK: bets $1.72
Chillingo88: calls $1.72
*** TURN *** [Js 4c 7c] [8c]
Chillingo88: checks 
MaRKiToScoK: bets $6.37
Chillingo88: folds 
Uncalled bet ($6.37) returned to MaRKiToScoK
MaRKiToScoK collected $8.49 from pot
*** SUMMARY ***
Total pot $8.94 | Rake $0.45 
Board [Js 4c 7c 8c]
Seat 2: Emily_GetMan
Seat 1: Chillingo88 (big blind) folded on the Turn
Seat 3: LuckyShikari folded before Flop (didn't bet)
Seat 4: janarr5 folded before Flop (didn't bet)
Seat 5: MaRKiToScoK (button) collected ($8.49)
Seat 6: BadenBadenPH (small blind) folded before Flop



PokerStars Hand #254716251475:  Hold'em No Limit ($0.50/$1.00 USD) - 2025/02/05 9:10:20 WET [2025/02/05 4:10:20 ET]
Table 'Weber' 6-max Seat #6 is the button
Seat 1: Chillingo88 ($95.78 in chips) 
Seat 2: Emily_GetMan ($100 in chips) 
Seat 3: LuckyShikari ($109.77 in chips) 
Seat 4: janarr5 ($105.50 in chips) 
Seat 5: MaRKiToScoK ($104.27 in chips) 
Seat 6: BadenBadenPH ($102.75 in chips) 
Chillingo88: posts small blind $0.50
Emily_GetMan: posts big blind $1
*** HOLE CARDS ***
LuckyShikari: folds 
janarr5: folds 
MaRKiToScoK: folds 
BadenBadenPH: folds 
Chillingo88: folds 
Uncalled bet ($0.50) returned to Emily_GetMan
Emily_GetMan collected $1 from pot
Emily_GetMan: doesn't show hand 
*** SUMMARY ***
Total pot $1 | Rake $0 
Seat 1: Chillingo88 (small blind) folded before Flop
Seat 2: Emily_GetMan (big blind) collected ($1)
Seat 3: LuckyShikari folded before Flop (didn't bet)
Seat 4: janarr5 folded before Flop (didn't bet)
Seat 5: MaRKiToScoK folded before Flop (didn't bet)
Seat 6: BadenBadenPH (button) folded before Flop (didn't bet)



PokerStars Hand #254716252528:  Hold'em No Limit ($0.50/$1.00 USD) - 2025/02/05 9:10:32 WET [2025/02/05 4:10:32 ET]
Table 'Weber' 6-max Seat #1 is the button
Seat 3: LuckyShikari ($109.77 in chips) is sitting out
Seat 1: Chillingo88 ($95.28 in chips) 
Seat 2: Emily_GetMan ($100.50 in chips) 
Seat 4: janarr5 ($105.50 in chips) 
Seat 5: MaRKiToScoK ($104.27 in chips) 
Seat 6: BadenBadenPH ($102.75 in chips) 
Emily_GetMan: posts small blind $0.50
LuckyShikari: is sitting out 
janarr5: posts big blind $1
*** HOLE CARDS ***
MaRKiToScoK: folds 
BadenBadenPH: folds 
Chillingo88: raises $1.50 to $2.50
Emily_GetMan: folds 
janarr5: folds 
Uncalled bet ($1.50) returned to Chillingo88
Chillingo88 collected $2.50 from pot
Chillingo88: doesn't show hand 
*** SUMMARY ***
Total pot $2.50 | Rake $0 
Seat 3: LuckyShikari
Seat 1: Chillingo88 (button) collected ($2.50)
Seat 2: Emily_GetMan (small blind) folded before Flop
Seat 4: janarr5 (big blind) folded before Flop
Seat 5: MaRKiToScoK folded before Flop (didn't bet)
Seat 6: BadenBadenPH folded before Flop (didn't bet)



PokerStars Hand #254716158418:  Hold'em No Limit ($0.50/$1.00 USD) - 2025/02/05 8:51:24 WET [2025/02/05 3:51:24 ET]
Table 'Weber' 6-max Seat #2 is the button
Seat 6: BadenBadenPH ($100 in chips) is sitting out
Seat 2: Flix2204 ($100 in chips) 
Seat 3: LuckyShikari ($80 in chips) 
Flix2204: posts small blind $0.50
LuckyShikari: posts big blind $1
*** HOLE CARDS ***
Flix2204: raises $2 to $3
LuckyShikari: folds 
Uncalled bet ($2) returned to Flix2204
Flix2204 collected $2 from pot
Flix2204: doesn't show hand 
*** SUMMARY ***
Total pot $2 | Rake $0 
Seat 6: BadenBadenPH
Seat 2: Flix2204 (button) (small blind) collected ($2)
Seat 3: LuckyShikari (big blind) folded before Flop



PokerStars Hand #254716159834:  Hold'em No Limit ($0.50/$1.00 USD) - 2025/02/05 8:51:41 WET [2025/02/05 3:51:41 ET]
Table 'Weber' 6-max Seat #2 is the button
Seat 2: Flix2204 ($101 in chips) 
Seat 3: LuckyShikari ($100 in chips) 
Seat 6: BadenBadenPH ($100 in chips) 
LuckyShikari: posts small blind $0.50
BadenBadenPH: posts big blind $1
*** HOLE CARDS ***
Flix2204: folds 
LuckyShikari: folds 
Uncalled bet ($0.50) returned to BadenBadenPH
BadenBadenPH collected $1 from pot
*** SUMMARY ***
Total pot $1 | Rake $0 
Seat 2: Flix2204 (button) folded before Flop (didn't bet)
Seat 3: LuckyShikari (small blind) folded before Flop
Seat 6: BadenBadenPH (big blind) collected ($1)



PokerStars Hand #254716161367:  Hold'em No Limit ($0.50/$1.00 USD) - 2025/02/05 8:52:00 WET [2025/02/05 3:52:00 ET]
Table 'Weber' 6-max Seat #3 is the button
Seat 2: Flix2204 ($101 in chips) 
Seat 3: LuckyShikari ($100 in chips) 
Seat 6: BadenBadenPH ($100.50 in chips) 
BadenBadenPH: posts small blind $0.50
Flix2204: posts big blind $1
*** HOLE CARDS ***
LuckyShikari: raises $1 to $2
BadenBadenPH: folds 
Flix2204: calls $1
*** FLOP *** [9c 4c Ah]
Flix2204: checks 
LuckyShikari: checks 
*** TURN *** [9c 4c Ah] [9d]
Flix2204: bets $3.21
LuckyShikari: calls $3.21
*** RIVER *** [9c 4c Ah 9d] [6c]
Flix2204: bets $15.56
LuckyShikari: calls $15.56
*** SHOW DOWN ***
Flix2204: shows [8s Kc] (a pair of Nines)
LuckyShikari: shows [5d 9s] (three of a kind, Nines)
LuckyShikari collected $41.04 from pot
*** SUMMARY ***
Total pot $42.04 | Rake $1 
Board [9c 4c Ah 9d 6c]
Seat 2: Flix2204 (big blind) showed [8s Kc] and lost with a pair of Nines
Seat 3: LuckyShikari (button) showed [5d 9s] and won ($41.04) with three of a kind, Nines
Seat 6: BadenBadenPH (small blind) folded before Flop



PokerStars Hand #254716253800:  Hold'em No Limit ($0.50/$1.00 USD) - 2025/02/05 9:10:46 WET [2025/02/05 4:10:46 ET]
Table 'Weber' 6-max Seat #2 is the button
Seat 3: LuckyShikari ($109.77 in chips) is sitting out
Seat 1: Chillingo88 ($96.78 in chips) 
Seat 2: Emily_GetMan ($100 in chips) 
Seat 4: janarr5 ($104.50 in chips) 
Seat 5: MaRKiToScoK ($104.27 in chips) 
Seat 6: BadenBadenPH ($102.75 in chips) 
janarr5: posts small blind $0.50
MaRKiToScoK: posts big blind $1
*** HOLE CARDS ***
BadenBadenPH: raises $1 to $2
Chillingo88: folds 
Emily_GetMan: folds 
janarr5: folds 
MaRKiToScoK: calls $1
*** FLOP *** [4c Ad Ac]
LuckyShikari leaves the table
MaRKiToScoK: checks 
BadenBadenPH: bets $1.50
MaRKiToScoK: folds 
Uncalled bet ($1.50) returned to BadenBadenPH
BadenBadenPH collected $4.22 from pot
*** SUMMARY ***
Total pot $4.50 | Rake $0.28 
Board [4c Ad Ac]
Seat 3: LuckyShikari
Seat 1: Chillingo88 folded before Flop (didn't bet)
Seat 2: Emily_GetMan (button) folded before Flop (didn't bet)
Seat 4: janarr5 (small blind) folded before Flop
Seat 5: MaRKiToScoK (big blind) folded on the Flop
Seat 6: BadenBadenPH collected ($4.22)



PokerStars Hand #254716255855:  Hold'em No Limit ($0.50/$1.00 USD) - 2025/02/05 9:11:10 WET [2025/02/05 4:11:10 ET]
Table 'Weber' 6-max Seat #4 is the button
Seat 1: Chillingo88 ($96.78 in chips) 
Seat 2: Emily_GetMan ($100 in chips) 
Seat 4: janarr5 ($104 in chips) 
Seat 5: MaRKiToScoK ($102.27 in chips) 
Seat 6: BadenBadenPH ($104.97 in chips) 
MaRKiToScoK: posts small blind $0.50
BadenBadenPH: posts big blind $1
*** HOLE CARDS ***
Chillingo88: folds 
Emily_GetMan: folds 
janarr5: raises $1.50 to $2.50
MaRKiToScoK: raises $8.88 to $11.38
BadenBadenPH: folds 
janarr5: folds 
Uncalled bet ($8.88) returned to MaRKiToScoK
MaRKiToScoK collected $6 from pot
*** SUMMARY ***
Total pot $6 | Rake $0 
Seat 1: Chillingo88 folded before Flop (didn't bet)
Seat 2: Emily_GetMan folded before Flop (didn't bet)
Seat 4: janarr5 (button) folded before Flop
Seat 5: MaRKiToScoK (small blind) collected ($6)
Seat 6: BadenBadenPH (big blind) folded before Flop



PokerStars Hand #254716256993:  Hold'em No Limit ($0.50/$1.00 USD) - 2025/02/05 9:11:23 WET [2025/02/05 4:11:23 ET]
Table 'Weber' 6-max Seat #5 is the button
Seat 1: Chillingo88 ($96.78 in chips) 
Seat 2: Emily_GetMan ($100 in chips) 
Seat 4: janarr5 ($101.50 in chips) 
Seat 5: MaRKiToScoK ($105.77 in chips) 
Seat 6: BadenBadenPH ($103.97 in chips) 
BadenBadenPH: posts small blind $0.50
Chillingo88: posts big blind $1
*** HOLE CARDS ***
Emily_GetMan: folds 
janarr5: folds 
Emily_GetMan leaves the table
MaRKiToScoK: raises $1.50 to $2.50
BadenBadenPH: folds 
Chillingo88: folds 
Uncalled bet ($1.50) returned to MaRKiToScoK
MaRKiToScoK collected $2.50 from pot
*** SUMMARY ***
Total pot $2.50 | Rake $0 
Seat 1: Chillingo88 (big blind) folded before Flop
Seat 2: Emily_GetMan folded before Flop (didn't bet)
Seat 4: janarr5 folded before Flop (didn't bet)
Seat 5: MaRKiToScoK (button) collected ($2.50)
Seat 6: BadenBadenPH (small blind) folded before Flop



PokerStars Hand #254716258160:  Hold'em No Limit ($0.50/$1.00 USD) - 2025/02/05 9:11:37 WET [2025/02/05 4:11:37 ET]
Table 'Weber' 6-max Seat #6 is the button
Seat 1: Chillingo88 ($95.78 in chips) 
Seat 4: janarr5 ($101.50 in chips) 
Seat 5: MaRKiToScoK ($107.27 in chips) 
Seat 6: BadenBadenPH ($103.47 in chips) 
Chillingo88: posts small blind $0.50
janarr5: posts big blind $1
*** HOLE CARDS ***
MaRKiToScoK: raises $1.20 to $2.20
BadenBadenPH: folds 
Chillingo88: folds 
ChuckNorrisQ joins the table at seat #2 
janarr5: calls $1.20
*** FLOP *** [Ks 2s 5h]
janarr5: checks 
MaRKiToScoK: bets $1.54
janarr5: calls $1.54
*** TURN *** [Ks 2s 5h] [2c]
janarr5: checks 
iNeverBluff398 joins the table at seat #3 
MaRKiToScoK: checks 
*** RIVER *** [Ks 2s 5h 2c] [Ac]
janarr5: checks 
MaRKiToScoK: bets $10.08
janarr5: folds 
Uncalled bet ($10.08) returned to MaRKiToScoK
MaRKiToScoK collected $7.58 from pot
*** SUMMARY ***
Total pot $7.98 | Rake $0.40 
Board [Ks 2s 5h 2c Ac]
Seat 1: Chillingo88 (small blind) folded before Flop
Seat 4: janarr5 (big blind) folded on the River
Seat 5: MaRKiToScoK collected ($7.58)
Seat 6: BadenBadenPH (button) folded before Flop (didn't bet)



PokerStars Hand #254716262369:  Hold'em No Limit ($0.50/$1.00 USD) - 2025/02/05 9:12:25 WET [2025/02/05 4:12:25 ET]
Table 'Weber' 6-max Seat #1 is the button
Seat 2: ChuckNorrisQ ($100 in chips) is sitting out
Seat 3: iNeverBluff398 ($100 in chips) is sitting out
Seat 1: Chillingo88 ($95.28 in chips) 
Seat 4: janarr5 ($100 in chips) 
Seat 5: MaRKiToScoK ($111.11 in chips) 
Seat 6: BadenBadenPH ($103.47 in chips) 
janarr5: posts small blind $0.50
MaRKiToScoK: posts big blind $1
*** HOLE CARDS ***
BadenBadenPH: folds 
Chillingo88: folds 
janarr5: raises $2 to $3
MaRKiToScoK: folds 
Uncalled bet ($2) returned to janarr5
janarr5 collected $2 from pot
janarr5: doesn't show hand 
*** SUMMARY ***
Total pot $2 | Rake $0 
Seat 2: ChuckNorrisQ
Seat 3: iNeverBluff398
Seat 1: Chillingo88 (button) folded before Flop (didn't bet)
Seat 4: janarr5 (small blind) collected ($2)
Seat 5: MaRKiToScoK (big blind) folded before Flop
Seat 6: BadenBadenPH folded before Flop (didn't bet)



PokerStars Hand #254716263970:  Hold'em No Limit ($0.50/$1.00 USD) - 2025/02/05 9:12:44 WET [2025/02/05 4:12:44 ET]
Table 'Weber' 6-max Seat #4 is the button
Seat 2: ChuckNorrisQ ($100 in chips) is sitting out
Seat 3: iNeverBluff398 ($100 in chips) is sitting out
Seat 1: Chillingo88 ($95.28 in chips) 
Seat 4: janarr5 ($101 in chips) 
Seat 5: MaRKiToScoK ($110.11 in chips) 
Seat 6: BadenBadenPH ($103.47 in chips) 
MaRKiToScoK: posts small blind $0.50
BadenBadenPH: posts big blind $1
ChuckNorrisQ: sits out 
iNeverBluff398: sits out 
*** HOLE CARDS ***
Chillingo88: folds 
janarr5: raises $1.50 to $2.50
MaRKiToScoK: raises $8.88 to $11.38
BadenBadenPH: folds 
janarr5: folds 
Uncalled bet ($8.88) returned to MaRKiToScoK
MaRKiToScoK collected $6 from pot
*** SUMMARY ***
Total pot $6 | Rake $0 
Seat 2: ChuckNorrisQ
Seat 3: iNeverBluff398
Seat 1: Chillingo88 folded before Flop (didn't bet)
Seat 4: janarr5 (button) folded before Flop
Seat 5: MaRKiToScoK (small blind) collected ($6)
Seat 6: BadenBadenPH (big blind) folded before Flop



PokerStars Hand #254716265398:  Hold'em No Limit ($0.50/$1.00 USD) - 2025/02/05 9:13:01 WET [2025/02/05 4:13:01 ET]
Table 'Weber' 6-max Seat #5 is the button
Seat 2: ChuckNorrisQ ($100 in chips) is sitting out
Seat 3: iNeverBluff398 ($100 in chips) is sitting out
Seat 1: Chillingo88 ($95.28 in chips) 
Seat 4: janarr5 ($100 in chips) 
Seat 5: MaRKiToScoK ($113.61 in chips) 
Seat 6: BadenBadenPH ($102.47 in chips) 
BadenBadenPH: posts small blind $0.50
Chillingo88: posts big blind $1
ChuckNorrisQ: sits out 
iNeverBluff398: sits out 
*** HOLE CARDS ***
janarr5: raises $1.25 to $2.25
MaRKiToScoK: folds 
BadenBadenPH: folds 
Chillingo88: folds 
Uncalled bet ($1.25) returned to janarr5
janarr5 collected $2.50 from pot
janarr5: doesn't show hand 
*** SUMMARY ***
Total pot $2.50 | Rake $0 
Seat 2: ChuckNorrisQ
Seat 3: iNeverBluff398
Seat 1: Chillingo88 (big blind) folded before Flop
Seat 4: janarr5 collected ($2.50)
Seat 5: MaRKiToScoK (button) folded before Flop (didn't bet)
Seat 6: BadenBadenPH (small blind) folded before Flop



PokerStars Hand #254716266659:  Hold'em No Limit ($0.50/$1.00 USD) - 2025/02/05 9:13:15 WET [2025/02/05 4:13:15 ET]
Table 'Weber' 6-max Seat #6 is the button
Seat 3: iNeverBluff398 ($100 in chips) is sitting out
Seat 1: Chillingo88 ($94.28 in chips) 
Seat 2: ChuckNorrisQ ($100 in chips) 
Seat 4: janarr5 ($101.50 in chips) 
Seat 5: MaRKiToScoK ($113.61 in chips) 
Seat 6: BadenBadenPH ($101.97 in chips) 
Chillingo88: posts small blind $0.50
ChuckNorrisQ: posts big blind $1
iNeverBluff398: sits out 
*** HOLE CARDS ***
janarr5: folds 
MaRKiToScoK: folds 
BadenBadenPH: folds 
Chillingo88: folds 
Uncalled bet ($0.50) returned to ChuckNorrisQ
ChuckNorrisQ collected $1 from pot
ChuckNorrisQ: doesn't show hand 
*** SUMMARY ***
Total pot $1 | Rake $0 
Seat 3: iNeverBluff398
Seat 1: Chillingo88 (small blind) folded before Flop
Seat 2: ChuckNorrisQ (big blind) collected ($1)
Seat 4: janarr5 folded before Flop (didn't bet)
Seat 5: MaRKiToScoK folded before Flop (didn't bet)
Seat 6: BadenBadenPH (button) folded before Flop (didn't bet)



PokerStars Hand #254716268004:  Hold'em No Limit ($0.50/$1.00 USD) - 2025/02/05 9:13:30 WET [2025/02/05 4:13:30 ET]
Table 'Weber' 6-max Seat #1 is the button
Seat 1: Chillingo88 ($93.78 in chips) 
Seat 2: ChuckNorrisQ ($100.50 in chips) 
Seat 3: iNeverBluff398 ($100 in chips) 
Seat 4: janarr5 ($101.50 in chips) 
Seat 5: MaRKiToScoK ($113.61 in chips) 
Seat 6: BadenBadenPH ($101.97 in chips) 
ChuckNorrisQ: posts small blind $0.50
iNeverBluff398: posts big blind $1
*** HOLE CARDS ***
janarr5: folds 
MaRKiToScoK: folds 
BadenBadenPH: folds 
Chillingo88: folds 
ChuckNorrisQ: raises $2 to $3
iNeverBluff398: folds 
Uncalled bet ($2) returned to ChuckNorrisQ
ChuckNorrisQ collected $2 from pot
ChuckNorrisQ: doesn't show hand 
*** SUMMARY ***
Total pot $2 | Rake $0 
Seat 1: Chillingo88 (button) folded before Flop (didn't bet)
Seat 2: ChuckNorrisQ (small blind) collected ($2)
Seat 3: iNeverBluff398 (big blind) folded before Flop
Seat 4: janarr5 folded before Flop (didn't bet)
Seat 5: MaRKiToScoK folded before Flop (didn't bet)
Seat 6: BadenBadenPH folded before Flop (didn't bet)



PokerStars Hand #254716269222:  Hold'em No Limit ($0.50/$1.00 USD) - 2025/02/05 9:13:44 WET [2025/02/05 4:13:44 ET]
Table 'Weber' 6-max Seat #2 is the button
Seat 1: Chillingo88 ($93.78 in chips) 
Seat 2: ChuckNorrisQ ($101.50 in chips) 
Seat 3: iNeverBluff398 ($100 in chips) 
Seat 4: janarr5 ($101.50 in chips) 
Seat 5: MaRKiToScoK ($113.61 in chips) 
Seat 6: BadenBadenPH ($101.97 in chips) 
iNeverBluff398: posts small blind $0.50
janarr5: posts big blind $1
*** HOLE CARDS ***
MaRKiToScoK: folds 
BadenBadenPH: folds 
Chillingo88: folds 
ChuckNorrisQ: folds 
iNeverBluff398: folds 
Uncalled bet ($0.50) returned to janarr5
janarr5 collected $1 from pot
janarr5: doesn't show hand 
*** SUMMARY ***
Total pot $1 | Rake $0 
Seat 1: Chillingo88 folded before Flop (didn't bet)
Seat 2: ChuckNorrisQ (button) folded before Flop (didn't bet)
Seat 3: iNeverBluff398 (small blind) folded before Flop
Seat 4: janarr5 (big blind) collected ($1)
Seat 5: MaRKiToScoK folded before Flop (didn't bet)
Seat 6: BadenBadenPH folded before Flop (didn't bet)



PokerStars Hand #254716270097:  Hold'em No Limit ($0.50/$1.00 USD) - 2025/02/05 9:13:54 WET [2025/02/05 4:13:54 ET]
Table 'Weber' 6-max Seat #3 is the button
Seat 1: Chillingo88 ($93.78 in chips) 
Seat 2: ChuckNorrisQ ($101.50 in chips) 
Seat 3: iNeverBluff398 ($100 in chips) 
Seat 4: janarr5 ($102 in chips) 
Seat 5: MaRKiToScoK ($113.61 in chips) 
Seat 6: BadenBadenPH ($101.97 in chips) 
janarr5: posts small blind $0.50
MaRKiToScoK: posts big blind $1
*** HOLE CARDS ***
BadenBadenPH: folds 
Chillingo88: folds 
ChuckNorrisQ: folds 
iNeverBluff398: raises $1.50 to $2.50
janarr5: folds 
MaRKiToScoK: calls $1.50
*** FLOP *** [7s 5c Js]
MaRKiToScoK: checks 
iNeverBluff398: checks 
*** TURN *** [7s 5c Js] [3h]
MaRKiToScoK: checks 
iNeverBluff398: checks 
*** RIVER *** [7s 5c Js 3h] [7c]
MaRKiToScoK: bets $5.85
iNeverBluff398: folds 
Uncalled bet ($5.85) returned to MaRKiToScoK
MaRKiToScoK collected $5.22 from pot
*** SUMMARY ***
Total pot $5.50 | Rake $0.28 
Board [7s 5c Js 3h 7c]
Seat 1: Chillingo88 folded before Flop (didn't bet)
Seat 2: ChuckNorrisQ folded before Flop (didn't bet)
Seat 3: iNeverBluff398 (button) folded on the River
Seat 4: janarr5 (small blind) folded before Flop
Seat 5: MaRKiToScoK (big blind) collected ($5.22)
Seat 6: BadenBadenPH folded before Flop (didn't bet)



PokerStars Hand #254716274101:  Hold'em No Limit ($0.50/$1.00 USD) - 2025/02/05 9:14:39 WET [2025/02/05 4:14:39 ET]
Table 'Weber' 6-max Seat #4 is the button
Seat 1: Chillingo88 ($93.78 in chips) 
Seat 2: ChuckNorrisQ ($101.50 in chips) 
Seat 3: iNeverBluff398 ($100 in chips) 
Seat 4: janarr5 ($101.50 in chips) 
Seat 5: MaRKiToScoK ($116.33 in chips) 
Seat 6: BadenBadenPH ($101.97 in chips) 
MaRKiToScoK: posts small blind $0.50
BadenBadenPH: posts big blind $1
*** HOLE CARDS ***
Chillingo88: folds 
ChuckNorrisQ: folds 
iNeverBluff398: raises $1.30 to $2.30
janarr5: folds 
MaRKiToScoK: folds 
BadenBadenPH: folds 
Uncalled bet ($1.30) returned to iNeverBluff398
iNeverBluff398 collected $2.50 from pot
iNeverBluff398: doesn't show hand 
*** SUMMARY ***
Total pot $2.50 | Rake $0 
Seat 1: Chillingo88 folded before Flop (didn't bet)
Seat 2: ChuckNorrisQ folded before Flop (didn't bet)
Seat 3: iNeverBluff398 collected ($2.50)
Seat 4: janarr5 (button) folded before Flop (didn't bet)
Seat 5: MaRKiToScoK (small blind) folded before Flop
Seat 6: BadenBadenPH (big blind) folded before Flop



PokerStars Hand #254716275902:  Hold'em No Limit ($0.50/$1.00 USD) - 2025/02/05 9:14:59 WET [2025/02/05 4:14:59 ET]
Table 'Weber' 6-max Seat #5 is the button
Seat 1: Chillingo88 ($93.78 in chips) 
Seat 2: ChuckNorrisQ ($101.50 in chips) 
Seat 3: iNeverBluff398 ($101.50 in chips) 
Seat 4: janarr5 ($101.50 in chips) 
Seat 5: MaRKiToScoK ($115.83 in chips) 
Seat 6: BadenBadenPH ($100.97 in chips) 
BadenBadenPH: posts small blind $0.50
Chillingo88: posts big blind $1
*** HOLE CARDS ***
ChuckNorrisQ: folds 
iNeverBluff398: folds 
janarr5: folds 
MaRKiToScoK: raises $1.50 to $2.50
BadenBadenPH: folds 
Chillingo88: folds 
Uncalled bet ($1.50) returned to MaRKiToScoK
MaRKiToScoK collected $2.50 from pot
*** SUMMARY ***
Total pot $2.50 | Rake $0 
Seat 1: Chillingo88 (big blind) folded before Flop
Seat 2: ChuckNorrisQ folded before Flop (didn't bet)
Seat 3: iNeverBluff398 folded before Flop (didn't bet)
Seat 4: janarr5 folded before Flop (didn't bet)
Seat 5: MaRKiToScoK (button) collected ($2.50)
Seat 6: BadenBadenPH (small blind) folded before Flop



PokerStars Hand #254716277096:  Hold'em No Limit ($0.50/$1.00 USD) - 2025/02/05 9:15:12 WET [2025/02/05 4:15:12 ET]
Table 'Weber' 6-max Seat #6 is the button
Seat 1: Chillingo88 ($92.78 in chips) 
Seat 2: ChuckNorrisQ ($101.50 in chips) 
Seat 3: iNeverBluff398 ($101.50 in chips) 
Seat 4: janarr5 ($101.50 in chips) 
Seat 5: MaRKiToScoK ($117.33 in chips) 
Seat 6: BadenBadenPH ($100.47 in chips) 
Chillingo88: posts small blind $0.50
ChuckNorrisQ: posts big blind $1
*** HOLE CARDS ***
iNeverBluff398: folds 
janarr5: folds 
MaRKiToScoK: raises $1.20 to $2.20
BadenBadenPH: raises $5.90 to $8.10
Chillingo88: folds 
ChuckNorrisQ: folds 
MaRKiToScoK: calls $5.90
*** FLOP *** [Qs Th Jd]
MaRKiToScoK: checks 
BadenBadenPH: bets $4
MaRKiToScoK: folds 
Uncalled bet ($4) returned to BadenBadenPH
BadenBadenPH collected $16.60 from pot
*** SUMMARY ***
Total pot $17.70 | Rake $1.10 
Board [Qs Th Jd]
Seat 1: Chillingo88 (small blind) folded before Flop
Seat 2: ChuckNorrisQ (big blind) folded before Flop
Seat 3: iNeverBluff398 folded before Flop (didn't bet)
Seat 4: janarr5 folded before Flop (didn't bet)
Seat 5: MaRKiToScoK folded on the Flop
Seat 6: BadenBadenPH (button) collected ($16.60)



PokerStars Hand #254716280402:  Hold'em No Limit ($0.50/$1.00 USD) - 2025/02/05 9:15:51 WET [2025/02/05 4:15:51 ET]
Table 'Weber' 6-max Seat #1 is the button
Seat 1: Chillingo88 ($92.28 in chips) 
Seat 2: ChuckNorrisQ ($100.50 in chips) 
Seat 3: iNeverBluff398 ($101.50 in chips) 
Seat 4: janarr5 ($101.50 in chips) 
Seat 5: MaRKiToScoK ($109.23 in chips) 
Seat 6: BadenBadenPH ($108.97 in chips) 
ChuckNorrisQ: posts small blind $0.50
iNeverBluff398: posts big blind $1
*** HOLE CARDS ***
janarr5: raises $1.25 to $2.25
MaRKiToScoK: folds 
BadenBadenPH: folds 
Chillingo88: folds 
ChuckNorrisQ: raises $8.60 to $10.85
iNeverBluff398: folds 
janarr5: folds 
Uncalled bet ($8.60) returned to ChuckNorrisQ
ChuckNorrisQ collected $5.50 from pot
ChuckNorrisQ: doesn't show hand 
*** SUMMARY ***
Total pot $5.50 | Rake $0 
Seat 1: Chillingo88 (button) folded before Flop (didn't bet)
Seat 2: ChuckNorrisQ (small blind) collected ($5.50)
Seat 3: iNeverBluff398 (big blind) folded before Flop
Seat 4: janarr5 folded before Flop
Seat 5: MaRKiToScoK folded before Flop (didn't bet)
Seat 6: BadenBadenPH folded before Flop (didn't bet)



PokerStars Hand #254716283778:  Hold'em No Limit ($0.50/$1.00 USD) - 2025/02/05 9:16:29 WET [2025/02/05 4:16:29 ET]
Table 'Weber' 6-max Seat #2 is the button
Seat 1: Chillingo88 ($92.28 in chips) 
Seat 2: ChuckNorrisQ ($103.75 in chips) 
Seat 3: iNeverBluff398 ($100.50 in chips) 
Seat 4: janarr5 ($100 in chips) 
Seat 5: MaRKiToScoK ($109.23 in chips) 
Seat 6: BadenBadenPH ($108.97 in chips) 
iNeverBluff398: posts small blind $0.50
janarr5: posts big blind $1
*** HOLE CARDS ***
MaRKiToScoK: folds 
BadenBadenPH: folds 
Chillingo88: raises $2 to $3
ChuckNorrisQ: calls $3
iNeverBluff398: folds 
janarr5: calls $2
*** FLOP *** [6d 5s Ac]
janarr5: checks 
Chillingo88: bets $3.51
ChuckNorrisQ: folds 
janarr5: folds 
Uncalled bet ($3.51) returned to Chillingo88
Chillingo88 collected $8.90 from pot
Chillingo88: doesn't show hand 
*** SUMMARY ***
Total pot $9.50 | Rake $0.60 
Board [6d 5s Ac]
Seat 1: Chillingo88 collected ($8.90)
Seat 2: ChuckNorrisQ (button) folded on the Flop
Seat 3: iNeverBluff398 (small blind) folded before Flop
Seat 4: janarr5 (big blind) folded on the Flop
Seat 5: MaRKiToScoK folded before Flop (didn't bet)
Seat 6: BadenBadenPH folded before Flop (didn't bet)



PokerStars Hand #254716287747:  Hold'em No Limit ($0.50/$1.00 USD) - 2025/02/05 9:17:14 WET [2025/02/05 4:17:14 ET]
Table 'Weber' 6-max Seat #3 is the button
Seat 1: Chillingo88 ($98.18 in chips) 
Seat 2: ChuckNorrisQ ($100.75 in chips) 
Seat 3: iNeverBluff398 ($100 in chips) 
Seat 4: janarr5 ($100 in chips) 
Seat 5: MaRKiToScoK ($109.23 in chips) 
Seat 6: BadenBadenPH ($108.97 in chips) 
janarr5: posts small blind $0.50
MaRKiToScoK: posts big blind $1
*** HOLE CARDS ***
BadenBadenPH: raises $1 to $2
Chillingo88: folds 
ChuckNorrisQ: folds 
iNeverBluff398: folds 
janarr5: folds 
MaRKiToScoK: folds 
Uncalled bet ($1) returned to BadenBadenPH
BadenBadenPH collected $2.50 from pot
*** SUMMARY ***
Total pot $2.50 | Rake $0 
Seat 1: Chillingo88 folded before Flop (didn't bet)
Seat 2: ChuckNorrisQ folded before Flop (didn't bet)
Seat 3: iNeverBluff398 (button) folded before Flop (didn't bet)
Seat 4: janarr5 (small blind) folded before Flop
Seat 5: MaRKiToScoK (big blind) folded before Flop
Seat 6: BadenBadenPH collected ($2.50)



PokerStars Hand #254716289671:  Hold'em No Limit ($0.50/$1.00 USD) - 2025/02/05 9:17:36 WET [2025/02/05 4:17:36 ET]
Table 'Weber' 6-max Seat #4 is the button
Seat 1: Chillingo88 ($98.18 in chips) 
Seat 2: ChuckNorrisQ ($100.75 in chips) 
Seat 3: iNeverBluff398 ($100 in chips) 
Seat 4: janarr5 ($100 in chips) 
Seat 5: MaRKiToScoK ($108.23 in chips) 
Seat 6: BadenBadenPH ($110.47 in chips) 
MaRKiToScoK: posts small blind $0.50
BadenBadenPH: posts big blind $1
*** HOLE CARDS ***
Chillingo88: raises $2 to $3
ChuckNorrisQ: folds 
iNeverBluff398: folds 
janarr5: raises $6 to $9
MaRKiToScoK: folds 
BadenBadenPH: folds 
Chillingo88: calls $6
*** FLOP *** [9s 6d Ac]
Chillingo88: checks 
janarr5: bets $4.63
Chillingo88: calls $4.63
*** TURN *** [9s 6d Ac] [5d]
Chillingo88: checks 
janarr5: bets $18.03
Chillingo88: calls $18.03
*** RIVER *** [9s 6d Ac 5d] [Ts]
Chillingo88: checks 
janarr5: checks 
*** SHOW DOWN ***
Chillingo88: shows [Ah Qc] (a pair of Aces)
janarr5: mucks hand 
Chillingo88 collected $61.70 from pot
*** SUMMARY ***
Total pot $64.82 | Rake $3.12 
Board [9s 6d Ac 5d Ts]
Seat 1: Chillingo88 showed [Ah Qc] and won ($61.70) with a pair of Aces
Seat 2: ChuckNorrisQ folded before Flop (didn't bet)
Seat 3: iNeverBluff398 folded before Flop (didn't bet)
Seat 4: janarr5 (button) mucked
Seat 5: MaRKiToScoK (small blind) folded before Flop
Seat 6: BadenBadenPH (big blind) folded before Flop



PokerStars Hand #254716295291:  Hold'em No Limit ($0.50/$1.00 USD) - 2025/02/05 9:18:40 WET [2025/02/05 4:18:40 ET]
Table 'Weber' 6-max Seat #5 is the button
Seat 1: Chillingo88 ($128.22 in chips) 
Seat 2: ChuckNorrisQ ($100.75 in chips) 
Seat 3: iNeverBluff398 ($100 in chips) 
Seat 4: janarr5 ($100 in chips) 
Seat 5: MaRKiToScoK ($107.73 in chips) 
Seat 6: BadenBadenPH ($109.47 in chips) 
BadenBadenPH: posts small blind $0.50
Chillingo88: posts big blind $1
*** HOLE CARDS ***
ChuckNorrisQ: folds 
iNeverBluff398: folds 
janarr5: raises $1.25 to $2.25
MaRKiToScoK: folds 
BadenBadenPH: raises $5.75 to $8
Chillingo88: calls $7
janarr5: calls $5.75
*** FLOP *** [Ac Qs 9d]
BadenBadenPH: bets $11.40
Chillingo88: folds 
janarr5: raises $13.60 to $25
BadenBadenPH: calls $13.60
*** TURN *** [Ac Qs 9d] [9s]
BadenBadenPH: checks 
janarr5: bets $67 and is all-in
BadenBadenPH: calls $67
BadenBadenPH has timed out
*** RIVER *** [Ac Qs 9d 9s] [Jd]
*** SHOW DOWN ***
BadenBadenPH: shows [As 5s] (two pair, Aces and Nines)
janarr5: shows [Ah Qh] (two pair, Aces and Queens)
janarr5 collected $205.50 from pot
*** SUMMARY ***
Total pot $208 | Rake $2.50 
Board [Ac Qs 9d 9s Jd]
Seat 1: Chillingo88 (big blind) folded on the Flop
Seat 2: ChuckNorrisQ folded before Flop (didn't bet)
Seat 3: iNeverBluff398 folded before Flop (didn't bet)
Seat 4: janarr5 showed [Ah Qh] and won ($205.50) with two pair, Aces and Queens
Seat 5: MaRKiToScoK (button) folded before Flop (didn't bet)
Seat 6: BadenBadenPH (small blind) showed [As 5s] and lost with two pair, Aces and Nines



PokerStars Hand #254716304369:  Hold'em No Limit ($0.50/$1.00 USD) - 2025/02/05 9:20:25 WET [2025/02/05 4:20:25 ET]
Table 'Weber' 6-max Seat #6 is the button
Seat 1: Chillingo88 ($120.22 in chips) 
Seat 2: ChuckNorrisQ ($100.75 in chips) 
Seat 3: iNeverBluff398 ($100 in chips) 
Seat 4: janarr5 ($205.50 in chips) 
Seat 5: MaRKiToScoK ($107.73 in chips) 
Seat 6: BadenBadenPH ($9.47 in chips) 
Chillingo88: posts small blind $0.50
ChuckNorrisQ: posts big blind $1
*** HOLE CARDS ***
iNeverBluff398: folds 
janarr5: folds 
MaRKiToScoK: folds 
BadenBadenPH: folds 
Chillingo88: folds 
Uncalled bet ($0.50) returned to ChuckNorrisQ
ChuckNorrisQ collected $1 from pot
ChuckNorrisQ: doesn't show hand 
*** SUMMARY ***
Total pot $1 | Rake $0 
Seat 1: Chillingo88 (small blind) folded before Flop
Seat 2: ChuckNorrisQ (big blind) collected ($1)
Seat 3: iNeverBluff398 folded before Flop (didn't bet)
Seat 4: janarr5 folded before Flop (didn't bet)
Seat 5: MaRKiToScoK folded before Flop (didn't bet)
Seat 6: BadenBadenPH (button) folded before Flop (didn't bet)



PokerStars Hand #254716308869:  Hold'em No Limit ($0.50/$1.00 USD) - 2025/02/05 9:21:15 WET [2025/02/05 4:21:15 ET]
Table 'Weber' 6-max Seat #1 is the button
Seat 1: Chillingo88 ($119.72 in chips) 
Seat 2: ChuckNorrisQ ($101.25 in chips) 
Seat 3: iNeverBluff398 ($100 in chips) 
Seat 4: janarr5 ($205.50 in chips) 
Seat 5: MaRKiToScoK ($107.73 in chips) 
Seat 6: BadenBadenPH ($9.47 in chips) 
ChuckNorrisQ: posts small blind $0.50
iNeverBluff398: posts big blind $1
*** HOLE CARDS ***
janarr5: raises $1.25 to $2.25
MaRKiToScoK: folds 
BadenBadenPH: folds 
Chillingo88: calls $2.25
ChuckNorrisQ: folds 
iNeverBluff398: folds 
*** FLOP *** [Ts 3h Td]
janarr5: bets $1.88
Chillingo88: calls $1.88
*** TURN *** [Ts 3h Td] [Th]
janarr5: bets $6.12
Chillingo88: folds 
Uncalled bet ($6.12) returned to janarr5
janarr5 collected $9.27 from pot
janarr5: doesn't show hand 
*** SUMMARY ***
Total pot $9.76 | Rake $0.49 
Board [Ts 3h Td Th]
Seat 1: Chillingo88 (button) folded on the Turn
Seat 2: ChuckNorrisQ (small blind) folded before Flop
Seat 3: iNeverBluff398 (big blind) folded before Flop
Seat 4: janarr5 collected ($9.27)
Seat 5: MaRKiToScoK folded before Flop (didn't bet)
Seat 6: BadenBadenPH folded before Flop (didn't bet)



PokerStars Hand #254716313814:  Hold'em No Limit ($0.50/$1.00 USD) - 2025/02/05 9:22:10 WET [2025/02/05 4:22:10 ET]
Table 'Weber' 6-max Seat #2 is the button
Seat 1: Chillingo88 ($115.59 in chips) 
Seat 2: ChuckNorrisQ ($100.75 in chips) 
Seat 3: iNeverBluff398 ($100 in chips) 
Seat 4: janarr5 ($210.64 in chips) 
Seat 5: MaRKiToScoK ($107.73 in chips) 
Seat 6: BadenBadenPH ($9.47 in chips) 
iNeverBluff398: posts small blind $0.50
janarr5: posts big blind $1
*** HOLE CARDS ***
MaRKiToScoK: folds 
BadenBadenPH has timed out
BadenBadenPH: folds 
Chillingo88: raises $2 to $3
ChuckNorrisQ: folds 
iNeverBluff398: folds 
janarr5: calls $2
*** FLOP *** [2s Tc Kd]
janarr5: checks 
Chillingo88: bets $3.09
janarr5: calls $3.09
*** TURN *** [2s Tc Kd] [9h]
janarr5: checks 
Chillingo88: checks 
*** RIVER *** [2s Tc Kd 9h] [3c]
janarr5: checks 
BadenBadenPH leaves the table
Chillingo88: checks 
*** SHOW DOWN ***
janarr5: shows [As Th] (a pair of Tens)
Chillingo88: mucks hand 
janarr5 collected $12.05 from pot
*** SUMMARY ***
Total pot $12.68 | Rake $0.63 
Board [2s Tc Kd 9h 3c]
Seat 1: Chillingo88 mucked
Seat 2: ChuckNorrisQ (button) folded before Flop (didn't bet)
Seat 3: iNeverBluff398 (small blind) folded before Flop
Seat 4: janarr5 (big blind) showed [As Th] and won ($12.05) with a pair of Tens
Seat 5: MaRKiToScoK folded before Flop (didn't bet)
Seat 6: BadenBadenPH folded before Flop (didn't bet)



PokerStars Hand #254716319263:  Hold'em No Limit ($0.50/$1.00 USD) - 2025/02/05 9:23:11 WET [2025/02/05 4:23:11 ET]
Table 'Weber' 6-max Seat #3 is the button
Seat 1: Chillingo88 ($109.50 in chips) 
Seat 2: ChuckNorrisQ ($100.75 in chips) 
Seat 3: iNeverBluff398 ($100 in chips) 
Seat 4: janarr5 ($216.60 in chips) 
Seat 5: MaRKiToScoK ($107.73 in chips) 
janarr5: posts small blind $0.50
MaRKiToScoK: posts big blind $1
*** HOLE CARDS ***
Chillingo88: folds 
Dazburt123 joins the table at seat #6 
ChuckNorrisQ: raises $1.30 to $2.30
iNeverBluff398: raises $4.60 to $6.90
janarr5: folds 
MaRKiToScoK: folds 
ChuckNorrisQ: folds 
Uncalled bet ($4.60) returned to iNeverBluff398
iNeverBluff398 collected $6.10 from pot
iNeverBluff398: doesn't show hand 
*** SUMMARY ***
Total pot $6.10 | Rake $0 
Seat 1: Chillingo88 folded before Flop (didn't bet)
Seat 2: ChuckNorrisQ folded before Flop
Seat 3: iNeverBluff398 (button) collected ($6.10)
Seat 4: janarr5 (small blind) folded before Flop
Seat 5: MaRKiToScoK (big blind) folded before Flop



PokerStars Hand #254716320918:  Hold'em No Limit ($0.50/$1.00 USD) - 2025/02/05 9:23:29 WET [2025/02/05 4:23:29 ET]
Table 'Weber' 6-max Seat #4 is the button
Seat 1: Chillingo88 ($109.50 in chips) 
Seat 2: ChuckNorrisQ ($100 in chips) 
Seat 3: iNeverBluff398 ($103.80 in chips) 
Seat 4: janarr5 ($216.10 in chips) 
Seat 5: MaRKiToScoK ($106.73 in chips) 
Seat 6: Dazburt123 ($100 in chips) 
MaRKiToScoK: posts small blind $0.50
Dazburt123: posts big blind $1
*** HOLE CARDS ***
Chillingo88: calls $1
ChuckNorrisQ: raises $2.50 to $3.50
iNeverBluff398: folds 
janarr5: folds 
MaRKiToScoK: folds 
Dazburt123: folds 
Chillingo88: calls $2.50
*** FLOP *** [8s 3c 8c]
Chillingo88: checks 
ChuckNorrisQ: bets $4.04
Chillingo88: folds 
Uncalled bet ($4.04) returned to ChuckNorrisQ
ChuckNorrisQ collected $8.08 from pot
ChuckNorrisQ: doesn't show hand 
*** SUMMARY ***
Total pot $8.50 | Rake $0.42 
Board [8s 3c 8c]
Seat 1: Chillingo88 folded on the Flop
Seat 2: ChuckNorrisQ collected ($8.08)
Seat 3: iNeverBluff398 folded before Flop (didn't bet)
Seat 4: janarr5 (button) folded before Flop (didn't bet)
Seat 5: MaRKiToScoK (small blind) folded before Flop
Seat 6: Dazburt123 (big blind) folded before Flop



PokerStars Hand #254716323341:  Hold'em No Limit ($0.50/$1.00 USD) - 2025/02/05 9:23:57 WET [2025/02/05 4:23:57 ET]
Table 'Weber' 6-max Seat #5 is the button
Seat 1: Chillingo88 ($106 in chips) 
Seat 2: ChuckNorrisQ ($104.58 in chips) 
Seat 3: iNeverBluff398 ($103.80 in chips) 
Seat 4: janarr5 ($216.10 in chips) 
Seat 5: MaRKiToScoK ($106.23 in chips) 
Seat 6: Dazburt123 ($100 in chips) 
Dazburt123: posts small blind $0.50
Chillingo88: posts big blind $1
*** HOLE CARDS ***
ChuckNorrisQ: raises $1 to $2
iNeverBluff398: folds 
janarr5: folds 
MaRKiToScoK: calls $2
Dazburt123: folds 
Chillingo88: raises $6.50 to $8.50
ChuckNorrisQ: folds 
MaRKiToScoK: calls $6.50
*** FLOP *** [Jh 4s 4c]
Chillingo88: bets $9.26
MaRKiToScoK: calls $9.26
*** TURN *** [Jh 4s 4c] [3s]
Chillingo88: bets $18.06
MaRKiToScoK: calls $18.06
*** RIVER *** [Jh 4s 4c 3s] [8s]
Chillingo88: bets $70.18 and is all-in
MaRKiToScoK: calls $70.18
*** SHOW DOWN ***
Chillingo88: shows [Qs Js] (a flush, Queen high)
MaRKiToScoK: shows [4h 6h] (three of a kind, Fours)
Chillingo88 collected $211.38 from pot
*** SUMMARY ***
Total pot $214.50 | Rake $3.12 
Board [Jh 4s 4c 3s 8s]
Seat 1: Chillingo88 (big blind) showed [Qs Js] and won ($211.38) with a flush, Queen high
Seat 2: ChuckNorrisQ folded before Flop
Seat 3: iNeverBluff398 folded before Flop (didn't bet)
Seat 4: janarr5 folded before Flop (didn't bet)
Seat 5: MaRKiToScoK (button) showed [4h 6h] and lost with three of a kind, Fours
Seat 6: Dazburt123 (small blind) folded before Flop



PokerStars Hand #254716329668:  Hold'em No Limit ($0.50/$1.00 USD) - 2025/02/05 9:25:08 WET [2025/02/05 4:25:08 ET]
Table 'Weber' 6-max Seat #6 is the button
Seat 1: Chillingo88 ($211.38 in chips) 
Seat 2: ChuckNorrisQ ($102.58 in chips) 
Seat 3: iNeverBluff398 ($103.80 in chips) 
Seat 4: janarr5 ($216.10 in chips) 
Seat 5: MaRKiToScoK ($100 in chips) 
Seat 6: Dazburt123 ($100 in chips) 
Chillingo88: posts small blind $0.50
ChuckNorrisQ: posts big blind $1
*** HOLE CARDS ***
iNeverBluff398: folds 
janarr5: folds 
MaRKiToScoK: raises $1.20 to $2.20
Dazburt123: folds 
Chillingo88: folds 
ChuckNorrisQ: folds 
Uncalled bet ($1.20) returned to MaRKiToScoK
MaRKiToScoK collected $2.50 from pot
*** SUMMARY ***
Total pot $2.50 | Rake $0 
Seat 1: Chillingo88 (small blind) folded before Flop
Seat 2: ChuckNorrisQ (big blind) folded before Flop
Seat 3: iNeverBluff398 folded before Flop (didn't bet)
Seat 4: janarr5 folded before Flop (didn't bet)
Seat 5: MaRKiToScoK collected ($2.50)
Seat 6: Dazburt123 (button) folded before Flop (didn't bet)



PokerStars Hand #254716332246:  Hold'em No Limit ($0.50/$1.00 USD) - 2025/02/05 9:25:38 WET [2025/02/05 4:25:38 ET]
Table 'Weber' 6-max Seat #1 is the button
Seat 4: janarr5 ($216.10 in chips) is sitting out
Seat 1: Chillingo88 ($210.88 in chips) 
Seat 2: ChuckNorrisQ ($101.58 in chips) 
Seat 3: iNeverBluff398 ($103.80 in chips) 
Seat 5: MaRKiToScoK ($101.50 in chips) 
Seat 6: Dazburt123 ($100 in chips) 
ChuckNorrisQ: posts small blind $0.50
iNeverBluff398: posts big blind $1
*** HOLE CARDS ***
MaRKiToScoK: folds 
Dazburt123: folds 
Chillingo88: folds 
ChuckNorrisQ: raises $2 to $3
iNeverBluff398: raises $6 to $9
ChuckNorrisQ: folds 
Uncalled bet ($6) returned to iNeverBluff398
iNeverBluff398 collected $6 from pot
iNeverBluff398: doesn't show hand 
*** SUMMARY ***
Total pot $6 | Rake $0 
Seat 4: janarr5
Seat 1: Chillingo88 (button) folded before Flop (didn't bet)
Seat 2: ChuckNorrisQ (small blind) folded before Flop
Seat 3: iNeverBluff398 (big blind) collected ($6)
Seat 5: MaRKiToScoK folded before Flop (didn't bet)
Seat 6: Dazburt123 folded before Flop (didn't bet)



PokerStars Hand #254716335578:  Hold'em No Limit ($0.50/$1.00 USD) - 2025/02/05 9:26:15 WET [2025/02/05 4:26:15 ET]
Table 'Weber' 6-max Seat #2 is the button
Seat 4: janarr5 ($216.10 in chips) is sitting out
Seat 5: MaRKiToScoK ($101.50 in chips) is sitting out
Seat 1: Chillingo88 ($210.88 in chips) 
Seat 2: ChuckNorrisQ ($100 in chips) 
Seat 3: iNeverBluff398 ($106.80 in chips) 
Seat 6: Dazburt123 ($100 in chips) 
iNeverBluff398: posts small blind $0.50
MaRKiToScoK: is sitting out 
Dazburt123: posts big blind $1
*** HOLE CARDS ***
Chillingo88: folds 
ChuckNorrisQ: folds 
MaRKiToScoK leaves the table
Chillingo88 leaves the table
iNeverBluff398: folds 
Uncalled bet ($0.50) returned to Dazburt123
Dazburt123 collected $1 from pot
Dazburt123: doesn't show hand 
*** SUMMARY ***
Total pot $1 | Rake $0 
Seat 4: janarr5
Seat 5: MaRKiToScoK
Seat 1: Chillingo88 folded before Flop (didn't bet)
Seat 2: ChuckNorrisQ (button) folded before Flop (didn't bet)
Seat 3: iNeverBluff398 (small blind) folded before Flop
Seat 6: Dazburt123 (big blind) collected ($1)



PokerStars Hand #254716336764:  Hold'em No Limit ($0.50/$1.00 USD) - 2025/02/05 9:26:28 WET [2025/02/05 4:26:28 ET]
Table 'Weber' 6-max Seat #3 is the button
Seat 4: janarr5 ($216.10 in chips) is sitting out
Seat 2: ChuckNorrisQ ($100 in chips) 
Seat 3: iNeverBluff398 ($106.30 in chips) 
Seat 6: Dazburt123 ($100.50 in chips) 
Dazburt123: posts small blind $0.50
ChuckNorrisQ: posts big blind $1
*** HOLE CARDS ***
iNeverBluff398: folds 
Dazburt123: folds 
Uncalled bet ($0.50) returned to ChuckNorrisQ
ChuckNorrisQ collected $1 from pot
ChuckNorrisQ: doesn't show hand 
*** SUMMARY ***
Total pot $1 | Rake $0 
Seat 4: janarr5
Seat 2: ChuckNorrisQ (big blind) collected ($1)
Seat 3: iNeverBluff398 (button) folded before Flop (didn't bet)
Seat 6: Dazburt123 (small blind) folded before Flop



PokerStars Hand #254722859559:  Hold'em No Limit ($0.50/$1.00 USD) - 2025/02/05 19:26:18 WET [2025/02/05 14:26:18 ET]
Table 'Weber' 6-max Seat #5 is the button
Seat 1: greenvalley1234 ($40 in chips) 
Seat 2: blackclan7 ($100 in chips) 
Seat 3: Poker9803 ($100 in chips) 
Seat 4: easy_sarcasm ($100 in chips) 
Seat 5: whlzor ($100 in chips) 
greenvalley1234: posts small blind $0.50
blackclan7: posts big blind $1
*** HOLE CARDS ***
DL1B joins the table at seat #6 
Poker9803: raises $1 to $2
easy_sarcasm: folds 
whlzor: folds 
greenvalley1234: folds 
blackclan7: calls $1
*** FLOP *** [5c Js Qc]
blackclan7: checks 
Poker9803: checks 
*** TURN *** [5c Js Qc] [6c]
blackclan7: checks 
Poker9803: checks 
*** RIVER *** [5c Js Qc 6c] [5d]
blackclan7: bets $1.41
Poker9803: calls $1.41
*** SHOW DOWN ***
blackclan7: shows [Kh Qd] (two pair, Queens and Fives)
Poker9803: mucks hand 
blackclan7 collected $6.95 from pot
*** SUMMARY ***
Total pot $7.32 | Rake $0.37 
Board [5c Js Qc 6c 5d]
Seat 1: greenvalley1234 (small blind) folded before Flop
Seat 2: blackclan7 (big blind) showed [Kh Qd] and won ($6.95) with two pair, Queens and Fives
Seat 3: Poker9803 mucked
Seat 4: easy_sarcasm folded before Flop (didn't bet)
Seat 5: whlzor (button) folded before Flop (didn't bet)



PokerStars Hand #254722881381:  Hold'em No Limit ($0.50/$1.00 USD) - 2025/02/05 19:27:33 WET [2025/02/05 14:27:33 ET]
Table 'Weber' 6-max Seat #1 is the button
Seat 6: DL1B ($100 in chips) is sitting out
Seat 1: greenvalley1234 ($39.50 in chips) 
Seat 2: blackclan7 ($103.54 in chips) 
Seat 3: Poker9803 ($100 in chips) 
Seat 4: easy_sarcasm ($100 in chips) 
Seat 5: whlzor ($100 in chips) 
blackclan7: posts small blind $0.50
Poker9803: posts big blind $1
DL1B: sits out 
*** HOLE CARDS ***
easy_sarcasm: folds 
whlzor: folds 
greenvalley1234: calls $1
blackclan7: folds 
Poker9803: checks 
*** FLOP *** [6h Qd 3d]
Poker9803: checks 
greenvalley1234: checks 
*** TURN *** [6h Qd 3d] [7c]
Poker9803: bets $3.57
greenvalley1234: raises $3.57 to $7.14
Poker9803: calls $3.57
*** RIVER *** [6h Qd 3d 7c] [5h]
Poker9803: checks 
greenvalley1234: checks 
*** SHOW DOWN ***
Poker9803: shows [8d Tc] (high card Queen)
greenvalley1234: shows [Qs 6s] (two pair, Queens and Sixes)
greenvalley1234 collected $15.94 from pot
*** SUMMARY ***
Total pot $16.78 | Rake $0.84 
Board [6h Qd 3d 7c 5h]
Seat 6: DL1B
Seat 1: greenvalley1234 (button) showed [Qs 6s] and won ($15.94) with two pair, Queens and Sixes
Seat 2: blackclan7 (small blind) folded before Flop
Seat 3: Poker9803 (big blind) showed [8d Tc] and lost with high card Queen
Seat 4: easy_sarcasm folded before Flop (didn't bet)
Seat 5: whlzor folded before Flop (didn't bet)



PokerStars Hand #254722893625:  Hold'em No Limit ($0.50/$1.00 USD) - 2025/02/05 19:28:15 WET [2025/02/05 14:28:15 ET]
Table 'Weber' 6-max Seat #2 is the button
Seat 6: DL1B ($100 in chips) is sitting out
Seat 1: greenvalley1234 ($47.30 in chips) 
Seat 2: blackclan7 ($103.04 in chips) 
Seat 3: Poker9803 ($100 in chips) 
Seat 4: easy_sarcasm ($100 in chips) 
Seat 5: whlzor ($100 in chips) 
Poker9803: posts small blind $0.50
easy_sarcasm: posts big blind $1
DL1B: sits out 
*** HOLE CARDS ***
whlzor: folds 
greenvalley1234: folds 
greenvalley1234 leaves the table
blackclan7: folds 
whlzor leaves the table
Poker9803: raises $2 to $3
easy_sarcasm: folds 
Uncalled bet ($2) returned to Poker9803
Poker9803 collected $2 from pot
Poker9803: doesn't show hand 
*** SUMMARY ***
Total pot $2 | Rake $0 
Seat 6: DL1B
Seat 1: greenvalley1234 folded before Flop (didn't bet)
Seat 2: blackclan7 (button) folded before Flop (didn't bet)
Seat 3: Poker9803 (small blind) collected ($2)
Seat 4: easy_sarcasm (big blind) folded before Flop
Seat 5: whlzor folded before Flop (didn't bet)



PokerStars Hand #254722898709:  Hold'em No Limit ($0.50/$1.00 USD) - 2025/02/05 19:28:33 WET [2025/02/05 14:28:33 ET]
Table 'Weber' 6-max Seat #3 is the button
Seat 2: blackclan7 ($103.04 in chips) 
Seat 3: Poker9803 ($101 in chips) 
Seat 4: easy_sarcasm ($100 in chips) 
Seat 6: DL1B ($100 in chips) 
easy_sarcasm: posts small blind $0.50
DL1B: posts big blind $1
*** HOLE CARDS ***
blackclan7: raises $1.30 to $2.30
Poker9803: folds 
easy_sarcasm: folds 
DL1B: folds 
Uncalled bet ($1.30) returned to blackclan7
blackclan7 collected $2.50 from pot
blackclan7: doesn't show hand 
*** SUMMARY ***
Total pot $2.50 | Rake $0 
Seat 2: blackclan7 collected ($2.50)
Seat 3: Poker9803 (button) folded before Flop (didn't bet)
Seat 4: easy_sarcasm (small blind) folded before Flop
Seat 6: DL1B (big blind) folded before Flop



PokerStars Hand #254722902719:  Hold'em No Limit ($0.50/$1.00 USD) - 2025/02/05 19:28:46 WET [2025/02/05 14:28:46 ET]
Table 'Weber' 6-max Seat #6 is the button
Seat 2: blackclan7 ($104.54 in chips) is sitting out
Seat 3: Poker9803 ($101 in chips) is sitting out
Seat 4: easy_sarcasm ($100 in chips) 
Seat 6: DL1B ($100 in chips) 
DL1B: posts small blind $0.50
blackclan7: is sitting out 
Poker9803: is sitting out 
easy_sarcasm: posts big blind $1
*** HOLE CARDS ***
Poker9803 leaves the table
blackclan7 leaves the table
DL1B: raises $1.50 to $2.50
easy_sarcasm: calls $1.50
*** FLOP *** [Jh 2d 4d]
easy_sarcasm: checks 
DL1B: bets $1.57
easy_sarcasm: folds 
Uncalled bet ($1.57) returned to DL1B
DL1B collected $4.75 from pot
DL1B: doesn't show hand 
*** SUMMARY ***
Total pot $5 | Rake $0.25 
Board [Jh 2d 4d]
Seat 2: blackclan7
Seat 3: Poker9803
Seat 4: easy_sarcasm (big blind) folded on the Flop
Seat 6: DL1B (button) (small blind) collected ($4.75)



