PokerStars Hand #254196067015:  Hold'em No Limit ($0.50/$1.00 USD) - 2025/01/04 20:42:55 WET [2025/01/04 15:42:55 ET]
Table 'Diadem III' 6-max Seat #2 is the button
Seat 1: YeeesMan ($100 in chips) 
Seat 2: blackclan7 ($100 in chips) 
Seat 3: mr.Jckpot ($100 in chips) 
Seat 4: mertisor ($99 in chips) 
Seat 5: easy_sarcasm ($100 in chips) 
Seat 6: NOTfishON ($102.50 in chips) 
mr.Jckpot: posts small blind $0.50
mertisor: posts big blind $1
*** HOLE CARDS ***
easy_sarcasm: folds 
NOTfishON: raises $2 to $3
YeeesMan: folds 
blackclan7: folds 
mr.Jckpot: folds 
mertisor: raises $12 to $15
NOTfishON: folds 
Uncalled bet ($12) returned to mertisor
mertisor collected $6.50 from pot
*** SUMMARY ***
Total pot $6.50 | Rake $0 
Seat 1: YeeesMan folded before Flop (didn't bet)
Seat 2: blackclan7 (button) folded before Flop (didn't bet)
Seat 3: mr.Jckpot (small blind) folded before Flop
Seat 4: mertisor (big blind) collected ($6.50)
Seat 5: easy_sarcasm folded before Flop (didn't bet)
Seat 6: NOTfishON folded before Flop



PokerStars Hand #254196077992:  Hold'em No Limit ($0.50/$1.00 USD) - 2025/01/04 20:43:26 WET [2025/01/04 15:43:26 ET]
Table 'Diadem III' 6-max Seat #3 is the button
Seat 1: YeeesMan ($100 in chips) 
Seat 2: blackclan7 ($100 in chips) 
Seat 3: mr.Jckpot ($100 in chips) 
Seat 4: mertisor ($102.50 in chips) 
Seat 5: easy_sarcasm ($100 in chips) 
Seat 6: NOTfishON ($100 in chips) 
mertisor: posts small blind $0.50
easy_sarcasm: posts big blind $1
*** HOLE CARDS ***
NOTfishON: folds 
YeeesMan: folds 
blackclan7: folds 
mr.Jckpot: folds 
mertisor: folds 
Uncalled bet ($0.50) returned to easy_sarcasm
easy_sarcasm collected $1 from pot
*** SUMMARY ***
Total pot $1 | Rake $0 
Seat 1: YeeesMan folded before Flop (didn't bet)
Seat 2: blackclan7 folded before Flop (didn't bet)
Seat 3: mr.Jckpot (button) folded before Flop (didn't bet)
Seat 4: mertisor (small blind) folded before Flop
Seat 5: easy_sarcasm (big blind) collected ($1)
Seat 6: NOTfishON folded before Flop (didn't bet)



PokerStars Hand #254196081853:  Hold'em No Limit ($0.50/$1.00 USD) - 2025/01/04 20:43:37 WET [2025/01/04 15:43:37 ET]
Table 'Diadem III' 6-max Seat #4 is the button
Seat 1: YeeesMan ($100 in chips) 
Seat 2: blackclan7 ($100 in chips) 
Seat 3: mr.Jckpot ($100 in chips) 
Seat 4: mertisor ($102 in chips) 
Seat 5: easy_sarcasm ($100.50 in chips) 
Seat 6: NOTfishON ($100 in chips) 
easy_sarcasm: posts small blind $0.50
NOTfishON: posts big blind $1
*** HOLE CARDS ***
YeeesMan: folds 
blackclan7: raises $1 to $2
mr.Jckpot: folds 
mertisor: folds 
mertisor leaves the table
easy_sarcasm: folds 
NOTfishON: folds 
Uncalled bet ($1) returned to blackclan7
blackclan7 collected $2.50 from pot
blackclan7: doesn't show hand 
*** SUMMARY ***
Total pot $2.50 | Rake $0 
Seat 1: YeeesMan folded before Flop (didn't bet)
Seat 2: blackclan7 collected ($2.50)
Seat 3: mr.Jckpot folded before Flop (didn't bet)
Seat 4: mertisor (button) folded before Flop (didn't bet)
Seat 5: easy_sarcasm (small blind) folded before Flop
Seat 6: NOTfishON (big blind) folded before Flop



PokerStars Hand #254196088992:  Hold'em No Limit ($0.50/$1.00 USD) - 2025/01/04 20:43:57 WET [2025/01/04 15:43:57 ET]
Table 'Diadem III' 6-max Seat #5 is the button
Seat 1: YeeesMan ($100 in chips) 
Seat 2: blackclan7 ($101.50 in chips) 
Seat 3: mr.Jckpot ($100 in chips) 
Seat 5: easy_sarcasm ($100 in chips) 
Seat 6: NOTfishON ($100 in chips) 
NOTfishON: posts small blind $0.50
YeeesMan: posts big blind $1
*** HOLE CARDS ***
blackclan7: folds 
mr.Jckpot: raises $1.50 to $2.50
easy_sarcasm: raises $5.50 to $8
NOTfishON: folds 
YeeesMan: folds 
mr.Jckpot: calls $5.50
*** FLOP *** [6s 9s 6c]
mr.Jckpot: checks 
YeeesMan leaves the table
easy_sarcasm: bets $8
mr.Jckpot: calls $8
*** TURN *** [6s 9s 6c] [Qc]
mr.Jckpot: checks 
easy_sarcasm: bets $16.50
mr.Jckpot: calls $16.50
*** RIVER *** [6s 9s 6c Qc] [9h]
mr.Jckpot: checks 
easy_sarcasm: checks 
*** SHOW DOWN ***
mr.Jckpot: shows [9c Tc] (a full house, Nines full of Sixes)
easy_sarcasm: mucks hand 
mr.Jckpot collected $64 from pot
*** SUMMARY ***
Total pot $66.50 | Rake $2.50 
Board [6s 9s 6c Qc 9h]
Seat 1: YeeesMan (big blind) folded before Flop
Seat 2: blackclan7 folded before Flop (didn't bet)
Seat 3: mr.Jckpot showed [9c Tc] and won ($64) with a full house, Nines full of Sixes
Seat 5: easy_sarcasm (button) mucked
Seat 6: NOTfishON (small blind) folded before Flop



PokerStars Hand #254196114827:  Hold'em No Limit ($0.50/$1.00 USD) - 2025/01/04 20:45:11 WET [2025/01/04 15:45:11 ET]
Table 'Diadem III' 6-max Seat #6 is the button
Seat 2: blackclan7 ($101.50 in chips) 
Seat 3: mr.Jckpot ($131.50 in chips) 
Seat 5: easy_sarcasm ($100 in chips) 
Seat 6: NOTfishON ($100 in chips) 
blackclan7: posts small blind $0.50
mr.Jckpot: posts big blind $1
*** HOLE CARDS ***
easy_sarcasm: raises $2 to $3
NOTfishON: folds 
blackclan7: folds 
mr.Jckpot: calls $2
*** FLOP *** [9c Th 8d]
mr.Jckpot: checks 
easy_sarcasm: bets $4.50
mr.Jckpot: calls $4.50
*** TURN *** [9c Th 8d] [Kc]
mr.Jckpot: checks 
easy_sarcasm: bets $10.89
mr.Jckpot: calls $10.89
*** RIVER *** [9c Th 8d Kc] [2c]
mr.Jckpot: checks 
easy_sarcasm: checks 
*** SHOW DOWN ***
mr.Jckpot: shows [Td Js] (a pair of Tens)
easy_sarcasm: shows [Ah Ad] (a pair of Aces)
easy_sarcasm collected $36.28 from pot
*** SUMMARY ***
Total pot $37.28 | Rake $1 
Board [9c Th 8d Kc 2c]
Seat 2: blackclan7 (small blind) folded before Flop
Seat 3: mr.Jckpot (big blind) showed [Td Js] and lost with a pair of Tens
Seat 5: easy_sarcasm showed [Ah Ad] and won ($36.28) with a pair of Aces
Seat 6: NOTfishON (button) folded before Flop (didn't bet)



PokerStars Hand #254196137337:  Hold'em No Limit ($0.50/$1.00 USD) - 2025/01/04 20:46:16 WET [2025/01/04 15:46:16 ET]
Table 'Diadem III' 6-max Seat #1 is the button
Seat 1: YeeesMan ($100 in chips) 
Seat 2: mr.Jckpot ($113.11 in chips) 
Seat 3: illarins ($100 in chips) 
Seat 4: NISIY ($100 in chips) 
Seat 5: easy_sarcasm ($117.89 in chips) 
Seat 6: shaneybah ($40 in chips) 
mr.Jckpot: posts small blind $0.50
illarins: posts big blind $1
*** HOLE CARDS ***
NISIY: folds 
easy_sarcasm: folds 
shaneybah: folds 
YeeesMan: raises $1.50 to $2.50
mr.Jckpot: folds 
illarins: folds 
Uncalled bet ($1.50) returned to YeeesMan
YeeesMan collected $2.50 from pot
YeeesMan: doesn't show hand 
*** SUMMARY ***
Total pot $2.50 | Rake $0 
Seat 1: YeeesMan (button) collected ($2.50)
Seat 2: mr.Jckpot (small blind) folded before Flop
Seat 3: illarins (big blind) folded before Flop
Seat 4: NISIY folded before Flop (didn't bet)
Seat 5: easy_sarcasm folded before Flop (didn't bet)
Seat 6: shaneybah folded before Flop (didn't bet)



PokerStars Hand #254196142190:  Hold'em No Limit ($0.50/$1.00 USD) - 2025/01/04 20:46:30 WET [2025/01/04 15:46:30 ET]
Table 'Diadem III' 6-max Seat #2 is the button
Seat 1: YeeesMan ($101.50 in chips) 
Seat 2: mr.Jckpot ($112.61 in chips) 
Seat 3: illarins ($100 in chips) 
Seat 4: NISIY ($100 in chips) 
Seat 5: easy_sarcasm ($117.89 in chips) 
Seat 6: shaneybah ($40 in chips) 
illarins: posts small blind $0.50
NISIY: posts big blind $1
*** HOLE CARDS ***
easy_sarcasm: folds 
shaneybah: raises $2 to $3
YeeesMan: folds 
mr.Jckpot: folds 
illarins: folds 
NISIY: raises $6 to $9
shaneybah: calls $6
*** FLOP *** [Ah Qh 6h]
NISIY: bets $32.50
shaneybah: folds 
Uncalled bet ($32.50) returned to NISIY
NISIY collected $17.58 from pot
NISIY: doesn't show hand 
*** SUMMARY ***
Total pot $18.50 | Rake $0.92 
Board [Ah Qh 6h]
Seat 1: YeeesMan folded before Flop (didn't bet)
Seat 2: mr.Jckpot (button) folded before Flop (didn't bet)
Seat 3: illarins (small blind) folded before Flop
Seat 4: NISIY (big blind) collected ($17.58)
Seat 5: easy_sarcasm folded before Flop (didn't bet)
Seat 6: shaneybah folded on the Flop



PokerStars Hand #254196153939:  Hold'em No Limit ($0.50/$1.00 USD) - 2025/01/04 20:47:04 WET [2025/01/04 15:47:04 ET]
Table 'Diadem III' 6-max Seat #3 is the button
Seat 1: YeeesMan ($101.50 in chips) 
Seat 2: mr.Jckpot ($112.61 in chips) 
Seat 3: illarins ($100 in chips) 
Seat 4: NISIY ($108.58 in chips) 
Seat 5: easy_sarcasm ($117.89 in chips) 
Seat 6: shaneybah ($31 in chips) 
NISIY: posts small blind $0.50
easy_sarcasm: posts big blind $1
*** HOLE CARDS ***
shaneybah: folds 
YeeesMan: folds 
mr.Jckpot: folds 
illarins: raises $1.50 to $2.50
NISIY: folds 
easy_sarcasm: calls $1.50
*** FLOP *** [Jc 9h Th]
easy_sarcasm: checks 
illarins: checks 
*** TURN *** [Jc 9h Th] [6c]
easy_sarcasm: bets $2.61
illarins: calls $2.61
*** RIVER *** [Jc 9h Th 6c] [7h]
easy_sarcasm: checks 
illarins: bets $3.36
easy_sarcasm: calls $3.36
*** SHOW DOWN ***
illarins: shows [8c 9c] (a straight, Seven to Jack)
easy_sarcasm: mucks hand 
illarins collected $16.57 from pot
*** SUMMARY ***
Total pot $17.44 | Rake $0.87 
Board [Jc 9h Th 6c 7h]
Seat 1: YeeesMan folded before Flop (didn't bet)
Seat 2: mr.Jckpot folded before Flop (didn't bet)
Seat 3: illarins (button) showed [8c 9c] and won ($16.57) with a straight, Seven to Jack
Seat 4: NISIY (small blind) folded before Flop
Seat 5: easy_sarcasm (big blind) mucked
Seat 6: shaneybah folded before Flop (didn't bet)



PokerStars Hand #254196169501:  Hold'em No Limit ($0.50/$1.00 USD) - 2025/01/04 20:47:49 WET [2025/01/04 15:47:49 ET]
Table 'Diadem III' 6-max Seat #4 is the button
Seat 1: YeeesMan ($101.50 in chips) 
Seat 2: mr.Jckpot ($112.61 in chips) 
Seat 3: illarins ($108.10 in chips) 
Seat 4: NISIY ($108.08 in chips) 
Seat 5: easy_sarcasm ($109.42 in chips) 
Seat 6: shaneybah ($31 in chips) 
easy_sarcasm: posts small blind $0.50
shaneybah: posts big blind $1
*** HOLE CARDS ***
YeeesMan: folds 
mr.Jckpot: folds 
illarins: folds 
NISIY: raises $1.50 to $2.50
easy_sarcasm: folds 
shaneybah: calls $1.50
*** FLOP *** [4s Ac Js]
shaneybah: checks 
NISIY: bets $1.72
shaneybah: calls $1.72
*** TURN *** [4s Ac Js] [3h]
shaneybah: checks 
NISIY: bets $6.37
shaneybah: folds 
Uncalled bet ($6.37) returned to NISIY
NISIY collected $8.49 from pot
NISIY: doesn't show hand 
*** SUMMARY ***
Total pot $8.94 | Rake $0.45 
Board [4s Ac Js 3h]
Seat 1: YeeesMan folded before Flop (didn't bet)
Seat 2: mr.Jckpot folded before Flop (didn't bet)
Seat 3: illarins folded before Flop (didn't bet)
Seat 4: NISIY (button) collected ($8.49)
Seat 5: easy_sarcasm (small blind) folded before Flop
Seat 6: shaneybah (big blind) folded on the Turn



PokerStars Hand #254196187989:  Hold'em No Limit ($0.50/$1.00 USD) - 2025/01/04 20:48:42 WET [2025/01/04 15:48:42 ET]
Table 'Diadem III' 6-max Seat #5 is the button
Seat 1: YeeesMan ($101.50 in chips) 
Seat 2: mr.Jckpot ($112.61 in chips) 
Seat 3: illarins ($108.10 in chips) 
Seat 4: NISIY ($112.35 in chips) 
Seat 5: easy_sarcasm ($108.92 in chips) 
Seat 6: shaneybah ($26.78 in chips) 
shaneybah: posts small blind $0.50
YeeesMan: posts big blind $1
*** HOLE CARDS ***
mr.Jckpot: folds 
illarins: raises $1.50 to $2.50
NISIY: folds 
easy_sarcasm: folds 
shaneybah: folds 
YeeesMan: folds 
Uncalled bet ($1.50) returned to illarins
illarins collected $2.50 from pot
illarins: doesn't show hand 
*** SUMMARY ***
Total pot $2.50 | Rake $0 
Seat 1: YeeesMan (big blind) folded before Flop
Seat 2: mr.Jckpot folded before Flop (didn't bet)
Seat 3: illarins collected ($2.50)
Seat 4: NISIY folded before Flop (didn't bet)
Seat 5: easy_sarcasm (button) folded before Flop (didn't bet)
Seat 6: shaneybah (small blind) folded before Flop



PokerStars Hand #254196196790:  Hold'em No Limit ($0.50/$1.00 USD) - 2025/01/04 20:49:08 WET [2025/01/04 15:49:08 ET]
Table 'Diadem III' 6-max Seat #6 is the button
Seat 1: YeeesMan ($100.50 in chips) 
Seat 2: mr.Jckpot ($112.61 in chips) 
Seat 3: illarins ($109.60 in chips) 
Seat 4: NISIY ($112.35 in chips) 
Seat 5: easy_sarcasm ($108.92 in chips) 
Seat 6: shaneybah ($26.28 in chips) 
YeeesMan: posts small blind $0.50
mr.Jckpot: posts big blind $1
*** HOLE CARDS ***
illarins: folds 
NISIY: folds 
easy_sarcasm: folds 
shaneybah: folds 
YeeesMan: raises $2 to $3
mr.Jckpot: calls $2
*** FLOP *** [6c Qd 7c]
YeeesMan: checks 
mr.Jckpot: bets $1.88
YeeesMan: folds 
Uncalled bet ($1.88) returned to mr.Jckpot
mr.Jckpot collected $5.70 from pot
mr.Jckpot: doesn't show hand 
*** SUMMARY ***
Total pot $6 | Rake $0.30 
Board [6c Qd 7c]
Seat 1: YeeesMan (small blind) folded on the Flop
Seat 2: mr.Jckpot (big blind) collected ($5.70)
Seat 3: illarins folded before Flop (didn't bet)
Seat 4: NISIY folded before Flop (didn't bet)
Seat 5: easy_sarcasm folded before Flop (didn't bet)
Seat 6: shaneybah (button) folded before Flop (didn't bet)



PokerStars Hand #254196208087:  Hold'em No Limit ($0.50/$1.00 USD) - 2025/01/04 20:49:41 WET [2025/01/04 15:49:41 ET]
Table 'Diadem III' 6-max Seat #1 is the button
Seat 1: YeeesMan ($100 in chips) 
Seat 2: mr.Jckpot ($115.31 in chips) 
Seat 3: illarins ($109.60 in chips) 
Seat 4: NISIY ($112.35 in chips) 
Seat 5: easy_sarcasm ($108.92 in chips) 
Seat 6: shaneybah ($26.28 in chips) 
mr.Jckpot: posts small blind $0.50
illarins: posts big blind $1
*** HOLE CARDS ***
NISIY: raises $1.50 to $2.50
easy_sarcasm: folds 
shaneybah: folds 
YeeesMan: folds 
mr.Jckpot: folds 
illarins: calls $1.50
*** FLOP *** [8c Js Ac]
illarins: checks 
NISIY: checks 
*** TURN *** [8c Js Ac] [7s]
illarins: checks 
NISIY: bets $1.72
illarins: raises $10.28 to $12
NISIY: folds 
Uncalled bet ($10.28) returned to illarins
illarins collected $8.49 from pot
illarins: doesn't show hand 
*** SUMMARY ***
Total pot $8.94 | Rake $0.45 
Board [8c Js Ac 7s]
Seat 1: YeeesMan (button) folded before Flop (didn't bet)
Seat 2: mr.Jckpot (small blind) folded before Flop
Seat 3: illarins (big blind) collected ($8.49)
Seat 4: NISIY folded on the Turn
Seat 5: easy_sarcasm folded before Flop (didn't bet)
Seat 6: shaneybah folded before Flop (didn't bet)



PokerStars Hand #254196230449:  Hold'em No Limit ($0.50/$1.00 USD) - 2025/01/04 20:50:45 WET [2025/01/04 15:50:45 ET]
Table 'Diadem III' 6-max Seat #2 is the button
Seat 1: YeeesMan ($100 in chips) 
Seat 2: mr.Jckpot ($114.81 in chips) 
Seat 3: illarins ($113.87 in chips) 
Seat 4: NISIY ($108.13 in chips) 
Seat 5: easy_sarcasm ($108.92 in chips) 
Seat 6: shaneybah ($26.28 in chips) 
illarins: posts small blind $0.50
NISIY: posts big blind $1
*** HOLE CARDS ***
easy_sarcasm: folds 
shaneybah: raises $1.50 to $2.50
YeeesMan: folds 
mr.Jckpot: folds 
illarins: folds 
NISIY: folds 
Uncalled bet ($1.50) returned to shaneybah
shaneybah collected $2.50 from pot
*** SUMMARY ***
Total pot $2.50 | Rake $0 
Seat 1: YeeesMan folded before Flop (didn't bet)
Seat 2: mr.Jckpot (button) folded before Flop (didn't bet)
Seat 3: illarins (small blind) folded before Flop
Seat 4: NISIY (big blind) folded before Flop
Seat 5: easy_sarcasm folded before Flop (didn't bet)
Seat 6: shaneybah collected ($2.50)



PokerStars Hand #254196235540:  Hold'em No Limit ($0.50/$1.00 USD) - 2025/01/04 20:51:00 WET [2025/01/04 15:51:00 ET]
Table 'Diadem III' 6-max Seat #3 is the button
Seat 1: YeeesMan ($100 in chips) 
Seat 2: mr.Jckpot ($114.81 in chips) 
Seat 3: illarins ($113.37 in chips) 
Seat 4: NISIY ($107.13 in chips) 
Seat 5: easy_sarcasm ($108.92 in chips) 
Seat 6: shaneybah ($27.78 in chips) 
NISIY: posts small blind $0.50
easy_sarcasm: posts big blind $1
*** HOLE CARDS ***
shaneybah: raises $2.50 to $3.50
YeeesMan: folds 
mr.Jckpot: folds 
illarins: folds 
NISIY: folds 
easy_sarcasm: folds 
Uncalled bet ($2.50) returned to shaneybah
shaneybah collected $2.50 from pot
*** SUMMARY ***
Total pot $2.50 | Rake $0 
Seat 1: YeeesMan folded before Flop (didn't bet)
Seat 2: mr.Jckpot folded before Flop (didn't bet)
Seat 3: illarins (button) folded before Flop (didn't bet)
Seat 4: NISIY (small blind) folded before Flop
Seat 5: easy_sarcasm (big blind) folded before Flop
Seat 6: shaneybah collected ($2.50)



PokerStars Hand #254196240046:  Hold'em No Limit ($0.50/$1.00 USD) - 2025/01/04 20:51:12 WET [2025/01/04 15:51:12 ET]
Table 'Diadem III' 6-max Seat #4 is the button
Seat 1: YeeesMan ($100 in chips) 
Seat 2: mr.Jckpot ($114.81 in chips) 
Seat 3: illarins ($113.37 in chips) 
Seat 4: NISIY ($106.63 in chips) 
Seat 5: easy_sarcasm ($107.92 in chips) 
Seat 6: shaneybah ($29.28 in chips) 
easy_sarcasm: posts small blind $0.50
shaneybah: posts big blind $1
*** HOLE CARDS ***
YeeesMan: folds 
mr.Jckpot: folds 
illarins: folds 
NISIY: folds 
easy_sarcasm: raises $2 to $3
shaneybah: calls $2
*** FLOP *** [4c 9s 2c]
easy_sarcasm: checks 
shaneybah: checks 
*** TURN *** [4c 9s 2c] [7d]
easy_sarcasm: bets $3.50
shaneybah: calls $3.50
*** RIVER *** [4c 9s 2c 7d] [Kd]
easy_sarcasm: checks 
shaneybah: bets $5.18
easy_sarcasm: calls $5.18
*** SHOW DOWN ***
shaneybah: shows [Ks 8d] (a pair of Kings)
easy_sarcasm: mucks hand 
shaneybah collected $22.19 from pot
*** SUMMARY ***
Total pot $23.36 | Rake $1.17 
Board [4c 9s 2c 7d Kd]
Seat 1: YeeesMan folded before Flop (didn't bet)
Seat 2: mr.Jckpot folded before Flop (didn't bet)
Seat 3: illarins folded before Flop (didn't bet)
Seat 4: NISIY (button) folded before Flop (didn't bet)
Seat 5: easy_sarcasm (small blind) mucked
Seat 6: shaneybah (big blind) showed [Ks 8d] and won ($22.19) with a pair of Kings



PokerStars Hand #254196252202:  Hold'em No Limit ($0.50/$1.00 USD) - 2025/01/04 20:51:47 WET [2025/01/04 15:51:47 ET]
Table 'Diadem III' 6-max Seat #5 is the button
Seat 1: YeeesMan ($100 in chips) 
Seat 2: mr.Jckpot ($114.81 in chips) 
Seat 3: illarins ($113.37 in chips) 
Seat 4: NISIY ($106.63 in chips) 
Seat 5: easy_sarcasm ($100 in chips) 
Seat 6: shaneybah ($39.79 in chips) 
shaneybah: posts small blind $0.50
YeeesMan: posts big blind $1
*** HOLE CARDS ***
mr.Jckpot: folds 
illarins: folds 
NISIY: raises $1.50 to $2.50
easy_sarcasm: folds 
shaneybah: calls $2
YeeesMan: folds 
*** FLOP *** [4h 2d 8d]
shaneybah: checks 
NISIY: bets $1.88
shaneybah: calls $1.88
*** TURN *** [4h 2d 8d] [Ts]
shaneybah: checks 
NISIY: bets $6.95
shaneybah: calls $6.95
*** RIVER *** [4h 2d 8d Ts] [2h]
shaneybah: bets $12.24
NISIY: raises $70.44 to $82.68
shaneybah: folds 
Uncalled bet ($70.44) returned to NISIY
NISIY collected $45.73 from pot
NISIY: doesn't show hand 
*** SUMMARY ***
Total pot $48.14 | Rake $2.41 
Board [4h 2d 8d Ts 2h]
Seat 1: YeeesMan (big blind) folded before Flop
Seat 2: mr.Jckpot folded before Flop (didn't bet)
Seat 3: illarins folded before Flop (didn't bet)
Seat 4: NISIY collected ($45.73)
Seat 5: easy_sarcasm (button) folded before Flop (didn't bet)
Seat 6: shaneybah (small blind) folded on the River



PokerStars Hand #254196276799:  Hold'em No Limit ($0.50/$1.00 USD) - 2025/01/04 20:52:59 WET [2025/01/04 15:52:59 ET]
Table 'Diadem III' 6-max Seat #6 is the button
Seat 1: YeeesMan ($100 in chips) 
Seat 2: mr.Jckpot ($114.81 in chips) 
Seat 3: illarins ($113.37 in chips) 
Seat 4: NISIY ($128.79 in chips) 
Seat 5: easy_sarcasm ($100 in chips) 
Seat 6: shaneybah ($16.22 in chips) 
YeeesMan: posts small blind $0.50
mr.Jckpot: posts big blind $1
*** HOLE CARDS ***
illarins: folds 
NISIY: folds 
easy_sarcasm: folds 
shaneybah: folds 
YeeesMan: folds 
Uncalled bet ($0.50) returned to mr.Jckpot
mr.Jckpot collected $1 from pot
mr.Jckpot: doesn't show hand 
*** SUMMARY ***
Total pot $1 | Rake $0 
Seat 1: YeeesMan (small blind) folded before Flop
Seat 2: mr.Jckpot (big blind) collected ($1)
Seat 3: illarins folded before Flop (didn't bet)
Seat 4: NISIY folded before Flop (didn't bet)
Seat 5: easy_sarcasm folded before Flop (didn't bet)
Seat 6: shaneybah (button) folded before Flop (didn't bet)



PokerStars Hand #254196282151:  Hold'em No Limit ($0.50/$1.00 USD) - 2025/01/04 20:53:14 WET [2025/01/04 15:53:14 ET]
Table 'Diadem III' 6-max Seat #1 is the button
Seat 1: YeeesMan ($100 in chips) 
Seat 2: mr.Jckpot ($115.31 in chips) 
Seat 3: illarins ($113.37 in chips) 
Seat 4: NISIY ($128.79 in chips) 
Seat 5: easy_sarcasm ($100 in chips) 
Seat 6: shaneybah ($16.22 in chips) 
mr.Jckpot: posts small blind $0.50
illarins: posts big blind $1
*** HOLE CARDS ***
NISIY: folds 
easy_sarcasm: folds 
shaneybah: raises $2.50 to $3.50
YeeesMan: folds 
mr.Jckpot: folds 
illarins: raises $20 to $23.50
shaneybah: calls $12.72 and is all-in
Uncalled bet ($7.28) returned to illarins
*** FLOP *** [5c 3c Tc]
*** TURN *** [5c 3c Tc] [4s]
*** RIVER *** [5c 3c Tc 4s] [Kd]
*** SHOW DOWN ***
illarins: shows [Js Ah] (high card Ace)
shaneybah: shows [Jh Qh] (high card King)
illarins collected $31.29 from pot
*** SUMMARY ***
Total pot $32.94 | Rake $1.65 
Board [5c 3c Tc 4s Kd]
Seat 1: YeeesMan (button) folded before Flop (didn't bet)
Seat 2: mr.Jckpot (small blind) folded before Flop
Seat 3: illarins (big blind) showed [Js Ah] and won ($31.29) with high card Ace
Seat 4: NISIY folded before Flop (didn't bet)
Seat 5: easy_sarcasm folded before Flop (didn't bet)
Seat 6: shaneybah showed [Jh Qh] and lost with high card King



PokerStars Hand #254196293926:  Hold'em No Limit ($0.50/$1.00 USD) - 2025/01/04 20:53:48 WET [2025/01/04 15:53:48 ET]
Table 'Diadem III' 6-max Seat #2 is the button
Seat 6: shaneybah ($0 in chips) is sitting out
Seat 1: YeeesMan ($100 in chips) 
Seat 2: mr.Jckpot ($114.81 in chips) 
Seat 3: illarins ($128.44 in chips) 
Seat 4: NISIY ($128.79 in chips) 
Seat 5: easy_sarcasm ($100 in chips) 
illarins: posts small blind $0.50
NISIY: posts big blind $1
*** HOLE CARDS ***
easy_sarcasm: raises $2 to $3
YeeesMan: folds 
mr.Jckpot: raises $6 to $9
illarins: folds 
NISIY: folds 
easy_sarcasm: calls $6
*** FLOP *** [4c Qh 5s]
easy_sarcasm: checks 
mr.Jckpot: bets $10.19
easy_sarcasm: calls $10.19
*** TURN *** [4c Qh 5s] [3c]
easy_sarcasm: checks 
mr.Jckpot: bets $20.84
easy_sarcasm: folds 
Uncalled bet ($20.84) returned to mr.Jckpot
mr.Jckpot collected $37.89 from pot
mr.Jckpot: doesn't show hand 
*** SUMMARY ***
Total pot $39.88 | Rake $1.99 
Board [4c Qh 5s 3c]
Seat 6: shaneybah
Seat 1: YeeesMan folded before Flop (didn't bet)
Seat 2: mr.Jckpot (button) collected ($37.89)
Seat 3: illarins (small blind) folded before Flop
Seat 4: NISIY (big blind) folded before Flop
Seat 5: easy_sarcasm folded on the Turn



PokerStars Hand #254196308696:  Hold'em No Limit ($0.50/$1.00 USD) - 2025/01/04 20:54:31 WET [2025/01/04 15:54:31 ET]
Table 'Diadem III' 6-max Seat #3 is the button
Seat 1: YeeesMan ($100 in chips) 
Seat 2: mr.Jckpot ($133.51 in chips) 
Seat 3: illarins ($127.94 in chips) 
Seat 4: NISIY ($127.79 in chips) 
Seat 5: easy_sarcasm ($100 in chips) 
Seat 6: shaneybah ($42.39 in chips) 
NISIY: posts small blind $0.50
easy_sarcasm: posts big blind $1
*** HOLE CARDS ***
shaneybah: calls $1
YeeesMan: folds 
mr.Jckpot: raises $2 to $3
illarins: raises $6 to $9
NISIY: folds 
easy_sarcasm: folds 
shaneybah: folds 
mr.Jckpot: folds 
Uncalled bet ($6) returned to illarins
illarins collected $8.50 from pot
illarins: doesn't show hand 
*** SUMMARY ***
Total pot $8.50 | Rake $0 
Seat 1: YeeesMan folded before Flop (didn't bet)
Seat 2: mr.Jckpot folded before Flop
Seat 3: illarins (button) collected ($8.50)
Seat 4: NISIY (small blind) folded before Flop
Seat 5: easy_sarcasm (big blind) folded before Flop
Seat 6: shaneybah folded before Flop



PokerStars Hand #254196314952:  Hold'em No Limit ($0.50/$1.00 USD) - 2025/01/04 20:54:50 WET [2025/01/04 15:54:50 ET]
Table 'Diadem III' 6-max Seat #4 is the button
Seat 1: YeeesMan ($100 in chips) 
Seat 2: mr.Jckpot ($130.51 in chips) 
Seat 3: illarins ($133.44 in chips) 
Seat 4: NISIY ($127.29 in chips) 
Seat 5: easy_sarcasm ($100 in chips) 
Seat 6: shaneybah ($41.39 in chips) 
easy_sarcasm: posts small blind $0.50
shaneybah: posts big blind $1
*** HOLE CARDS ***
YeeesMan: folds 
mr.Jckpot: folds 
illarins: folds 
NISIY: folds 
easy_sarcasm: raises $2 to $3
shaneybah: raises $3 to $6
easy_sarcasm: calls $3
*** FLOP *** [7s 9s 8d]
easy_sarcasm: checks 
shaneybah: bets $11.40
easy_sarcasm: raises $25.31 to $36.71
shaneybah: calls $23.99 and is all-in
Uncalled bet ($1.32) returned to easy_sarcasm
*** TURN *** [7s 9s 8d] [3d]
*** RIVER *** [7s 9s 8d 3d] [5d]
*** SHOW DOWN ***
easy_sarcasm: shows [8h 9d] (two pair, Nines and Eights)
shaneybah: shows [Kc Ad] (high card Ace)
easy_sarcasm collected $80.28 from pot
*** SUMMARY ***
Total pot $82.78 | Rake $2.50 
Board [7s 9s 8d 3d 5d]
Seat 1: YeeesMan folded before Flop (didn't bet)
Seat 2: mr.Jckpot folded before Flop (didn't bet)
Seat 3: illarins folded before Flop (didn't bet)
Seat 4: NISIY (button) folded before Flop (didn't bet)
Seat 5: easy_sarcasm (small blind) showed [8h 9d] and won ($80.28) with two pair, Nines and Eights
Seat 6: shaneybah (big blind) showed [Kc Ad] and lost with high card Ace



PokerStars Hand #254196327073:  Hold'em No Limit ($0.50/$1.00 USD) - 2025/01/04 20:55:31 WET [2025/01/04 15:55:31 ET]
Table 'Diadem III' 6-max Seat #5 is the button
Seat 1: YeeesMan ($100 in chips) 
Seat 2: mr.Jckpot ($130.51 in chips) 
Seat 3: illarins ($133.44 in chips) 
Seat 4: NISIY ($127.29 in chips) 
Seat 5: easy_sarcasm ($138.89 in chips) 
YeeesMan: posts small blind $0.50
shaneybah leaves the table
mr.Jckpot: posts big blind $1
*** HOLE CARDS ***
illarins: folds 
NISIY: folds 
easy_sarcasm: folds 
YeeesMan: folds 
Uncalled bet ($0.50) returned to mr.Jckpot
mr.Jckpot collected $1 from pot
mr.Jckpot: doesn't show hand 
*** SUMMARY ***
Total pot $1 | Rake $0 
Seat 1: YeeesMan (small blind) folded before Flop
Seat 2: mr.Jckpot (big blind) collected ($1)
Seat 3: illarins folded before Flop (didn't bet)
Seat 4: NISIY folded before Flop (didn't bet)
Seat 5: easy_sarcasm (button) folded before Flop (didn't bet)



