PokerStars Hand #254190246569:  Hold'em No Limit ($0.50/$1.00 USD) - 2025/01/04 15:22:30 WET [2025/01/04 10:22:30 ET]
Table 'Florya II' 6-max Seat #4 is the button
Seat 1: MaikonAll ($100 in chips) 
Seat 4: BenCampbel10 ($100 in chips) 
Seat 5: 3EPH ($100 in chips) 
3EPH: posts small blind $0.50
MaikonAll: posts big blind $1
*** HOLE CARDS ***
BenCampbel10: raises $1 to $2
3EPH: folds 
MaikonAll: calls $1
*** FLOP *** [3s 6h 9d]
MaikonAll is disconnected 
MaikonAll is connected 
MaikonAll has timed out
MaikonAll: checks 
BenCampbel10: bets $5.50
MaikonAll: calls $5.50
*** TURN *** [3s 6h 9d] [7s]
MaikonAll: checks 
BenCampbel10: bets $19.50
MaikonAll: folds 
Uncalled bet ($19.50) returned to BenCampbel10
BenCampbel10 collected $14.72 from pot
*** SUMMARY ***
Total pot $15.50 | Rake $0.78 
Board [3s 6h 9d 7s]
Seat 1: MaikonAll (big blind) folded on the Turn
Seat 4: BenCampbel10 (button) collected ($14.72)
Seat 5: 3EPH (small blind) folded before Flop



PokerStars Hand #254190269200:  Hold'em No Limit ($0.50/$1.00 USD) - 2025/01/04 15:24:01 WET [2025/01/04 10:24:01 ET]
Table 'Florya II' 6-max Seat #5 is the button
Seat 1: MaikonAll ($100 in chips) 
Seat 4: BenCampbel10 ($107.22 in chips) 
Seat 5: 3EPH ($100 in chips) 
MaikonAll: posts small blind $0.50
BenCampbel10: posts big blind $1
*** HOLE CARDS ***
3EPH: folds 
MaikonAll: folds 
Uncalled bet ($0.50) returned to BenCampbel10
BenCampbel10 collected $1 from pot
*** SUMMARY ***
Total pot $1 | Rake $0 
Seat 1: MaikonAll (small blind) folded before Flop
Seat 4: BenCampbel10 (big blind) collected ($1)
Seat 5: 3EPH (button) folded before Flop (didn't bet)



PokerStars Hand #254190271098:  Hold'em No Limit ($0.50/$1.00 USD) - 2025/01/04 15:24:08 WET [2025/01/04 10:24:08 ET]
Table 'Florya II' 6-max Seat #1 is the button
Seat 1: MaikonAll ($100 in chips) 
Seat 4: BenCampbel10 ($107.72 in chips) 
Seat 5: 3EPH ($100 in chips) 
BenCampbel10: posts small blind $0.50
3EPH: posts big blind $1
*** HOLE CARDS ***
MaikonAll: folds 
BenCampbel10: raises $1.50 to $2.50
3EPH: folds 
Uncalled bet ($1.50) returned to BenCampbel10
BenCampbel10 collected $2 from pot
*** SUMMARY ***
Total pot $2 | Rake $0 
Seat 1: MaikonAll (button) folded before Flop (didn't bet)
Seat 4: BenCampbel10 (small blind) collected ($2)
Seat 5: 3EPH (big blind) folded before Flop



PokerStars Hand #254190276060:  Hold'em No Limit ($0.50/$1.00 USD) - 2025/01/04 15:24:28 WET [2025/01/04 10:24:28 ET]
Table 'Florya II' 6-max Seat #4 is the button
Seat 1: MaikonAll ($100 in chips) 
Seat 4: BenCampbel10 ($108.72 in chips) 
Seat 5: 3EPH ($100 in chips) 
3EPH: posts small blind $0.50
MaikonAll: posts big blind $1
*** HOLE CARDS ***
BenCampbel10: folds 
3EPH: folds 
Uncalled bet ($0.50) returned to MaikonAll
MaikonAll collected $1 from pot
MaikonAll: doesn't show hand 
*** SUMMARY ***
Total pot $1 | Rake $0 
Seat 1: MaikonAll (big blind) collected ($1)
Seat 4: BenCampbel10 (button) folded before Flop (didn't bet)
Seat 5: 3EPH (small blind) folded before Flop



PokerStars Hand #254190278915:  Hold'em No Limit ($0.50/$1.00 USD) - 2025/01/04 15:24:39 WET [2025/01/04 10:24:39 ET]
Table 'Florya II' 6-max Seat #5 is the button
Seat 1: MaikonAll ($100.50 in chips) 
Seat 4: BenCampbel10 ($108.72 in chips) 
Seat 5: 3EPH ($100 in chips) 
MaikonAll: posts small blind $0.50
BenCampbel10: posts big blind $1
*** HOLE CARDS ***
3EPH: raises $1.50 to $2.50
MaikonAll: folds 
BenCampbel10: folds 
Uncalled bet ($1.50) returned to 3EPH
3EPH collected $2.50 from pot
3EPH: doesn't show hand 
*** SUMMARY ***
Total pot $2.50 | Rake $0 
Seat 1: MaikonAll (small blind) folded before Flop
Seat 4: BenCampbel10 (big blind) folded before Flop
Seat 5: 3EPH (button) collected ($2.50)



PokerStars Hand #254190281551:  Hold'em No Limit ($0.50/$1.00 USD) - 2025/01/04 15:24:49 WET [2025/01/04 10:24:49 ET]
Table 'Florya II' 6-max Seat #4 is the button
Seat 5: 3EPH ($101.50 in chips) is sitting out
Seat 1: MaikonAll ($100 in chips) 
Seat 4: BenCampbel10 ($107.72 in chips) 
BenCampbel10: posts small blind $0.50
3EPH: is sitting out 
MaikonAll: posts big blind $1
*** HOLE CARDS ***
3EPH leaves the table
BenCampbel10: folds 
Uncalled bet ($0.50) returned to MaikonAll
MaikonAll collected $1 from pot
MaikonAll: doesn't show hand 
*** SUMMARY ***
Total pot $1 | Rake $0 
Seat 5: 3EPH
Seat 1: MaikonAll (big blind) collected ($1)
Seat 4: BenCampbel10 (button) (small blind) folded before Flop



PokerStars Hand #254190284628:  Hold'em No Limit ($0.50/$1.00 USD) - 2025/01/04 15:25:01 WET [2025/01/04 10:25:01 ET]
Table 'Florya II' 6-max Seat #1 is the button
Seat 1: MaikonAll ($100.50 in chips) 
Seat 4: BenCampbel10 ($107.22 in chips) 
MaikonAll: posts small blind $0.50
BenCampbel10: posts big blind $1
*** HOLE CARDS ***
MaikonAll: raises $1.50 to $2.50
BenCampbel10: calls $1.50
*** FLOP *** [7h 3d Js]
BenCampbel10: checks 
MaikonAll: checks 
*** TURN *** [7h 3d Js] [Qc]
BenCampbel10: checks 
MaikonAll: checks 
*** RIVER *** [7h 3d Js Qc] [9h]
YeeesMan joins the table at seat #5 
sign72 joins the table at seat #3 
sign72 is disconnected 
nastja336 joins the table at seat #6 
shave_mustache joins the table at seat #2 
BenCampbel10: checks 
MaikonAll: bets $3.56
BenCampbel10: folds 
Uncalled bet ($3.56) returned to MaikonAll
MaikonAll collected $4.75 from pot
MaikonAll: doesn't show hand 
*** SUMMARY ***
Total pot $5 | Rake $0.25 
Board [7h 3d Js Qc 9h]
Seat 1: MaikonAll (button) (small blind) collected ($4.75)
Seat 4: BenCampbel10 (big blind) folded on the River



PokerStars Hand #254190297879:  Hold'em No Limit ($0.50/$1.00 USD) - 2025/01/04 15:25:54 WET [2025/01/04 10:25:54 ET]
Table 'Florya II' 6-max Seat #4 is the button
Seat 5: YeeesMan ($100 in chips) is sitting out
Seat 6: nastja336 ($100 in chips) is sitting out
Seat 1: MaikonAll ($102.75 in chips) 
Seat 2: shave_mustache ($100 in chips) 
Seat 3: sign72 ($40 in chips) 
Seat 4: BenCampbel10 ($104.72 in chips) 
MaikonAll: posts small blind $0.50
shave_mustache: posts big blind $1
sign72: posts big blind $1
*** HOLE CARDS ***
sign72: checks 
BenCampbel10: folds 
MaikonAll: folds 
shave_mustache: checks 
*** FLOP *** [7c Ts 9s]
shave_mustache: checks 
sign72: checks 
*** TURN *** [7c Ts 9s] [2s]
shave_mustache: bets $1
sign72: calls $1
*** RIVER *** [7c Ts 9s 2s] [5c]
shave_mustache: checks 
sign72: checks 
*** SHOW DOWN ***
shave_mustache: shows [6h 7h] (a pair of Sevens)
sign72: mucks hand 
shave_mustache collected $4.28 from pot
*** SUMMARY ***
Total pot $4.50 | Rake $0.22 
Board [7c Ts 9s 2s 5c]
Seat 5: YeeesMan
Seat 6: nastja336
Seat 1: MaikonAll (small blind) folded before Flop
Seat 2: shave_mustache (big blind) showed [6h 7h] and won ($4.28) with a pair of Sevens
Seat 3: sign72 mucked
Seat 4: BenCampbel10 (button) folded before Flop (didn't bet)



PokerStars Hand #254190304845:  Hold'em No Limit ($0.50/$1.00 USD) - 2025/01/04 15:26:22 WET [2025/01/04 10:26:22 ET]
Table 'Florya II' 6-max Seat #1 is the button
Seat 5: YeeesMan ($100 in chips) is sitting out
Seat 6: nastja336 ($100 in chips) is sitting out
Seat 1: MaikonAll ($102.25 in chips) 
Seat 2: shave_mustache ($102.28 in chips) 
Seat 3: sign72 ($38 in chips) 
Seat 4: BenCampbel10 ($104.72 in chips) 
shave_mustache: posts small blind $0.50
sign72: posts big blind $1
YeeesMan: sits out 
nastja336: sits out 
*** HOLE CARDS ***
BenCampbel10: folds 
MaikonAll: folds 
shave_mustache: raises $2 to $3
sign72: calls $2
*** FLOP *** [Ts Qs 7h]
shave_mustache: bets $1.43
sign72: raises $1.43 to $2.86
shave_mustache: calls $1.43
*** TURN *** [Ts Qs 7h] [5c]
shave_mustache: bets $1
sign72: calls $1
*** RIVER *** [Ts Qs 7h 5c] [Th]
shave_mustache: checks 
sign72: bets $6.52
shave_mustache: folds 
Uncalled bet ($6.52) returned to sign72
sign72 collected $13.03 from pot
*** SUMMARY ***
Total pot $13.72 | Rake $0.69 
Board [Ts Qs 7h 5c Th]
Seat 5: YeeesMan
Seat 6: nastja336
Seat 1: MaikonAll (button) folded before Flop (didn't bet)
Seat 2: shave_mustache (small blind) folded on the River
Seat 3: sign72 (big blind) collected ($13.03)
Seat 4: BenCampbel10 folded before Flop (didn't bet)



PokerStars Hand #254190314463:  Hold'em No Limit ($0.50/$1.00 USD) - 2025/01/04 15:27:00 WET [2025/01/04 10:27:00 ET]
Table 'Florya II' 6-max Seat #2 is the button
Seat 5: YeeesMan ($100 in chips) is sitting out
Seat 6: nastja336 ($100 in chips) is sitting out
Seat 1: MaikonAll ($102.25 in chips) 
Seat 2: shave_mustache ($100 in chips) 
Seat 3: sign72 ($44.17 in chips) 
Seat 4: BenCampbel10 ($104.72 in chips) 
sign72: posts small blind $0.50
BenCampbel10: posts big blind $1
YeeesMan: sits out 
nastja336: sits out 
*** HOLE CARDS ***
MaikonAll: raises $1.30 to $2.30
shave_mustache: folds 
sign72: calls $1.80
BenCampbel10: folds 
*** FLOP *** [3c 4d 4c]
sign72: checks 
MaikonAll: bets $1.33
sign72: calls $1.33
*** TURN *** [3c 4d 4c] [Jd]
sign72: checks 
MaikonAll: bets $5.89
sign72: calls $5.89
*** RIVER *** [3c 4d 4c Jd] [7d]
sign72: checks 
MaikonAll: bets $14.25
sign72: folds 
Uncalled bet ($14.25) returned to MaikonAll
MaikonAll collected $19.04 from pot
MaikonAll: doesn't show hand 
*** SUMMARY ***
Total pot $20.04 | Rake $1 
Board [3c 4d 4c Jd 7d]
Seat 5: YeeesMan
Seat 6: nastja336
Seat 1: MaikonAll collected ($19.04)
Seat 2: shave_mustache (button) folded before Flop (didn't bet)
Seat 3: sign72 (small blind) folded on the River
Seat 4: BenCampbel10 (big blind) folded before Flop



PokerStars Hand #254190328029:  Hold'em No Limit ($0.50/$1.00 USD) - 2025/01/04 15:27:55 WET [2025/01/04 10:27:55 ET]
Table 'Florya II' 6-max Seat #3 is the button
Seat 6: nastja336 ($100 in chips) is sitting out
Seat 1: MaikonAll ($111.77 in chips) 
Seat 2: shave_mustache ($100 in chips) 
Seat 3: sign72 ($34.65 in chips) 
Seat 4: BenCampbel10 ($103.72 in chips) 
Seat 5: YeeesMan ($100 in chips) 
BenCampbel10: posts small blind $0.50
YeeesMan: posts big blind $1
nastja336: sits out 
*** HOLE CARDS ***
MaikonAll: raises $1.30 to $2.30
shave_mustache: folds 
sign72: folds 
BenCampbel10: folds 
YeeesMan: folds 
Uncalled bet ($1.30) returned to MaikonAll
MaikonAll collected $2.50 from pot
MaikonAll: doesn't show hand 
*** SUMMARY ***
Total pot $2.50 | Rake $0 
Seat 6: nastja336
Seat 1: MaikonAll collected ($2.50)
Seat 2: shave_mustache folded before Flop (didn't bet)
Seat 3: sign72 (button) folded before Flop (didn't bet)
Seat 4: BenCampbel10 (small blind) folded before Flop
Seat 5: YeeesMan (big blind) folded before Flop



PokerStars Hand #254190332088:  Hold'em No Limit ($0.50/$1.00 USD) - 2025/01/04 15:28:11 WET [2025/01/04 10:28:11 ET]
Table 'Florya II' 6-max Seat #4 is the button
Seat 1: MaikonAll ($113.27 in chips) 
Seat 2: shave_mustache ($100 in chips) 
Seat 3: sign72 ($34.65 in chips) 
Seat 4: BenCampbel10 ($103.22 in chips) 
Seat 5: YeeesMan ($100 in chips) 
Seat 6: nastja336 ($100 in chips) 
YeeesMan: posts small blind $0.50
nastja336: posts big blind $1
*** HOLE CARDS ***
MaikonAll: folds 
shave_mustache: folds 
sign72: calls $1
BenCampbel10: folds 
YeeesMan: raises $4 to $5
nastja336: folds 
sign72: calls $4
*** FLOP *** [9h Ks 3c]
YeeesMan: bets $3.45
sign72: calls $3.45
*** TURN *** [9h Ks 3c] [Jh]
YeeesMan: checks 
sign72: checks 
*** RIVER *** [9h Ks 3c Jh] [2c]
YeeesMan: checks 
sign72: bets $8.50
YeeesMan: calls $8.50
*** SHOW DOWN ***
sign72: shows [7s Js] (a pair of Jacks)
YeeesMan: mucks hand 
sign72 collected $33.16 from pot
*** SUMMARY ***
Total pot $34.90 | Rake $1.74 
Board [9h Ks 3c Jh 2c]
Seat 1: MaikonAll folded before Flop (didn't bet)
Seat 2: shave_mustache folded before Flop (didn't bet)
Seat 3: sign72 showed [7s Js] and won ($33.16) with a pair of Jacks
Seat 4: BenCampbel10 (button) folded before Flop (didn't bet)
Seat 5: YeeesMan (small blind) mucked
Seat 6: nastja336 (big blind) folded before Flop



PokerStars Hand #254190345826:  Hold'em No Limit ($0.50/$1.00 USD) - 2025/01/04 15:29:07 WET [2025/01/04 10:29:07 ET]
Table 'Florya II' 6-max Seat #5 is the button
Seat 1: MaikonAll ($113.27 in chips) 
Seat 2: shave_mustache ($100 in chips) 
Seat 3: sign72 ($50.86 in chips) 
Seat 4: BenCampbel10 ($103.22 in chips) 
Seat 5: YeeesMan ($100 in chips) 
Seat 6: nastja336 ($100 in chips) 
nastja336: posts small blind $0.50
MaikonAll: posts big blind $1
*** HOLE CARDS ***
shave_mustache: folds 
sign72: folds 
BenCampbel10: folds 
YeeesMan: raises $1.50 to $2.50
nastja336: raises $9.50 to $12
MaikonAll: folds 
YeeesMan: folds 
Uncalled bet ($9.50) returned to nastja336
nastja336 collected $6 from pot
nastja336: doesn't show hand 
*** SUMMARY ***
Total pot $6 | Rake $0 
Seat 1: MaikonAll (big blind) folded before Flop
Seat 2: shave_mustache folded before Flop (didn't bet)
Seat 3: sign72 folded before Flop (didn't bet)
Seat 4: BenCampbel10 folded before Flop (didn't bet)
Seat 5: YeeesMan (button) folded before Flop
Seat 6: nastja336 (small blind) collected ($6)



PokerStars Hand #254190352281:  Hold'em No Limit ($0.50/$1.00 USD) - 2025/01/04 15:29:33 WET [2025/01/04 10:29:33 ET]
Table 'Florya II' 6-max Seat #6 is the button
Seat 1: MaikonAll ($112.27 in chips) 
Seat 2: shave_mustache ($100 in chips) 
Seat 3: sign72 ($50.86 in chips) 
Seat 4: BenCampbel10 ($103.22 in chips) 
Seat 5: YeeesMan ($100 in chips) 
Seat 6: nastja336 ($103.50 in chips) 
MaikonAll: posts small blind $0.50
shave_mustache: posts big blind $1
*** HOLE CARDS ***
sign72: calls $1
BenCampbel10: folds 
YeeesMan: raises $2.50 to $3.50
nastja336: folds 
MaikonAll: folds 
shave_mustache: folds 
sign72: calls $2.50
*** FLOP *** [5h Th 8s]
sign72: checks 
YeeesMan: bets $6.06
sign72: folds 
Uncalled bet ($6.06) returned to YeeesMan
YeeesMan collected $8.08 from pot
YeeesMan: doesn't show hand 
*** SUMMARY ***
Total pot $8.50 | Rake $0.42 
Board [5h Th 8s]
Seat 1: MaikonAll (small blind) folded before Flop
Seat 2: shave_mustache (big blind) folded before Flop
Seat 3: sign72 folded on the Flop
Seat 4: BenCampbel10 folded before Flop (didn't bet)
Seat 5: YeeesMan collected ($8.08)
Seat 6: nastja336 (button) folded before Flop (didn't bet)



PokerStars Hand #254190365804:  Hold'em No Limit ($0.50/$1.00 USD) - 2025/01/04 15:30:25 WET [2025/01/04 10:30:25 ET]
Table 'Florya II' 6-max Seat #1 is the button
Seat 1: MaikonAll ($111.77 in chips) 
Seat 2: shave_mustache ($100 in chips) 
Seat 3: sign72 ($47.36 in chips) 
Seat 4: BenCampbel10 ($103.22 in chips) 
Seat 5: YeeesMan ($104.58 in chips) 
Seat 6: nastja336 ($103.50 in chips) 
shave_mustache: posts small blind $0.50
sign72: posts big blind $1
*** HOLE CARDS ***
BenCampbel10: folds 
YeeesMan: raises $1.50 to $2.50
nastja336: calls $2.50
MaikonAll: folds 
shave_mustache: folds 
sign72: calls $1.50
*** FLOP *** [Qs 2d Th]
sign72: checks 
YeeesMan: bets $5.70
nastja336: folds 
sign72: folds 
Uncalled bet ($5.70) returned to YeeesMan
YeeesMan collected $7.60 from pot
YeeesMan: doesn't show hand 
*** SUMMARY ***
Total pot $8 | Rake $0.40 
Board [Qs 2d Th]
Seat 1: MaikonAll (button) folded before Flop (didn't bet)
Seat 2: shave_mustache (small blind) folded before Flop
Seat 3: sign72 (big blind) folded on the Flop
Seat 4: BenCampbel10 folded before Flop (didn't bet)
Seat 5: YeeesMan collected ($7.60)
Seat 6: nastja336 folded on the Flop



PokerStars Hand #254190375579:  Hold'em No Limit ($0.50/$1.00 USD) - 2025/01/04 15:31:04 WET [2025/01/04 10:31:04 ET]
Table 'Florya II' 6-max Seat #2 is the button
Seat 1: MaikonAll ($111.77 in chips) 
Seat 2: shave_mustache ($100 in chips) 
Seat 3: sign72 ($44.86 in chips) 
Seat 4: BenCampbel10 ($103.22 in chips) 
Seat 5: YeeesMan ($109.68 in chips) 
Seat 6: nastja336 ($101 in chips) 
sign72: posts small blind $0.50
BenCampbel10: posts big blind $1
*** HOLE CARDS ***
YeeesMan: folds 
nastja336: folds 
MaikonAll: folds 
shave_mustache: raises $1.50 to $2.50
sign72: calls $2
BenCampbel10: folds 
*** FLOP *** [Jc 8h 9c]
sign72: checks 
shave_mustache: bets $1.88
sign72: raises $1.88 to $3.76
shave_mustache: raises $93.74 to $97.50 and is all-in
sign72: calls $38.60 and is all-in
Uncalled bet ($55.14) returned to shave_mustache
*** TURN *** [Jc 8h 9c] [Kd]
*** RIVER *** [Jc 8h 9c Kd] [Qh]
*** SHOW DOWN ***
sign72: shows [Qd Js] (two pair, Queens and Jacks)
shave_mustache: shows [As Ah] (a pair of Aces)
sign72 collected $88.22 from pot
*** SUMMARY ***
Total pot $90.72 | Rake $2.50 
Board [Jc 8h 9c Kd Qh]
Seat 1: MaikonAll folded before Flop (didn't bet)
Seat 2: shave_mustache (button) showed [As Ah] and lost with a pair of Aces
Seat 3: sign72 (small blind) showed [Qd Js] and won ($88.22) with two pair, Queens and Jacks
Seat 4: BenCampbel10 (big blind) folded before Flop
Seat 5: YeeesMan folded before Flop (didn't bet)
Seat 6: nastja336 folded before Flop (didn't bet)



PokerStars Hand #254190386542:  Hold'em No Limit ($0.50/$1.00 USD) - 2025/01/04 15:31:47 WET [2025/01/04 10:31:47 ET]
Table 'Florya II' 6-max Seat #3 is the button
Seat 1: MaikonAll ($111.77 in chips) 
Seat 2: shave_mustache ($100 in chips) 
Seat 3: sign72 ($88.22 in chips) 
Seat 4: BenCampbel10 ($102.22 in chips) 
Seat 5: YeeesMan ($109.68 in chips) 
Seat 6: nastja336 ($101 in chips) 
BenCampbel10: posts small blind $0.50
YeeesMan: posts big blind $1
*** HOLE CARDS ***
nastja336: raises $1.50 to $2.50
MaikonAll: folds 
shave_mustache: folds 
sign72: folds 
BenCampbel10: folds 
YeeesMan: folds 
Uncalled bet ($1.50) returned to nastja336
nastja336 collected $2.50 from pot
nastja336: doesn't show hand 
*** SUMMARY ***
Total pot $2.50 | Rake $0 
Seat 1: MaikonAll folded before Flop (didn't bet)
Seat 2: shave_mustache folded before Flop (didn't bet)
Seat 3: sign72 (button) folded before Flop (didn't bet)
Seat 4: BenCampbel10 (small blind) folded before Flop
Seat 5: YeeesMan (big blind) folded before Flop
Seat 6: nastja336 collected ($2.50)



PokerStars Hand #254190393842:  Hold'em No Limit ($0.50/$1.00 USD) - 2025/01/04 15:32:15 WET [2025/01/04 10:32:15 ET]
Table 'Florya II' 6-max Seat #4 is the button
Seat 1: MaikonAll ($111.77 in chips) 
Seat 2: shave_mustache ($100 in chips) 
Seat 3: sign72 ($88.22 in chips) 
Seat 4: BenCampbel10 ($101.72 in chips) 
Seat 5: YeeesMan ($108.68 in chips) 
Seat 6: nastja336 ($102.50 in chips) 
YeeesMan: posts small blind $0.50
nastja336: posts big blind $1
*** HOLE CARDS ***
MaikonAll: folds 
shave_mustache: folds 
sign72: calls $1
BenCampbel10: raises $2.50 to $3.50
YeeesMan: folds 
nastja336: folds 
sign72: calls $2.50
*** FLOP *** [9h Js Td]
sign72: checks 
BenCampbel10: bets $2
sign72: calls $2
*** TURN *** [9h Js Td] [5d]
sign72: checks 
BenCampbel10: bets $9.20
sign72: calls $9.20
*** RIVER *** [9h Js Td 5d] [2d]
sign72: checks 
BenCampbel10: bets $14.68
sign72: calls $14.68
*** SHOW DOWN ***
BenCampbel10: shows [9c Jd] (two pair, Jacks and Nines)
sign72: mucks hand 
BenCampbel10 collected $57.76 from pot
*** SUMMARY ***
Total pot $60.26 | Rake $2.50 
Board [9h Js Td 5d 2d]
Seat 1: MaikonAll folded before Flop (didn't bet)
Seat 2: shave_mustache folded before Flop (didn't bet)
Seat 3: sign72 mucked
Seat 4: BenCampbel10 (button) showed [9c Jd] and won ($57.76) with two pair, Jacks and Nines
Seat 5: YeeesMan (small blind) folded before Flop
Seat 6: nastja336 (big blind) folded before Flop



PokerStars Hand #254190405395:  Hold'em No Limit ($0.50/$1.00 USD) - 2025/01/04 15:33:00 WET [2025/01/04 10:33:00 ET]
Table 'Florya II' 6-max Seat #5 is the button
Seat 1: MaikonAll ($111.77 in chips) 
Seat 2: shave_mustache ($100 in chips) 
Seat 3: sign72 ($58.84 in chips) 
Seat 4: BenCampbel10 ($130.10 in chips) 
Seat 5: YeeesMan ($108.18 in chips) 
Seat 6: nastja336 ($101.50 in chips) 
nastja336: posts small blind $0.50
MaikonAll: posts big blind $1
*** HOLE CARDS ***
shave_mustache: raises $1.50 to $2.50
sign72: calls $2.50
BenCampbel10: folds 
YeeesMan: folds 
nastja336: folds 
MaikonAll: folds 
*** FLOP *** [8s 9d 6s]
shave_mustache: bets $1.54
sign72: folds 
Uncalled bet ($1.54) returned to shave_mustache
shave_mustache collected $6.18 from pot
shave_mustache: doesn't show hand 
*** SUMMARY ***
Total pot $6.50 | Rake $0.32 
Board [8s 9d 6s]
Seat 1: MaikonAll (big blind) folded before Flop
Seat 2: shave_mustache collected ($6.18)
Seat 3: sign72 folded on the Flop
Seat 4: BenCampbel10 folded before Flop (didn't bet)
Seat 5: YeeesMan (button) folded before Flop (didn't bet)
Seat 6: nastja336 (small blind) folded before Flop



PokerStars Hand #254190416743:  Hold'em No Limit ($0.50/$1.00 USD) - 2025/01/04 15:33:44 WET [2025/01/04 10:33:44 ET]
Table 'Florya II' 6-max Seat #6 is the button
Seat 1: MaikonAll ($110.77 in chips) 
Seat 2: shave_mustache ($103.68 in chips) 
Seat 3: sign72 ($56.34 in chips) 
Seat 4: BenCampbel10 ($130.10 in chips) 
Seat 5: YeeesMan ($108.18 in chips) 
Seat 6: nastja336 ($101 in chips) 
MaikonAll: posts small blind $0.50
shave_mustache: posts big blind $1
*** HOLE CARDS ***
sign72: raises $1 to $2
BenCampbel10: raises $1.10 to $3.10
YeeesMan: folds 
nastja336: folds 
MaikonAll: folds 
shave_mustache: folds 
sign72: calls $1.10
*** FLOP *** [6d 2s 5s]
sign72: checks 
BenCampbel10: bets $2
sign72: raises $11.32 to $13.32
BenCampbel10: folds 
Uncalled bet ($11.32) returned to sign72
sign72 collected $11.12 from pot
*** SUMMARY ***
Total pot $11.70 | Rake $0.58 
Board [6d 2s 5s]
Seat 1: MaikonAll (small blind) folded before Flop
Seat 2: shave_mustache (big blind) folded before Flop
Seat 3: sign72 collected ($11.12)
Seat 4: BenCampbel10 folded on the Flop
Seat 5: YeeesMan folded before Flop (didn't bet)
Seat 6: nastja336 (button) folded before Flop (didn't bet)



PokerStars Hand #254190425075:  Hold'em No Limit ($0.50/$1.00 USD) - 2025/01/04 15:34:17 WET [2025/01/04 10:34:17 ET]
Table 'Florya II' 6-max Seat #1 is the button
Seat 1: MaikonAll ($110.27 in chips) 
Seat 2: shave_mustache ($102.68 in chips) 
Seat 3: sign72 ($62.36 in chips) 
Seat 4: BenCampbel10 ($125 in chips) 
Seat 5: YeeesMan ($108.18 in chips) 
Seat 6: nastja336 ($101 in chips) 
shave_mustache: posts small blind $0.50
sign72: posts big blind $1
*** HOLE CARDS ***
BenCampbel10: raises $1 to $2
YeeesMan: raises $6 to $8
nastja336: folds 
MaikonAll: folds 
shave_mustache: folds 
sign72: folds 
BenCampbel10: folds 
Uncalled bet ($6) returned to YeeesMan
YeeesMan collected $5.50 from pot
YeeesMan: doesn't show hand 
*** SUMMARY ***
Total pot $5.50 | Rake $0 
Seat 1: MaikonAll (button) folded before Flop (didn't bet)
Seat 2: shave_mustache (small blind) folded before Flop
Seat 3: sign72 (big blind) folded before Flop
Seat 4: BenCampbel10 folded before Flop
Seat 5: YeeesMan collected ($5.50)
Seat 6: nastja336 folded before Flop (didn't bet)



PokerStars Hand #254190433667:  Hold'em No Limit ($0.50/$1.00 USD) - 2025/01/04 15:34:50 WET [2025/01/04 10:34:50 ET]
Table 'Florya II' 6-max Seat #2 is the button
Seat 1: MaikonAll ($110.27 in chips) 
Seat 2: shave_mustache ($102.18 in chips) 
Seat 3: sign72 ($61.36 in chips) 
Seat 4: BenCampbel10 ($123 in chips) 
Seat 5: YeeesMan ($111.68 in chips) 
Seat 6: nastja336 ($101 in chips) 
sign72: posts small blind $0.50
BenCampbel10: posts big blind $1
*** HOLE CARDS ***
YeeesMan: folds 
nastja336: raises $1.50 to $2.50
MaikonAll: folds 
shave_mustache: folds 
sign72: calls $2
BenCampbel10: folds 
*** FLOP *** [Kc Qc 3h]
sign72: checks 
nastja336: bets $4.80
sign72: folds 
Uncalled bet ($4.80) returned to nastja336
nastja336 collected $5.70 from pot
nastja336: doesn't show hand 
*** SUMMARY ***
Total pot $6 | Rake $0.30 
Board [Kc Qc 3h]
Seat 1: MaikonAll folded before Flop (didn't bet)
Seat 2: shave_mustache (button) folded before Flop (didn't bet)
Seat 3: sign72 (small blind) folded on the Flop
Seat 4: BenCampbel10 (big blind) folded before Flop
Seat 5: YeeesMan folded before Flop (didn't bet)
Seat 6: nastja336 collected ($5.70)



PokerStars Hand #254190444826:  Hold'em No Limit ($0.50/$1.00 USD) - 2025/01/04 15:35:33 WET [2025/01/04 10:35:33 ET]
Table 'Florya II' 6-max Seat #3 is the button
Seat 1: MaikonAll ($110.27 in chips) 
Seat 2: shave_mustache ($102.18 in chips) 
Seat 3: sign72 ($58.86 in chips) 
Seat 4: BenCampbel10 ($122 in chips) 
Seat 5: YeeesMan ($111.68 in chips) 
Seat 6: nastja336 ($104.20 in chips) 
BenCampbel10: posts small blind $0.50
YeeesMan: posts big blind $1
*** HOLE CARDS ***
nastja336: folds 
MaikonAll: raises $1.30 to $2.30
shave_mustache: folds 
sign72: calls $2.30
BenCampbel10: folds 
YeeesMan: folds 
*** FLOP *** [8d Kh 4h]
MaikonAll: bets $1.45
sign72: calls $1.45
*** TURN *** [8d Kh 4h] [9h]
MaikonAll: bets $2.14
sign72: calls $2.14
*** RIVER *** [8d Kh 4h 9h] [3s]
MaikonAll: bets $9.45
sign72: folds 
Uncalled bet ($9.45) returned to MaikonAll
MaikonAll collected $12.62 from pot
MaikonAll: doesn't show hand 
*** SUMMARY ***
Total pot $13.28 | Rake $0.66 
Board [8d Kh 4h 9h 3s]
Seat 1: MaikonAll collected ($12.62)
Seat 2: shave_mustache folded before Flop (didn't bet)
Seat 3: sign72 (button) folded on the River
Seat 4: BenCampbel10 (small blind) folded before Flop
Seat 5: YeeesMan (big blind) folded before Flop
Seat 6: nastja336 folded before Flop (didn't bet)



PokerStars Hand #254190460289:  Hold'em No Limit ($0.50/$1.00 USD) - 2025/01/04 15:36:34 WET [2025/01/04 10:36:34 ET]
Table 'Florya II' 6-max Seat #4 is the button
Seat 1: MaikonAll ($117 in chips) 
Seat 2: shave_mustache ($102.18 in chips) 
Seat 3: sign72 ($52.97 in chips) 
Seat 4: BenCampbel10 ($121.50 in chips) 
Seat 5: YeeesMan ($110.68 in chips) 
Seat 6: nastja336 ($104.20 in chips) 
YeeesMan: posts small blind $0.50
nastja336: posts big blind $1
*** HOLE CARDS ***
MaikonAll: raises $1.30 to $2.30
shave_mustache: folds 
sign72: calls $2.30
BenCampbel10: folds 
YeeesMan: folds 
nastja336: raises $11.70 to $14
MaikonAll: raises $103 to $117 and is all-in
sign72: folds 
nastja336: folds 
Uncalled bet ($103) returned to MaikonAll
MaikonAll collected $30.80 from pot
MaikonAll: doesn't show hand 
*** SUMMARY ***
Total pot $30.80 | Rake $0 
Seat 1: MaikonAll collected ($30.80)
Seat 2: shave_mustache folded before Flop (didn't bet)
Seat 3: sign72 folded before Flop
Seat 4: BenCampbel10 (button) folded before Flop (didn't bet)
Seat 5: YeeesMan (small blind) folded before Flop
Seat 6: nastja336 (big blind) folded before Flop



PokerStars Hand #254190472699:  Hold'em No Limit ($0.50/$1.00 USD) - 2025/01/04 15:37:21 WET [2025/01/04 10:37:21 ET]
Table 'Florya II' 6-max Seat #5 is the button
Seat 1: MaikonAll ($133.80 in chips) 
Seat 2: shave_mustache ($102.18 in chips) 
Seat 3: sign72 ($50.67 in chips) 
Seat 4: BenCampbel10 ($121.50 in chips) 
Seat 5: YeeesMan ($110.18 in chips) 
Seat 6: nastja336 ($100 in chips) 
nastja336: posts small blind $0.50
MaikonAll: posts big blind $1
*** HOLE CARDS ***
shave_mustache: folds 
sign72: calls $1
BenCampbel10: folds 
YeeesMan: raises $2.50 to $3.50
nastja336: folds 
MaikonAll: folds 
sign72: calls $2.50
*** FLOP *** [Jc 7d Tc]
sign72: checks 
YeeesMan: bets $2.67
sign72: raises $2.67 to $5.34
YeeesMan: calls $2.67
*** TURN *** [Jc 7d Tc] [7s]
sign72: bets $9.11
YeeesMan: folds 
Uncalled bet ($9.11) returned to sign72
sign72 collected $18.22 from pot
*** SUMMARY ***
Total pot $19.18 | Rake $0.96 
Board [Jc 7d Tc 7s]
Seat 1: MaikonAll (big blind) folded before Flop
Seat 2: shave_mustache folded before Flop (didn't bet)
Seat 3: sign72 collected ($18.22)
Seat 4: BenCampbel10 folded before Flop (didn't bet)
Seat 5: YeeesMan (button) folded on the Turn
Seat 6: nastja336 (small blind) folded before Flop



PokerStars Hand #254190488533:  Hold'em No Limit ($0.50/$1.00 USD) - 2025/01/04 15:38:23 WET [2025/01/04 10:38:23 ET]
Table 'Florya II' 6-max Seat #6 is the button
Seat 1: MaikonAll ($132.80 in chips) 
Seat 2: shave_mustache ($102.18 in chips) 
Seat 3: sign72 ($60.05 in chips) 
Seat 4: BenCampbel10 ($121.50 in chips) 
Seat 5: YeeesMan ($101.34 in chips) 
Seat 6: nastja336 ($100 in chips) 
MaikonAll: posts small blind $0.50
shave_mustache: posts big blind $1
*** HOLE CARDS ***
sign72: calls $1
BenCampbel10: raises $2.50 to $3.50
YeeesMan: raises $8 to $11.50
nastja336: folds 
MaikonAll: folds 
shave_mustache: folds 
sign72: folds 
BenCampbel10: folds 
Uncalled bet ($8) returned to YeeesMan
YeeesMan collected $9.50 from pot
YeeesMan: doesn't show hand 
*** SUMMARY ***
Total pot $9.50 | Rake $0 
Seat 1: MaikonAll (small blind) folded before Flop
Seat 2: shave_mustache (big blind) folded before Flop
Seat 3: sign72 folded before Flop
Seat 4: BenCampbel10 folded before Flop
Seat 5: YeeesMan collected ($9.50)
Seat 6: nastja336 (button) folded before Flop (didn't bet)



PokerStars Hand #254190494082:  Hold'em No Limit ($0.50/$1.00 USD) - 2025/01/04 15:38:44 WET [2025/01/04 10:38:44 ET]
Table 'Florya II' 6-max Seat #1 is the button
Seat 1: MaikonAll ($132.30 in chips) 
Seat 2: shave_mustache ($101.18 in chips) 
Seat 3: sign72 ($59.05 in chips) 
Seat 4: BenCampbel10 ($118 in chips) 
Seat 5: YeeesMan ($107.34 in chips) 
Seat 6: nastja336 ($100 in chips) 
shave_mustache: posts small blind $0.50
sign72: posts big blind $1
*** HOLE CARDS ***
BenCampbel10: raises $1 to $2
YeeesMan: raises $6 to $8
nastja336: folds 
MaikonAll: folds 
shave_mustache: raises $16 to $24
sign72: folds 
BenCampbel10: folds 
YeeesMan: folds 
Uncalled bet ($16) returned to shave_mustache
shave_mustache collected $19 from pot
shave_mustache: doesn't show hand 
*** SUMMARY ***
Total pot $19 | Rake $0 
Seat 1: MaikonAll (button) folded before Flop (didn't bet)
Seat 2: shave_mustache (small blind) collected ($19)
Seat 3: sign72 (big blind) folded before Flop
Seat 4: BenCampbel10 folded before Flop
Seat 5: YeeesMan folded before Flop
Seat 6: nastja336 folded before Flop (didn't bet)



PokerStars Hand #254190501545:  Hold'em No Limit ($0.50/$1.00 USD) - 2025/01/04 15:39:13 WET [2025/01/04 10:39:13 ET]
Table 'Florya II' 6-max Seat #2 is the button
Seat 1: MaikonAll ($132.30 in chips) 
Seat 2: shave_mustache ($112.18 in chips) 
Seat 3: sign72 ($58.05 in chips) 
Seat 4: BenCampbel10 ($116 in chips) 
Seat 5: YeeesMan ($100 in chips) 
Seat 6: nastja336 ($100 in chips) 
sign72: posts small blind $0.50
BenCampbel10: posts big blind $1
*** HOLE CARDS ***
YeeesMan: folds 
nastja336: folds 
MaikonAll has timed out
MaikonAll: folds 
shave_mustache: folds 
sign72: calls $0.50
BenCampbel10: raises $2 to $3
sign72: raises $2 to $5
BenCampbel10: calls $2
*** FLOP *** [9d Jd 6c]
sign72: bets $4.75
BenCampbel10: calls $4.75
*** TURN *** [9d Jd 6c] [2h]
sign72: bets $9.26
BenCampbel10: calls $9.26
*** RIVER *** [9d Jd 6c 2h] [7c]
sign72: bets $18.06
BenCampbel10: raises $36.12 to $54.18
sign72: calls $20.98 and is all-in
Uncalled bet ($15.14) returned to BenCampbel10
*** SHOW DOWN ***
BenCampbel10: shows [Jh 7d] (two pair, Jacks and Sevens)
sign72: shows [Ks Js] (a pair of Jacks)
BenCampbel10 collected $113.60 from pot
*** SUMMARY ***
Total pot $116.10 | Rake $2.50 
Board [9d Jd 6c 2h 7c]
Seat 1: MaikonAll folded before Flop (didn't bet)
Seat 2: shave_mustache (button) folded before Flop (didn't bet)
Seat 3: sign72 (small blind) showed [Ks Js] and lost with a pair of Jacks
Seat 4: BenCampbel10 (big blind) showed [Jh 7d] and won ($113.60) with two pair, Jacks and Sevens
Seat 5: YeeesMan folded before Flop (didn't bet)
Seat 6: nastja336 folded before Flop (didn't bet)



PokerStars Hand #254190516481:  Hold'em No Limit ($0.50/$1.00 USD) - 2025/01/04 15:40:10 WET [2025/01/04 10:40:10 ET]
Table 'Florya II' 6-max Seat #4 is the button
Seat 3: sign72 ($0 in chips) is sitting out
Seat 1: MaikonAll ($132.30 in chips) 
Seat 2: shave_mustache ($112.18 in chips) 
Seat 4: BenCampbel10 ($171.55 in chips) 
Seat 5: YeeesMan ($100 in chips) 
Seat 6: nastja336 ($100 in chips) 
YeeesMan: posts small blind $0.50
nastja336: posts big blind $1
*** HOLE CARDS ***
sign72 leaves the table
MaikonAll: raises $1.30 to $2.30
shave_mustache: folds 
BoyLoc0 joins the table at seat #3 
BenCampbel10: folds 
BoyLoc0 leaves the table
YeeesMan: folds 
nastja336: folds 
Uncalled bet ($1.30) returned to MaikonAll
xxxZeka joins the table at seat #3 
MaikonAll collected $2.50 from pot
MaikonAll: doesn't show hand 
*** SUMMARY ***
Total pot $2.50 | Rake $0 
Seat 3: sign72
Seat 1: MaikonAll collected ($2.50)
Seat 2: shave_mustache folded before Flop (didn't bet)
Seat 4: BenCampbel10 (button) folded before Flop (didn't bet)
Seat 5: YeeesMan (small blind) folded before Flop
Seat 6: nastja336 (big blind) folded before Flop



PokerStars Hand #254190522417:  Hold'em No Limit ($0.50/$1.00 USD) - 2025/01/04 15:40:33 WET [2025/01/04 10:40:33 ET]
Table 'Florya II' 6-max Seat #5 is the button
Seat 3: xxxZeka ($100 in chips) is sitting out
Seat 1: MaikonAll ($133.80 in chips) 
Seat 2: shave_mustache ($112.18 in chips) 
Seat 4: BenCampbel10 ($171.55 in chips) 
Seat 5: YeeesMan ($100 in chips) 
Seat 6: nastja336 ($100 in chips) 
nastja336: posts small blind $0.50
MaikonAll: posts big blind $1
*** HOLE CARDS ***
shave_mustache: folds 
BenCampbel10: folds 
xxxZeka leaves the table
YeeesMan: folds 
shave_mustache leaves the table
nastja336: folds 
Uncalled bet ($0.50) returned to MaikonAll
MaikonAll collected $1 from pot
MaikonAll: doesn't show hand 
*** SUMMARY ***
Total pot $1 | Rake $0 
Seat 3: xxxZeka
Seat 1: MaikonAll (big blind) collected ($1)
Seat 2: shave_mustache folded before Flop (didn't bet)
Seat 4: BenCampbel10 folded before Flop (didn't bet)
Seat 5: YeeesMan (button) folded before Flop (didn't bet)
Seat 6: nastja336 (small blind) folded before Flop



PokerStars Hand #254190527666:  Hold'em No Limit ($0.50/$1.00 USD) - 2025/01/04 15:40:53 WET [2025/01/04 10:40:53 ET]
Table 'Florya II' 6-max Seat #1 is the button
Seat 1: MaikonAll ($134.30 in chips) 
Seat 2: stevieh124 ($100 in chips) 
MaikonAll: posts small blind $0.50
stevieh124: posts big blind $1
*** HOLE CARDS ***
MaikonAll: raises $1.50 to $2.50
stevieh124: folds 
Uncalled bet ($1.50) returned to MaikonAll
MaikonAll collected $2 from pot
MaikonAll: doesn't show hand 
*** SUMMARY ***
Total pot $2 | Rake $0 
Seat 1: MaikonAll (button) (small blind) collected ($2)
Seat 2: stevieh124 (big blind) folded before Flop



PokerStars Hand #254190531255:  Hold'em No Limit ($0.50/$1.00 USD) - 2025/01/04 15:41:07 WET [2025/01/04 10:41:07 ET]
Table 'Florya II' 6-max Seat #2 is the button
Seat 1: MaikonAll ($135.30 in chips) 
Seat 2: stevieh124 ($100 in chips) 
stevieh124: posts small blind $0.50
MaikonAll: posts big blind $1
*** HOLE CARDS ***
stevieh124: raises $1 to $2
MaikonAll: raises $8 to $10
stevieh124: folds 
Uncalled bet ($8) returned to MaikonAll
MaikonAll collected $4 from pot
MaikonAll: doesn't show hand 
*** SUMMARY ***
Total pot $4 | Rake $0 
Seat 1: MaikonAll (big blind) collected ($4)
Seat 2: stevieh124 (button) (small blind) folded before Flop



PokerStars Hand #254190541395:  Hold'em No Limit ($0.50/$1.00 USD) - 2025/01/04 15:41:46 WET [2025/01/04 10:41:46 ET]
Table 'Florya II' 6-max Seat #1 is the button
Seat 1: MaikonAll ($137.30 in chips) 
Seat 2: stevieh124 ($100 in chips) 
MaikonAll: posts small blind $0.50
stevieh124: posts big blind $1
*** HOLE CARDS ***
MaikonAll: raises $1.50 to $2.50
stevieh124: folds 
Uncalled bet ($1.50) returned to MaikonAll
MaikonAll collected $2 from pot
MaikonAll: doesn't show hand 
*** SUMMARY ***
Total pot $2 | Rake $0 
Seat 1: MaikonAll (button) (small blind) collected ($2)
Seat 2: stevieh124 (big blind) folded before Flop



