PokerStars Hand #254202622602:  Hold'em No Limit ($0.50/$1.00 USD) - 2025/01/04 3:05:42 WET [2025/01/04 22:05:42 ET]
Table 'Kastalia II' 6-max Seat #3 is the button
Seat 1: Manifestorr ($100 in chips) 
Seat 2: MuUkR ($124.25 in chips) 
Seat 3: abramovich87 ($100 in chips) 
Seat 4: bb72poker ($28.14 in chips) 
Seat 6: MaRKiToScoK ($100 in chips) 
bb72poker: posts small blind $0.50
MaRKiToScoK: posts big blind $1
*** HOLE CARDS ***
Manifestorr: folds 
MuUkR: raises $1.20 to $2.20
abramovich87: folds 
pr0tecto joins the table at seat #5 
bb72poker: calls $1.70
MaRKiToScoK: folds 
*** FLOP *** [7h Jh 8d]
bb72poker: bets $2.57
MuUkR: folds 
Uncalled bet ($2.57) returned to bb72poker
bb72poker collected $5.13 from pot
*** SUMMARY ***
Total pot $5.40 | Rake $0.27 
Board [7h Jh 8d]
Seat 1: Manifestorr folded before Flop (didn't bet)
Seat 2: MuUkR folded on the Flop
Seat 3: abramovich87 (button) folded before Flop (didn't bet)
Seat 4: bb72poker (small blind) collected ($5.13)
Seat 6: MaRKiToScoK (big blind) folded before Flop



PokerStars Hand #254202625727:  Hold'em No Limit ($0.50/$1.00 USD) - 2025/01/04 3:06:01 WET [2025/01/04 22:06:01 ET]
Table 'Kastalia II' 6-max Seat #4 is the button
Seat 5: pr0tecto ($100 in chips) is sitting out
Seat 1: Manifestorr ($100 in chips) 
Seat 2: MuUkR ($122.05 in chips) 
Seat 3: abramovich87 ($100 in chips) 
Seat 4: bb72poker ($31.07 in chips) 
Seat 6: MaRKiToScoK ($100 in chips) 
MaRKiToScoK: posts small blind $0.50
Manifestorr: posts big blind $1
*** HOLE CARDS ***
MuUkR: raises $1.20 to $2.20
abramovich87: folds 
bb72poker: folds 
MaRKiToScoK: folds 
Manifestorr: folds 
Uncalled bet ($1.20) returned to MuUkR
MuUkR collected $2.50 from pot
MuUkR: doesn't show hand 
*** SUMMARY ***
Total pot $2.50 | Rake $0 
Seat 5: pr0tecto
Seat 1: Manifestorr (big blind) folded before Flop
Seat 2: MuUkR collected ($2.50)
Seat 3: abramovich87 folded before Flop (didn't bet)
Seat 4: bb72poker (button) folded before Flop (didn't bet)
Seat 6: MaRKiToScoK (small blind) folded before Flop



PokerStars Hand #254202629614:  Hold'em No Limit ($0.50/$1.00 USD) - 2025/01/04 3:06:26 WET [2025/01/04 22:06:26 ET]
Table 'Kastalia II' 6-max Seat #6 is the button
Seat 5: pr0tecto ($100 in chips) is sitting out
Seat 1: Manifestorr ($100 in chips) 
Seat 2: MuUkR ($123.55 in chips) 
Seat 3: abramovich87 ($100 in chips) 
Seat 4: bb72poker ($31.07 in chips) 
Seat 6: MaRKiToScoK ($100 in chips) 
Manifestorr: posts small blind $0.50
MuUkR: posts big blind $1
pr0tecto: sits out 
*** HOLE CARDS ***
abramovich87: folds 
bb72poker: raises $1 to $2
MaRKiToScoK: folds 
Manifestorr: folds 
MuUkR: calls $1
*** FLOP *** [7h Th 9d]
MuUkR: checks 
bb72poker: checks 
*** TURN *** [7h Th 9d] [As]
MuUkR: checks 
bb72poker: checks 
*** RIVER *** [7h Th 9d As] [8d]
MuUkR: bets $6.42
bb72poker: calls $6.42
*** SHOW DOWN ***
MuUkR: shows [Js Ts] (a straight, Seven to Jack)
bb72poker: mucks hand 
MuUkR collected $16.47 from pot
*** SUMMARY ***
Total pot $17.34 | Rake $0.87 
Board [7h Th 9d As 8d]
Seat 5: pr0tecto
Seat 1: Manifestorr (small blind) folded before Flop
Seat 2: MuUkR (big blind) showed [Js Ts] and won ($16.47) with a straight, Seven to Jack
Seat 3: abramovich87 folded before Flop (didn't bet)
Seat 4: bb72poker mucked
Seat 6: MaRKiToScoK (button) folded before Flop (didn't bet)



PokerStars Hand #254202640711:  Hold'em No Limit ($0.50/$1.00 USD) - 2025/01/04 3:07:37 WET [2025/01/04 22:07:37 ET]
Table 'Kastalia II' 6-max Seat #1 is the button
Seat 5: pr0tecto ($100 in chips) is sitting out
Seat 1: Manifestorr ($100 in chips) 
Seat 2: MuUkR ($131.60 in chips) 
Seat 3: abramovich87 ($100 in chips) 
Seat 4: bb72poker ($22.65 in chips) 
Seat 6: MaRKiToScoK ($100 in chips) 
MuUkR: posts small blind $0.50
abramovich87: posts big blind $1
pr0tecto: sits out 
*** HOLE CARDS ***
bb72poker: folds 
MaRKiToScoK: folds 
Manifestorr: raises $1.20 to $2.20
MuUkR: folds 
abramovich87: calls $1.20
*** FLOP *** [Qd Ks 3d]
abramovich87: checks 
Manifestorr: checks 
*** TURN *** [Qd Ks 3d] [8h]
abramovich87: checks 
Manifestorr: checks 
*** RIVER *** [Qd Ks 3d 8h] [3s]
abramovich87: checks 
Manifestorr: checks 
*** SHOW DOWN ***
abramovich87: shows [4d 4h] (two pair, Fours and Threes)
Manifestorr: mucks hand 
abramovich87 collected $4.66 from pot
*** SUMMARY ***
Total pot $4.90 | Rake $0.24 
Board [Qd Ks 3d 8h 3s]
Seat 5: pr0tecto
Seat 1: Manifestorr (button) mucked
Seat 2: MuUkR (small blind) folded before Flop
Seat 3: abramovich87 (big blind) showed [4d 4h] and won ($4.66) with two pair, Fours and Threes
Seat 4: bb72poker folded before Flop (didn't bet)
Seat 6: MaRKiToScoK folded before Flop (didn't bet)



PokerStars Hand #254202646981:  Hold'em No Limit ($0.50/$1.00 USD) - 2025/01/04 3:08:17 WET [2025/01/04 22:08:17 ET]
Table 'Kastalia II' 6-max Seat #2 is the button
Seat 5: pr0tecto ($100 in chips) is sitting out
Seat 1: Manifestorr ($100 in chips) 
Seat 2: MuUkR ($131.10 in chips) 
Seat 3: abramovich87 ($102.46 in chips) 
Seat 4: bb72poker ($22.65 in chips) 
Seat 6: MaRKiToScoK ($100 in chips) 
abramovich87: posts small blind $0.50
bb72poker: posts big blind $1
pr0tecto: sits out 
*** HOLE CARDS ***
MaRKiToScoK: folds 
Manifestorr: folds 
MuUkR: folds 
abramovich87: raises $2 to $3
bb72poker: calls $2
*** FLOP *** [6h 7c Kc]
abramovich87: bets $4
bb72poker: calls $4
*** TURN *** [6h 7c Kc] [Th]
abramovich87: bets $11
bb72poker: raises $4.65 to $15.65 and is all-in
abramovich87: calls $4.65
*** RIVER *** [6h 7c Kc Th] [Ts]
*** SHOW DOWN ***
abramovich87: shows [Jc Ks] (two pair, Kings and Tens)
bb72poker: shows [7h 9d] (two pair, Tens and Sevens)
abramovich87 collected $43.04 from pot
*** SUMMARY ***
Total pot $45.30 | Rake $2.26 
Board [6h 7c Kc Th Ts]
Seat 5: pr0tecto
Seat 1: Manifestorr folded before Flop (didn't bet)
Seat 2: MuUkR (button) folded before Flop (didn't bet)
Seat 3: abramovich87 (small blind) showed [Jc Ks] and won ($43.04) with two pair, Kings and Tens
Seat 4: bb72poker (big blind) showed [7h 9d] and lost with two pair, Tens and Sevens
Seat 6: MaRKiToScoK folded before Flop (didn't bet)



PokerStars Hand #254202653183:  Hold'em No Limit ($0.50/$1.00 USD) - 2025/01/04 3:08:58 WET [2025/01/04 22:08:58 ET]
Table 'Kastalia II' 6-max Seat #3 is the button
Seat 4: bb72poker ($0 in chips) is sitting out
Seat 5: pr0tecto ($100 in chips) is sitting out
Seat 1: Manifestorr ($100 in chips) 
Seat 2: MuUkR ($131.10 in chips) 
Seat 3: abramovich87 ($122.85 in chips) 
Seat 6: MaRKiToScoK ($100 in chips) 
MaRKiToScoK: posts small blind $0.50
Manifestorr: posts big blind $1
*** HOLE CARDS ***
MuUkR: folds 
abramovich87: folds 
MaRKiToScoK: folds 
Uncalled bet ($0.50) returned to Manifestorr
Manifestorr collected $1 from pot
*** SUMMARY ***
Total pot $1 | Rake $0 
Seat 4: bb72poker
Seat 5: pr0tecto
Seat 1: Manifestorr (big blind) collected ($1)
Seat 2: MuUkR folded before Flop (didn't bet)
Seat 3: abramovich87 (button) folded before Flop (didn't bet)
Seat 6: MaRKiToScoK (small blind) folded before Flop



PokerStars Hand #254202655081:  Hold'em No Limit ($0.50/$1.00 USD) - 2025/01/04 3:09:10 WET [2025/01/04 22:09:10 ET]
Table 'Kastalia II' 6-max Seat #6 is the button
Seat 4: bb72poker ($0 in chips) is sitting out
Seat 5: pr0tecto ($100 in chips) is sitting out
Seat 1: Manifestorr ($100.50 in chips) 
Seat 2: MuUkR ($131.10 in chips) 
Seat 3: abramovich87 ($122.85 in chips) 
Seat 6: MaRKiToScoK ($100 in chips) 
Manifestorr: posts small blind $0.50
MuUkR: posts big blind $1
pr0tecto: sits out 
*** HOLE CARDS ***
abramovich87: folds 
MaRKiToScoK: folds 
Manifestorr: raises $2 to $3
MuUkR: raises $7 to $10
Manifestorr: folds 
Uncalled bet ($7) returned to MuUkR
MuUkR collected $6 from pot
MuUkR: doesn't show hand 
*** SUMMARY ***
Total pot $6 | Rake $0 
Seat 4: bb72poker
Seat 5: pr0tecto
Seat 1: Manifestorr (small blind) folded before Flop
Seat 2: MuUkR (big blind) collected ($6)
Seat 3: abramovich87 folded before Flop (didn't bet)
Seat 6: MaRKiToScoK (button) folded before Flop (didn't bet)



PokerStars Hand #254202657795:  Hold'em No Limit ($0.50/$1.00 USD) - 2025/01/04 3:09:27 WET [2025/01/04 22:09:27 ET]
Table 'Kastalia II' 6-max Seat #1 is the button
Seat 4: bb72poker ($0 in chips) is sitting out
Seat 5: pr0tecto ($100 in chips) is sitting out
Seat 1: Manifestorr ($100 in chips) 
Seat 2: MuUkR ($134.10 in chips) 
Seat 3: abramovich87 ($122.85 in chips) 
Seat 6: MaRKiToScoK ($100 in chips) 
MuUkR: posts small blind $0.50
abramovich87: posts big blind $1
pr0tecto: sits out 
*** HOLE CARDS ***
MaRKiToScoK: raises $1.20 to $2.20
Manifestorr: folds 
MuUkR: folds 
abramovich87: raises $10.80 to $13
MaRKiToScoK: folds 
Uncalled bet ($10.80) returned to abramovich87
abramovich87 collected $4.90 from pot
abramovich87: doesn't show hand 
*** SUMMARY ***
Total pot $4.90 | Rake $0 
Seat 4: bb72poker
Seat 5: pr0tecto
Seat 1: Manifestorr (button) folded before Flop (didn't bet)
Seat 2: MuUkR (small blind) folded before Flop
Seat 3: abramovich87 (big blind) collected ($4.90)
Seat 6: MaRKiToScoK folded before Flop



PokerStars Hand #254202661126:  Hold'em No Limit ($0.50/$1.00 USD) - 2025/01/04 3:09:49 WET [2025/01/04 22:09:49 ET]
Table 'Kastalia II' 6-max Seat #2 is the button
Seat 4: bb72poker ($0 in chips) is sitting out
Seat 1: Manifestorr ($100 in chips) 
Seat 2: MuUkR ($133.60 in chips) 
Seat 3: abramovich87 ($125.55 in chips) 
Seat 5: pr0tecto ($100 in chips) 
Seat 6: MaRKiToScoK ($100 in chips) 
abramovich87: posts small blind $0.50
pr0tecto: posts big blind $1
*** HOLE CARDS ***
MaRKiToScoK: folds 
Manifestorr: raises $1.20 to $2.20
MaRKiToScoK leaves the table
MuUkR: folds 
abramovich87: folds 
pr0tecto: folds 
Uncalled bet ($1.20) returned to Manifestorr
Manifestorr collected $2.50 from pot
*** SUMMARY ***
Total pot $2.50 | Rake $0 
Seat 4: bb72poker
Seat 1: Manifestorr collected ($2.50)
Seat 2: MuUkR (button) folded before Flop (didn't bet)
Seat 3: abramovich87 (small blind) folded before Flop
Seat 5: pr0tecto (big blind) folded before Flop
Seat 6: MaRKiToScoK folded before Flop (didn't bet)



PokerStars Hand #254202663607:  Hold'em No Limit ($0.50/$1.00 USD) - 2025/01/04 3:10:05 WET [2025/01/04 22:10:05 ET]
Table 'Kastalia II' 6-max Seat #5 is the button
Seat 1: Manifestorr ($101.50 in chips) is sitting out
Seat 2: MuUkR ($133.60 in chips) is sitting out
Seat 4: bb72poker ($0 in chips) is sitting out
Seat 3: abramovich87 ($125.05 in chips) 
Seat 5: pr0tecto ($99 in chips) 
pr0tecto: posts small blind $0.50
Manifestorr: is sitting out 
MuUkR: is sitting out 
abramovich87: posts big blind $1
*** HOLE CARDS ***
pr0tecto: folds 
Uncalled bet ($0.50) returned to abramovich87
abramovich87 collected $1 from pot
abramovich87: doesn't show hand 
MuUkR leaves the table
bb72poker is disconnected 
*** SUMMARY ***
Total pot $1 | Rake $0 
Seat 1: Manifestorr
Seat 2: MuUkR
Seat 4: bb72poker
Seat 3: abramovich87 (big blind) collected ($1)
Seat 5: pr0tecto (button) (small blind) folded before Flop



PokerStars Hand #254202664510:  Hold'em No Limit ($0.50/$1.00 USD) - 2025/01/04 3:10:10 WET [2025/01/04 22:10:10 ET]
Table 'Kastalia II' 6-max Seat #3 is the button
Seat 1: Manifestorr ($101.50 in chips) is sitting out
Seat 4: bb72poker ($0 in chips) is sitting out
Seat 3: abramovich87 ($125.55 in chips) 
Seat 5: pr0tecto ($100 in chips) 
abramovich87: posts small blind $0.50
pr0tecto: posts big blind $1
*** HOLE CARDS ***
abramovich87: folds 
Uncalled bet ($0.50) returned to pr0tecto
pr0tecto collected $1 from pot
pr0tecto: doesn't show hand 
Manifestorr leaves the table
*** SUMMARY ***
Total pot $1 | Rake $0 
Seat 1: Manifestorr
Seat 4: bb72poker
Seat 3: abramovich87 (button) (small blind) folded before Flop
Seat 5: pr0tecto (big blind) collected ($1)



PokerStars Hand #254202665356:  Hold'em No Limit ($0.50/$1.00 USD) - 2025/01/04 3:10:16 WET [2025/01/04 22:10:16 ET]
Table 'Kastalia II' 6-max Seat #5 is the button
Seat 4: bb72poker ($0 in chips) is sitting out
Seat 3: abramovich87 ($125.05 in chips) 
Seat 5: pr0tecto ($100.50 in chips) 
pr0tecto: posts small blind $0.50
abramovich87: posts big blind $1
*** HOLE CARDS ***
pr0tecto: raises $1.24 to $2.24
abramovich87: folds 
Uncalled bet ($1.24) returned to pr0tecto
pr0tecto collected $2 from pot
pr0tecto: doesn't show hand 
*** SUMMARY ***
Total pot $2 | Rake $0 
Seat 4: bb72poker
Seat 3: abramovich87 (big blind) folded before Flop
Seat 5: pr0tecto (button) (small blind) collected ($2)



PokerStars Hand #254202666502:  Hold'em No Limit ($0.50/$1.00 USD) - 2025/01/04 3:10:23 WET [2025/01/04 22:10:23 ET]
Table 'Kastalia II' 6-max Seat #3 is the button
Seat 4: bb72poker ($0 in chips) is sitting out
Seat 3: abramovich87 ($124.05 in chips) 
Seat 5: pr0tecto ($101.50 in chips) 
abramovich87: posts small blind $0.50
pr0tecto: posts big blind $1
*** HOLE CARDS ***
abramovich87: folds 
Uncalled bet ($0.50) returned to pr0tecto
pr0tecto collected $1 from pot
bb72poker leaves the table
pr0tecto: doesn't show hand 
*** SUMMARY ***
Total pot $1 | Rake $0 
Seat 4: bb72poker
Seat 3: abramovich87 (button) (small blind) folded before Flop
Seat 5: pr0tecto (big blind) collected ($1)



PokerStars Hand #254202667275:  Hold'em No Limit ($0.50/$1.00 USD) - 2025/01/04 3:10:28 WET [2025/01/04 22:10:28 ET]
Table 'Kastalia II' 6-max Seat #5 is the button
Seat 3: abramovich87 ($123.55 in chips) 
Seat 5: pr0tecto ($102 in chips) 
pr0tecto: posts small blind $0.50
abramovich87: posts big blind $1
*** HOLE CARDS ***
pr0tecto: raises $1.24 to $2.24
abramovich87: folds 
Uncalled bet ($1.24) returned to pr0tecto
pr0tecto collected $2 from pot
pr0tecto: doesn't show hand 
*** SUMMARY ***
Total pot $2 | Rake $0 
Seat 3: abramovich87 (big blind) folded before Flop
Seat 5: pr0tecto (button) (small blind) collected ($2)



PokerStars Hand #254202670850:  Hold'em No Limit ($0.50/$1.00 USD) - 2025/01/04 3:10:51 WET [2025/01/04 22:10:51 ET]
Table 'Kastalia II' 6-max Seat #3 is the button
Seat 3: abramovich87 ($122.55 in chips) 
Seat 5: pr0tecto ($103 in chips) 
abramovich87: posts small blind $0.50
pr0tecto: posts big blind $1
*** HOLE CARDS ***
abramovich87: raises $2 to $3
pr0tecto: raises $6 to $9
abramovich87: folds 
Uncalled bet ($6) returned to pr0tecto
pr0tecto collected $6 from pot
pr0tecto: doesn't show hand 
*** SUMMARY ***
Total pot $6 | Rake $0 
Seat 3: abramovich87 (button) (small blind) folded before Flop
Seat 5: pr0tecto (big blind) collected ($6)



PokerStars Hand #254202673007:  Hold'em No Limit ($0.50/$1.00 USD) - 2025/01/04 3:11:05 WET [2025/01/04 22:11:05 ET]
Table 'Kastalia II' 6-max Seat #5 is the button
Seat 3: abramovich87 ($119.55 in chips) 
Seat 5: pr0tecto ($106 in chips) 
pr0tecto: posts small blind $0.50
abramovich87: posts big blind $1
*** HOLE CARDS ***
pr0tecto: folds 
Uncalled bet ($0.50) returned to abramovich87
abramovich87 collected $1 from pot
abramovich87: doesn't show hand 
*** SUMMARY ***
Total pot $1 | Rake $0 
Seat 3: abramovich87 (big blind) collected ($1)
Seat 5: pr0tecto (button) (small blind) folded before Flop



PokerStars Hand #254202783151:  Hold'em No Limit ($0.50/$1.00 USD) - 2025/01/04 3:23:00 WET [2025/01/04 22:23:00 ET]
Table 'Kastalia II' 6-max Seat #2 is the button
Seat 2: G.Andrei95 ($100 in chips) 
Seat 3: abramovich87 ($120.05 in chips) 
Seat 5: Manifestorr ($101.50 in chips) 
abramovich87: posts small blind $0.50
Manifestorr: posts big blind $1
*** HOLE CARDS ***
G.Andrei95: raises $1.50 to $2.50
abramovich87: raises $9.50 to $12
jimmysparks1 joins the table at seat #1 
jimmysparks1 is disconnected 
Manifestorr: folds 
G.Andrei95: calls $9.50
*** FLOP *** [9h 2h Ac]
abramovich87: bets $6
G.Andrei95: raises $11.88 to $17.88
abramovich87: folds 
Uncalled bet ($11.88) returned to G.Andrei95
G.Andrei95 collected $36 from pot
G.Andrei95: doesn't show hand 
*** SUMMARY ***
Total pot $37 | Rake $1 
Board [9h 2h Ac]
Seat 2: G.Andrei95 (button) collected ($36)
Seat 3: abramovich87 (small blind) folded on the Flop
Seat 5: Manifestorr (big blind) folded before Flop



PokerStars Hand #254202788610:  Hold'em No Limit ($0.50/$1.00 USD) - 2025/01/04 3:23:36 WET [2025/01/04 22:23:36 ET]
Table 'Kastalia II' 6-max Seat #3 is the button
Seat 1: jimmysparks1 ($80.12 in chips) 
Seat 2: G.Andrei95 ($118 in chips) 
Seat 3: abramovich87 ($102.05 in chips) 
Seat 5: Manifestorr ($100.50 in chips) 
Manifestorr: posts small blind $0.50
jimmysparks1: posts big blind $1
*** HOLE CARDS ***
G.Andrei95: folds 
abramovich87: raises $2 to $3
Manifestorr: folds 
Mr.Gtk joins the table at seat #4 
jimmysparks1: calls $2
*** FLOP *** [6d Js 2h]
MaRKiToScoK joins the table at seat #6 
jimmysparks1: checks 
abramovich87: checks 
*** TURN *** [6d Js 2h] [8s]
jimmysparks1: bets $4
abramovich87: folds 
Uncalled bet ($4) returned to jimmysparks1
jimmysparks1 collected $6.18 from pot
*** SUMMARY ***
Total pot $6.50 | Rake $0.32 
Board [6d Js 2h 8s]
Seat 1: jimmysparks1 (big blind) collected ($6.18)
Seat 2: G.Andrei95 folded before Flop (didn't bet)
Seat 3: abramovich87 (button) folded on the Turn
Seat 5: Manifestorr (small blind) folded before Flop



PokerStars Hand #254202793576:  Hold'em No Limit ($0.50/$1.00 USD) - 2025/01/04 3:24:10 WET [2025/01/04 22:24:10 ET]
Table 'Kastalia II' 6-max Seat #5 is the button
Seat 4: Mr.Gtk ($25.81 in chips) is sitting out
Seat 6: MaRKiToScoK ($100 in chips) is sitting out
Seat 1: jimmysparks1 ($83.30 in chips) 
Seat 2: G.Andrei95 ($118 in chips) 
Seat 3: abramovich87 ($100 in chips) 
Seat 5: Manifestorr ($100 in chips) 
jimmysparks1: posts small blind $0.50
G.Andrei95: posts big blind $1
Mr.Gtk: sits out 
*** HOLE CARDS ***
abramovich87: folds 
Manifestorr: folds 
jimmysparks1: folds 
Uncalled bet ($0.50) returned to G.Andrei95
G.Andrei95 collected $1 from pot
G.Andrei95: doesn't show hand 
*** SUMMARY ***
Total pot $1 | Rake $0 
Seat 4: Mr.Gtk
Seat 6: MaRKiToScoK
Seat 1: jimmysparks1 (small blind) folded before Flop
Seat 2: G.Andrei95 (big blind) collected ($1)
Seat 3: abramovich87 folded before Flop (didn't bet)
Seat 5: Manifestorr (button) folded before Flop (didn't bet)



PokerStars Hand #254202795268:  Hold'em No Limit ($0.50/$1.00 USD) - 2025/01/04 3:24:21 WET [2025/01/04 22:24:21 ET]
Table 'Kastalia II' 6-max Seat #1 is the button
Seat 4: Mr.Gtk ($25.81 in chips) is sitting out
Seat 6: MaRKiToScoK ($100 in chips) is sitting out
Seat 1: jimmysparks1 ($82.80 in chips) 
Seat 2: G.Andrei95 ($118.50 in chips) 
Seat 3: abramovich87 ($100 in chips) 
Seat 5: Manifestorr ($100 in chips) 
G.Andrei95: posts small blind $0.50
abramovich87: posts big blind $1
Mr.Gtk: sits out 
MaRKiToScoK: sits out 
*** HOLE CARDS ***
Manifestorr: folds 
jimmysparks1: calls $1
G.Andrei95: folds 
abramovich87: checks 
*** FLOP *** [Jd 2h 7d]
abramovich87: checks 
jimmysparks1: bets $2
abramovich87: folds 
Uncalled bet ($2) returned to jimmysparks1
jimmysparks1 collected $2.38 from pot
*** SUMMARY ***
Total pot $2.50 | Rake $0.12 
Board [Jd 2h 7d]
Seat 4: Mr.Gtk
Seat 6: MaRKiToScoK
Seat 1: jimmysparks1 (button) collected ($2.38)
Seat 2: G.Andrei95 (small blind) folded before Flop
Seat 3: abramovich87 (big blind) folded on the Flop
Seat 5: Manifestorr folded before Flop (didn't bet)



PokerStars Hand #254202798644:  Hold'em No Limit ($0.50/$1.00 USD) - 2025/01/04 3:24:44 WET [2025/01/04 22:24:44 ET]
Table 'Kastalia II' 6-max Seat #2 is the button
Seat 6: MaRKiToScoK ($100 in chips) is sitting out
Seat 1: jimmysparks1 ($84.18 in chips) 
Seat 2: G.Andrei95 ($118 in chips) 
Seat 3: abramovich87 ($100 in chips) 
Seat 4: Mr.Gtk ($25.81 in chips) 
Seat 5: Manifestorr ($100 in chips) 
abramovich87: posts small blind $0.50
Mr.Gtk: posts big blind $1
MaRKiToScoK: sits out 
*** HOLE CARDS ***
Manifestorr: raises $1.20 to $2.20
jimmysparks1: folds 
G.Andrei95: folds 
abramovich87: folds 
G.Andrei95 leaves the table
Mr.Gtk: calls $1.20
*** FLOP *** [6s 8h 5h]
Mr.Gtk: checks 
Manifestorr: bets $3.50
Mr.Gtk: folds 
Uncalled bet ($3.50) returned to Manifestorr
Manifestorr collected $4.66 from pot
*** SUMMARY ***
Total pot $4.90 | Rake $0.24 
Board [6s 8h 5h]
Seat 6: MaRKiToScoK
Seat 1: jimmysparks1 folded before Flop (didn't bet)
Seat 2: G.Andrei95 (button) folded before Flop (didn't bet)
Seat 3: abramovich87 (small blind) folded before Flop
Seat 4: Mr.Gtk (big blind) folded on the Flop
Seat 5: Manifestorr collected ($4.66)



PokerStars Hand #254202802329:  Hold'em No Limit ($0.50/$1.00 USD) - 2025/01/04 3:25:08 WET [2025/01/04 22:25:08 ET]
Table 'Kastalia II' 6-max Seat #3 is the button
Seat 5: Manifestorr ($102.46 in chips) is sitting out
Seat 1: jimmysparks1 ($84.18 in chips) 
Seat 3: abramovich87 ($100 in chips) 
Seat 4: Mr.Gtk ($23.61 in chips) 
Seat 6: MaRKiToScoK ($100 in chips) 
Mr.Gtk: posts small blind $0.50
Manifestorr: is sitting out 
MaRKiToScoK: posts big blind $1
*** HOLE CARDS ***
Manifestorr leaves the table
jimmysparks1: folds 
abramovich87: raises $2 to $3
50CandyJoe joins the table at seat #2 
Mr.Gtk: folds 
MaRKiToScoK: calls $2
*** FLOP *** [6d 2c 4h]
MaRKiToScoK: checks 
abramovich87: bets $4.63
MaRKiToScoK: folds 
Uncalled bet ($4.63) returned to abramovich87
abramovich87 collected $6.18 from pot
abramovich87: doesn't show hand 
*** SUMMARY ***
Total pot $6.50 | Rake $0.32 
Board [6d 2c 4h]
Seat 5: Manifestorr
Seat 1: jimmysparks1 folded before Flop (didn't bet)
Seat 3: abramovich87 (button) collected ($6.18)
Seat 4: Mr.Gtk (small blind) folded before Flop
Seat 6: MaRKiToScoK (big blind) folded on the Flop



PokerStars Hand #254202806468:  Hold'em No Limit ($0.50/$1.00 USD) - 2025/01/04 3:25:35 WET [2025/01/04 22:25:35 ET]
Table 'Kastalia II' 6-max Seat #4 is the button
Seat 2: 50CandyJoe ($100 in chips) is sitting out
Seat 1: jimmysparks1 ($84.18 in chips) 
Seat 3: abramovich87 ($103.18 in chips) 
Seat 4: Mr.Gtk ($23.11 in chips) 
Seat 6: MaRKiToScoK ($100 in chips) 
MaRKiToScoK: posts small blind $0.50
jimmysparks1: posts big blind $1
50CandyJoe: sits out 
*** HOLE CARDS ***
abramovich87: folds 
Mr.Gtk: folds 
MaRKiToScoK: calls $0.50
jimmysparks1: checks 
*** FLOP *** [9s Qc Ts]
MaRKiToScoK: checks 
jimmysparks1: bets $1
G.HANSEN333 joins the table at seat #5 
MaRKiToScoK: folds 
Uncalled bet ($1) returned to jimmysparks1
jimmysparks1 collected $1.90 from pot
*** SUMMARY ***
Total pot $2 | Rake $0.10 
Board [9s Qc Ts]
Seat 2: 50CandyJoe
Seat 1: jimmysparks1 (big blind) collected ($1.90)
Seat 3: abramovich87 folded before Flop (didn't bet)
Seat 4: Mr.Gtk (button) folded before Flop (didn't bet)
Seat 6: MaRKiToScoK (small blind) folded on the Flop



PokerStars Hand #254202811804:  Hold'em No Limit ($0.50/$1.00 USD) - 2025/01/04 3:26:11 WET [2025/01/04 22:26:11 ET]
Table 'Kastalia II' 6-max Seat #6 is the button
Seat 5: G.HANSEN333 ($100 in chips) is sitting out
Seat 1: jimmysparks1 ($85.08 in chips) 
Seat 2: 50CandyJoe ($100 in chips) 
Seat 3: abramovich87 ($103.18 in chips) 
Seat 4: Mr.Gtk ($23.11 in chips) 
Seat 6: MaRKiToScoK ($100 in chips) 
jimmysparks1: posts small blind $0.50
50CandyJoe: posts big blind $1
G.HANSEN333: sits out 
*** HOLE CARDS ***
abramovich87: folds 
Mr.Gtk: raises $2 to $3
MaRKiToScoK: folds 
jimmysparks1: folds 
50CandyJoe: folds 
Uncalled bet ($2) returned to Mr.Gtk
Mr.Gtk collected $2.50 from pot
*** SUMMARY ***
Total pot $2.50 | Rake $0 
Seat 5: G.HANSEN333
Seat 1: jimmysparks1 (small blind) folded before Flop
Seat 2: 50CandyJoe (big blind) folded before Flop
Seat 3: abramovich87 folded before Flop (didn't bet)
Seat 4: Mr.Gtk collected ($2.50)
Seat 6: MaRKiToScoK (button) folded before Flop (didn't bet)



PokerStars Hand #254202814801:  Hold'em No Limit ($0.50/$1.00 USD) - 2025/01/04 3:26:32 WET [2025/01/04 22:26:32 ET]
Table 'Kastalia II' 6-max Seat #1 is the button
Seat 5: G.HANSEN333 ($100 in chips) is sitting out
Seat 1: jimmysparks1 ($84.58 in chips) 
Seat 2: 50CandyJoe ($100 in chips) 
Seat 3: abramovich87 ($103.18 in chips) 
Seat 4: Mr.Gtk ($24.61 in chips) 
Seat 6: MaRKiToScoK ($100 in chips) 
50CandyJoe: posts small blind $0.50
abramovich87: posts big blind $1
G.HANSEN333: sits out 
*** HOLE CARDS ***
Mr.Gtk: raises $2 to $3
MaRKiToScoK: folds 
jimmysparks1: folds 
50CandyJoe: folds 
abramovich87: folds 
Uncalled bet ($2) returned to Mr.Gtk
Mr.Gtk collected $2.50 from pot
Mr.Gtk: doesn't show hand 
*** SUMMARY ***
Total pot $2.50 | Rake $0 
Seat 5: G.HANSEN333
Seat 1: jimmysparks1 (button) folded before Flop (didn't bet)
Seat 2: 50CandyJoe (small blind) folded before Flop
Seat 3: abramovich87 (big blind) folded before Flop
Seat 4: Mr.Gtk collected ($2.50)
Seat 6: MaRKiToScoK folded before Flop (didn't bet)



PokerStars Hand #254202817421:  Hold'em No Limit ($0.50/$1.00 USD) - 2025/01/04 3:26:50 WET [2025/01/04 22:26:50 ET]
Table 'Kastalia II' 6-max Seat #2 is the button
Seat 5: G.HANSEN333 ($100 in chips) is sitting out
Seat 1: jimmysparks1 ($84.58 in chips) 
Seat 2: 50CandyJoe ($100 in chips) 
Seat 3: abramovich87 ($102.18 in chips) 
Seat 4: Mr.Gtk ($26.11 in chips) 
Seat 6: MaRKiToScoK ($100 in chips) 
abramovich87: posts small blind $0.50
Mr.Gtk: posts big blind $1
G.HANSEN333: sits out 
*** HOLE CARDS ***
MaRKiToScoK: folds 
jimmysparks1: folds 
50CandyJoe: raises $1.50 to $2.50
abramovich87: folds 
Mr.Gtk: folds 
Uncalled bet ($1.50) returned to 50CandyJoe
50CandyJoe collected $2.50 from pot
50CandyJoe: doesn't show hand 
*** SUMMARY ***
Total pot $2.50 | Rake $0 
Seat 5: G.HANSEN333
Seat 1: jimmysparks1 folded before Flop (didn't bet)
Seat 2: 50CandyJoe (button) collected ($2.50)
Seat 3: abramovich87 (small blind) folded before Flop
Seat 4: Mr.Gtk (big blind) folded before Flop
Seat 6: MaRKiToScoK folded before Flop (didn't bet)



PokerStars Hand #254202819562:  Hold'em No Limit ($0.50/$1.00 USD) - 2025/01/04 3:27:04 WET [2025/01/04 22:27:04 ET]
Table 'Kastalia II' 6-max Seat #3 is the button
Seat 1: jimmysparks1 ($84.58 in chips) 
Seat 2: 50CandyJoe ($101.50 in chips) 
Seat 3: abramovich87 ($101.68 in chips) 
Seat 4: Mr.Gtk ($25.11 in chips) 
Seat 5: G.HANSEN333 ($100 in chips) 
Seat 6: MaRKiToScoK ($100 in chips) 
Mr.Gtk: posts small blind $0.50
G.HANSEN333: posts big blind $1
*** HOLE CARDS ***
MaRKiToScoK: folds 
jimmysparks1: folds 
50CandyJoe: folds 
abramovich87: folds 
Mr.Gtk: folds 
Uncalled bet ($0.50) returned to G.HANSEN333
G.HANSEN333 collected $1 from pot
G.HANSEN333: doesn't show hand 
*** SUMMARY ***
Total pot $1 | Rake $0 
Seat 1: jimmysparks1 folded before Flop (didn't bet)
Seat 2: 50CandyJoe folded before Flop (didn't bet)
Seat 3: abramovich87 (button) folded before Flop (didn't bet)
Seat 4: Mr.Gtk (small blind) folded before Flop
Seat 5: G.HANSEN333 (big blind) collected ($1)
Seat 6: MaRKiToScoK folded before Flop (didn't bet)



PokerStars Hand #254202821452:  Hold'em No Limit ($0.50/$1.00 USD) - 2025/01/04 3:27:17 WET [2025/01/04 22:27:17 ET]
Table 'Kastalia II' 6-max Seat #4 is the button
Seat 1: jimmysparks1 ($84.58 in chips) 
Seat 2: 50CandyJoe ($101.50 in chips) 
Seat 3: abramovich87 ($101.68 in chips) 
Seat 4: Mr.Gtk ($24.61 in chips) 
Seat 5: G.HANSEN333 ($100.50 in chips) 
Seat 6: MaRKiToScoK ($100 in chips) 
G.HANSEN333: posts small blind $0.50
MaRKiToScoK: posts big blind $1
*** HOLE CARDS ***
jimmysparks1: folds 
50CandyJoe: folds 
abramovich87: folds 
Mr.Gtk: raises $1 to $2
G.HANSEN333: folds 
MaRKiToScoK: raises $10 to $12
Mr.Gtk: folds 
Uncalled bet ($10) returned to MaRKiToScoK
MaRKiToScoK collected $4.50 from pot
*** SUMMARY ***
Total pot $4.50 | Rake $0 
Seat 1: jimmysparks1 folded before Flop (didn't bet)
Seat 2: 50CandyJoe folded before Flop (didn't bet)
Seat 3: abramovich87 folded before Flop (didn't bet)
Seat 4: Mr.Gtk (button) folded before Flop
Seat 5: G.HANSEN333 (small blind) folded before Flop
Seat 6: MaRKiToScoK (big blind) collected ($4.50)



PokerStars Hand #254202825063:  Hold'em No Limit ($0.50/$1.00 USD) - 2025/01/04 3:27:41 WET [2025/01/04 22:27:41 ET]
Table 'Kastalia II' 6-max Seat #5 is the button
Seat 1: jimmysparks1 ($84.58 in chips) 
Seat 2: 50CandyJoe ($101.50 in chips) 
Seat 3: abramovich87 ($101.68 in chips) 
Seat 4: Mr.Gtk ($22.61 in chips) 
Seat 5: G.HANSEN333 ($100 in chips) 
Seat 6: MaRKiToScoK ($102.50 in chips) 
MaRKiToScoK: posts small blind $0.50
jimmysparks1: posts big blind $1
*** HOLE CARDS ***
50CandyJoe: folds 
abramovich87: folds 
Mr.Gtk: raises $21.61 to $22.61 and is all-in
G.HANSEN333: folds 
MaRKiToScoK: folds 
jimmysparks1: folds 
Uncalled bet ($21.61) returned to Mr.Gtk
Mr.Gtk collected $2.50 from pot
*** SUMMARY ***
Total pot $2.50 | Rake $0 
Seat 1: jimmysparks1 (big blind) folded before Flop
Seat 2: 50CandyJoe folded before Flop (didn't bet)
Seat 3: abramovich87 folded before Flop (didn't bet)
Seat 4: Mr.Gtk collected ($2.50)
Seat 5: G.HANSEN333 (button) folded before Flop (didn't bet)
Seat 6: MaRKiToScoK (small blind) folded before Flop



PokerStars Hand #254202828008:  Hold'em No Limit ($0.50/$1.00 USD) - 2025/01/04 3:28:01 WET [2025/01/04 22:28:01 ET]
Table 'Kastalia II' 6-max Seat #6 is the button
Seat 1: jimmysparks1 ($83.58 in chips) 
Seat 2: 50CandyJoe ($101.50 in chips) 
Seat 3: abramovich87 ($101.68 in chips) 
Seat 4: Mr.Gtk ($24.11 in chips) 
Seat 5: G.HANSEN333 ($100 in chips) 
Seat 6: MaRKiToScoK ($102 in chips) 
jimmysparks1: posts small blind $0.50
50CandyJoe: posts big blind $1
*** HOLE CARDS ***
abramovich87: folds 
Mr.Gtk: folds 
G.HANSEN333: folds 
MaRKiToScoK: raises $1.50 to $2.50
jimmysparks1: folds 
50CandyJoe: calls $1.50
*** FLOP *** [Kd Tc 6d]
50CandyJoe: checks 
MaRKiToScoK: checks 
*** TURN *** [Kd Tc 6d] [6h]
50CandyJoe: checks 
MaRKiToScoK: bets $2.61
50CandyJoe: calls $2.61
*** RIVER *** [Kd Tc 6d 6h] [7d]
50CandyJoe: checks 
MaRKiToScoK: checks 
*** SHOW DOWN ***
50CandyJoe: shows [7s 6s] (a full house, Sixes full of Sevens)
MaRKiToScoK: mucks hand 
50CandyJoe collected $10.18 from pot
*** SUMMARY ***
Total pot $10.72 | Rake $0.54 
Board [Kd Tc 6d 6h 7d]
Seat 1: jimmysparks1 (small blind) folded before Flop
Seat 2: 50CandyJoe (big blind) showed [7s 6s] and won ($10.18) with a full house, Sixes full of Sevens
Seat 3: abramovich87 folded before Flop (didn't bet)
Seat 4: Mr.Gtk folded before Flop (didn't bet)
Seat 5: G.HANSEN333 folded before Flop (didn't bet)
Seat 6: MaRKiToScoK (button) mucked



PokerStars Hand #254202833584:  Hold'em No Limit ($0.50/$1.00 USD) - 2025/01/04 3:28:39 WET [2025/01/04 22:28:39 ET]
Table 'Kastalia II' 6-max Seat #1 is the button
Seat 1: jimmysparks1 ($83.08 in chips) 
Seat 2: 50CandyJoe ($106.57 in chips) 
Seat 3: abramovich87 ($101.68 in chips) 
Seat 4: Mr.Gtk ($24.11 in chips) 
Seat 5: G.HANSEN333 ($100 in chips) 
Seat 6: MaRKiToScoK ($100 in chips) 
50CandyJoe: posts small blind $0.50
abramovich87: posts big blind $1
*** HOLE CARDS ***
Mr.Gtk: folds 
G.HANSEN333: folds 
MaRKiToScoK: raises $1.20 to $2.20
jimmysparks1: folds 
50CandyJoe: folds 
abramovich87: folds 
Uncalled bet ($1.20) returned to MaRKiToScoK
MaRKiToScoK collected $2.50 from pot
*** SUMMARY ***
Total pot $2.50 | Rake $0 
Seat 1: jimmysparks1 (button) folded before Flop (didn't bet)
Seat 2: 50CandyJoe (small blind) folded before Flop
Seat 3: abramovich87 (big blind) folded before Flop
Seat 4: Mr.Gtk folded before Flop (didn't bet)
Seat 5: G.HANSEN333 folded before Flop (didn't bet)
Seat 6: MaRKiToScoK collected ($2.50)



PokerStars Hand #254202836446:  Hold'em No Limit ($0.50/$1.00 USD) - 2025/01/04 3:28:59 WET [2025/01/04 22:28:59 ET]
Table 'Kastalia II' 6-max Seat #2 is the button
Seat 1: jimmysparks1 ($83.08 in chips) 
Seat 2: 50CandyJoe ($106.07 in chips) 
Seat 3: abramovich87 ($100.68 in chips) 
Seat 4: Mr.Gtk ($24.11 in chips) 
Seat 5: G.HANSEN333 ($100 in chips) 
Seat 6: MaRKiToScoK ($101.50 in chips) 
abramovich87: posts small blind $0.50
Mr.Gtk: posts big blind $1
*** HOLE CARDS ***
G.HANSEN333: folds 
MaRKiToScoK: folds 
jimmysparks1: folds 
50CandyJoe: folds 
abramovich87: folds 
Uncalled bet ($0.50) returned to Mr.Gtk
Mr.Gtk collected $1 from pot
*** SUMMARY ***
Total pot $1 | Rake $0 
Seat 1: jimmysparks1 folded before Flop (didn't bet)
Seat 2: 50CandyJoe (button) folded before Flop (didn't bet)
Seat 3: abramovich87 (small blind) folded before Flop
Seat 4: Mr.Gtk (big blind) collected ($1)
Seat 5: G.HANSEN333 folded before Flop (didn't bet)
Seat 6: MaRKiToScoK folded before Flop (didn't bet)



PokerStars Hand #254202840175:  Hold'em No Limit ($0.50/$1.00 USD) - 2025/01/04 3:29:25 WET [2025/01/04 22:29:25 ET]
Table 'Kastalia II' 6-max Seat #3 is the button
Seat 1: jimmysparks1 ($83.08 in chips) 
Seat 2: 50CandyJoe ($106.07 in chips) 
Seat 3: abramovich87 ($100.18 in chips) 
Seat 4: Mr.Gtk ($24.61 in chips) 
Seat 5: G.HANSEN333 ($100 in chips) 
Seat 6: MaRKiToScoK ($101.50 in chips) 
Mr.Gtk: posts small blind $0.50
G.HANSEN333: posts big blind $1
*** HOLE CARDS ***
MaRKiToScoK: raises $1.10 to $2.10
jimmysparks1: folds 
50CandyJoe: folds 
abramovich87: folds 
Mr.Gtk: calls $1.60
G.HANSEN333: calls $1.10
*** FLOP *** [6d Jh Ad]
Mr.Gtk: checks 
G.HANSEN333: checks 
MaRKiToScoK: checks 
*** TURN *** [6d Jh Ad] [3s]
Mr.Gtk: checks 
G.HANSEN333: checks 
MaRKiToScoK: checks 
*** RIVER *** [6d Jh Ad 3s] [8s]
Mr.Gtk: checks 
G.HANSEN333: checks 
MaRKiToScoK: checks 
*** SHOW DOWN ***
Mr.Gtk: shows [Th 8h] (a pair of Eights)
G.HANSEN333: mucks hand 
MaRKiToScoK: mucks hand 
Mr.Gtk collected $5.98 from pot
*** SUMMARY ***
Total pot $6.30 | Rake $0.32 
Board [6d Jh Ad 3s 8s]
Seat 1: jimmysparks1 folded before Flop (didn't bet)
Seat 2: 50CandyJoe folded before Flop (didn't bet)
Seat 3: abramovich87 (button) folded before Flop (didn't bet)
Seat 4: Mr.Gtk (small blind) showed [Th 8h] and won ($5.98) with a pair of Eights
Seat 5: G.HANSEN333 (big blind) mucked
Seat 6: MaRKiToScoK mucked



PokerStars Hand #254202850109:  Hold'em No Limit ($0.50/$1.00 USD) - 2025/01/04 3:30:32 WET [2025/01/04 22:30:32 ET]
Table 'Kastalia II' 6-max Seat #4 is the button
Seat 1: jimmysparks1 ($83.08 in chips) 
Seat 2: 50CandyJoe ($106.07 in chips) 
Seat 3: abramovich87 ($100.18 in chips) 
Seat 4: Mr.Gtk ($28.49 in chips) 
Seat 5: G.HANSEN333 ($100 in chips) 
Seat 6: MaRKiToScoK ($100 in chips) 
G.HANSEN333: posts small blind $0.50
MaRKiToScoK: posts big blind $1
*** HOLE CARDS ***
jimmysparks1: folds 
50CandyJoe: raises $1.20 to $2.20
abramovich87: folds 
Mr.Gtk: folds 
G.HANSEN333: folds 
MaRKiToScoK: raises $9.80 to $12
50CandyJoe: folds 
Uncalled bet ($9.80) returned to MaRKiToScoK
MaRKiToScoK collected $4.90 from pot
*** SUMMARY ***
Total pot $4.90 | Rake $0 
Seat 1: jimmysparks1 folded before Flop (didn't bet)
Seat 2: 50CandyJoe folded before Flop
Seat 3: abramovich87 folded before Flop (didn't bet)
Seat 4: Mr.Gtk (button) folded before Flop (didn't bet)
Seat 5: G.HANSEN333 (small blind) folded before Flop
Seat 6: MaRKiToScoK (big blind) collected ($4.90)



PokerStars Hand #254202854261:  Hold'em No Limit ($0.50/$1.00 USD) - 2025/01/04 3:31:01 WET [2025/01/04 22:31:01 ET]
Table 'Kastalia II' 6-max Seat #5 is the button
Seat 1: jimmysparks1 ($83.08 in chips) 
Seat 2: 50CandyJoe ($103.87 in chips) 
Seat 3: abramovich87 ($100.18 in chips) 
Seat 4: Mr.Gtk ($28.49 in chips) 
Seat 5: G.HANSEN333 ($100 in chips) 
Seat 6: MaRKiToScoK ($102.70 in chips) 
MaRKiToScoK: posts small blind $0.50
jimmysparks1: posts big blind $1
*** HOLE CARDS ***
50CandyJoe: raises $1.20 to $2.20
abramovich87: folds 
Mr.Gtk: folds 
G.HANSEN333: folds 
MaRKiToScoK: folds 
jimmysparks1: folds 
Uncalled bet ($1.20) returned to 50CandyJoe
50CandyJoe collected $2.50 from pot
50CandyJoe: doesn't show hand 
*** SUMMARY ***
Total pot $2.50 | Rake $0 
Seat 1: jimmysparks1 (big blind) folded before Flop
Seat 2: 50CandyJoe collected ($2.50)
Seat 3: abramovich87 folded before Flop (didn't bet)
Seat 4: Mr.Gtk folded before Flop (didn't bet)
Seat 5: G.HANSEN333 (button) folded before Flop (didn't bet)
Seat 6: MaRKiToScoK (small blind) folded before Flop



PokerStars Hand #254202856951:  Hold'em No Limit ($0.50/$1.00 USD) - 2025/01/04 3:31:19 WET [2025/01/04 22:31:19 ET]
Table 'Kastalia II' 6-max Seat #6 is the button
Seat 1: jimmysparks1 ($82.08 in chips) 
Seat 2: 50CandyJoe ($105.37 in chips) 
Seat 3: abramovich87 ($100.18 in chips) 
Seat 4: Mr.Gtk ($28.49 in chips) 
Seat 5: G.HANSEN333 ($100 in chips) 
Seat 6: MaRKiToScoK ($102.20 in chips) 
jimmysparks1: posts small blind $0.50
50CandyJoe: posts big blind $1
*** HOLE CARDS ***
abramovich87: folds 
Mr.Gtk: folds 
G.HANSEN333: folds 
MaRKiToScoK: raises $1.50 to $2.50
jimmysparks1: calls $2
50CandyJoe: folds 
*** FLOP *** [Qs 9c Ts]
jimmysparks1: checks 
MaRKiToScoK: checks 
*** TURN *** [Qs 9c Ts] [Ah]
jimmysparks1: checks 
MaRKiToScoK: bets $4.28
jimmysparks1: calls $4.28
*** RIVER *** [Qs 9c Ts Ah] [3h]
jimmysparks1: checks 
MaRKiToScoK: bets $10.37
jimmysparks1: folds 
Uncalled bet ($10.37) returned to MaRKiToScoK
MaRKiToScoK collected $13.83 from pot
*** SUMMARY ***
Total pot $14.56 | Rake $0.73 
Board [Qs 9c Ts Ah 3h]
Seat 1: jimmysparks1 (small blind) folded on the River
Seat 2: 50CandyJoe (big blind) folded before Flop
Seat 3: abramovich87 folded before Flop (didn't bet)
Seat 4: Mr.Gtk folded before Flop (didn't bet)
Seat 5: G.HANSEN333 folded before Flop (didn't bet)
Seat 6: MaRKiToScoK (button) collected ($13.83)



PokerStars Hand #254202870521:  Hold'em No Limit ($0.50/$1.00 USD) - 2025/01/04 3:32:54 WET [2025/01/04 22:32:54 ET]
Table 'Kastalia II' 6-max Seat #1 is the button
Seat 1: jimmysparks1 ($75.30 in chips) 
Seat 2: 50CandyJoe ($104.37 in chips) 
Seat 3: abramovich87 ($100.18 in chips) 
Seat 4: Mr.Gtk ($28.49 in chips) 
Seat 5: G.HANSEN333 ($100 in chips) 
Seat 6: MaRKiToScoK ($109.25 in chips) 
50CandyJoe: posts small blind $0.50
abramovich87: posts big blind $1
*** HOLE CARDS ***
Mr.Gtk: folds 
G.HANSEN333: folds 
MaRKiToScoK: folds 
Mr.Gtk leaves the table
jimmysparks1: folds 
50CandyJoe: raises $1.50 to $2.50
abramovich87: folds 
Uncalled bet ($1.50) returned to 50CandyJoe
50CandyJoe collected $2 from pot
50CandyJoe: doesn't show hand 
*** SUMMARY ***
Total pot $2 | Rake $0 
Seat 1: jimmysparks1 (button) folded before Flop (didn't bet)
Seat 2: 50CandyJoe (small blind) collected ($2)
Seat 3: abramovich87 (big blind) folded before Flop
Seat 4: Mr.Gtk folded before Flop (didn't bet)
Seat 5: G.HANSEN333 folded before Flop (didn't bet)
Seat 6: MaRKiToScoK folded before Flop (didn't bet)



PokerStars Hand #254202873115:  Hold'em No Limit ($0.50/$1.00 USD) - 2025/01/04 3:33:12 WET [2025/01/04 22:33:12 ET]
Table 'Kastalia II' 6-max Seat #2 is the button
Seat 1: jimmysparks1 ($75.30 in chips) 
Seat 2: 50CandyJoe ($105.37 in chips) 
Seat 3: abramovich87 ($100 in chips) 
Seat 5: G.HANSEN333 ($100 in chips) 
Seat 6: MaRKiToScoK ($109.25 in chips) 
abramovich87: posts small blind $0.50
G.HANSEN333: posts big blind $1
*** HOLE CARDS ***
MaRKiToScoK: raises $1.10 to $2.10
jimmysparks1: folds 
50CandyJoe: folds 
abramovich87: raises $9.90 to $12
G.HANSEN333: folds 
MaRKiToScoK: folds 
Uncalled bet ($9.90) returned to abramovich87
abramovich87 collected $5.20 from pot
abramovich87: doesn't show hand 
*** SUMMARY ***
Total pot $5.20 | Rake $0 
Seat 1: jimmysparks1 folded before Flop (didn't bet)
Seat 2: 50CandyJoe (button) folded before Flop (didn't bet)
Seat 3: abramovich87 (small blind) collected ($5.20)
Seat 5: G.HANSEN333 (big blind) folded before Flop
Seat 6: MaRKiToScoK folded before Flop



PokerStars Hand #254202877837:  Hold'em No Limit ($0.50/$1.00 USD) - 2025/01/04 3:33:45 WET [2025/01/04 22:33:45 ET]
Table 'Kastalia II' 6-max Seat #3 is the button
Seat 1: jimmysparks1 ($75.30 in chips) 
Seat 2: 50CandyJoe ($105.37 in chips) 
Seat 3: abramovich87 ($103.10 in chips) 
Seat 5: G.HANSEN333 ($100 in chips) 
Seat 6: MaRKiToScoK ($107.15 in chips) 
G.HANSEN333: posts small blind $0.50
MaRKiToScoK: posts big blind $1
*** HOLE CARDS ***
jimmysparks1: folds 
50CandyJoe: folds 
abramovich87: folds 
G.HANSEN333: folds 
Uncalled bet ($0.50) returned to MaRKiToScoK
MaRKiToScoK collected $1 from pot
*** SUMMARY ***
Total pot $1 | Rake $0 
Seat 1: jimmysparks1 folded before Flop (didn't bet)
Seat 2: 50CandyJoe folded before Flop (didn't bet)
Seat 3: abramovich87 (button) folded before Flop (didn't bet)
Seat 5: G.HANSEN333 (small blind) folded before Flop
Seat 6: MaRKiToScoK (big blind) collected ($1)



PokerStars Hand #254202879996:  Hold'em No Limit ($0.50/$1.00 USD) - 2025/01/04 3:34:00 WET [2025/01/04 22:34:00 ET]
Table 'Kastalia II' 6-max Seat #5 is the button
Seat 1: jimmysparks1 ($75.30 in chips) 
Seat 2: 50CandyJoe ($105.37 in chips) 
Seat 3: abramovich87 ($103.10 in chips) 
Seat 5: G.HANSEN333 ($100 in chips) 
Seat 6: MaRKiToScoK ($107.65 in chips) 
MaRKiToScoK: posts small blind $0.50
jimmysparks1: posts big blind $1
*** HOLE CARDS ***
50CandyJoe: raises $1.20 to $2.20
abramovich87: folds 
G.HANSEN333: folds 
MaRKiToScoK: folds 
jimmysparks1: calls $1.20
*** FLOP *** [Kc Ah 2h]
FithaHendog joins the table at seat #4 
jimmysparks1: checks 
abramovich87 leaves the table
50CandyJoe: bets $1.17
jimmysparks1: calls $1.17
*** TURN *** [Kc Ah 2h] [Th]
jimmysparks1: checks 
50CandyJoe: bets $5
jimmysparks1: folds 
Uncalled bet ($5) returned to 50CandyJoe
50CandyJoe collected $6.88 from pot
50CandyJoe: doesn't show hand 
*** SUMMARY ***
Total pot $7.24 | Rake $0.36 
Board [Kc Ah 2h Th]
Seat 1: jimmysparks1 (big blind) folded on the Turn
Seat 2: 50CandyJoe collected ($6.88)
Seat 3: abramovich87 folded before Flop (didn't bet)
Seat 5: G.HANSEN333 (button) folded before Flop (didn't bet)
Seat 6: MaRKiToScoK (small blind) folded before Flop



PokerStars Hand #254202886025:  Hold'em No Limit ($0.50/$1.00 USD) - 2025/01/04 3:34:42 WET [2025/01/04 22:34:42 ET]
Table 'Kastalia II' 6-max Seat #6 is the button
Seat 1: jimmysparks1 ($71.93 in chips) 
Seat 2: 50CandyJoe ($108.88 in chips) 
Seat 4: FithaHendog ($20.74 in chips) 
Seat 5: G.HANSEN333 ($100 in chips) 
Seat 6: MaRKiToScoK ($107.15 in chips) 
jimmysparks1: posts small blind $0.50
50CandyJoe: posts big blind $1
FithaHendog: posts big blind $1
*** HOLE CARDS ***
FithaHendog: checks 
G.HANSEN333: folds 
MaRKiToScoK: raises $2.50 to $3.50
jimmysparks1: calls $3
50CandyJoe: folds 
FithaHendog: folds 
*** FLOP *** [4h 4d Jh]
FithaHendog leaves the table
jimmysparks1: checks 
MaRKiToScoK: bets $2.82
jimmysparks1: calls $2.82
*** TURN *** [4h 4d Jh] [9c]
jimmysparks1: checks 
MaRKiToScoK: bets $10.93
jimmysparks1: folds 
Uncalled bet ($10.93) returned to MaRKiToScoK
MaRKiToScoK collected $13.91 from pot
*** SUMMARY ***
Total pot $14.64 | Rake $0.73 
Board [4h 4d Jh 9c]
Seat 1: jimmysparks1 (small blind) folded on the Turn
Seat 2: 50CandyJoe (big blind) folded before Flop
Seat 4: FithaHendog folded before Flop (didn't bet)
Seat 5: G.HANSEN333 folded before Flop (didn't bet)
Seat 6: MaRKiToScoK (button) collected ($13.91)



PokerStars Hand #254202894524:  Hold'em No Limit ($0.50/$1.00 USD) - 2025/01/04 3:35:41 WET [2025/01/04 22:35:41 ET]
Table 'Kastalia II' 6-max Seat #1 is the button
Seat 1: jimmysparks1 ($65.61 in chips) 
Seat 2: 50CandyJoe ($107.88 in chips) 
Seat 5: G.HANSEN333 ($100 in chips) 
Seat 6: MaRKiToScoK ($114.74 in chips) 
50CandyJoe: posts small blind $0.50
G.HANSEN333: posts big blind $1
*** HOLE CARDS ***
MaRKiToScoK: raises $1.20 to $2.20
jimmysparks1: folds 
50CandyJoe: folds 
G.HANSEN333: folds 
Uncalled bet ($1.20) returned to MaRKiToScoK
MaRKiToScoK collected $2.50 from pot
*** SUMMARY ***
Total pot $2.50 | Rake $0 
Seat 1: jimmysparks1 (button) folded before Flop (didn't bet)
Seat 2: 50CandyJoe (small blind) folded before Flop
Seat 5: G.HANSEN333 (big blind) folded before Flop
Seat 6: MaRKiToScoK collected ($2.50)



PokerStars Hand #254202896049:  Hold'em No Limit ($0.50/$1.00 USD) - 2025/01/04 3:35:51 WET [2025/01/04 22:35:51 ET]
Table 'Kastalia II' 6-max Seat #2 is the button
Seat 1: jimmysparks1 ($65.61 in chips) 
Seat 2: 50CandyJoe ($107.38 in chips) 
Seat 5: G.HANSEN333 ($100 in chips) 
Seat 6: MaRKiToScoK ($116.24 in chips) 
G.HANSEN333: posts small blind $0.50
MaRKiToScoK: posts big blind $1
*** HOLE CARDS ***
jimmysparks1: folds 
50CandyJoe: folds 
G.HANSEN333: folds 
Uncalled bet ($0.50) returned to MaRKiToScoK
MaRKiToScoK collected $1 from pot
*** SUMMARY ***
Total pot $1 | Rake $0 
Seat 1: jimmysparks1 folded before Flop (didn't bet)
Seat 2: 50CandyJoe (button) folded before Flop (didn't bet)
Seat 5: G.HANSEN333 (small blind) folded before Flop
Seat 6: MaRKiToScoK (big blind) collected ($1)



PokerStars Hand #254202898108:  Hold'em No Limit ($0.50/$1.00 USD) - 2025/01/04 3:36:05 WET [2025/01/04 22:36:05 ET]
Table 'Kastalia II' 6-max Seat #5 is the button
Seat 1: jimmysparks1 ($65.61 in chips) 
Seat 2: 50CandyJoe ($107.38 in chips) 
Seat 5: G.HANSEN333 ($100 in chips) 
Seat 6: MaRKiToScoK ($116.74 in chips) 
MaRKiToScoK: posts small blind $0.50
jimmysparks1: posts big blind $1
*** HOLE CARDS ***
50CandyJoe: raises $1.20 to $2.20
G.HANSEN333: folds 
MaRKiToScoK: folds 
jimmysparks1: folds 
Uncalled bet ($1.20) returned to 50CandyJoe
50CandyJoe collected $2.50 from pot
50CandyJoe: doesn't show hand 
*** SUMMARY ***
Total pot $2.50 | Rake $0 
Seat 1: jimmysparks1 (big blind) folded before Flop
Seat 2: 50CandyJoe collected ($2.50)
Seat 5: G.HANSEN333 (button) folded before Flop (didn't bet)
Seat 6: MaRKiToScoK (small blind) folded before Flop



PokerStars Hand #254202901152:  Hold'em No Limit ($0.50/$1.00 USD) - 2025/01/04 3:36:27 WET [2025/01/04 22:36:27 ET]
Table 'Kastalia II' 6-max Seat #6 is the button
Seat 1: jimmysparks1 ($64.61 in chips) 
Seat 2: 50CandyJoe ($108.88 in chips) 
Seat 5: G.HANSEN333 ($100 in chips) 
Seat 6: MaRKiToScoK ($116.24 in chips) 
jimmysparks1: posts small blind $0.50
50CandyJoe: posts big blind $1
*** HOLE CARDS ***
G.HANSEN333: folds 
MaRKiToScoK: folds 
jimmysparks1: folds 
Uncalled bet ($0.50) returned to 50CandyJoe
50CandyJoe collected $1 from pot
50CandyJoe: doesn't show hand 
*** SUMMARY ***
Total pot $1 | Rake $0 
Seat 1: jimmysparks1 (small blind) folded before Flop
Seat 2: 50CandyJoe (big blind) collected ($1)
Seat 5: G.HANSEN333 folded before Flop (didn't bet)
Seat 6: MaRKiToScoK (button) folded before Flop (didn't bet)



PokerStars Hand #254202904808:  Hold'em No Limit ($0.50/$1.00 USD) - 2025/01/04 3:36:52 WET [2025/01/04 22:36:52 ET]
Table 'Kastalia II' 6-max Seat #1 is the button
Seat 1: jimmysparks1 ($64.11 in chips) 
Seat 2: 50CandyJoe ($109.38 in chips) 
Seat 5: G.HANSEN333 ($100 in chips) 
Seat 6: MaRKiToScoK ($116.24 in chips) 
50CandyJoe: posts small blind $0.50
G.HANSEN333: posts big blind $1
*** HOLE CARDS ***
MaRKiToScoK: folds 
jimmysparks1: folds 
50CandyJoe: folds 
Uncalled bet ($0.50) returned to G.HANSEN333
G.HANSEN333 collected $1 from pot
G.HANSEN333: doesn't show hand 
*** SUMMARY ***
Total pot $1 | Rake $0 
Seat 1: jimmysparks1 (button) folded before Flop (didn't bet)
Seat 2: 50CandyJoe (small blind) folded before Flop
Seat 5: G.HANSEN333 (big blind) collected ($1)
Seat 6: MaRKiToScoK folded before Flop (didn't bet)



PokerStars Hand #254202910069:  Hold'em No Limit ($0.50/$1.00 USD) - 2025/01/04 3:37:30 WET [2025/01/04 22:37:30 ET]
Table 'Kastalia II' 6-max Seat #2 is the button
Seat 1: jimmysparks1 ($64.11 in chips) 
Seat 2: 50CandyJoe ($108.88 in chips) 
Seat 5: G.HANSEN333 ($100.50 in chips) 
Seat 6: MaRKiToScoK ($116.24 in chips) 
G.HANSEN333: posts small blind $0.50
MaRKiToScoK: posts big blind $1
*** HOLE CARDS ***
jimmysparks1: folds 
50CandyJoe: raises $1.50 to $2.50
G.HANSEN333: raises $8.50 to $11
MaRKiToScoK: folds 
50CandyJoe: folds 
Uncalled bet ($8.50) returned to G.HANSEN333
G.HANSEN333 collected $6 from pot
G.HANSEN333: doesn't show hand 
*** SUMMARY ***
Total pot $6 | Rake $0 
Seat 1: jimmysparks1 folded before Flop (didn't bet)
Seat 2: 50CandyJoe (button) folded before Flop
Seat 5: G.HANSEN333 (small blind) collected ($6)
Seat 6: MaRKiToScoK (big blind) folded before Flop



PokerStars Hand #254202913939:  Hold'em No Limit ($0.50/$1.00 USD) - 2025/01/04 3:37:57 WET [2025/01/04 22:37:57 ET]
Table 'Kastalia II' 6-max Seat #5 is the button
Seat 1: jimmysparks1 ($64.11 in chips) 
Seat 2: 50CandyJoe ($106.38 in chips) 
Seat 5: G.HANSEN333 ($104 in chips) 
Seat 6: MaRKiToScoK ($115.24 in chips) 
MaRKiToScoK: posts small blind $0.50
jimmysparks1: posts big blind $1
*** HOLE CARDS ***
50CandyJoe: folds 
G.HANSEN333: folds 
MaRKiToScoK: calls $0.50
jimmysparks1: raises $2 to $3
MaRKiToScoK: folds 
Uncalled bet ($2) returned to jimmysparks1
jimmysparks1 collected $2 from pot
*** SUMMARY ***
Total pot $2 | Rake $0 
Seat 1: jimmysparks1 (big blind) collected ($2)
Seat 2: 50CandyJoe folded before Flop (didn't bet)
Seat 5: G.HANSEN333 (button) folded before Flop (didn't bet)
Seat 6: MaRKiToScoK (small blind) folded before Flop



PokerStars Hand #254202916643:  Hold'em No Limit ($0.50/$1.00 USD) - 2025/01/04 3:38:16 WET [2025/01/04 22:38:16 ET]
Table 'Kastalia II' 6-max Seat #6 is the button
Seat 1: jimmysparks1 ($65.11 in chips) 
Seat 2: 50CandyJoe ($106.38 in chips) 
Seat 5: G.HANSEN333 ($104 in chips) 
Seat 6: MaRKiToScoK ($114.24 in chips) 
jimmysparks1: posts small blind $0.50
50CandyJoe: posts big blind $1
*** HOLE CARDS ***
G.HANSEN333: folds 
MaRKiToScoK: folds 
jimmysparks1: folds 
Uncalled bet ($0.50) returned to 50CandyJoe
50CandyJoe collected $1 from pot
50CandyJoe: doesn't show hand 
*** SUMMARY ***
Total pot $1 | Rake $0 
Seat 1: jimmysparks1 (small blind) folded before Flop
Seat 2: 50CandyJoe (big blind) collected ($1)
Seat 5: G.HANSEN333 folded before Flop (didn't bet)
Seat 6: MaRKiToScoK (button) folded before Flop (didn't bet)



PokerStars Hand #254202917863:  Hold'em No Limit ($0.50/$1.00 USD) - 2025/01/04 3:38:24 WET [2025/01/04 22:38:24 ET]
Table 'Kastalia II' 6-max Seat #1 is the button
Seat 1: jimmysparks1 ($64.61 in chips) 
Seat 2: 50CandyJoe ($106.88 in chips) 
Seat 5: G.HANSEN333 ($104 in chips) 
Seat 6: MaRKiToScoK ($114.24 in chips) 
50CandyJoe: posts small blind $0.50
G.HANSEN333: posts big blind $1
*** HOLE CARDS ***
MaRKiToScoK: folds 
jimmysparks1: folds 
Manifestorr joins the table at seat #3 
50CandyJoe: folds 
Uncalled bet ($0.50) returned to G.HANSEN333
G.HANSEN333 collected $1 from pot
G.HANSEN333: doesn't show hand 
*** SUMMARY ***
Total pot $1 | Rake $0 
Seat 1: jimmysparks1 (button) folded before Flop (didn't bet)
Seat 2: 50CandyJoe (small blind) folded before Flop
Seat 5: G.HANSEN333 (big blind) collected ($1)
Seat 6: MaRKiToScoK folded before Flop (didn't bet)



PokerStars Hand #254202919293:  Hold'em No Limit ($0.50/$1.00 USD) - 2025/01/04 3:38:34 WET [2025/01/04 22:38:34 ET]
Table 'Kastalia II' 6-max Seat #2 is the button
Seat 3: Manifestorr ($102.46 in chips) is sitting out
Seat 1: jimmysparks1 ($64.61 in chips) 
Seat 2: 50CandyJoe ($106.38 in chips) 
Seat 5: G.HANSEN333 ($104.50 in chips) 
Seat 6: MaRKiToScoK ($114.24 in chips) 
G.HANSEN333: posts small blind $0.50
MaRKiToScoK: posts big blind $1
*** HOLE CARDS ***
jimmysparks1: folds 
50CandyJoe: folds 
G.HANSEN333: folds 
Uncalled bet ($0.50) returned to MaRKiToScoK
MaRKiToScoK collected $1 from pot
*** SUMMARY ***
Total pot $1 | Rake $0 
Seat 3: Manifestorr
Seat 1: jimmysparks1 folded before Flop (didn't bet)
Seat 2: 50CandyJoe (button) folded before Flop (didn't bet)
Seat 5: G.HANSEN333 (small blind) folded before Flop
Seat 6: MaRKiToScoK (big blind) collected ($1)



PokerStars Hand #254202921187:  Hold'em No Limit ($0.50/$1.00 USD) - 2025/01/04 3:38:47 WET [2025/01/04 22:38:47 ET]
Table 'Kastalia II' 6-max Seat #5 is the button
Seat 3: Manifestorr ($102.46 in chips) is sitting out
Seat 1: jimmysparks1 ($64.61 in chips) 
Seat 2: 50CandyJoe ($106.38 in chips) 
Seat 5: G.HANSEN333 ($104 in chips) 
Seat 6: MaRKiToScoK ($114.74 in chips) 
MaRKiToScoK: posts small blind $0.50
jimmysparks1: posts big blind $1
Manifestorr: sits out 
*** HOLE CARDS ***
50CandyJoe: raises $1.20 to $2.20
G.HANSEN333: folds 
MaRKiToScoK: calls $1.70
jimmysparks1: folds 
*** FLOP *** [2d Kd 9c]
MaRKiToScoK: checks 
50CandyJoe: bets $2.56
MaRKiToScoK: folds 
Uncalled bet ($2.56) returned to 50CandyJoe
50CandyJoe collected $5.13 from pot
50CandyJoe: doesn't show hand 
*** SUMMARY ***
Total pot $5.40 | Rake $0.27 
Board [2d Kd 9c]
Seat 3: Manifestorr
Seat 1: jimmysparks1 (big blind) folded before Flop
Seat 2: 50CandyJoe collected ($5.13)
Seat 5: G.HANSEN333 (button) folded before Flop (didn't bet)
Seat 6: MaRKiToScoK (small blind) folded on the Flop



PokerStars Hand #254202926376:  Hold'em No Limit ($0.50/$1.00 USD) - 2025/01/04 3:39:24 WET [2025/01/04 22:39:24 ET]
Table 'Kastalia II' 6-max Seat #6 is the button
Seat 1: jimmysparks1 ($63.61 in chips) 
Seat 3: Manifestorr ($102.46 in chips) 
Seat 5: G.HANSEN333 ($104 in chips) 
Seat 6: MaRKiToScoK ($112.54 in chips) 
jimmysparks1: posts small blind $0.50
Manifestorr: posts big blind $1
*** HOLE CARDS ***
G.HANSEN333: folds 
MaRKiToScoK: raises $1.50 to $2.50
jimmysparks1: folds 
Manifestorr: folds 
Uncalled bet ($1.50) returned to MaRKiToScoK
MaRKiToScoK collected $2.50 from pot
*** SUMMARY ***
Total pot $2.50 | Rake $0 
Seat 1: jimmysparks1 (small blind) folded before Flop
Seat 3: Manifestorr (big blind) folded before Flop
Seat 5: G.HANSEN333 folded before Flop (didn't bet)
Seat 6: MaRKiToScoK (button) collected ($2.50)



PokerStars Hand #254202928453:  Hold'em No Limit ($0.50/$1.00 USD) - 2025/01/04 3:39:39 WET [2025/01/04 22:39:39 ET]
Table 'Kastalia II' 6-max Seat #1 is the button
Seat 1: jimmysparks1 ($63.11 in chips) 
Seat 3: Manifestorr ($101.46 in chips) 
Seat 5: G.HANSEN333 ($104 in chips) 
Seat 6: MaRKiToScoK ($114.04 in chips) 
Manifestorr: posts small blind $0.50
G.HANSEN333: posts big blind $1
*** HOLE CARDS ***
MaRKiToScoK: raises $1.20 to $2.20
jimmysparks1: folds 
Manifestorr: folds 
G.HANSEN333: folds 
Uncalled bet ($1.20) returned to MaRKiToScoK
MaRKiToScoK collected $2.50 from pot
*** SUMMARY ***
Total pot $2.50 | Rake $0 
Seat 1: jimmysparks1 (button) folded before Flop (didn't bet)
Seat 3: Manifestorr (small blind) folded before Flop
Seat 5: G.HANSEN333 (big blind) folded before Flop
Seat 6: MaRKiToScoK collected ($2.50)



PokerStars Hand #254202930249:  Hold'em No Limit ($0.50/$1.00 USD) - 2025/01/04 3:39:51 WET [2025/01/04 22:39:51 ET]
Table 'Kastalia II' 6-max Seat #3 is the button
Seat 1: jimmysparks1 ($63.11 in chips) 
Seat 3: Manifestorr ($100.96 in chips) 
Seat 5: G.HANSEN333 ($103 in chips) 
Seat 6: MaRKiToScoK ($115.54 in chips) 
G.HANSEN333: posts small blind $0.50
MaRKiToScoK: posts big blind $1
*** HOLE CARDS ***
jimmysparks1: folds 
Manifestorr: folds 
G.HANSEN333: folds 
Uncalled bet ($0.50) returned to MaRKiToScoK
MaRKiToScoK collected $1 from pot
*** SUMMARY ***
Total pot $1 | Rake $0 
Seat 1: jimmysparks1 folded before Flop (didn't bet)
Seat 3: Manifestorr (button) folded before Flop (didn't bet)
Seat 5: G.HANSEN333 (small blind) folded before Flop
Seat 6: MaRKiToScoK (big blind) collected ($1)



PokerStars Hand #254202931887:  Hold'em No Limit ($0.50/$1.00 USD) - 2025/01/04 3:40:03 WET [2025/01/04 22:40:03 ET]
Table 'Kastalia II' 6-max Seat #5 is the button
Seat 1: jimmysparks1 ($63.11 in chips) 
Seat 3: Manifestorr ($100.96 in chips) 
Seat 5: G.HANSEN333 ($102.50 in chips) 
Seat 6: MaRKiToScoK ($116.04 in chips) 
MaRKiToScoK: posts small blind $0.50
jimmysparks1: posts big blind $1
*** HOLE CARDS ***
Manifestorr: raises $1.20 to $2.20
G.HANSEN333: folds 
MaRKiToScoK: calls $1.70
jimmysparks1: calls $1.20
*** FLOP *** [Ah 9c 7s]
MaRKiToScoK: checks 
jimmysparks1: bets $3
Manifestorr: calls $3
MaRKiToScoK: raises $9.75 to $12.75
jimmysparks1: folds 
Manifestorr: folds 
Uncalled bet ($9.75) returned to MaRKiToScoK
MaRKiToScoK collected $14.82 from pot
*** SUMMARY ***
Total pot $15.60 | Rake $0.78 
Board [Ah 9c 7s]
Seat 1: jimmysparks1 (big blind) folded on the Flop
Seat 3: Manifestorr folded on the Flop
Seat 5: G.HANSEN333 (button) folded before Flop (didn't bet)
Seat 6: MaRKiToScoK (small blind) collected ($14.82)



PokerStars Hand #254202941077:  Hold'em No Limit ($0.50/$1.00 USD) - 2025/01/04 3:41:08 WET [2025/01/04 22:41:08 ET]
Table 'Kastalia II' 6-max Seat #6 is the button
Seat 1: jimmysparks1 ($57.91 in chips) 
Seat 3: Manifestorr ($100 in chips) 
Seat 5: G.HANSEN333 ($102.50 in chips) 
Seat 6: MaRKiToScoK ($125.66 in chips) 
jimmysparks1: posts small blind $0.50
Manifestorr: posts big blind $1
*** HOLE CARDS ***
G.HANSEN333: folds 
MaRKiToScoK: raises $1.50 to $2.50
jimmysparks1: folds 
Manifestorr: calls $1.50
*** FLOP *** [2s Ah Jd]
Manifestorr: checks 
MaRKiToScoK: bets $1.57
Manifestorr: calls $1.57
*** TURN *** [2s Ah Jd] [7c]
Manifestorr: checks 
MaRKiToScoK: checks 
*** RIVER *** [2s Ah Jd 7c] [Tc]
Manifestorr: checks 
MaRKiToScoK: checks 
*** SHOW DOWN ***
Manifestorr: shows [Ad 7h] (two pair, Aces and Sevens)
MaRKiToScoK: mucks hand 
Manifestorr collected $8.21 from pot
*** SUMMARY ***
Total pot $8.64 | Rake $0.43 
Board [2s Ah Jd 7c Tc]
Seat 1: jimmysparks1 (small blind) folded before Flop
Seat 3: Manifestorr (big blind) showed [Ad 7h] and won ($8.21) with two pair, Aces and Sevens
Seat 5: G.HANSEN333 folded before Flop (didn't bet)
Seat 6: MaRKiToScoK (button) mucked



PokerStars Hand #254202947759:  Hold'em No Limit ($0.50/$1.00 USD) - 2025/01/04 3:41:55 WET [2025/01/04 22:41:55 ET]
Table 'Kastalia II' 6-max Seat #1 is the button
Seat 1: jimmysparks1 ($57.41 in chips) 
Seat 3: Manifestorr ($104.14 in chips) 
Seat 5: G.HANSEN333 ($102.50 in chips) 
Seat 6: MaRKiToScoK ($121.59 in chips) 
Manifestorr: posts small blind $0.50
G.HANSEN333: posts big blind $1
*** HOLE CARDS ***
MaRKiToScoK: folds 
jimmysparks1: folds 
Manifestorr: folds 
Uncalled bet ($0.50) returned to G.HANSEN333
G.HANSEN333 collected $1 from pot
G.HANSEN333: doesn't show hand 
*** SUMMARY ***
Total pot $1 | Rake $0 
Seat 1: jimmysparks1 (button) folded before Flop (didn't bet)
Seat 3: Manifestorr (small blind) folded before Flop
Seat 5: G.HANSEN333 (big blind) collected ($1)
Seat 6: MaRKiToScoK folded before Flop (didn't bet)



PokerStars Hand #254202949395:  Hold'em No Limit ($0.50/$1.00 USD) - 2025/01/04 3:42:06 WET [2025/01/04 22:42:06 ET]
Table 'Kastalia II' 6-max Seat #3 is the button
Seat 1: jimmysparks1 ($57.41 in chips) 
Seat 3: Manifestorr ($103.64 in chips) 
Seat 5: G.HANSEN333 ($103 in chips) 
Seat 6: MaRKiToScoK ($121.59 in chips) 
G.HANSEN333: posts small blind $0.50
MaRKiToScoK: posts big blind $1
*** HOLE CARDS ***
jimmysparks1: folds 
Manifestorr: folds 
G.HANSEN333: folds 
Uncalled bet ($0.50) returned to MaRKiToScoK
MaRKiToScoK collected $1 from pot
*** SUMMARY ***
Total pot $1 | Rake $0 
Seat 1: jimmysparks1 folded before Flop (didn't bet)
Seat 3: Manifestorr (button) folded before Flop (didn't bet)
Seat 5: G.HANSEN333 (small blind) folded before Flop
Seat 6: MaRKiToScoK (big blind) collected ($1)



PokerStars Hand #254202951146:  Hold'em No Limit ($0.50/$1.00 USD) - 2025/01/04 3:42:18 WET [2025/01/04 22:42:18 ET]
Table 'Kastalia II' 6-max Seat #5 is the button
Seat 1: jimmysparks1 ($57.41 in chips) 
Seat 3: Manifestorr ($103.64 in chips) 
Seat 5: G.HANSEN333 ($102.50 in chips) 
Seat 6: MaRKiToScoK ($122.09 in chips) 
MaRKiToScoK: posts small blind $0.50
jimmysparks1: posts big blind $1
*** HOLE CARDS ***
Manifestorr: raises $1.20 to $2.20
G.HANSEN333: folds 
MaRKiToScoK: folds 
jimmysparks1: folds 
Uncalled bet ($1.20) returned to Manifestorr
Manifestorr collected $2.50 from pot
*** SUMMARY ***
Total pot $2.50 | Rake $0 
Seat 1: jimmysparks1 (big blind) folded before Flop
Seat 3: Manifestorr collected ($2.50)
Seat 5: G.HANSEN333 (button) folded before Flop (didn't bet)
Seat 6: MaRKiToScoK (small blind) folded before Flop



PokerStars Hand #254202954029:  Hold'em No Limit ($0.50/$1.00 USD) - 2025/01/04 3:42:39 WET [2025/01/04 22:42:39 ET]
Table 'Kastalia II' 6-max Seat #6 is the button
Seat 1: jimmysparks1 ($56.41 in chips) 
Seat 3: Manifestorr ($105.14 in chips) 
Seat 5: G.HANSEN333 ($102.50 in chips) 
Seat 6: MaRKiToScoK ($121.59 in chips) 
jimmysparks1: posts small blind $0.50
Manifestorr: posts big blind $1
*** HOLE CARDS ***
G.HANSEN333: folds 
MaRKiToScoK: raises $1.50 to $2.50
jimmysparks1: folds 
Manifestorr: folds 
Uncalled bet ($1.50) returned to MaRKiToScoK
MaRKiToScoK collected $2.50 from pot
*** SUMMARY ***
Total pot $2.50 | Rake $0 
Seat 1: jimmysparks1 (small blind) folded before Flop
Seat 3: Manifestorr (big blind) folded before Flop
Seat 5: G.HANSEN333 folded before Flop (didn't bet)
Seat 6: MaRKiToScoK (button) collected ($2.50)



PokerStars Hand #254202956667:  Hold'em No Limit ($0.50/$1.00 USD) - 2025/01/04 3:42:57 WET [2025/01/04 22:42:57 ET]
Table 'Kastalia II' 6-max Seat #1 is the button
Seat 1: jimmysparks1 ($55.91 in chips) 
Seat 3: Manifestorr ($104.14 in chips) 
Seat 5: G.HANSEN333 ($102.50 in chips) 
Seat 6: MaRKiToScoK ($123.09 in chips) 
Manifestorr: posts small blind $0.50
G.HANSEN333: posts big blind $1
*** HOLE CARDS ***
MaRKiToScoK: folds 
jimmysparks1: raises $2 to $3
Manifestorr: raises $9 to $12
G.HANSEN333: folds 
jimmysparks1: calls $9
*** FLOP *** [Tc 4c Qh]
Manifestorr: bets $8.42
jimmysparks1: raises $10.42 to $18.84
Manifestorr: raises $73.30 to $92.14 and is all-in
jimmysparks1: folds 
Uncalled bet ($73.30) returned to Manifestorr
Manifestorr collected $61.68 from pot
*** SUMMARY ***
Total pot $62.68 | Rake $1 
Board [Tc 4c Qh]
Seat 1: jimmysparks1 (button) folded on the Flop
Seat 3: Manifestorr (small blind) collected ($61.68)
Seat 5: G.HANSEN333 (big blind) folded before Flop
Seat 6: MaRKiToScoK folded before Flop (didn't bet)



PokerStars Hand #254202966636:  Hold'em No Limit ($0.50/$1.00 USD) - 2025/01/04 3:44:08 WET [2025/01/04 22:44:08 ET]
Table 'Kastalia II' 6-max Seat #3 is the button
Seat 1: jimmysparks1 ($25.07 in chips) 
Seat 3: Manifestorr ($134.98 in chips) 
Seat 5: G.HANSEN333 ($101.50 in chips) 
Seat 6: MaRKiToScoK ($123.09 in chips) 
G.HANSEN333: posts small blind $0.50
MaRKiToScoK: posts big blind $1
*** HOLE CARDS ***
jimmysparks1: folds 
Manifestorr: folds 
G.HANSEN333: folds 
Uncalled bet ($0.50) returned to MaRKiToScoK
MaRKiToScoK collected $1 from pot
*** SUMMARY ***
Total pot $1 | Rake $0 
Seat 1: jimmysparks1 folded before Flop (didn't bet)
Seat 3: Manifestorr (button) folded before Flop (didn't bet)
Seat 5: G.HANSEN333 (small blind) folded before Flop
Seat 6: MaRKiToScoK (big blind) collected ($1)



PokerStars Hand #254202967741:  Hold'em No Limit ($0.50/$1.00 USD) - 2025/01/04 3:44:16 WET [2025/01/04 22:44:16 ET]
Table 'Kastalia II' 6-max Seat #5 is the button
Seat 1: jimmysparks1 ($25.07 in chips) 
Seat 3: Manifestorr ($134.98 in chips) 
Seat 5: G.HANSEN333 ($101 in chips) 
Seat 6: MaRKiToScoK ($123.59 in chips) 
MaRKiToScoK: posts small blind $0.50
jimmysparks1: posts big blind $1
*** HOLE CARDS ***
Manifestorr: folds 
G.HANSEN333: folds 
MaRKiToScoK: calls $0.50
jimmysparks1: checks 
*** FLOP *** [5h Ac 8c]
MaRKiToScoK: bets $1
jimmysparks1: calls $1
*** TURN *** [5h Ac 8c] [Ks]
MaRKiToScoK: bets $2.85
jimmysparks1: folds 
Uncalled bet ($2.85) returned to MaRKiToScoK
MaRKiToScoK collected $3.80 from pot
*** SUMMARY ***
Total pot $4 | Rake $0.20 
Board [5h Ac 8c Ks]
Seat 1: jimmysparks1 (big blind) folded on the Turn
Seat 3: Manifestorr folded before Flop (didn't bet)
Seat 5: G.HANSEN333 (button) folded before Flop (didn't bet)
Seat 6: MaRKiToScoK (small blind) collected ($3.80)



PokerStars Hand #254202975331:  Hold'em No Limit ($0.50/$1.00 USD) - 2025/01/04 3:45:10 WET [2025/01/04 22:45:10 ET]
Table 'Kastalia II' 6-max Seat #3 is the button
Seat 5: G.HANSEN333 ($101 in chips) is sitting out
Seat 1: jimmysparks1 ($23.07 in chips) 
Seat 3: Manifestorr ($134.98 in chips) 
Manifestorr: posts small blind $0.50
G.HANSEN333: is sitting out 
jimmysparks1: posts big blind $1
*** HOLE CARDS ***
Manifestorr: folds 
Uncalled bet ($0.50) returned to jimmysparks1
jimmysparks1 collected $1 from pot
G.HANSEN333 leaves the table
*** SUMMARY ***
Total pot $1 | Rake $0 
Seat 5: G.HANSEN333
Seat 1: jimmysparks1 (big blind) collected ($1)
Seat 3: Manifestorr (button) (small blind) folded before Flop



PokerStars Hand #254203050140:  Hold'em No Limit ($0.50/$1.00 USD) - 2025/01/04 3:54:25 WET [2025/01/04 22:54:25 ET]
Table 'Kastalia II' 6-max Seat #1 is the button
Seat 1: Manifestorr ($134.48 in chips) 
Seat 3: G.Andrei95 ($118 in chips) 
Manifestorr: posts small blind $0.50
G.Andrei95: posts big blind $1
*** HOLE CARDS ***
Manifestorr: raises $1 to $2
G.Andrei95: folds 
Uncalled bet ($1) returned to Manifestorr
Manifestorr collected $2 from pot
*** SUMMARY ***
Total pot $2 | Rake $0 
Seat 1: Manifestorr (button) (small blind) collected ($2)
Seat 3: G.Andrei95 (big blind) folded before Flop



PokerStars Hand #254203051321:  Hold'em No Limit ($0.50/$1.00 USD) - 2025/01/04 3:54:34 WET [2025/01/04 22:54:34 ET]
Table 'Kastalia II' 6-max Seat #3 is the button
Seat 1: Manifestorr ($135.48 in chips) 
Seat 3: G.Andrei95 ($117 in chips) 
G.Andrei95: posts small blind $0.50
Manifestorr: posts big blind $1
*** HOLE CARDS ***
G.Andrei95: raises $1.50 to $2.50
Manifestorr: folds 
Uncalled bet ($1.50) returned to G.Andrei95
G.Andrei95 collected $2 from pot
G.Andrei95: doesn't show hand 
*** SUMMARY ***
Total pot $2 | Rake $0 
Seat 1: Manifestorr (big blind) folded before Flop
Seat 3: G.Andrei95 (button) (small blind) collected ($2)



PokerStars Hand #254203055971:  Hold'em No Limit ($0.50/$1.00 USD) - 2025/01/04 3:55:10 WET [2025/01/04 22:55:10 ET]
Table 'Kastalia II' 6-max Seat #6 is the button
Seat 1: Manifestorr ($134.48 in chips) 
Seat 2: Gfoer ($100 in chips) 
Seat 6: paddymick1 ($70 in chips) 
Manifestorr: posts small blind $0.50
Gfoer: posts big blind $1
*** HOLE CARDS ***
paddymick1: raises $2 to $3
Manifestorr: raises $9 to $12
Gfoer: folds 
Rysiff joins the table at seat #3 
paddymick1: calls $9
*** FLOP *** [2c 3h Kc]
LuckyShikari joins the table at seat #4 
7bekon7 joins the table at seat #5 
Manifestorr: bets $18
paddymick1: raises $40 to $58 and is all-in
Manifestorr: calls $40
*** TURN *** [2c 3h Kc] [5c]
*** RIVER *** [2c 3h Kc 5c] [4d]
*** SHOW DOWN ***
Manifestorr: shows [Td Kd] (a pair of Kings)
paddymick1: shows [Js 9s] (high card King)
Manifestorr collected $140 from pot
*** SUMMARY ***
Total pot $141 | Rake $1 
Board [2c 3h Kc 5c 4d]
Seat 1: Manifestorr (small blind) showed [Td Kd] and won ($140) with a pair of Kings
Seat 2: Gfoer (big blind) folded before Flop
Seat 6: paddymick1 (button) showed [Js 9s] and lost with high card King



PokerStars Hand #254203061860:  Hold'em No Limit ($0.50/$1.00 USD) - 2025/01/04 3:56:03 WET [2025/01/04 22:56:03 ET]
Table 'Kastalia II' 6-max Seat #1 is the button
Seat 4: LuckyShikari ($100 in chips) is sitting out
Seat 5: 7bekon7 ($100 in chips) is sitting out
Seat 6: paddymick1 ($0 in chips) is sitting out
Seat 1: Manifestorr ($204.48 in chips) 
Seat 2: Gfoer ($100 in chips) 
Seat 3: Rysiff ($100 in chips) 
Gfoer: posts small blind $0.50
Rysiff: posts big blind $1
LuckyShikari: sits out 
7bekon7: sits out 
*** HOLE CARDS ***
Manifestorr: raises $1.20 to $2.20
paddymick1 leaves the table
Gfoer: folds 
Rysiff: folds 
Uncalled bet ($1.20) returned to Manifestorr
Manifestorr collected $2.50 from pot
*** SUMMARY ***
Total pot $2.50 | Rake $0 
Seat 4: LuckyShikari
Seat 5: 7bekon7
Seat 6: paddymick1
Seat 1: Manifestorr (button) collected ($2.50)
Seat 2: Gfoer (small blind) folded before Flop
Seat 3: Rysiff (big blind) folded before Flop



