PokerStars Hand #254198340036:  Hold'em No Limit ($0.50/$1.00 USD) - 2025/01/04 22:35:55 WET [2025/01/04 17:35:55 ET]
Table 'Pamina II' 6-max Seat #2 is the button
Seat 4: uuzka ($100 in chips) is sitting out
Seat 2: tintin641 ($100 in chips) 
Seat 6: Supermegopro ($100 in chips) 
tintin641: posts small blind $0.50
Supermegopro: posts big blind $1
*** HOLE CARDS ***
tintin641: raises $1.50 to $2.50
Supermegopro: raises $9.50 to $12
tintin641: raises $14 to $26
Supermegopro: raises $74 to $100 and is all-in
tintin641: calls $74 and is all-in
*** FLOP *** [Tc 9h 8s]
*** TURN *** [Tc 9h 8s] [Kh]
*** RIVER *** [Tc 9h 8s Kh] [8c]
*** SHOW DOWN ***
Supermegopro: shows [Kd Ah] (two pair, Kings and Eights)
tintin641: shows [Kc Ac] (two pair, Kings and Eights)
Supermegopro collected $99.50 from pot
tintin641 collected $99.50 from pot
*** SUMMARY ***
Total pot $200 | Rake $1 
Board [Tc 9h 8s Kh 8c]
Seat 4: uuzka
Seat 2: tintin641 (button) (small blind) showed [Kc Ac] and won ($99.50) with two pair, Kings and Eights
Seat 6: Supermegopro (big blind) showed [Kd Ah] and won ($99.50) with two pair, Kings and Eights



PokerStars Hand #254198351270:  Hold'em No Limit ($0.50/$1.00 USD) - 2025/01/04 22:36:29 WET [2025/01/04 17:36:29 ET]
Table 'Pamina II' 6-max Seat #6 is the button
Seat 4: uuzka ($100 in chips) is sitting out
Seat 2: tintin641 ($100 in chips) 
Seat 6: Supermegopro ($100 in chips) 
Supermegopro: posts small blind $0.50
tintin641: posts big blind $1
*** HOLE CARDS ***
Supermegopro: folds 
Uncalled bet ($0.50) returned to tintin641
tintin641 collected $1 from pot
tintin641: doesn't show hand 
*** SUMMARY ***
Total pot $1 | Rake $0 
Seat 4: uuzka
Seat 2: tintin641 (big blind) collected ($1)
Seat 6: Supermegopro (button) (small blind) folded before Flop



PokerStars Hand #254198353520:  Hold'em No Limit ($0.50/$1.00 USD) - 2025/01/04 22:36:36 WET [2025/01/04 17:36:36 ET]
Table 'Pamina II' 6-max Seat #2 is the button
Seat 4: uuzka ($100 in chips) is sitting out
Seat 2: tintin641 ($100.50 in chips) 
Seat 6: Supermegopro ($100 in chips) 
tintin641: posts small blind $0.50
Supermegopro: posts big blind $1
*** HOLE CARDS ***
dsoncha joins the table at seat #5 
dsoncha is disconnected 
vadjkeee joins the table at seat #3 
tintin641: folds 
Uncalled bet ($0.50) returned to Supermegopro
Supermegopro collected $1 from pot
G.Andrei95 joins the table at seat #1 
Supermegopro: doesn't show hand 
*** SUMMARY ***
Total pot $1 | Rake $0 
Seat 4: uuzka
Seat 2: tintin641 (button) (small blind) folded before Flop
Seat 6: Supermegopro (big blind) collected ($1)



PokerStars Hand #254198356022:  Hold'em No Limit ($0.50/$1.00 USD) - 2025/01/04 22:36:43 WET [2025/01/04 17:36:43 ET]
Table 'Pamina II' 6-max Seat #6 is the button
Seat 1: G.Andrei95 ($100 in chips) is sitting out
Seat 4: uuzka ($100 in chips) is sitting out
Seat 5: dsoncha ($84.72 in chips) is sitting out
Seat 2: tintin641 ($100 in chips) 
Seat 3: vadjkeee ($100 in chips) 
Seat 6: Supermegopro ($100.50 in chips) 
tintin641: posts small blind $0.50
vadjkeee: posts big blind $1
dsoncha: sits out 
*** HOLE CARDS ***
Supermegopro: raises $1.50 to $2.50
tintin641: folds 
vadjkeee: raises $9.50 to $12
Supermegopro: calls $9.50
*** FLOP *** [Qs 9s Js]
vadjkeee: bets $5.88
Supermegopro: calls $5.88
*** TURN *** [Qs 9s Js] [Th]
vadjkeee: checks 
Supermegopro: checks 
*** RIVER *** [Qs 9s Js Th] [2h]
vadjkeee: checks 
Supermegopro: checks 
*** SHOW DOWN ***
vadjkeee: shows [Ah Tc] (a pair of Tens)
Supermegopro: shows [Td Ts] (three of a kind, Tens)
Supermegopro collected $35.26 from pot
*** SUMMARY ***
Total pot $36.26 | Rake $1 
Board [Qs 9s Js Th 2h]
Seat 1: G.Andrei95
Seat 4: uuzka
Seat 5: dsoncha
Seat 2: tintin641 (small blind) folded before Flop
Seat 3: vadjkeee (big blind) showed [Ah Tc] and lost with a pair of Tens
Seat 6: Supermegopro (button) showed [Td Ts] and won ($35.26) with three of a kind, Tens



PokerStars Hand #254198374022:  Hold'em No Limit ($0.50/$1.00 USD) - 2025/01/04 22:37:39 WET [2025/01/04 17:37:39 ET]
Table 'Pamina II' 6-max Seat #2 is the button
Seat 1: G.Andrei95 ($100 in chips) is sitting out
Seat 5: dsoncha ($84.72 in chips) is sitting out
Seat 2: tintin641 ($100 in chips) 
Seat 3: vadjkeee ($100 in chips) 
Seat 4: uuzka ($100 in chips) 
Seat 6: Supermegopro ($117.88 in chips) 
vadjkeee: posts small blind $0.50
uuzka: posts big blind $1
dsoncha: sits out 
G.Andrei95: sits out 
*** HOLE CARDS ***
Supermegopro: folds 
tintin641: folds 
vadjkeee: folds 
Uncalled bet ($0.50) returned to uuzka
uuzka collected $1 from pot
uuzka: doesn't show hand 
*** SUMMARY ***
Total pot $1 | Rake $0 
Seat 1: G.Andrei95
Seat 5: dsoncha
Seat 2: tintin641 (button) folded before Flop (didn't bet)
Seat 3: vadjkeee (small blind) folded before Flop
Seat 4: uuzka (big blind) collected ($1)
Seat 6: Supermegopro folded before Flop (didn't bet)



PokerStars Hand #254198378081:  Hold'em No Limit ($0.50/$1.00 USD) - 2025/01/04 22:37:51 WET [2025/01/04 17:37:51 ET]
Table 'Pamina II' 6-max Seat #3 is the button
Seat 1: G.Andrei95 ($100 in chips) is sitting out
Seat 2: tintin641 ($100 in chips) 
Seat 3: vadjkeee ($100 in chips) 
Seat 4: uuzka ($100.50 in chips) 
Seat 5: dsoncha ($84.72 in chips) 
Seat 6: Supermegopro ($117.88 in chips) 
uuzka: posts small blind $0.50
dsoncha: posts big blind $1
G.Andrei95: sits out 
*** HOLE CARDS ***
Supermegopro: folds 
tintin641: raises $1.50 to $2.50
vadjkeee: folds 
uuzka: calls $2
dsoncha: calls $1.50
*** FLOP *** [Kd 4s Ts]
uuzka: checks 
dsoncha: checks 
tintin641: checks 
*** TURN *** [Kd 4s Ts] [Td]
uuzka: checks 
dsoncha: checks 
tintin641: checks 
*** RIVER *** [Kd 4s Ts Td] [Kh]
uuzka: checks 
dsoncha: bets $4.20
tintin641: calls $4.20
uuzka: folds 
*** SHOW DOWN ***
dsoncha: shows [Ac 9c] (two pair, Kings and Tens)
tintin641: shows [Ah 8h] (two pair, Kings and Tens)
dsoncha collected $7.55 from pot
tintin641 collected $7.55 from pot
*** SUMMARY ***
Total pot $15.90 | Rake $0.80 
Board [Kd 4s Ts Td Kh]
Seat 1: G.Andrei95
Seat 2: tintin641 showed [Ah 8h] and won ($7.55) with two pair, Kings and Tens
Seat 3: vadjkeee (button) folded before Flop (didn't bet)
Seat 4: uuzka (small blind) folded on the River
Seat 5: dsoncha (big blind) showed [Ac 9c] and won ($7.55) with two pair, Kings and Tens
Seat 6: Supermegopro folded before Flop (didn't bet)



PokerStars Hand #254198413227:  Hold'em No Limit ($0.50/$1.00 USD) - 2025/01/04 22:39:39 WET [2025/01/04 17:39:39 ET]
Table 'Pamina II' 6-max Seat #4 is the button
Seat 1: G.Andrei95 ($100 in chips) is sitting out
Seat 2: tintin641 ($100.85 in chips) 
Seat 3: vadjkeee ($100 in chips) 
Seat 4: uuzka ($100 in chips) 
Seat 5: dsoncha ($85.57 in chips) 
Seat 6: Supermegopro ($117.88 in chips) 
dsoncha: posts small blind $0.50
Supermegopro: posts big blind $1
G.Andrei95: sits out 
*** HOLE CARDS ***
tintin641: folds 
vadjkeee: folds 
uuzka: raises $1.50 to $2.50
dsoncha: folds 
Supermegopro: folds 
Uncalled bet ($1.50) returned to uuzka
uuzka collected $2.50 from pot
uuzka: doesn't show hand 
*** SUMMARY ***
Total pot $2.50 | Rake $0 
Seat 1: G.Andrei95
Seat 2: tintin641 folded before Flop (didn't bet)
Seat 3: vadjkeee folded before Flop (didn't bet)
Seat 4: uuzka (button) collected ($2.50)
Seat 5: dsoncha (small blind) folded before Flop
Seat 6: Supermegopro (big blind) folded before Flop



PokerStars Hand #254198416861:  Hold'em No Limit ($0.50/$1.00 USD) - 2025/01/04 22:39:51 WET [2025/01/04 17:39:51 ET]
Table 'Pamina II' 6-max Seat #5 is the button
Seat 1: G.Andrei95 ($100 in chips) 
Seat 2: tintin641 ($100.85 in chips) 
Seat 3: vadjkeee ($100 in chips) 
Seat 4: uuzka ($101.50 in chips) 
Seat 5: dsoncha ($85.07 in chips) 
Seat 6: Supermegopro ($116.88 in chips) 
Supermegopro: posts small blind $0.50
G.Andrei95: posts big blind $1
*** HOLE CARDS ***
tintin641: folds 
vadjkeee: folds 
uuzka: raises $1.50 to $2.50
dsoncha: folds 
Supermegopro: folds 
G.Andrei95: folds 
Uncalled bet ($1.50) returned to uuzka
uuzka collected $2.50 from pot
uuzka: doesn't show hand 
*** SUMMARY ***
Total pot $2.50 | Rake $0 
Seat 1: G.Andrei95 (big blind) folded before Flop
Seat 2: tintin641 folded before Flop (didn't bet)
Seat 3: vadjkeee folded before Flop (didn't bet)
Seat 4: uuzka collected ($2.50)
Seat 5: dsoncha (button) folded before Flop (didn't bet)
Seat 6: Supermegopro (small blind) folded before Flop



PokerStars Hand #254198422695:  Hold'em No Limit ($0.50/$1.00 USD) - 2025/01/04 22:40:08 WET [2025/01/04 17:40:08 ET]
Table 'Pamina II' 6-max Seat #6 is the button
Seat 1: G.Andrei95 ($100 in chips) 
Seat 2: tintin641 ($100.85 in chips) 
Seat 3: vadjkeee ($100 in chips) 
Seat 4: uuzka ($103 in chips) 
Seat 5: dsoncha ($85.07 in chips) 
Seat 6: Supermegopro ($116.38 in chips) 
G.Andrei95: posts small blind $0.50
tintin641: posts big blind $1
*** HOLE CARDS ***
vadjkeee: raises $1.50 to $2.50
uuzka: folds 
dsoncha: folds 
Supermegopro: folds 
G.Andrei95: folds 
tintin641: folds 
Uncalled bet ($1.50) returned to vadjkeee
vadjkeee collected $2.50 from pot
vadjkeee: doesn't show hand 
*** SUMMARY ***
Total pot $2.50 | Rake $0 
Seat 1: G.Andrei95 (small blind) folded before Flop
Seat 2: tintin641 (big blind) folded before Flop
Seat 3: vadjkeee collected ($2.50)
Seat 4: uuzka folded before Flop (didn't bet)
Seat 5: dsoncha folded before Flop (didn't bet)
Seat 6: Supermegopro (button) folded before Flop (didn't bet)



PokerStars Hand #254198427685:  Hold'em No Limit ($0.50/$1.00 USD) - 2025/01/04 22:40:23 WET [2025/01/04 17:40:23 ET]
Table 'Pamina II' 6-max Seat #1 is the button
Seat 1: G.Andrei95 ($100 in chips) 
Seat 2: tintin641 ($100 in chips) 
Seat 3: vadjkeee ($101.50 in chips) 
Seat 4: uuzka ($103 in chips) 
Seat 5: dsoncha ($85.07 in chips) 
Seat 6: Supermegopro ($116.38 in chips) 
tintin641: posts small blind $0.50
vadjkeee: posts big blind $1
*** HOLE CARDS ***
uuzka: folds 
dsoncha: folds 
Supermegopro: raises $1.50 to $2.50
G.Andrei95: folds 
tintin641: folds 
vadjkeee: folds 
Uncalled bet ($1.50) returned to Supermegopro
Supermegopro collected $2.50 from pot
Supermegopro: doesn't show hand 
*** SUMMARY ***
Total pot $2.50 | Rake $0 
Seat 1: G.Andrei95 (button) folded before Flop (didn't bet)
Seat 2: tintin641 (small blind) folded before Flop
Seat 3: vadjkeee (big blind) folded before Flop
Seat 4: uuzka folded before Flop (didn't bet)
Seat 5: dsoncha folded before Flop (didn't bet)
Seat 6: Supermegopro collected ($2.50)



PokerStars Hand #254198432461:  Hold'em No Limit ($0.50/$1.00 USD) - 2025/01/04 22:40:38 WET [2025/01/04 17:40:38 ET]
Table 'Pamina II' 6-max Seat #2 is the button
Seat 1: G.Andrei95 ($100 in chips) 
Seat 2: tintin641 ($100 in chips) 
Seat 3: vadjkeee ($100.50 in chips) 
Seat 4: uuzka ($103 in chips) 
Seat 5: dsoncha ($85.07 in chips) 
Seat 6: Supermegopro ($117.88 in chips) 
vadjkeee: posts small blind $0.50
uuzka: posts big blind $1
*** HOLE CARDS ***
dsoncha: folds 
Supermegopro: folds 
G.Andrei95: folds 
tintin641: folds 
vadjkeee: folds 
Uncalled bet ($0.50) returned to uuzka
uuzka collected $1 from pot
uuzka: doesn't show hand 
*** SUMMARY ***
Total pot $1 | Rake $0 
Seat 1: G.Andrei95 folded before Flop (didn't bet)
Seat 2: tintin641 (button) folded before Flop (didn't bet)
Seat 3: vadjkeee (small blind) folded before Flop
Seat 4: uuzka (big blind) collected ($1)
Seat 5: dsoncha folded before Flop (didn't bet)
Seat 6: Supermegopro folded before Flop (didn't bet)



PokerStars Hand #254198439554:  Hold'em No Limit ($0.50/$1.00 USD) - 2025/01/04 22:41:00 WET [2025/01/04 17:41:00 ET]
Table 'Pamina II' 6-max Seat #3 is the button
Seat 1: G.Andrei95 ($100 in chips) 
Seat 2: tintin641 ($100 in chips) 
Seat 3: vadjkeee ($100 in chips) 
Seat 4: uuzka ($103.50 in chips) 
Seat 5: dsoncha ($85.07 in chips) 
Seat 6: Supermegopro ($117.88 in chips) 
uuzka: posts small blind $0.50
dsoncha: posts big blind $1
*** HOLE CARDS ***
Supermegopro: folds 
G.Andrei95: folds 
tintin641: raises $1.50 to $2.50
vadjkeee: raises $5 to $7.50
uuzka: folds 
dsoncha: folds 
tintin641: folds 
Uncalled bet ($5) returned to vadjkeee
vadjkeee collected $6.50 from pot
vadjkeee: doesn't show hand 
*** SUMMARY ***
Total pot $6.50 | Rake $0 
Seat 1: G.Andrei95 folded before Flop (didn't bet)
Seat 2: tintin641 folded before Flop
Seat 3: vadjkeee (button) collected ($6.50)
Seat 4: uuzka (small blind) folded before Flop
Seat 5: dsoncha (big blind) folded before Flop
Seat 6: Supermegopro folded before Flop (didn't bet)



PokerStars Hand #254198449591:  Hold'em No Limit ($0.50/$1.00 USD) - 2025/01/04 22:41:32 WET [2025/01/04 17:41:32 ET]
Table 'Pamina II' 6-max Seat #4 is the button
Seat 1: G.Andrei95 ($100 in chips) 
Seat 2: tintin641 ($100 in chips) 
Seat 3: vadjkeee ($104 in chips) 
Seat 4: uuzka ($103 in chips) 
Seat 5: dsoncha ($84.07 in chips) 
Seat 6: Supermegopro ($117.88 in chips) 
dsoncha: posts small blind $0.50
Supermegopro: posts big blind $1
*** HOLE CARDS ***
G.Andrei95: raises $1.50 to $2.50
tintin641: raises $5 to $7.50
vadjkeee: folds 
uuzka: folds 
dsoncha: folds 
Supermegopro: folds 
G.Andrei95: folds 
Uncalled bet ($5) returned to tintin641
tintin641 collected $6.50 from pot
tintin641: doesn't show hand 
*** SUMMARY ***
Total pot $6.50 | Rake $0 
Seat 1: G.Andrei95 folded before Flop
Seat 2: tintin641 collected ($6.50)
Seat 3: vadjkeee folded before Flop (didn't bet)
Seat 4: uuzka (button) folded before Flop (didn't bet)
Seat 5: dsoncha (small blind) folded before Flop
Seat 6: Supermegopro (big blind) folded before Flop



PokerStars Hand #254198456974:  Hold'em No Limit ($0.50/$1.00 USD) - 2025/01/04 22:41:54 WET [2025/01/04 17:41:54 ET]
Table 'Pamina II' 6-max Seat #5 is the button
Seat 1: G.Andrei95 ($100 in chips) 
Seat 2: tintin641 ($104 in chips) 
Seat 3: vadjkeee ($104 in chips) 
Seat 4: uuzka ($103 in chips) 
Seat 5: dsoncha ($83.57 in chips) 
Seat 6: Supermegopro ($116.88 in chips) 
Supermegopro: posts small blind $0.50
G.Andrei95: posts big blind $1
*** HOLE CARDS ***
tintin641: folds 
vadjkeee: folds 
uuzka: folds 
dsoncha: raises $1.50 to $2.50
Supermegopro: raises $7.50 to $10
G.Andrei95: folds 
dsoncha: calls $7.50
*** FLOP *** [7h 3d Td]
Supermegopro: bets $13.30
dsoncha: calls $13.30
*** TURN *** [7h 3d Td] [8s]
Supermegopro: checks 
dsoncha: bets $20
Supermegopro: folds 
Uncalled bet ($20) returned to dsoncha
dsoncha collected $45.22 from pot
dsoncha: doesn't show hand 
*** SUMMARY ***
Total pot $47.60 | Rake $2.38 
Board [7h 3d Td 8s]
Seat 1: G.Andrei95 (big blind) folded before Flop
Seat 2: tintin641 folded before Flop (didn't bet)
Seat 3: vadjkeee folded before Flop (didn't bet)
Seat 4: uuzka folded before Flop (didn't bet)
Seat 5: dsoncha (button) collected ($45.22)
Seat 6: Supermegopro (small blind) folded on the Turn



PokerStars Hand #254198484495:  Hold'em No Limit ($0.50/$1.00 USD) - 2025/01/04 22:43:20 WET [2025/01/04 17:43:20 ET]
Table 'Pamina II' 6-max Seat #6 is the button
Seat 1: G.Andrei95 ($100 in chips) 
Seat 2: tintin641 ($104 in chips) 
Seat 3: vadjkeee ($104 in chips) 
Seat 4: uuzka ($103 in chips) 
Seat 5: dsoncha ($105.49 in chips) 
Seat 6: Supermegopro ($100 in chips) 
G.Andrei95: posts small blind $0.50
tintin641: posts big blind $1
*** HOLE CARDS ***
vadjkeee: folds 
uuzka: folds 
dsoncha: folds 
Supermegopro: folds 
uuzka leaves the table
G.Andrei95: raises $2 to $3
illarins joins the table at seat #4 
tintin641: folds 
Uncalled bet ($2) returned to G.Andrei95
G.Andrei95 collected $2 from pot
G.Andrei95: doesn't show hand 
*** SUMMARY ***
Total pot $2 | Rake $0 
Seat 1: G.Andrei95 (small blind) collected ($2)
Seat 2: tintin641 (big blind) folded before Flop
Seat 3: vadjkeee folded before Flop (didn't bet)
Seat 4: uuzka folded before Flop (didn't bet)
Seat 5: dsoncha folded before Flop (didn't bet)
Seat 6: Supermegopro (button) folded before Flop (didn't bet)



PokerStars Hand #254198497895:  Hold'em No Limit ($0.50/$1.00 USD) - 2025/01/04 22:44:02 WET [2025/01/04 17:44:02 ET]
Table 'Pamina II' 6-max Seat #1 is the button
Seat 3: vadjkeee ($104 in chips) is sitting out
Seat 1: G.Andrei95 ($101 in chips) 
Seat 2: tintin641 ($103 in chips) 
Seat 4: illarins ($100 in chips) 
Seat 5: dsoncha ($105.49 in chips) 
Seat 6: Supermegopro ($100 in chips) 
tintin641: posts small blind $0.50
vadjkeee: is sitting out 
illarins: posts big blind $1
*** HOLE CARDS ***
dsoncha: folds 
Supermegopro: folds 
G.Andrei95: raises $1.50 to $2.50
vadjkeee leaves the table
tintin641: raises $8.50 to $11
illarins: folds 
G.Andrei95: calls $8.50
*** FLOP *** [3h Jc 5c]
NISIY joins the table at seat #3 
tintin641: bets $10.93
G.Andrei95: calls $10.93
*** TURN *** [3h Jc 5c] [6d]
tintin641: bets $21.31
NISIY leaves the table
G.Andrei95: calls $21.31
*** RIVER *** [3h Jc 5c 6d] [2h]
tintin641: checks 
G.Andrei95: checks 
Supermegopro leaves the table
*** SHOW DOWN ***
tintin641: shows [Jh Ah] (a pair of Jacks)
G.Andrei95: mucks hand 
tintin641 collected $84.98 from pot
*** SUMMARY ***
Total pot $87.48 | Rake $2.50 
Board [3h Jc 5c 6d 2h]
Seat 3: vadjkeee
Seat 1: G.Andrei95 (button) mucked
Seat 2: tintin641 (small blind) showed [Jh Ah] and won ($84.98) with a pair of Jacks
Seat 4: illarins (big blind) folded before Flop
Seat 5: dsoncha folded before Flop (didn't bet)
Seat 6: Supermegopro folded before Flop (didn't bet)



PokerStars Hand #254198526591:  Hold'em No Limit ($0.50/$1.00 USD) - 2025/01/04 22:45:32 WET [2025/01/04 17:45:32 ET]
Table 'Pamina II' 6-max Seat #5 is the button
Seat 1: G.Andrei95 ($100 in chips) is sitting out
Seat 4: illarins ($100 in chips) 
Seat 5: dsoncha ($105.49 in chips) 
dsoncha: posts small blind $0.50
G.Andrei95: is sitting out 
illarins: posts big blind $1
*** HOLE CARDS ***
G.Andrei95 leaves the table
dsoncha: folds 
Uncalled bet ($0.50) returned to illarins
illarins collected $1 from pot
illarins: doesn't show hand 
PhoenixAssassin joins the table at seat #6 
*** SUMMARY ***
Total pot $1 | Rake $0 
Seat 1: G.Andrei95
Seat 4: illarins (big blind) collected ($1)
Seat 5: dsoncha (button) (small blind) folded before Flop



PokerStars Hand #254198529816:  Hold'em No Limit ($0.50/$1.00 USD) - 2025/01/04 22:45:43 WET [2025/01/04 17:45:43 ET]
Table 'Pamina II' 6-max Seat #4 is the button
Seat 4: illarins ($100.50 in chips) 
Seat 5: dsoncha ($104.99 in chips) 
Seat 6: PhoenixAssassin ($100 in chips) 
dsoncha: posts small blind $0.50
PhoenixAssassin: posts big blind $1
*** HOLE CARDS ***
illarins: raises $1.50 to $2.50
dsoncha: folds 
PhoenixAssassin: calls $1.50
*** FLOP *** [5d Kd 7s]
PhoenixAssassin: checks 
illarins: checks 
*** TURN *** [5d Kd 7s] [Ah]
PhoenixAssassin: checks 
illarins: checks 
*** RIVER *** [5d Kd 7s Ah] [4s]
dsoncha leaves the table
PhoenixAssassin: checks 
illarins: checks 
*** SHOW DOWN ***
PhoenixAssassin: shows [2c Qc] (high card Ace)
illarins: shows [Qd 7h] (a pair of Sevens)
illarins collected $5.22 from pot
*** SUMMARY ***
Total pot $5.50 | Rake $0.28 
Board [5d Kd 7s Ah 4s]
Seat 4: illarins (button) showed [Qd 7h] and won ($5.22) with a pair of Sevens
Seat 5: dsoncha (small blind) folded before Flop
Seat 6: PhoenixAssassin (big blind) showed [2c Qc] and lost with high card Ace



