PokerStars Hand #254185677407:  Hold'em No Limit ($0.50/$1.00 USD) - 2025/01/04 7:32:05 WET [2025/01/04 2:32:05 ET]
Table 'Tokai' 6-max Seat #5 is the button
Seat 2: Grave1234 ($34.45 in chips) is sitting out
Seat 1: sutata ($101.41 in chips) 
Seat 4: Andrii1937 ($102.68 in chips) 
Seat 5: Burlica2013 ($101.62 in chips) 
Seat 6: value_ftw ($103 in chips) 
value_ftw: posts small blind $0.50
sutata: posts big blind $1
Grave1234: sits out 
*** HOLE CARDS ***
Andrii1937: folds 
Burlica2013: raises $1.45 to $2.45
value_ftw: folds 
sutata: calls $1.45
*** FLOP *** [9s Qd 4s]
sutata: checks 
Burlica2013: bets $1.69
Bien1234 joins the table at seat #3 
sutata: calls $1.69
*** TURN *** [9s Qd 4s] [Jd]
sutata: checks 
Burlica2013: bets $6.25
Bien1234 leaves the table
sutata: calls $6.25
*** RIVER *** [9s Qd 4s Jd] [2d]
sutata: bets $15.41
Burlica2013 has timed out
Burlica2013: folds 
Uncalled bet ($15.41) returned to sutata
sutata collected $20.28 from pot
sutata: doesn't show hand 
*** SUMMARY ***
Total pot $21.28 | Rake $1 
Board [9s Qd 4s Jd 2d]
Seat 2: Grave1234
Seat 1: sutata (big blind) collected ($20.28)
Seat 4: Andrii1937 folded before Flop (didn't bet)
Seat 5: Burlica2013 (button) folded on the River
Seat 6: value_ftw (small blind) folded before Flop



PokerStars Hand #254185684292:  Hold'em No Limit ($0.50/$1.00 USD) - 2025/01/04 7:33:30 WET [2025/01/04 2:33:30 ET]
Table 'Tokai' 6-max Seat #6 is the button
Seat 1: sutata ($111.30 in chips) 
Seat 2: Grave1234 ($34.45 in chips) 
Seat 4: Andrii1937 ($102.68 in chips) 
Seat 5: Burlica2013 ($100 in chips) 
Seat 6: value_ftw ($102.50 in chips) 
sutata: posts small blind $0.50
Grave1234: posts big blind $1
*** HOLE CARDS ***
Andrii1937: raises $1.20 to $2.20
Burlica2013: folds 
value_ftw: folds 
sutata: folds 
Grave1234: folds 
Uncalled bet ($1.20) returned to Andrii1937
Andrii1937 collected $2.50 from pot
Andrii1937: doesn't show hand 
*** SUMMARY ***
Total pot $2.50 | Rake $0 
Seat 1: sutata (small blind) folded before Flop
Seat 2: Grave1234 (big blind) folded before Flop
Seat 4: Andrii1937 collected ($2.50)
Seat 5: Burlica2013 folded before Flop (didn't bet)
Seat 6: value_ftw (button) folded before Flop (didn't bet)



PokerStars Hand #254185685374:  Hold'em No Limit ($0.50/$1.00 USD) - 2025/01/04 7:33:44 WET [2025/01/04 2:33:44 ET]
Table 'Tokai' 6-max Seat #1 is the button
Seat 1: sutata ($110.80 in chips) 
Seat 2: Grave1234 ($33.45 in chips) 
Seat 4: Andrii1937 ($104.18 in chips) 
Seat 5: Burlica2013 ($100 in chips) 
Seat 6: value_ftw ($102.50 in chips) 
Grave1234: posts small blind $0.50
Andrii1937: posts big blind $1
*** HOLE CARDS ***
Burlica2013: folds 
value_ftw: folds 
sutata: folds 
Grave1234: folds 
Uncalled bet ($0.50) returned to Andrii1937
Andrii1937 collected $1 from pot
Andrii1937: doesn't show hand 
*** SUMMARY ***
Total pot $1 | Rake $0 
Seat 1: sutata (button) folded before Flop (didn't bet)
Seat 2: Grave1234 (small blind) folded before Flop
Seat 4: Andrii1937 (big blind) collected ($1)
Seat 5: Burlica2013 folded before Flop (didn't bet)
Seat 6: value_ftw folded before Flop (didn't bet)



PokerStars Hand #254185686166:  Hold'em No Limit ($0.50/$1.00 USD) - 2025/01/04 7:33:54 WET [2025/01/04 2:33:54 ET]
Table 'Tokai' 6-max Seat #2 is the button
Seat 1: sutata ($110.80 in chips) 
Seat 2: Grave1234 ($32.95 in chips) 
Seat 4: Andrii1937 ($104.68 in chips) 
Seat 5: Burlica2013 ($100 in chips) 
Seat 6: value_ftw ($102.50 in chips) 
Andrii1937: posts small blind $0.50
Burlica2013: posts big blind $1
*** HOLE CARDS ***
value_ftw: raises $1.20 to $2.20
sutata: folds 
Grave1234: folds 
Andrii1937: folds 
Burlica2013: raises $8.80 to $11
value_ftw: calls $8.80
*** FLOP *** [5s 4c 5c]
jeilsons joins the table at seat #3 
Burlica2013 has timed out
Burlica2013: checks 
value_ftw: bets $7.06
Burlica2013: raises $15.94 to $23
value_ftw: raises $68.50 to $91.50 and is all-in
Burlica2013: calls $66 and is all-in
Uncalled bet ($2.50) returned to value_ftw
*** FIRST TURN *** [5s 4c 5c] [4s]
*** FIRST RIVER *** [5s 4c 5c 4s] [7d]
*** SECOND TURN *** [5s 4c 5c] [3d]
*** SECOND RIVER *** [5s 4c 5c 3d] [8s]
*** FIRST SHOW DOWN ***
Burlica2013: shows [Kc Kh] (two pair, Kings and Fives)
value_ftw: shows [Qd Qh] (two pair, Queens and Fives)
Burlica2013 collected $99 from pot
*** SECOND SHOW DOWN ***
Burlica2013: shows [Kc Kh] (two pair, Kings and Fives)
value_ftw: shows [Qd Qh] (two pair, Queens and Fives)
Burlica2013 collected $99 from pot
*** SUMMARY ***
Total pot $200.50 | Rake $2.50 
Hand was run twice
FIRST Board [5s 4c 5c 4s 7d]
SECOND Board [5s 4c 5c 3d 8s]
Seat 1: sutata folded before Flop (didn't bet)
Seat 2: Grave1234 (button) folded before Flop (didn't bet)
Seat 4: Andrii1937 (small blind) folded before Flop
Seat 5: Burlica2013 (big blind) showed [Kc Kh] and won ($99) with two pair, Kings and Fives, and won ($99) with two pair, Kings and Fives
Seat 6: value_ftw showed [Qd Qh] and lost with two pair, Queens and Fives, and lost with two pair, Queens and Fives



PokerStars Hand #254185693648:  Hold'em No Limit ($0.50/$1.00 USD) - 2025/01/04 7:35:25 WET [2025/01/04 2:35:25 ET]
Table 'Tokai' 6-max Seat #4 is the button
Seat 3: jeilsons ($100 in chips) is sitting out
Seat 1: sutata ($110.80 in chips) 
Seat 2: Grave1234 ($32.95 in chips) 
Seat 4: Andrii1937 ($104.18 in chips) 
Seat 5: Burlica2013 ($198 in chips) 
Seat 6: value_ftw ($100 in chips) 
Burlica2013: posts small blind $0.50
value_ftw: posts big blind $1
jeilsons: sits out 
*** HOLE CARDS ***
sutata: folds 
Grave1234: folds 
Andrii1937: folds 
Burlica2013: folds 
Uncalled bet ($0.50) returned to value_ftw
value_ftw collected $1 from pot
value_ftw: doesn't show hand 
*** SUMMARY ***
Total pot $1 | Rake $0 
Seat 3: jeilsons
Seat 1: sutata folded before Flop (didn't bet)
Seat 2: Grave1234 folded before Flop (didn't bet)
Seat 4: Andrii1937 (button) folded before Flop (didn't bet)
Seat 5: Burlica2013 (small blind) folded before Flop
Seat 6: value_ftw (big blind) collected ($1)



PokerStars Hand #254185696086:  Hold'em No Limit ($0.50/$1.00 USD) - 2025/01/04 7:35:54 WET [2025/01/04 2:35:54 ET]
Table 'Tokai' 6-max Seat #5 is the button
Seat 3: jeilsons ($100 in chips) is sitting out
Seat 1: sutata ($110.80 in chips) 
Seat 2: Grave1234 ($32.95 in chips) 
Seat 4: Andrii1937 ($104.18 in chips) 
Seat 5: Burlica2013 ($197.50 in chips) 
Seat 6: value_ftw ($100.50 in chips) 
value_ftw: posts small blind $0.50
sutata: posts big blind $1
jeilsons: sits out 
*** HOLE CARDS ***
Grave1234: folds 
Andrii1937: folds 
Burlica2013: folds 
value_ftw: raises $2 to $3
sutata: calls $2
*** FLOP *** [Ad 2d 8s]
value_ftw: checks 
sutata: checks 
*** TURN *** [Ad 2d 8s] [Js]
value_ftw: bets $4.28
sutata: calls $4.28
*** RIVER *** [Ad 2d 8s Js] [Jd]
value_ftw: bets $4.56
sutata: folds 
Uncalled bet ($4.56) returned to value_ftw
value_ftw collected $13.83 from pot
value_ftw: doesn't show hand 
*** SUMMARY ***
Total pot $14.56 | Rake $0.73 
Board [Ad 2d 8s Js Jd]
Seat 3: jeilsons
Seat 1: sutata (big blind) folded on the River
Seat 2: Grave1234 folded before Flop (didn't bet)
Seat 4: Andrii1937 folded before Flop (didn't bet)
Seat 5: Burlica2013 (button) folded before Flop (didn't bet)
Seat 6: value_ftw (small blind) collected ($13.83)



PokerStars Hand #254185700765:  Hold'em No Limit ($0.50/$1.00 USD) - 2025/01/04 7:36:51 WET [2025/01/04 2:36:51 ET]
Table 'Tokai' 6-max Seat #6 is the button
Seat 3: jeilsons ($100 in chips) is sitting out
Seat 1: sutata ($103.52 in chips) 
Seat 2: Grave1234 ($32.95 in chips) 
Seat 4: Andrii1937 ($104.18 in chips) 
Seat 5: Burlica2013 ($197.50 in chips) 
Seat 6: value_ftw ($107.05 in chips) 
sutata: posts small blind $0.50
Grave1234: posts big blind $1
jeilsons: sits out 
*** HOLE CARDS ***
Andrii1937: folds 
Burlica2013: folds 
value_ftw: folds 
sutata: raises $2 to $3
Grave1234: folds 
Uncalled bet ($2) returned to sutata
sutata collected $2 from pot
sutata: doesn't show hand 
*** SUMMARY ***
Total pot $2 | Rake $0 
Seat 3: jeilsons
Seat 1: sutata (small blind) collected ($2)
Seat 2: Grave1234 (big blind) folded before Flop
Seat 4: Andrii1937 folded before Flop (didn't bet)
Seat 5: Burlica2013 folded before Flop (didn't bet)
Seat 6: value_ftw (button) folded before Flop (didn't bet)



PokerStars Hand #254185701906:  Hold'em No Limit ($0.50/$1.00 USD) - 2025/01/04 7:37:06 WET [2025/01/04 2:37:06 ET]
Table 'Tokai' 6-max Seat #1 is the button
Seat 1: sutata ($104.52 in chips) 
Seat 2: Grave1234 ($31.95 in chips) 
Seat 3: jeilsons ($100 in chips) 
Seat 4: Andrii1937 ($104.18 in chips) 
Seat 5: Burlica2013 ($197.50 in chips) 
Seat 6: value_ftw ($107.05 in chips) 
Grave1234: posts small blind $0.50
jeilsons: posts big blind $1
*** HOLE CARDS ***
Andrii1937: folds 
Burlica2013: folds 
value_ftw: folds 
sutata: raises $2 to $3
Grave1234: raises $7 to $10
jeilsons: folds 
sutata: folds 
Uncalled bet ($7) returned to Grave1234
Grave1234 collected $7 from pot
*** SUMMARY ***
Total pot $7 | Rake $0 
Seat 1: sutata (button) folded before Flop
Seat 2: Grave1234 (small blind) collected ($7)
Seat 3: jeilsons (big blind) folded before Flop
Seat 4: Andrii1937 folded before Flop (didn't bet)
Seat 5: Burlica2013 folded before Flop (didn't bet)
Seat 6: value_ftw folded before Flop (didn't bet)



PokerStars Hand #254185703950:  Hold'em No Limit ($0.50/$1.00 USD) - 2025/01/04 7:37:31 WET [2025/01/04 2:37:31 ET]
Table 'Tokai' 6-max Seat #2 is the button
Seat 1: sutata ($101.52 in chips) 
Seat 2: Grave1234 ($35.95 in chips) 
Seat 3: jeilsons ($100 in chips) 
Seat 4: Andrii1937 ($104.18 in chips) 
Seat 5: Burlica2013 ($197.50 in chips) 
Seat 6: value_ftw ($107.05 in chips) 
jeilsons: posts small blind $0.50
Andrii1937: posts big blind $1
*** HOLE CARDS ***
Burlica2013: raises $1.20 to $2.20
value_ftw: folds 
sutata: folds 
Grave1234: calls $2.20
jeilsons: folds 
Andrii1937: calls $1.20
*** FLOP *** [4c 8s Ts]
Andrii1937: checks 
Burlica2013: checks 
Grave1234: checks 
*** TURN *** [4c 8s Ts] [2d]
Andrii1937: checks 
Burlica2013: checks 
Grave1234: bets $3.37
Andrii1937: folds 
Burlica2013: folds 
Uncalled bet ($3.37) returned to Grave1234
Grave1234 collected $6.74 from pot
*** SUMMARY ***
Total pot $7.10 | Rake $0.36 
Board [4c 8s Ts 2d]
Seat 1: sutata folded before Flop (didn't bet)
Seat 2: Grave1234 (button) collected ($6.74)
Seat 3: jeilsons (small blind) folded before Flop
Seat 4: Andrii1937 (big blind) folded on the Turn
Seat 5: Burlica2013 folded on the Turn
Seat 6: value_ftw folded before Flop (didn't bet)



PokerStars Hand #254185708110:  Hold'em No Limit ($0.50/$1.00 USD) - 2025/01/04 7:38:22 WET [2025/01/04 2:38:22 ET]
Table 'Tokai' 6-max Seat #3 is the button
Seat 5: Burlica2013 ($195.30 in chips) is sitting out
Seat 6: value_ftw ($107.05 in chips) is sitting out
Seat 1: sutata ($101.52 in chips) 
Seat 2: Grave1234 ($40.49 in chips) 
Seat 3: jeilsons ($100 in chips) 
Seat 4: Andrii1937 ($101.98 in chips) 
Andrii1937: posts small blind $0.50
Burlica2013: is sitting out 
value_ftw: is sitting out 
sutata: posts big blind $1
*** HOLE CARDS ***
Burlica2013 leaves the table
Grave1234: folds 
value_ftw leaves the table
jeilsons: raises $1.50 to $2.50
Andrii1937: folds 
sutata: folds 
Uncalled bet ($1.50) returned to jeilsons
jeilsons collected $2.50 from pot
jeilsons: doesn't show hand 
tbatba joins the table at seat #6 
*** SUMMARY ***
Total pot $2.50 | Rake $0 
Seat 5: Burlica2013
Seat 6: value_ftw
Seat 1: sutata (big blind) folded before Flop
Seat 2: Grave1234 folded before Flop (didn't bet)
Seat 3: jeilsons (button) collected ($2.50)
Seat 4: Andrii1937 (small blind) folded before Flop



PokerStars Hand #254185710135:  Hold'em No Limit ($0.50/$1.00 USD) - 2025/01/04 7:38:47 WET [2025/01/04 2:38:47 ET]
Table 'Tokai' 6-max Seat #4 is the button
Seat 6: tbatba ($100 in chips) is sitting out
Seat 1: sutata ($100.52 in chips) 
Seat 2: Grave1234 ($40.49 in chips) 
Seat 3: jeilsons ($101.50 in chips) 
Seat 4: Andrii1937 ($101.48 in chips) 
sutata: posts small blind $0.50
Grave1234: posts big blind $1
*** HOLE CARDS ***
jeilsons: folds 
Andrii1937: raises $1.50 to $2.50
sutata: folds 
Grave1234: folds 
Uncalled bet ($1.50) returned to Andrii1937
Andrii1937 collected $2.50 from pot
Andrii1937: doesn't show hand 
*** SUMMARY ***
Total pot $2.50 | Rake $0 
Seat 6: tbatba
Seat 1: sutata (small blind) folded before Flop
Seat 2: Grave1234 (big blind) folded before Flop
Seat 3: jeilsons folded before Flop (didn't bet)
Seat 4: Andrii1937 (button) collected ($2.50)



PokerStars Hand #254185711061:  Hold'em No Limit ($0.50/$1.00 USD) - 2025/01/04 7:38:58 WET [2025/01/04 2:38:58 ET]
Table 'Tokai' 6-max Seat #1 is the button
Seat 6: tbatba ($100 in chips) is sitting out
Seat 1: sutata ($100.02 in chips) 
Seat 2: Grave1234 ($39.49 in chips) 
Seat 3: jeilsons ($101.50 in chips) 
Seat 4: Andrii1937 ($102.98 in chips) 
Grave1234: posts small blind $0.50
jeilsons: posts big blind $1
tbatba: sits out 
*** HOLE CARDS ***
DL1B joins the table at seat #5 
Andrii1937: raises $1.20 to $2.20
sutata: folds 
Grave1234: folds 
jeilsons: calls $1.20
*** FLOP *** [7s 4d 3h]
jeilsons: checks 
Andrii1937: bets $3.11
jeilsons: folds 
Uncalled bet ($3.11) returned to Andrii1937
Andrii1937 collected $4.66 from pot
Andrii1937: doesn't show hand 
*** SUMMARY ***
Total pot $4.90 | Rake $0.24 
Board [7s 4d 3h]
Seat 6: tbatba
Seat 1: sutata (button) folded before Flop (didn't bet)
Seat 2: Grave1234 (small blind) folded before Flop
Seat 3: jeilsons (big blind) folded on the Flop
Seat 4: Andrii1937 collected ($4.66)



PokerStars Hand #254185714252:  Hold'em No Limit ($0.50/$1.00 USD) - 2025/01/04 7:39:38 WET [2025/01/04 2:39:38 ET]
Table 'Tokai' 6-max Seat #2 is the button
Seat 5: DL1B ($100 in chips) is sitting out
Seat 6: tbatba ($100 in chips) is sitting out
Seat 1: sutata ($100.02 in chips) 
Seat 2: Grave1234 ($38.99 in chips) 
Seat 3: jeilsons ($100 in chips) 
Seat 4: Andrii1937 ($105.44 in chips) 
jeilsons: posts small blind $0.50
Andrii1937: posts big blind $1
DL1B: sits out 
tbatba: sits out 
*** HOLE CARDS ***
sutata: folds 
Grave1234: folds 
jeilsons: folds 
Uncalled bet ($0.50) returned to Andrii1937
Andrii1937 collected $1 from pot
Andrii1937: doesn't show hand 
*** SUMMARY ***
Total pot $1 | Rake $0 
Seat 5: DL1B
Seat 6: tbatba
Seat 1: sutata folded before Flop (didn't bet)
Seat 2: Grave1234 (button) folded before Flop (didn't bet)
Seat 3: jeilsons (small blind) folded before Flop
Seat 4: Andrii1937 (big blind) collected ($1)



PokerStars Hand #254185715151:  Hold'em No Limit ($0.50/$1.00 USD) - 2025/01/04 7:39:48 WET [2025/01/04 2:39:48 ET]
Table 'Tokai' 6-max Seat #3 is the button
Seat 6: tbatba ($100 in chips) is sitting out
Seat 1: sutata ($100.02 in chips) 
Seat 2: Grave1234 ($38.99 in chips) 
Seat 3: jeilsons ($100 in chips) 
Seat 4: Andrii1937 ($105.94 in chips) 
Seat 5: DL1B ($100 in chips) 
Andrii1937: posts small blind $0.50
DL1B: posts big blind $1
tbatba: sits out 
*** HOLE CARDS ***
sutata: raises $1.50 to $2.50
Grave1234: folds 
jeilsons: folds 
Andrii1937: folds 
DL1B: raises $9.50 to $12
sutata: folds 
Uncalled bet ($9.50) returned to DL1B
DL1B collected $5.50 from pot
DL1B: doesn't show hand 
*** SUMMARY ***
Total pot $5.50 | Rake $0 
Seat 6: tbatba
Seat 1: sutata folded before Flop
Seat 2: Grave1234 folded before Flop (didn't bet)
Seat 3: jeilsons (button) folded before Flop (didn't bet)
Seat 4: Andrii1937 (small blind) folded before Flop
Seat 5: DL1B (big blind) collected ($5.50)



PokerStars Hand #254185716437:  Hold'em No Limit ($0.50/$1.00 USD) - 2025/01/04 7:40:04 WET [2025/01/04 2:40:04 ET]
Table 'Tokai' 6-max Seat #4 is the button
Seat 1: sutata ($100 in chips) 
Seat 2: Grave1234 ($38.99 in chips) 
Seat 3: jeilsons ($100 in chips) 
Seat 4: Andrii1937 ($105.44 in chips) 
Seat 5: DL1B ($103 in chips) 
Seat 6: tbatba ($100 in chips) 
DL1B: posts small blind $0.50
tbatba: posts big blind $1
*** HOLE CARDS ***
sutata: folds 
Grave1234: folds 
jeilsons: folds 
Andrii1937: raises $1.50 to $2.50
DL1B: folds 
tbatba: calls $1.50
*** FLOP *** [3h 8s 7s]
tbatba: checks 
Andrii1937: bets $3.48
tbatba: folds 
Uncalled bet ($3.48) returned to Andrii1937
Andrii1937 collected $5.22 from pot
Andrii1937: doesn't show hand 
*** SUMMARY ***
Total pot $5.50 | Rake $0.28 
Board [3h 8s 7s]
Seat 1: sutata folded before Flop (didn't bet)
Seat 2: Grave1234 folded before Flop (didn't bet)
Seat 3: jeilsons folded before Flop (didn't bet)
Seat 4: Andrii1937 (button) collected ($5.22)
Seat 5: DL1B (small blind) folded before Flop
Seat 6: tbatba (big blind) folded on the Flop



PokerStars Hand #254185719097:  Hold'em No Limit ($0.50/$1.00 USD) - 2025/01/04 7:40:37 WET [2025/01/04 2:40:37 ET]
Table 'Tokai' 6-max Seat #5 is the button
Seat 1: sutata ($100 in chips) 
Seat 2: Grave1234 ($38.99 in chips) 
Seat 3: jeilsons ($100 in chips) 
Seat 4: Andrii1937 ($108.16 in chips) 
Seat 5: DL1B ($102.50 in chips) 
Seat 6: tbatba ($97.50 in chips) 
tbatba: posts small blind $0.50
sutata: posts big blind $1
*** HOLE CARDS ***
Grave1234: folds 
jeilsons: folds 
Andrii1937: raises $1.20 to $2.20
DL1B: folds 
tbatba: folds 
sutata: raises $10.10 to $12.30
Andrii1937: calls $10.10
*** FLOP *** [Qh 3d 7h]
sutata: bets $11.92
Andrii1937: folds 
Uncalled bet ($11.92) returned to sutata
sutata collected $23.84 from pot
sutata: doesn't show hand 
*** SUMMARY ***
Total pot $25.10 | Rake $1.26 
Board [Qh 3d 7h]
Seat 1: sutata (big blind) collected ($23.84)
Seat 2: Grave1234 folded before Flop (didn't bet)
Seat 3: jeilsons folded before Flop (didn't bet)
Seat 4: Andrii1937 folded on the Flop
Seat 5: DL1B (button) folded before Flop (didn't bet)
Seat 6: tbatba (small blind) folded before Flop



PokerStars Hand #254185722666:  Hold'em No Limit ($0.50/$1.00 USD) - 2025/01/04 7:41:21 WET [2025/01/04 2:41:21 ET]
Table 'Tokai' 6-max Seat #6 is the button
Seat 1: sutata ($111.54 in chips) 
Seat 2: Grave1234 ($38.99 in chips) 
Seat 3: jeilsons ($100 in chips) 
Seat 4: Andrii1937 ($100 in chips) 
Seat 5: DL1B ($102.50 in chips) 
Seat 6: tbatba ($97 in chips) 
sutata: posts small blind $0.50
Grave1234: posts big blind $1
*** HOLE CARDS ***
jeilsons: raises $1 to $2
Andrii1937: folds 
DL1B: folds 
tbatba: folds 
sutata: folds 
Grave1234: folds 
Uncalled bet ($1) returned to jeilsons
jeilsons collected $2.50 from pot
jeilsons: doesn't show hand 
*** SUMMARY ***
Total pot $2.50 | Rake $0 
Seat 1: sutata (small blind) folded before Flop
Seat 2: Grave1234 (big blind) folded before Flop
Seat 3: jeilsons collected ($2.50)
Seat 4: Andrii1937 folded before Flop (didn't bet)
Seat 5: DL1B folded before Flop (didn't bet)
Seat 6: tbatba (button) folded before Flop (didn't bet)



PokerStars Hand #254185723531:  Hold'em No Limit ($0.50/$1.00 USD) - 2025/01/04 7:41:32 WET [2025/01/04 2:41:32 ET]
Table 'Tokai' 6-max Seat #1 is the button
Seat 1: sutata ($111.04 in chips) 
Seat 2: Grave1234 ($37.99 in chips) 
Seat 3: jeilsons ($101.50 in chips) 
Seat 4: Andrii1937 ($100 in chips) 
Seat 5: DL1B ($102.50 in chips) 
Seat 6: tbatba ($97 in chips) 
Grave1234: posts small blind $0.50
jeilsons: posts big blind $1
*** HOLE CARDS ***
Andrii1937: folds 
DL1B: folds 
tbatba: folds 
sutata: folds 
Grave1234: folds 
Uncalled bet ($0.50) returned to jeilsons
jeilsons collected $1 from pot
jeilsons: doesn't show hand 
*** SUMMARY ***
Total pot $1 | Rake $0 
Seat 1: sutata (button) folded before Flop (didn't bet)
Seat 2: Grave1234 (small blind) folded before Flop
Seat 3: jeilsons (big blind) collected ($1)
Seat 4: Andrii1937 folded before Flop (didn't bet)
Seat 5: DL1B folded before Flop (didn't bet)
Seat 6: tbatba folded before Flop (didn't bet)



PokerStars Hand #254185724684:  Hold'em No Limit ($0.50/$1.00 USD) - 2025/01/04 7:41:46 WET [2025/01/04 2:41:46 ET]
Table 'Tokai' 6-max Seat #2 is the button
Seat 1: sutata ($111.04 in chips) 
Seat 2: Grave1234 ($37.49 in chips) 
Seat 3: jeilsons ($102 in chips) 
Seat 4: Andrii1937 ($100 in chips) 
Seat 5: DL1B ($102.50 in chips) 
Seat 6: tbatba ($97 in chips) 
jeilsons: posts small blind $0.50
Andrii1937: posts big blind $1
*** HOLE CARDS ***
DL1B: folds 
tbatba: raises $1 to $2
sutata: folds 
Grave1234: folds 
jeilsons: folds 
Andrii1937: calls $1
*** FLOP *** [4c 4d 3c]
Andrii1937: checks 
tbatba: bets $3
Andrii1937: calls $3
*** TURN *** [4c 4d 3c] [6c]
Andrii1937: checks 
tbatba: checks 
*** RIVER *** [4c 4d 3c 6c] [8s]
Andrii1937: checks 
tbatba: checks 
*** SHOW DOWN ***
Andrii1937: shows [Ah Js] (a pair of Fours)
tbatba: mucks hand 
Andrii1937 collected $9.98 from pot
*** SUMMARY ***
Total pot $10.50 | Rake $0.52 
Board [4c 4d 3c 6c 8s]
Seat 1: sutata folded before Flop (didn't bet)
Seat 2: Grave1234 (button) folded before Flop (didn't bet)
Seat 3: jeilsons (small blind) folded before Flop
Seat 4: Andrii1937 (big blind) showed [Ah Js] and won ($9.98) with a pair of Fours
Seat 5: DL1B folded before Flop (didn't bet)
Seat 6: tbatba mucked



PokerStars Hand #254185729482:  Hold'em No Limit ($0.50/$1.00 USD) - 2025/01/04 7:42:46 WET [2025/01/04 2:42:46 ET]
Table 'Tokai' 6-max Seat #3 is the button
Seat 1: sutata ($111.04 in chips) 
Seat 2: Grave1234 ($37.49 in chips) 
Seat 3: jeilsons ($101.50 in chips) 
Seat 4: Andrii1937 ($104.98 in chips) 
Seat 5: DL1B ($102.50 in chips) 
Seat 6: tbatba ($92 in chips) 
Andrii1937: posts small blind $0.50
DL1B: posts big blind $1
*** HOLE CARDS ***
tbatba: folds 
sutata: folds 
Grave1234: folds 
jeilsons: folds 
Andrii1937: folds 
Uncalled bet ($0.50) returned to DL1B
DL1B collected $1 from pot
DL1B: doesn't show hand 
*** SUMMARY ***
Total pot $1 | Rake $0 
Seat 1: sutata folded before Flop (didn't bet)
Seat 2: Grave1234 folded before Flop (didn't bet)
Seat 3: jeilsons (button) folded before Flop (didn't bet)
Seat 4: Andrii1937 (small blind) folded before Flop
Seat 5: DL1B (big blind) collected ($1)
Seat 6: tbatba folded before Flop (didn't bet)



PokerStars Hand #254185730708:  Hold'em No Limit ($0.50/$1.00 USD) - 2025/01/04 7:43:02 WET [2025/01/04 2:43:02 ET]
Table 'Tokai' 6-max Seat #4 is the button
Seat 1: sutata ($111.04 in chips) 
Seat 2: Grave1234 ($37.49 in chips) 
Seat 3: jeilsons ($101.50 in chips) 
Seat 4: Andrii1937 ($104.48 in chips) 
Seat 5: DL1B ($103 in chips) 
Seat 6: tbatba ($92 in chips) 
DL1B: posts small blind $0.50
tbatba: posts big blind $1
*** HOLE CARDS ***
sutata: folds 
Grave1234: raises $2 to $3
jeilsons: folds 
Andrii1937: folds 
DL1B: folds 
tbatba: calls $2
*** FLOP *** [2h Jd 9c]
tbatba: checks 
Grave1234: bets $6.18
tbatba: folds 
Uncalled bet ($6.18) returned to Grave1234
Grave1234 collected $6.18 from pot
*** SUMMARY ***
Total pot $6.50 | Rake $0.32 
Board [2h Jd 9c]
Seat 1: sutata folded before Flop (didn't bet)
Seat 2: Grave1234 collected ($6.18)
Seat 3: jeilsons folded before Flop (didn't bet)
Seat 4: Andrii1937 (button) folded before Flop (didn't bet)
Seat 5: DL1B (small blind) folded before Flop
Seat 6: tbatba (big blind) folded on the Flop



PokerStars Hand #254185732712:  Hold'em No Limit ($0.50/$1.00 USD) - 2025/01/04 7:43:27 WET [2025/01/04 2:43:27 ET]
Table 'Tokai' 6-max Seat #5 is the button
Seat 1: sutata ($111.04 in chips) 
Seat 2: Grave1234 ($40.67 in chips) 
Seat 3: jeilsons ($101.50 in chips) 
Seat 4: Andrii1937 ($104.48 in chips) 
Seat 5: DL1B ($102.50 in chips) 
Seat 6: tbatba ($89 in chips) 
tbatba: posts small blind $0.50
sutata: posts big blind $1
*** HOLE CARDS ***
Grave1234: folds 
jeilsons: folds 
Andrii1937: folds 
DL1B: folds 
tbatba: folds 
Uncalled bet ($0.50) returned to sutata
sutata collected $1 from pot
sutata: doesn't show hand 
*** SUMMARY ***
Total pot $1 | Rake $0 
Seat 1: sutata (big blind) collected ($1)
Seat 2: Grave1234 folded before Flop (didn't bet)
Seat 3: jeilsons folded before Flop (didn't bet)
Seat 4: Andrii1937 folded before Flop (didn't bet)
Seat 5: DL1B (button) folded before Flop (didn't bet)
Seat 6: tbatba (small blind) folded before Flop



PokerStars Hand #254185733536:  Hold'em No Limit ($0.50/$1.00 USD) - 2025/01/04 7:43:37 WET [2025/01/04 2:43:37 ET]
Table 'Tokai' 6-max Seat #6 is the button
Seat 1: sutata ($111.54 in chips) 
Seat 2: Grave1234 ($40.67 in chips) 
Seat 3: jeilsons ($101.50 in chips) 
Seat 4: Andrii1937 ($104.48 in chips) 
Seat 5: DL1B ($102.50 in chips) 
Seat 6: tbatba ($88.50 in chips) 
sutata: posts small blind $0.50
Grave1234: posts big blind $1
*** HOLE CARDS ***
jeilsons: raises $1 to $2
Andrii1937: folds 
DL1B: folds 
tbatba: folds 
sutata: folds 
Grave1234: calls $1
*** FLOP *** [Th 4c 6c]
Grave1234: checks 
jeilsons: checks 
*** TURN *** [Th 4c 6c] [9h]
Grave1234: checks 
jeilsons: checks 
*** RIVER *** [Th 4c 6c 9h] [9d]
Grave1234: checks 
jeilsons: checks 
*** SHOW DOWN ***
Grave1234: shows [2c Ad] (a pair of Nines)
jeilsons: shows [Js As] (a pair of Nines - Ace+Jack kicker)
jeilsons collected $4.28 from pot
*** SUMMARY ***
Total pot $4.50 | Rake $0.22 
Board [Th 4c 6c 9h 9d]
Seat 1: sutata (small blind) folded before Flop
Seat 2: Grave1234 (big blind) showed [2c Ad] and lost with a pair of Nines
Seat 3: jeilsons showed [Js As] and won ($4.28) with a pair of Nines
Seat 4: Andrii1937 folded before Flop (didn't bet)
Seat 5: DL1B folded before Flop (didn't bet)
Seat 6: tbatba (button) folded before Flop (didn't bet)



PokerStars Hand #254185735636:  Hold'em No Limit ($0.50/$1.00 USD) - 2025/01/04 7:44:03 WET [2025/01/04 2:44:03 ET]
Table 'Tokai' 6-max Seat #1 is the button
Seat 1: sutata ($111.04 in chips) 
Seat 2: Grave1234 ($38.67 in chips) 
Seat 3: jeilsons ($103.78 in chips) 
Seat 4: Andrii1937 ($104.48 in chips) 
Seat 5: DL1B ($102.50 in chips) 
Seat 6: tbatba ($88.50 in chips) 
Grave1234: posts small blind $0.50
jeilsons: posts big blind $1
*** HOLE CARDS ***
Andrii1937: folds 
DL1B: folds 
tbatba: raises $2 to $3
sutata: raises $5.30 to $8.30
Grave1234: folds 
jeilsons: raises $95.48 to $103.78 and is all-in
tbatba: calls $85.50 and is all-in
sutata: folds 
Uncalled bet ($15.28) returned to jeilsons
*** FLOP *** [4c 5d 8d]
*** TURN *** [4c 5d 8d] [Js]
*** RIVER *** [4c 5d 8d Js] [9h]
*** SHOW DOWN ***
jeilsons: shows [Ac Kh] (high card Ace)
tbatba: shows [Ks As] (high card Ace)
jeilsons collected $91.65 from pot
tbatba collected $91.65 from pot
*** SUMMARY ***
Total pot $185.80 | Rake $2.50 
Board [4c 5d 8d Js 9h]
Seat 1: sutata (button) folded before Flop
Seat 2: Grave1234 (small blind) folded before Flop
Seat 3: jeilsons (big blind) showed [Ac Kh] and won ($91.65) with high card Ace
Seat 4: Andrii1937 folded before Flop (didn't bet)
Seat 5: DL1B folded before Flop (didn't bet)
Seat 6: tbatba showed [Ks As] and won ($91.65) with high card Ace



PokerStars Hand #254185739330:  Hold'em No Limit ($0.50/$1.00 USD) - 2025/01/04 7:44:48 WET [2025/01/04 2:44:48 ET]
Table 'Tokai' 6-max Seat #2 is the button
Seat 1: sutata ($102.74 in chips) 
Seat 2: Grave1234 ($38.17 in chips) 
Seat 3: jeilsons ($106.93 in chips) 
Seat 4: Andrii1937 ($104.48 in chips) 
Seat 5: DL1B ($102.50 in chips) 
Seat 6: tbatba ($91.65 in chips) 
jeilsons: posts small blind $0.50
Andrii1937: posts big blind $1
*** HOLE CARDS ***
DL1B: folds 
tbatba: folds 
sutata: folds 
Grave1234: folds 
jeilsons: raises $2 to $3
DL1B leaves the table
Andrii1937: raises $6 to $9
jeilsons: calls $6
*** FLOP *** [5d Js Jc]
jeilsons: checks 
Andrii1937: bets $5.81
jeilsons: calls $5.81
*** TURN *** [5d Js Jc] [8d]
b2k-Snick joins the table at seat #5 
jeilsons: checks 
Andrii1937: checks 
*** RIVER *** [5d Js Jc 8d] [7h]
jeilsons: checks 
Andrii1937: bets $28
jeilsons: folds 
Uncalled bet ($28) returned to Andrii1937
Andrii1937 collected $28.14 from pot
Andrii1937: doesn't show hand 
*** SUMMARY ***
Total pot $29.62 | Rake $1.48 
Board [5d Js Jc 8d 7h]
Seat 1: sutata folded before Flop (didn't bet)
Seat 2: Grave1234 (button) folded before Flop (didn't bet)
Seat 3: jeilsons (small blind) folded on the River
Seat 4: Andrii1937 (big blind) collected ($28.14)
Seat 5: DL1B folded before Flop (didn't bet)
Seat 6: tbatba folded before Flop (didn't bet)



PokerStars Hand #254185749040:  Hold'em No Limit ($0.50/$1.00 USD) - 2025/01/04 7:46:45 WET [2025/01/04 2:46:45 ET]
Table 'Tokai' 6-max Seat #3 is the button
Seat 1: sutata ($102.74 in chips) 
Seat 2: Grave1234 ($38.17 in chips) 
Seat 3: jeilsons ($100 in chips) 
Seat 4: Andrii1937 ($117.81 in chips) 
Seat 5: b2k-Snick ($100 in chips) 
Seat 6: tbatba ($91.65 in chips) 
Andrii1937: posts small blind $0.50
b2k-Snick: posts big blind $1
*** HOLE CARDS ***
tbatba: folds 
sutata: folds 
Grave1234: folds 
jeilsons: folds 
Andrii1937: folds 
Uncalled bet ($0.50) returned to b2k-Snick
b2k-Snick collected $1 from pot
b2k-Snick: doesn't show hand 
*** SUMMARY ***
Total pot $1 | Rake $0 
Seat 1: sutata folded before Flop (didn't bet)
Seat 2: Grave1234 folded before Flop (didn't bet)
Seat 3: jeilsons (button) folded before Flop (didn't bet)
Seat 4: Andrii1937 (small blind) folded before Flop
Seat 5: b2k-Snick (big blind) collected ($1)
Seat 6: tbatba folded before Flop (didn't bet)



PokerStars Hand #254185750044:  Hold'em No Limit ($0.50/$1.00 USD) - 2025/01/04 7:46:58 WET [2025/01/04 2:46:58 ET]
Table 'Tokai' 6-max Seat #4 is the button
Seat 1: sutata ($102.74 in chips) 
Seat 2: Grave1234 ($38.17 in chips) 
Seat 3: jeilsons ($100 in chips) 
Seat 4: Andrii1937 ($117.31 in chips) 
Seat 5: b2k-Snick ($100.50 in chips) 
Seat 6: tbatba ($91.65 in chips) 
b2k-Snick: posts small blind $0.50
tbatba: posts big blind $1
*** HOLE CARDS ***
sutata: folds 
Grave1234: raises $2 to $3
jeilsons: folds 
Andrii1937: calls $3
b2k-Snick: folds 
tbatba: folds 
*** FLOP *** [Ts Td 6d]
Grave1234: bets $3.56
Andrii1937: folds 
Uncalled bet ($3.56) returned to Grave1234
Grave1234 collected $7.12 from pot
*** SUMMARY ***
Total pot $7.50 | Rake $0.38 
Board [Ts Td 6d]
Seat 1: sutata folded before Flop (didn't bet)
Seat 2: Grave1234 collected ($7.12)
Seat 3: jeilsons folded before Flop (didn't bet)
Seat 4: Andrii1937 (button) folded on the Flop
Seat 5: b2k-Snick (small blind) folded before Flop
Seat 6: tbatba (big blind) folded before Flop



PokerStars Hand #254185754229:  Hold'em No Limit ($0.50/$1.00 USD) - 2025/01/04 7:47:49 WET [2025/01/04 2:47:49 ET]
Table 'Tokai' 6-max Seat #5 is the button
Seat 1: sutata ($102.74 in chips) 
Seat 2: Grave1234 ($42.29 in chips) 
Seat 3: jeilsons ($100 in chips) 
Seat 4: Andrii1937 ($114.31 in chips) 
Seat 5: b2k-Snick ($100 in chips) 
Seat 6: tbatba ($90.65 in chips) 
tbatba: posts small blind $0.50
sutata: posts big blind $1
*** HOLE CARDS ***
Grave1234: folds 
jeilsons: raises $1 to $2
Andrii1937: folds 
b2k-Snick: folds 
tbatba: folds 
sutata: calls $1
*** FLOP *** [Jc Kd Ad]
sutata: checks 
jeilsons: checks 
*** TURN *** [Jc Kd Ad] [8h]
sutata: checks 
jeilsons: checks 
*** RIVER *** [Jc Kd Ad 8h] [6c]
sutata: checks 
jeilsons: checks 
*** SHOW DOWN ***
sutata: shows [3s 4s] (high card Ace)
jeilsons: shows [Qd Kc] (a pair of Kings)
jeilsons collected $4.28 from pot
*** SUMMARY ***
Total pot $4.50 | Rake $0.22 
Board [Jc Kd Ad 8h 6c]
Seat 1: sutata (big blind) showed [3s 4s] and lost with high card Ace
Seat 2: Grave1234 folded before Flop (didn't bet)
Seat 3: jeilsons showed [Qd Kc] and won ($4.28) with a pair of Kings
Seat 4: Andrii1937 folded before Flop (didn't bet)
Seat 5: b2k-Snick (button) folded before Flop (didn't bet)
Seat 6: tbatba (small blind) folded before Flop



PokerStars Hand #254185759018:  Hold'em No Limit ($0.50/$1.00 USD) - 2025/01/04 7:48:47 WET [2025/01/04 2:48:47 ET]
Table 'Tokai' 6-max Seat #6 is the button
Seat 1: sutata ($100.74 in chips) 
Seat 2: Grave1234 ($42.29 in chips) 
Seat 3: jeilsons ($102.28 in chips) 
Seat 4: Andrii1937 ($114.31 in chips) 
Seat 5: b2k-Snick ($100 in chips) 
Seat 6: tbatba ($90.15 in chips) 
sutata: posts small blind $0.50
Grave1234: posts big blind $1
*** HOLE CARDS ***
jeilsons: folds 
Andrii1937: folds 
b2k-Snick: folds 
tbatba: folds 
sutata: folds 
Uncalled bet ($0.50) returned to Grave1234
Grave1234 collected $1 from pot
*** SUMMARY ***
Total pot $1 | Rake $0 
Seat 1: sutata (small blind) folded before Flop
Seat 2: Grave1234 (big blind) collected ($1)
Seat 3: jeilsons folded before Flop (didn't bet)
Seat 4: Andrii1937 folded before Flop (didn't bet)
Seat 5: b2k-Snick folded before Flop (didn't bet)
Seat 6: tbatba (button) folded before Flop (didn't bet)



PokerStars Hand #254185760000:  Hold'em No Limit ($0.50/$1.00 USD) - 2025/01/04 7:48:58 WET [2025/01/04 2:48:58 ET]
Table 'Tokai' 6-max Seat #1 is the button
Seat 1: sutata ($100.24 in chips) 
Seat 2: Grave1234 ($42.79 in chips) 
Seat 3: jeilsons ($102.28 in chips) 
Seat 4: Andrii1937 ($114.31 in chips) 
Seat 5: b2k-Snick ($100 in chips) 
Seat 6: tbatba ($90.15 in chips) 
Grave1234: posts small blind $0.50
jeilsons: posts big blind $1
*** HOLE CARDS ***
Andrii1937: folds 
b2k-Snick: raises $1.10 to $2.10
tbatba: folds 
sutata: calls $2.10
Grave1234: calls $1.60
jeilsons: calls $1.10
*** FLOP *** [9h 2d Tc]
Grave1234: checks 
jeilsons: checks 
b2k-Snick: checks 
sutata: checks 
*** TURN *** [9h 2d Tc] [Td]
Grave1234: bets $7.98
jeilsons: calls $7.98
b2k-Snick: folds 
sutata: folds 
*** RIVER *** [9h 2d Tc Td] [7d]
Grave1234: checks 
jeilsons: bets $92.20 and is all-in
Grave1234: calls $32.71 and is all-in
Uncalled bet ($59.49) returned to jeilsons
*** SHOW DOWN ***
jeilsons: shows [9d 6d] (a flush, Ten high)
Grave1234: shows [Ts Jd] (three of a kind, Tens)
jeilsons collected $87.28 from pot
*** SUMMARY ***
Total pot $89.78 | Rake $2.50 
Board [9h 2d Tc Td 7d]
Seat 1: sutata (button) folded on the Turn
Seat 2: Grave1234 (small blind) showed [Ts Jd] and lost with three of a kind, Tens
Seat 3: jeilsons (big blind) showed [9d 6d] and won ($87.28) with a flush, Ten high
Seat 4: Andrii1937 folded before Flop (didn't bet)
Seat 5: b2k-Snick folded on the Turn
Seat 6: tbatba folded before Flop (didn't bet)



PokerStars Hand #254185765709:  Hold'em No Limit ($0.50/$1.00 USD) - 2025/01/04 7:50:08 WET [2025/01/04 2:50:08 ET]
Table 'Tokai' 6-max Seat #3 is the button
Seat 2: Grave1234 ($0 in chips) is sitting out
Seat 1: sutata ($100 in chips) 
Seat 3: jeilsons ($146.77 in chips) 
Seat 4: Andrii1937 ($114.31 in chips) 
Seat 5: b2k-Snick ($100 in chips) 
Seat 6: tbatba ($90.15 in chips) 
Andrii1937: posts small blind $0.50
b2k-Snick: posts big blind $1
*** HOLE CARDS ***
tbatba: folds 
sutata: raises $1.50 to $2.50
jeilsons: folds 
Andrii1937: folds 
b2k-Snick: calls $1.50
*** FLOP *** [2d 5d Qh]
b2k-Snick: checks 
sutata: bets $1.74
b2k-Snick: calls $1.74
*** TURN *** [2d 5d Qh] [4d]
b2k-Snick: checks 
sutata: checks 
*** RIVER *** [2d 5d Qh 4d] [Ah]
b2k-Snick: checks 
sutata: bets $2.84
b2k-Snick: folds 
Uncalled bet ($2.84) returned to sutata
sutata collected $8.53 from pot
sutata: doesn't show hand 
*** SUMMARY ***
Total pot $8.98 | Rake $0.45 
Board [2d 5d Qh 4d Ah]
Seat 2: Grave1234
Seat 1: sutata collected ($8.53)
Seat 3: jeilsons (button) folded before Flop (didn't bet)
Seat 4: Andrii1937 (small blind) folded before Flop
Seat 5: b2k-Snick (big blind) folded on the River
Seat 6: tbatba folded before Flop (didn't bet)



PokerStars Hand #254185770354:  Hold'em No Limit ($0.50/$1.00 USD) - 2025/01/04 7:51:05 WET [2025/01/04 2:51:05 ET]
Table 'Tokai' 6-max Seat #4 is the button
Seat 2: Grave1234 ($0 in chips) is sitting out
Seat 1: sutata ($104.29 in chips) 
Seat 3: jeilsons ($146.77 in chips) 
Seat 4: Andrii1937 ($113.81 in chips) 
Seat 5: b2k-Snick ($100 in chips) 
Seat 6: tbatba ($90.15 in chips) 
b2k-Snick: posts small blind $0.50
tbatba: posts big blind $1
*** HOLE CARDS ***
sutata: folds 
jeilsons: folds 
Andrii1937: folds 
b2k-Snick: raises $2 to $3
tbatba: folds 
Uncalled bet ($2) returned to b2k-Snick
b2k-Snick collected $2 from pot
b2k-Snick: doesn't show hand 
*** SUMMARY ***
Total pot $2 | Rake $0 
Seat 2: Grave1234
Seat 1: sutata folded before Flop (didn't bet)
Seat 3: jeilsons folded before Flop (didn't bet)
Seat 4: Andrii1937 (button) folded before Flop (didn't bet)
Seat 5: b2k-Snick (small blind) collected ($2)
Seat 6: tbatba (big blind) folded before Flop



PokerStars Hand #254185771713:  Hold'em No Limit ($0.50/$1.00 USD) - 2025/01/04 7:51:22 WET [2025/01/04 2:51:22 ET]
Table 'Tokai' 6-max Seat #5 is the button
Seat 2: Grave1234 ($0 in chips) is sitting out
Seat 1: sutata ($104.29 in chips) 
Seat 3: jeilsons ($146.77 in chips) 
Seat 4: Andrii1937 ($113.81 in chips) 
Seat 5: b2k-Snick ($101 in chips) 
Seat 6: tbatba ($89.15 in chips) 
tbatba: posts small blind $0.50
sutata: posts big blind $1
*** HOLE CARDS ***
jeilsons: folds 
Andrii1937: folds 
b2k-Snick: folds 
tbatba: raises $1 to $2
sutata: calls $1
*** FLOP *** [As 7h 9s]
tbatba: bets $3
sutata: folds 
Uncalled bet ($3) returned to tbatba
tbatba collected $3.80 from pot
*** SUMMARY ***
Total pot $4 | Rake $0.20 
Board [As 7h 9s]
Seat 2: Grave1234
Seat 1: sutata (big blind) folded on the Flop
Seat 3: jeilsons folded before Flop (didn't bet)
Seat 4: Andrii1937 folded before Flop (didn't bet)
Seat 5: b2k-Snick (button) folded before Flop (didn't bet)
Seat 6: tbatba (small blind) collected ($3.80)



PokerStars Hand #254185773414:  Hold'em No Limit ($0.50/$1.00 USD) - 2025/01/04 7:51:43 WET [2025/01/04 2:51:43 ET]
Table 'Tokai' 6-max Seat #6 is the button
Seat 2: Grave1234 ($0 in chips) is sitting out
Seat 1: sutata ($102.29 in chips) 
Seat 3: jeilsons ($146.77 in chips) 
Seat 4: Andrii1937 ($113.81 in chips) 
Seat 5: b2k-Snick ($101 in chips) 
Seat 6: tbatba ($90.95 in chips) 
sutata: posts small blind $0.50
jeilsons: posts big blind $1
*** HOLE CARDS ***
Andrii1937: raises $1.20 to $2.20
b2k-Snick: folds 
tbatba: calls $2.20
sutata: folds 
jeilsons: folds 
*** FLOP *** [7d Jh 4h]
Andrii1937: checks 
tbatba: checks 
*** TURN *** [7d Jh 4h] [2h]
Andrii1937: bets $1.40
tbatba: folds 
Uncalled bet ($1.40) returned to Andrii1937
Andrii1937 collected $5.60 from pot
Andrii1937: doesn't show hand 
*** SUMMARY ***
Total pot $5.90 | Rake $0.30 
Board [7d Jh 4h 2h]
Seat 2: Grave1234
Seat 1: sutata (small blind) folded before Flop
Seat 3: jeilsons (big blind) folded before Flop
Seat 4: Andrii1937 collected ($5.60)
Seat 5: b2k-Snick folded before Flop (didn't bet)
Seat 6: tbatba (button) folded on the Turn



PokerStars Hand #254185777672:  Hold'em No Limit ($0.50/$1.00 USD) - 2025/01/04 7:52:35 WET [2025/01/04 2:52:35 ET]
Table 'Tokai' 6-max Seat #1 is the button
Seat 2: Grave1234 ($0 in chips) is sitting out
Seat 4: Andrii1937 ($117.21 in chips) is sitting out
Seat 1: sutata ($101.79 in chips) 
Seat 3: jeilsons ($145.77 in chips) 
Seat 5: b2k-Snick ($101 in chips) 
Seat 6: tbatba ($88.75 in chips) 
jeilsons: posts small blind $0.50
Andrii1937: is sitting out 
b2k-Snick: posts big blind $1
*** HOLE CARDS ***
Andrii1937 leaves the table
tbatba: folds 
sutata: folds 
jeilsons: folds 
Uncalled bet ($0.50) returned to b2k-Snick
Ysiven joins the table at seat #4 
b2k-Snick collected $1 from pot
b2k-Snick: doesn't show hand 
*** SUMMARY ***
Total pot $1 | Rake $0 
Seat 2: Grave1234
Seat 4: Andrii1937
Seat 1: sutata (button) folded before Flop (didn't bet)
Seat 3: jeilsons (small blind) folded before Flop
Seat 5: b2k-Snick (big blind) collected ($1)
Seat 6: tbatba folded before Flop (didn't bet)



PokerStars Hand #254185778336:  Hold'em No Limit ($0.50/$1.00 USD) - 2025/01/04 7:52:43 WET [2025/01/04 2:52:43 ET]
Table 'Tokai' 6-max Seat #3 is the button
Seat 2: Grave1234 ($0 in chips) is sitting out
Seat 4: Ysiven ($100 in chips) is sitting out
Seat 1: sutata ($101.79 in chips) 
Seat 3: jeilsons ($145.27 in chips) 
Seat 5: b2k-Snick ($101.50 in chips) 
Seat 6: tbatba ($88.75 in chips) 
b2k-Snick: posts small blind $0.50
tbatba: posts big blind $1
*** HOLE CARDS ***
sutata: folds 
jeilsons: folds 
b2k-Snick: raises $2 to $3
tbatba: folds 
Uncalled bet ($2) returned to b2k-Snick
b2k-Snick collected $2 from pot
b2k-Snick: doesn't show hand 
*** SUMMARY ***
Total pot $2 | Rake $0 
Seat 2: Grave1234
Seat 4: Ysiven
Seat 1: sutata folded before Flop (didn't bet)
Seat 3: jeilsons (button) folded before Flop (didn't bet)
Seat 5: b2k-Snick (small blind) collected ($2)
Seat 6: tbatba (big blind) folded before Flop



PokerStars Hand #254185779750:  Hold'em No Limit ($0.50/$1.00 USD) - 2025/01/04 7:53:01 WET [2025/01/04 2:53:01 ET]
Table 'Tokai' 6-max Seat #5 is the button
Seat 2: Grave1234 ($0 in chips) is sitting out
Seat 4: Ysiven ($100 in chips) is sitting out
Seat 1: sutata ($101.79 in chips) 
Seat 3: jeilsons ($145.27 in chips) 
Seat 5: b2k-Snick ($102.50 in chips) 
Seat 6: tbatba ($87.75 in chips) 
tbatba: posts small blind $0.50
sutata: posts big blind $1
Ysiven: sits out 
*** HOLE CARDS ***
jeilsons: folds 
b2k-Snick: raises $1.50 to $2.50
tbatba: folds 
sutata: calls $1.50
*** FLOP *** [Ac Tc 9h]
sutata: checks 
b2k-Snick: checks 
*** TURN *** [Ac Tc 9h] [Qh]
sutata: checks 
b2k-Snick: checks 
*** RIVER *** [Ac Tc 9h Qh] [Jd]
sutata: checks 
b2k-Snick: bets $5.50
sutata: folds 
Uncalled bet ($5.50) returned to b2k-Snick
b2k-Snick collected $5.22 from pot
b2k-Snick: doesn't show hand 
*** SUMMARY ***
Total pot $5.50 | Rake $0.28 
Board [Ac Tc 9h Qh Jd]
Seat 2: Grave1234
Seat 4: Ysiven
Seat 1: sutata (big blind) folded on the River
Seat 3: jeilsons folded before Flop (didn't bet)
Seat 5: b2k-Snick (button) collected ($5.22)
Seat 6: tbatba (small blind) folded before Flop



PokerStars Hand #254185783517:  Hold'em No Limit ($0.50/$1.00 USD) - 2025/01/04 7:53:47 WET [2025/01/04 2:53:47 ET]
Table 'Tokai' 6-max Seat #6 is the button
Seat 2: Grave1234 ($0 in chips) is sitting out
Seat 4: Ysiven ($100 in chips) is sitting out
Seat 1: sutata ($100 in chips) 
Seat 3: jeilsons ($145.27 in chips) 
Seat 5: b2k-Snick ($105.22 in chips) 
Seat 6: tbatba ($87.25 in chips) 
sutata: posts small blind $0.50
jeilsons: posts big blind $1
Ysiven: sits out 
*** HOLE CARDS ***
b2k-Snick: folds 
tbatba: folds 
sutata: folds 
Uncalled bet ($0.50) returned to jeilsons
jeilsons collected $1 from pot
jeilsons: doesn't show hand 
*** SUMMARY ***
Total pot $1 | Rake $0 
Seat 2: Grave1234
Seat 4: Ysiven
Seat 1: sutata (small blind) folded before Flop
Seat 3: jeilsons (big blind) collected ($1)
Seat 5: b2k-Snick folded before Flop (didn't bet)
Seat 6: tbatba (button) folded before Flop (didn't bet)



PokerStars Hand #254185784269:  Hold'em No Limit ($0.50/$1.00 USD) - 2025/01/04 7:53:56 WET [2025/01/04 2:53:56 ET]
Table 'Tokai' 6-max Seat #1 is the button
Seat 2: Grave1234 ($0 in chips) is sitting out
Seat 1: sutata ($100 in chips) 
Seat 3: jeilsons ($145.77 in chips) 
Seat 4: Ysiven ($100 in chips) 
Seat 5: b2k-Snick ($105.22 in chips) 
Seat 6: tbatba ($87.25 in chips) 
jeilsons: posts small blind $0.50
Ysiven: posts big blind $1
*** HOLE CARDS ***
b2k-Snick: raises $1 to $2
tbatba: raises $2 to $4
sutata: folds 
jeilsons: folds 
Ysiven: folds 
b2k-Snick: calls $2
*** FLOP *** [6c 3d Kh]
b2k-Snick: checks 
tbatba: bets $5
b2k-Snick: calls $5
*** TURN *** [6c 3d Kh] [Kd]
b2k-Snick: checks 
tbatba: checks 
*** RIVER *** [6c 3d Kh Kd] [Ts]
b2k-Snick: checks 
tbatba: checks 
*** SHOW DOWN ***
b2k-Snick: shows [Qs Ks] (three of a kind, Kings)
tbatba: mucks hand 
b2k-Snick collected $18.52 from pot
*** SUMMARY ***
Total pot $19.50 | Rake $0.98 
Board [6c 3d Kh Kd Ts]
Seat 2: Grave1234
Seat 1: sutata (button) folded before Flop (didn't bet)
Seat 3: jeilsons (small blind) folded before Flop
Seat 4: Ysiven (big blind) folded before Flop
Seat 5: b2k-Snick showed [Qs Ks] and won ($18.52) with three of a kind, Kings
Seat 6: tbatba mucked



PokerStars Hand #254185787550:  Hold'em No Limit ($0.50/$1.00 USD) - 2025/01/04 7:54:36 WET [2025/01/04 2:54:36 ET]
Table 'Tokai' 6-max Seat #3 is the button
Seat 2: Grave1234 ($0 in chips) is sitting out
Seat 1: sutata ($100 in chips) 
Seat 3: jeilsons ($145.27 in chips) 
Seat 4: Ysiven ($100 in chips) 
Seat 5: b2k-Snick ($114.74 in chips) 
Seat 6: tbatba ($78.25 in chips) 
Ysiven: posts small blind $0.50
b2k-Snick: posts big blind $1
*** HOLE CARDS ***
tbatba: folds 
sutata: raises $1.50 to $2.50
jeilsons: raises $5 to $7.50
Grave1234 is disconnected 
Ysiven: raises $12 to $19.50
b2k-Snick: folds 
sutata: folds 
jeilsons: folds 
Uncalled bet ($12) returned to Ysiven
Ysiven collected $18.50 from pot
Ysiven: doesn't show hand 
*** SUMMARY ***
Total pot $18.50 | Rake $0 
Seat 2: Grave1234
Seat 1: sutata folded before Flop
Seat 3: jeilsons (button) folded before Flop
Seat 4: Ysiven (small blind) collected ($18.50)
Seat 5: b2k-Snick (big blind) folded before Flop
Seat 6: tbatba folded before Flop (didn't bet)



PokerStars Hand #254185790584:  Hold'em No Limit ($0.50/$1.00 USD) - 2025/01/04 7:55:12 WET [2025/01/04 2:55:12 ET]
Table 'Tokai' 6-max Seat #4 is the button
Seat 2: Grave1234 ($0 in chips) is sitting out
Seat 1: sutata ($100 in chips) 
Seat 3: jeilsons ($137.77 in chips) 
Seat 4: Ysiven ($111 in chips) 
Seat 5: b2k-Snick ($113.74 in chips) 
Seat 6: tbatba ($78.25 in chips) 
b2k-Snick: posts small blind $0.50
tbatba: posts big blind $1
*** HOLE CARDS ***
sutata: folds 
jeilsons: folds 
Ysiven: folds 
b2k-Snick: raises $2 to $3
tbatba: calls $2
*** FLOP *** [9c Js Jh]
b2k-Snick: bets $2.51
tbatba: folds 
Uncalled bet ($2.51) returned to b2k-Snick
b2k-Snick collected $5.70 from pot
b2k-Snick: doesn't show hand 
*** SUMMARY ***
Total pot $6 | Rake $0.30 
Board [9c Js Jh]
Seat 2: Grave1234
Seat 1: sutata folded before Flop (didn't bet)
Seat 3: jeilsons folded before Flop (didn't bet)
Seat 4: Ysiven (button) folded before Flop (didn't bet)
Seat 5: b2k-Snick (small blind) collected ($5.70)
Seat 6: tbatba (big blind) folded on the Flop



PokerStars Hand #254185792413:  Hold'em No Limit ($0.50/$1.00 USD) - 2025/01/04 7:55:39 WET [2025/01/04 2:55:39 ET]
Table 'Tokai' 6-max Seat #5 is the button
Seat 2: Grave1234 ($0 in chips) is sitting out
Seat 1: sutata ($100 in chips) 
Seat 3: jeilsons ($137.77 in chips) 
Seat 4: Ysiven ($111 in chips) 
Seat 5: b2k-Snick ($116.44 in chips) 
Seat 6: tbatba ($75.25 in chips) 
tbatba: posts small blind $0.50
sutata: posts big blind $1
*** HOLE CARDS ***
jeilsons: folds 
Ysiven: folds 
b2k-Snick: raises $1.50 to $2.50
tbatba: calls $2
sutata: folds 
*** FLOP *** [Td Tc Jc]
tbatba: checks 
b2k-Snick: bets $1.88
tbatba: raises $3.12 to $5
b2k-Snick: folds 
Uncalled bet ($3.12) returned to tbatba
tbatba collected $9.27 from pot
*** SUMMARY ***
Total pot $9.76 | Rake $0.49 
Board [Td Tc Jc]
Seat 2: Grave1234
Seat 1: sutata (big blind) folded before Flop
Seat 3: jeilsons folded before Flop (didn't bet)
Seat 4: Ysiven folded before Flop (didn't bet)
Seat 5: b2k-Snick (button) folded on the Flop
Seat 6: tbatba (small blind) collected ($9.27)



PokerStars Hand #254185794720:  Hold'em No Limit ($0.50/$1.00 USD) - 2025/01/04 7:56:11 WET [2025/01/04 2:56:11 ET]
Table 'Tokai' 6-max Seat #6 is the button
Seat 2: Grave1234 ($0 in chips) is sitting out
Seat 1: sutata ($100 in chips) 
Seat 3: jeilsons ($137.77 in chips) 
Seat 4: Ysiven ($111 in chips) 
Seat 5: b2k-Snick ($112.06 in chips) 
Seat 6: tbatba ($80.14 in chips) 
sutata: posts small blind $0.50
jeilsons: posts big blind $1
*** HOLE CARDS ***
Ysiven: raises $1 to $2
b2k-Snick: folds 
tbatba: folds 
sutata: folds 
jeilsons: calls $1
*** FLOP *** [8h 8d Td]
jeilsons: checks 
Ysiven: bets $1.41
jeilsons: calls $1.41
*** TURN *** [8h 8d Td] [5d]
jeilsons: checks 
Ysiven: checks 
*** RIVER *** [8h 8d Td 5d] [3s]
jeilsons: bets $1.81
Ysiven: folds 
Uncalled bet ($1.81) returned to jeilsons
jeilsons collected $6.95 from pot
jeilsons: doesn't show hand 
*** SUMMARY ***
Total pot $7.32 | Rake $0.37 
Board [8h 8d Td 5d 3s]
Seat 2: Grave1234
Seat 1: sutata (small blind) folded before Flop
Seat 3: jeilsons (big blind) collected ($6.95)
Seat 4: Ysiven folded on the River
Seat 5: b2k-Snick folded before Flop (didn't bet)
Seat 6: tbatba (button) folded before Flop (didn't bet)



PokerStars Hand #254185799471:  Hold'em No Limit ($0.50/$1.00 USD) - 2025/01/04 7:57:17 WET [2025/01/04 2:57:17 ET]
Table 'Tokai' 6-max Seat #1 is the button
Seat 2: Grave1234 ($0 in chips) is sitting out
Seat 1: sutata ($100 in chips) 
Seat 3: jeilsons ($141.31 in chips) 
Seat 4: Ysiven ($107.59 in chips) 
Seat 5: b2k-Snick ($112.06 in chips) 
Seat 6: tbatba ($80.14 in chips) 
jeilsons: posts small blind $0.50
Ysiven: posts big blind $1
*** HOLE CARDS ***
b2k-Snick: folds 
tbatba: calls $1
sutata: folds 
jeilsons: folds 
Ysiven: checks 
*** FLOP *** [4s Ad 3s]
Ysiven: checks 
b2k-Snick leaves the table
tbatba: bets $2
Pigness80 joins the table at seat #5 
Ysiven: calls $2
*** TURN *** [4s Ad 3s] [Qs]
Ysiven: checks 
tbatba: checks 
*** RIVER *** [4s Ad 3s Qs] [3c]
Ysiven: checks 
tbatba: checks 
*** SHOW DOWN ***
Ysiven: shows [4d Jd] (two pair, Fours and Threes)
tbatba: shows [6s 6h] (two pair, Sixes and Threes)
tbatba collected $6.18 from pot
*** SUMMARY ***
Total pot $6.50 | Rake $0.32 
Board [4s Ad 3s Qs 3c]
Seat 2: Grave1234
Seat 1: sutata (button) folded before Flop (didn't bet)
Seat 3: jeilsons (small blind) folded before Flop
Seat 4: Ysiven (big blind) showed [4d Jd] and lost with two pair, Fours and Threes
Seat 5: b2k-Snick folded before Flop (didn't bet)
Seat 6: tbatba showed [6s 6h] and won ($6.18) with two pair, Sixes and Threes



PokerStars Hand #254185802615:  Hold'em No Limit ($0.50/$1.00 USD) - 2025/01/04 7:58:00 WET [2025/01/04 2:58:00 ET]
Table 'Tokai' 6-max Seat #3 is the button
Seat 2: Grave1234 ($0 in chips) is sitting out
Seat 1: sutata ($100 in chips) 
Seat 3: jeilsons ($140.81 in chips) 
Seat 4: Ysiven ($104.59 in chips) 
Seat 5: Pigness80 ($100 in chips) 
Seat 6: tbatba ($83.32 in chips) 
Ysiven: posts small blind $0.50
Pigness80: posts big blind $1
*** HOLE CARDS ***
tbatba: folds 
sutata: folds 
jeilsons: raises $1.50 to $2.50
Ysiven: folds 
Pigness80: calls $1.50
*** FLOP *** [7d 2h 9s]
Pigness80: checks 
jeilsons: checks 
*** TURN *** [7d 2h 9s] [9d]
Pigness80: bets $1.41
jeilsons: calls $1.41
*** RIVER *** [7d 2h 9s 9d] [Jd]
Pigness80: bets $2.13
jeilsons: folds 
Uncalled bet ($2.13) returned to Pigness80
Pigness80 collected $7.90 from pot
Pigness80: doesn't show hand 
*** SUMMARY ***
Total pot $8.32 | Rake $0.42 
Board [7d 2h 9s 9d Jd]
Seat 2: Grave1234
Seat 1: sutata folded before Flop (didn't bet)
Seat 3: jeilsons (button) folded on the River
Seat 4: Ysiven (small blind) folded before Flop
Seat 5: Pigness80 (big blind) collected ($7.90)
Seat 6: tbatba folded before Flop (didn't bet)



PokerStars Hand #254185805748:  Hold'em No Limit ($0.50/$1.00 USD) - 2025/01/04 7:58:44 WET [2025/01/04 2:58:44 ET]
Table 'Tokai' 6-max Seat #4 is the button
Seat 2: Grave1234 ($0 in chips) is sitting out
Seat 1: sutata ($100 in chips) 
Seat 3: jeilsons ($136.90 in chips) 
Seat 4: Ysiven ($104.09 in chips) 
Seat 5: Pigness80 ($103.99 in chips) 
Seat 6: tbatba ($83.32 in chips) 
Pigness80: posts small blind $0.50
tbatba: posts big blind $1
*** HOLE CARDS ***
sutata: folds 
jeilsons: folds 
Ysiven: folds 
Pigness80: raises $2 to $3
tbatba: calls $2
*** FLOP *** [Ks 3s Ad]
Pigness80: bets $1.54
tbatba: folds 
Uncalled bet ($1.54) returned to Pigness80
Pigness80 collected $5.70 from pot
Pigness80: doesn't show hand 
*** SUMMARY ***
Total pot $6 | Rake $0.30 
Board [Ks 3s Ad]
Seat 2: Grave1234
Seat 1: sutata folded before Flop (didn't bet)
Seat 3: jeilsons folded before Flop (didn't bet)
Seat 4: Ysiven (button) folded before Flop (didn't bet)
Seat 5: Pigness80 (small blind) collected ($5.70)
Seat 6: tbatba (big blind) folded on the Flop



PokerStars Hand #254185807856:  Hold'em No Limit ($0.50/$1.00 USD) - 2025/01/04 7:59:13 WET [2025/01/04 2:59:13 ET]
Table 'Tokai' 6-max Seat #5 is the button
Seat 2: Grave1234 ($0 in chips) is sitting out
Seat 1: sutata ($100 in chips) 
Seat 3: jeilsons ($136.90 in chips) 
Seat 4: Ysiven ($104.09 in chips) 
Seat 5: Pigness80 ($106.69 in chips) 
Seat 6: tbatba ($80.32 in chips) 
tbatba: posts small blind $0.50
sutata: posts big blind $1
*** HOLE CARDS ***
jeilsons: folds 
Ysiven: folds 
Pigness80: raises $1.50 to $2.50
tbatba: folds 
sutata: calls $1.50
*** FLOP *** [8s 4d Qc]
sutata: checks 
Pigness80: bets $1.41
sutata: calls $1.41
*** TURN *** [8s 4d Qc] [6s]
sutata: checks 
Pigness80: checks 
*** RIVER *** [8s 4d Qc 6s] [Ad]
sutata: checks 
Pigness80: checks 
*** SHOW DOWN ***
sutata: shows [Jh 9d] (high card Ace)
Pigness80: shows [6h 5s] (a pair of Sixes)
Pigness80 collected $7.90 from pot
*** SUMMARY ***
Total pot $8.32 | Rake $0.42 
Board [8s 4d Qc 6s Ad]
Seat 2: Grave1234
Seat 1: sutata (big blind) showed [Jh 9d] and lost with high card Ace
Seat 3: jeilsons folded before Flop (didn't bet)
Seat 4: Ysiven folded before Flop (didn't bet)
Seat 5: Pigness80 (button) showed [6h 5s] and won ($7.90) with a pair of Sixes
Seat 6: tbatba (small blind) folded before Flop



PokerStars Hand #254185811764:  Hold'em No Limit ($0.50/$1.00 USD) - 2025/01/04 8:00:06 WET [2025/01/04 3:00:06 ET]
Table 'Tokai' 6-max Seat #6 is the button
Seat 2: Grave1234 ($0 in chips) is sitting out
Seat 1: sutata ($100 in chips) 
Seat 3: jeilsons ($136.90 in chips) 
Seat 4: Ysiven ($104.09 in chips) 
Seat 5: Pigness80 ($110.68 in chips) 
Seat 6: tbatba ($79.82 in chips) 
sutata: posts small blind $0.50
jeilsons: posts big blind $1
*** HOLE CARDS ***
Ysiven: folds 
Pigness80: folds 
tbatba: folds 
sutata: raises $2 to $3
jeilsons: folds 
Uncalled bet ($2) returned to sutata
sutata collected $2 from pot
Grave1234 leaves the table
sutata: doesn't show hand 
*** SUMMARY ***
Total pot $2 | Rake $0 
Seat 2: Grave1234
Seat 1: sutata (small blind) collected ($2)
Seat 3: jeilsons (big blind) folded before Flop
Seat 4: Ysiven folded before Flop (didn't bet)
Seat 5: Pigness80 folded before Flop (didn't bet)
Seat 6: tbatba (button) folded before Flop (didn't bet)



PokerStars Hand #254185813099:  Hold'em No Limit ($0.50/$1.00 USD) - 2025/01/04 8:00:24 WET [2025/01/04 3:00:24 ET]
Table 'Tokai' 6-max Seat #1 is the button
Seat 1: sutata ($101 in chips) 
Seat 3: jeilsons ($135.90 in chips) 
Seat 4: Ysiven ($104.09 in chips) 
Seat 5: Pigness80 ($110.68 in chips) 
Seat 6: tbatba ($79.82 in chips) 
jeilsons: posts small blind $0.50
Ysiven: posts big blind $1
*** HOLE CARDS ***
Pigness80: folds 
tbatba: folds 
sutata: raises $2 to $3
jeilsons: folds 
Ysiven: folds 
Uncalled bet ($2) returned to sutata
sutata collected $2.50 from pot
sutata: doesn't show hand 
*** SUMMARY ***
Total pot $2.50 | Rake $0 
Seat 1: sutata (button) collected ($2.50)
Seat 3: jeilsons (small blind) folded before Flop
Seat 4: Ysiven (big blind) folded before Flop
Seat 5: Pigness80 folded before Flop (didn't bet)
Seat 6: tbatba folded before Flop (didn't bet)



PokerStars Hand #254185815395:  Hold'em No Limit ($0.50/$1.00 USD) - 2025/01/04 8:00:53 WET [2025/01/04 3:00:53 ET]
Table 'Tokai' 6-max Seat #3 is the button
Seat 1: sutata ($102.50 in chips) 
Seat 3: jeilsons ($135.40 in chips) 
Seat 4: Ysiven ($103.09 in chips) 
Seat 5: Pigness80 ($110.68 in chips) 
Seat 6: tbatba ($79.82 in chips) 
Ysiven: posts small blind $0.50
Pigness80: posts big blind $1
*** HOLE CARDS ***
AigarsK joins the table at seat #2 
tbatba: raises $1 to $2
sutata: raises $6.30 to $8.30
jeilsons: folds 
Ysiven: folds 
Pigness80: folds 
tbatba: folds 
Uncalled bet ($6.30) returned to sutata
sutata collected $5.50 from pot
sutata: doesn't show hand 
*** SUMMARY ***
Total pot $5.50 | Rake $0 
Seat 1: sutata collected ($5.50)
Seat 3: jeilsons (button) folded before Flop (didn't bet)
Seat 4: Ysiven (small blind) folded before Flop
Seat 5: Pigness80 (big blind) folded before Flop
Seat 6: tbatba folded before Flop



PokerStars Hand #254185816665:  Hold'em No Limit ($0.50/$1.00 USD) - 2025/01/04 8:01:08 WET [2025/01/04 3:01:08 ET]
Table 'Tokai' 6-max Seat #4 is the button
Seat 1: sutata ($106 in chips) 
Seat 2: AigarsK ($10 in chips) 
Seat 3: jeilsons ($135.40 in chips) 
Seat 4: Ysiven ($102.59 in chips) 
Seat 5: Pigness80 ($109.68 in chips) 
Seat 6: tbatba ($77.82 in chips) 
Pigness80: posts small blind $0.50
tbatba: posts big blind $1
AigarsK: posts big blind $1
*** HOLE CARDS ***
sutata: folds 
AigarsK: checks 
jeilsons: raises $3 to $4
Ysiven: folds 
Pigness80: folds 
tbatba: folds 
AigarsK: folds 
Uncalled bet ($3) returned to jeilsons
jeilsons collected $3.50 from pot
jeilsons: doesn't show hand 
*** SUMMARY ***
Total pot $3.50 | Rake $0 
Seat 1: sutata folded before Flop (didn't bet)
Seat 2: AigarsK folded before Flop (didn't bet)
Seat 3: jeilsons collected ($3.50)
Seat 4: Ysiven (button) folded before Flop (didn't bet)
Seat 5: Pigness80 (small blind) folded before Flop
Seat 6: tbatba (big blind) folded before Flop



PokerStars Hand #254185819189:  Hold'em No Limit ($0.50/$1.00 USD) - 2025/01/04 8:01:39 WET [2025/01/04 3:01:39 ET]
Table 'Tokai' 6-max Seat #5 is the button
Seat 1: sutata ($106 in chips) 
Seat 2: AigarsK ($9 in chips) 
Seat 3: jeilsons ($137.90 in chips) 
Seat 4: Ysiven ($102.59 in chips) 
Seat 5: Pigness80 ($109.18 in chips) 
Seat 6: tbatba ($76.82 in chips) 
tbatba: posts small blind $0.50
sutata: posts big blind $1
*** HOLE CARDS ***
AigarsK: folds 
jeilsons: folds 
Ysiven: folds 
Pigness80: raises $1.50 to $2.50
tbatba: calls $2
AigarsK leaves the table
sutata: calls $1.50
*** FLOP *** [4h 8h Th]
tbatba: bets $4
sutata: calls $4
Pigness80: folds 
*** TURN *** [4h 8h Th] [2h]
tbatba: checks 
sutata: bets $4.91
tbatba: folds 
Uncalled bet ($4.91) returned to sutata
sutata collected $14.72 from pot
sutata: doesn't show hand 
*** SUMMARY ***
Total pot $15.50 | Rake $0.78 
Board [4h 8h Th 2h]
Seat 1: sutata (big blind) collected ($14.72)
Seat 2: AigarsK folded before Flop (didn't bet)
Seat 3: jeilsons folded before Flop (didn't bet)
Seat 4: Ysiven folded before Flop (didn't bet)
Seat 5: Pigness80 (button) folded on the Flop
Seat 6: tbatba (small blind) folded on the Turn



PokerStars Hand #254185822186:  Hold'em No Limit ($0.50/$1.00 USD) - 2025/01/04 8:02:16 WET [2025/01/04 3:02:16 ET]
Table 'Tokai' 6-max Seat #6 is the button
Seat 1: sutata ($114.22 in chips) 
Seat 3: jeilsons ($137.90 in chips) 
Seat 4: Ysiven ($102.59 in chips) 
Seat 5: Pigness80 ($106.68 in chips) 
Seat 6: tbatba ($70.32 in chips) 
sutata: posts small blind $0.50
jeilsons: posts big blind $1
*** HOLE CARDS ***
Ysiven: raises $1 to $2
Melenya joins the table at seat #2 
Pigness80: folds 
tbatba: folds 
sutata: folds 
jeilsons: folds 
Uncalled bet ($1) returned to Ysiven
Ysiven collected $2.50 from pot
Ysiven: doesn't show hand 
*** SUMMARY ***
Total pot $2.50 | Rake $0 
Seat 1: sutata (small blind) folded before Flop
Seat 3: jeilsons (big blind) folded before Flop
Seat 4: Ysiven collected ($2.50)
Seat 5: Pigness80 folded before Flop (didn't bet)
Seat 6: tbatba (button) folded before Flop (didn't bet)



PokerStars Hand #254185823084:  Hold'em No Limit ($0.50/$1.00 USD) - 2025/01/04 8:02:27 WET [2025/01/04 3:02:27 ET]
Table 'Tokai' 6-max Seat #1 is the button
Seat 2: Melenya ($100 in chips) is sitting out
Seat 1: sutata ($113.72 in chips) 
Seat 3: jeilsons ($136.90 in chips) 
Seat 4: Ysiven ($104.09 in chips) 
Seat 5: Pigness80 ($106.68 in chips) 
Seat 6: tbatba ($70.32 in chips) 
jeilsons: posts small blind $0.50
Ysiven: posts big blind $1
*** HOLE CARDS ***
Pigness80: folds 
tbatba: folds 
sutata: folds 
jeilsons: folds 
Uncalled bet ($0.50) returned to Ysiven
Ysiven collected $1 from pot
Ysiven: doesn't show hand 
*** SUMMARY ***
Total pot $1 | Rake $0 
Seat 2: Melenya
Seat 1: sutata (button) folded before Flop (didn't bet)
Seat 3: jeilsons (small blind) folded before Flop
Seat 4: Ysiven (big blind) collected ($1)
Seat 5: Pigness80 folded before Flop (didn't bet)
Seat 6: tbatba folded before Flop (didn't bet)



PokerStars Hand #254185824045:  Hold'em No Limit ($0.50/$1.00 USD) - 2025/01/04 8:02:39 WET [2025/01/04 3:02:39 ET]
Table 'Tokai' 6-max Seat #3 is the button
Seat 2: Melenya ($100 in chips) is sitting out
Seat 5: Pigness80 ($106.68 in chips) is sitting out
Seat 1: sutata ($113.72 in chips) 
Seat 3: jeilsons ($136.40 in chips) 
Seat 4: Ysiven ($104.59 in chips) 
Seat 6: tbatba ($70.32 in chips) 
Ysiven: posts small blind $0.50
Pigness80: is sitting out 
tbatba: posts big blind $1
Melenya: sits out 
*** HOLE CARDS ***
sutata: folds 
jeilsons: raises $1.50 to $2.50
Ysiven: raises $8 to $10.50
tbatba: folds 
jeilsons: calls $8
*** FLOP *** [5h Kh Ks]
Ysiven: bets $6.93
jeilsons: calls $6.93
*** TURN *** [5h Kh Ks] [Td]
Ysiven: checks 
jeilsons: checks 
*** RIVER *** [5h Kh Ks Td] [Ac]
Ysiven: checks 
jeilsons: checks 
*** SHOW DOWN ***
Ysiven: shows [Qh Th] (two pair, Kings and Tens)
jeilsons: shows [Ah 6h] (two pair, Aces and Kings)
jeilsons collected $34.86 from pot
*** SUMMARY ***
Total pot $35.86 | Rake $1 
Board [5h Kh Ks Td Ac]
Seat 2: Melenya
Seat 5: Pigness80
Seat 1: sutata folded before Flop (didn't bet)
Seat 3: jeilsons (button) showed [Ah 6h] and won ($34.86) with two pair, Aces and Kings
Seat 4: Ysiven (small blind) showed [Qh Th] and lost with two pair, Kings and Tens
Seat 6: tbatba (big blind) folded before Flop



PokerStars Hand #254185828994:  Hold'em No Limit ($0.50/$1.00 USD) - 2025/01/04 8:03:40 WET [2025/01/04 3:03:40 ET]
Table 'Tokai' 6-max Seat #4 is the button
Seat 2: Melenya ($100 in chips) is sitting out
Seat 5: Pigness80 ($106.68 in chips) is sitting out
Seat 1: sutata ($113.72 in chips) 
Seat 3: jeilsons ($153.83 in chips) 
Seat 4: Ysiven ($100 in chips) 
Seat 6: tbatba ($69.32 in chips) 
tbatba: posts small blind $0.50
sutata: posts big blind $1
Melenya: sits out 
*** HOLE CARDS ***
jeilsons: raises $1.30 to $2.30
Ysiven: folds 
tbatba: calls $1.80
sutata: calls $1.30
*** FLOP *** [Jh 4s 7c]
tbatba: checks 
sutata: checks 
jeilsons: bets $1.71
tbatba: folds 
sutata: calls $1.71
*** TURN *** [Jh 4s 7c] [5c]
sutata: checks 
tbatba leaves the table
CrankyChasm26 joins the table at seat #6 
CrankyChasm26 is disconnected 
jeilsons: bets $7.35
sutata: calls $7.35
*** RIVER *** [Jh 4s 7c 5c] [3d]
sutata: bets $8.01
jeilsons: folds 
Uncalled bet ($8.01) returned to sutata
sutata collected $24.02 from pot
sutata: doesn't show hand 
*** SUMMARY ***
Total pot $25.02 | Rake $1 
Board [Jh 4s 7c 5c 3d]
Seat 2: Melenya
Seat 5: Pigness80
Seat 1: sutata (big blind) collected ($24.02)
Seat 3: jeilsons folded on the River
Seat 4: Ysiven (button) folded before Flop (didn't bet)
Seat 6: tbatba (small blind) folded on the Flop



PokerStars Hand #254185832934:  Hold'em No Limit ($0.50/$1.00 USD) - 2025/01/04 8:04:28 WET [2025/01/04 3:04:28 ET]
Table 'Tokai' 6-max Seat #1 is the button
Seat 2: Melenya ($100 in chips) is sitting out
Seat 5: Pigness80 ($106.68 in chips) is sitting out
Seat 1: sutata ($126.38 in chips) 
Seat 3: jeilsons ($142.47 in chips) 
Seat 4: Ysiven ($100 in chips) 
Seat 6: CrankyChasm26 ($20.47 in chips) 
jeilsons: posts small blind $0.50
Ysiven: posts big blind $1
CrankyChasm26: posts big blind $1
*** HOLE CARDS ***
CrankyChasm26: checks 
sutata: raises $3 to $4
jeilsons: folds 
Ysiven: folds 
CrankyChasm26: folds 
Uncalled bet ($3) returned to sutata
sutata collected $3.50 from pot
sutata: doesn't show hand 
*** SUMMARY ***
Total pot $3.50 | Rake $0 
Seat 2: Melenya
Seat 5: Pigness80
Seat 1: sutata (button) collected ($3.50)
Seat 3: jeilsons (small blind) folded before Flop
Seat 4: Ysiven (big blind) folded before Flop
Seat 6: CrankyChasm26 folded before Flop (didn't bet)



PokerStars Hand #254185836397:  Hold'em No Limit ($0.50/$1.00 USD) - 2025/01/04 8:05:11 WET [2025/01/04 3:05:11 ET]
Table 'Tokai' 6-max Seat #3 is the button
Seat 2: Melenya ($100 in chips) is sitting out
Seat 5: Pigness80 ($106.68 in chips) is sitting out
Seat 1: sutata ($128.88 in chips) 
Seat 3: jeilsons ($141.97 in chips) 
Seat 4: Ysiven ($100 in chips) 
Seat 6: CrankyChasm26 ($19.47 in chips) 
Ysiven: posts small blind $0.50
CrankyChasm26: posts big blind $1
Melenya: sits out 
*** HOLE CARDS ***
sutata: folds 
jeilsons: folds 
Ysiven: folds 
Uncalled bet ($0.50) returned to CrankyChasm26
CrankyChasm26 collected $1 from pot
*** SUMMARY ***
Total pot $1 | Rake $0 
Seat 2: Melenya
Seat 5: Pigness80
Seat 1: sutata folded before Flop (didn't bet)
Seat 3: jeilsons (button) folded before Flop (didn't bet)
Seat 4: Ysiven (small blind) folded before Flop
Seat 6: CrankyChasm26 (big blind) collected ($1)



PokerStars Hand #254185837195:  Hold'em No Limit ($0.50/$1.00 USD) - 2025/01/04 8:05:20 WET [2025/01/04 3:05:20 ET]
Table 'Tokai' 6-max Seat #4 is the button
Seat 2: Melenya ($100 in chips) is sitting out
Seat 5: Pigness80 ($106.68 in chips) is sitting out
Seat 1: sutata ($128.88 in chips) 
Seat 3: jeilsons ($141.97 in chips) 
Seat 4: Ysiven ($100 in chips) 
Seat 6: CrankyChasm26 ($19.97 in chips) 
CrankyChasm26: posts small blind $0.50
sutata: posts big blind $1
Melenya: sits out 
*** HOLE CARDS ***
jeilsons: raises $1.30 to $2.30
Ysiven: folds 
CrankyChasm26: calls $1.80
sutata: raises $10 to $12.30
jeilsons: folds 
CrankyChasm26: calls $10
*** FLOP *** [8d 7s Kd]
CrankyChasm26: bets $7.67 and is all-in
sutata: calls $7.67
*** TURN *** [8d 7s Kd] [5c]
*** RIVER *** [8d 7s Kd 5c] [9d]
*** SHOW DOWN ***
CrankyChasm26: shows [2d 2s] (a pair of Deuces)
sutata: shows [As Ks] (a pair of Kings)
sutata collected $41.24 from pot
*** SUMMARY ***
Total pot $42.24 | Rake $1 
Board [8d 7s Kd 5c 9d]
Seat 2: Melenya
Seat 5: Pigness80
Seat 1: sutata (big blind) showed [As Ks] and won ($41.24) with a pair of Kings
Seat 3: jeilsons folded before Flop
Seat 4: Ysiven (button) folded before Flop (didn't bet)
Seat 6: CrankyChasm26 (small blind) showed [2d 2s] and lost with a pair of Deuces



PokerStars Hand #254185839871:  Hold'em No Limit ($0.50/$1.00 USD) - 2025/01/04 8:05:54 WET [2025/01/04 3:05:54 ET]
Table 'Tokai' 6-max Seat #1 is the button
Seat 2: Melenya ($100 in chips) is sitting out
Seat 5: Pigness80 ($106.68 in chips) is sitting out
Seat 6: CrankyChasm26 ($0 in chips) is sitting out
Seat 1: sutata ($150.15 in chips) 
Seat 3: jeilsons ($139.67 in chips) 
Seat 4: Ysiven ($100 in chips) 
jeilsons: posts small blind $0.50
Ysiven: posts big blind $1
*** HOLE CARDS ***
sutata: folds 
jeilsons: raises $2 to $3
Ysiven: folds 
Uncalled bet ($2) returned to jeilsons
jeilsons collected $2 from pot
jeilsons: doesn't show hand 
*** SUMMARY ***
Total pot $2 | Rake $0 
Seat 2: Melenya
Seat 5: Pigness80
Seat 6: CrankyChasm26
Seat 1: sutata (button) folded before Flop (didn't bet)
Seat 3: jeilsons (small blind) collected ($2)
Seat 4: Ysiven (big blind) folded before Flop



PokerStars Hand #254185841017:  Hold'em No Limit ($0.50/$1.00 USD) - 2025/01/04 8:06:08 WET [2025/01/04 3:06:08 ET]
Table 'Tokai' 6-max Seat #3 is the button
Seat 2: Melenya ($100 in chips) is sitting out
Seat 5: Pigness80 ($106.68 in chips) is sitting out
Seat 1: sutata ($150.15 in chips) 
Seat 3: jeilsons ($140.67 in chips) 
Seat 4: Ysiven ($100 in chips) 
Seat 6: CrankyChasm26 ($10.96 in chips) 
Ysiven: posts small blind $0.50
CrankyChasm26: posts big blind $1
Melenya: sits out 
*** HOLE CARDS ***
sutata: folds 
jeilsons: folds 
Ysiven: folds 
Uncalled bet ($0.50) returned to CrankyChasm26
CrankyChasm26 collected $1 from pot
*** SUMMARY ***
Total pot $1 | Rake $0 
Seat 2: Melenya
Seat 5: Pigness80
Seat 1: sutata folded before Flop (didn't bet)
Seat 3: jeilsons (button) folded before Flop (didn't bet)
Seat 4: Ysiven (small blind) folded before Flop
Seat 6: CrankyChasm26 (big blind) collected ($1)



PokerStars Hand #254185841713:  Hold'em No Limit ($0.50/$1.00 USD) - 2025/01/04 8:06:16 WET [2025/01/04 3:06:16 ET]
Table 'Tokai' 6-max Seat #4 is the button
Seat 2: Melenya ($100 in chips) is sitting out
Seat 5: Pigness80 ($106.68 in chips) is sitting out
Seat 1: sutata ($150.15 in chips) 
Seat 3: jeilsons ($140.67 in chips) 
Seat 4: Ysiven ($100 in chips) 
Seat 6: CrankyChasm26 ($11.46 in chips) 
CrankyChasm26: posts small blind $0.50
sutata: posts big blind $1
Melenya: sits out 
*** HOLE CARDS ***
jeilsons: folds 
Ysiven: raises $1 to $2
CrankyChasm26: raises $9.46 to $11.46 and is all-in
sutata: folds 
Ysiven: folds 
Uncalled bet ($9.46) returned to CrankyChasm26
CrankyChasm26 collected $5 from pot
*** SUMMARY ***
Total pot $5 | Rake $0 
Seat 2: Melenya
Seat 5: Pigness80
Seat 1: sutata (big blind) folded before Flop
Seat 3: jeilsons folded before Flop (didn't bet)
Seat 4: Ysiven (button) folded before Flop
Seat 6: CrankyChasm26 (small blind) collected ($5)



PokerStars Hand #254185844316:  Hold'em No Limit ($0.50/$1.00 USD) - 2025/01/04 8:06:48 WET [2025/01/04 3:06:48 ET]
Table 'Tokai' 6-max Seat #6 is the button
Seat 5: Pigness80 ($106.68 in chips) is sitting out
Seat 1: sutata ($149.15 in chips) 
Seat 2: Melenya ($100 in chips) 
Seat 3: jeilsons ($140.67 in chips) 
Seat 4: Ysiven ($100 in chips) 
Seat 6: CrankyChasm26 ($14.46 in chips) 
sutata: posts small blind $0.50
Melenya: posts big blind $1
*** HOLE CARDS ***
jeilsons: folds 
Ysiven: folds 
CrankyChasm26: folds 
sutata: raises $2 to $3
Melenya: calls $2
*** FLOP *** [2s 4c Jd]
sutata: checks 
Melenya: bets $1.90
sutata: calls $1.90
*** TURN *** [2s 4c Jd] [9h]
sutata: checks 
Melenya: checks 
*** RIVER *** [2s 4c Jd 9h] [7d]
sutata: checks 
Melenya: bets $6.98
sutata: folds 
Uncalled bet ($6.98) returned to Melenya
Melenya collected $9.31 from pot
Melenya: doesn't show hand 
*** SUMMARY ***
Total pot $9.80 | Rake $0.49 
Board [2s 4c Jd 9h 7d]
Seat 5: Pigness80
Seat 1: sutata (small blind) folded on the River
Seat 2: Melenya (big blind) collected ($9.31)
Seat 3: jeilsons folded before Flop (didn't bet)
Seat 4: Ysiven folded before Flop (didn't bet)
Seat 6: CrankyChasm26 (button) folded before Flop (didn't bet)



PokerStars Hand #254185849320:  Hold'em No Limit ($0.50/$1.00 USD) - 2025/01/04 8:07:49 WET [2025/01/04 3:07:49 ET]
Table 'Tokai' 6-max Seat #1 is the button
Seat 5: Pigness80 ($106.68 in chips) is sitting out
Seat 1: sutata ($144.25 in chips) 
Seat 2: Melenya ($104.41 in chips) 
Seat 3: jeilsons ($140.67 in chips) 
Seat 4: Ysiven ($100 in chips) 
Seat 6: CrankyChasm26 ($14.46 in chips) 
Melenya: posts small blind $0.50
jeilsons: posts big blind $1
Pigness80: sits out 
*** HOLE CARDS ***
Ysiven: folds 
CrankyChasm26: raises $2 to $3
sutata: folds 
Melenya: folds 
jeilsons: folds 
Uncalled bet ($2) returned to CrankyChasm26
CrankyChasm26 collected $2.50 from pot
*** SUMMARY ***
Total pot $2.50 | Rake $0 
Seat 5: Pigness80
Seat 1: sutata (button) folded before Flop (didn't bet)
Seat 2: Melenya (small blind) folded before Flop
Seat 3: jeilsons (big blind) folded before Flop
Seat 4: Ysiven folded before Flop (didn't bet)
Seat 6: CrankyChasm26 collected ($2.50)



PokerStars Hand #254185850413:  Hold'em No Limit ($0.50/$1.00 USD) - 2025/01/04 8:08:03 WET [2025/01/04 3:08:03 ET]
Table 'Tokai' 6-max Seat #2 is the button
Seat 5: Pigness80 ($106.68 in chips) is sitting out
Seat 1: sutata ($144.25 in chips) 
Seat 2: Melenya ($103.91 in chips) 
Seat 3: jeilsons ($139.67 in chips) 
Seat 4: Ysiven ($100 in chips) 
Seat 6: CrankyChasm26 ($15.96 in chips) 
jeilsons: posts small blind $0.50
Ysiven: posts big blind $1
Pigness80: sits out 
*** HOLE CARDS ***
CrankyChasm26: raises $2 to $3
sutata: folds 
Melenya: folds 
jeilsons: folds 
Ysiven: folds 
Uncalled bet ($2) returned to CrankyChasm26
CrankyChasm26 collected $2.50 from pot
*** SUMMARY ***
Total pot $2.50 | Rake $0 
Seat 5: Pigness80
Seat 1: sutata folded before Flop (didn't bet)
Seat 2: Melenya (button) folded before Flop (didn't bet)
Seat 3: jeilsons (small blind) folded before Flop
Seat 4: Ysiven (big blind) folded before Flop
Seat 6: CrankyChasm26 collected ($2.50)



PokerStars Hand #254185851743:  Hold'em No Limit ($0.50/$1.00 USD) - 2025/01/04 8:08:19 WET [2025/01/04 3:08:19 ET]
Table 'Tokai' 6-max Seat #3 is the button
Seat 1: sutata ($144.25 in chips) 
Seat 2: Melenya ($103.91 in chips) 
Seat 3: jeilsons ($139.17 in chips) 
Seat 4: Ysiven ($100 in chips) 
Seat 5: Pigness80 ($106.68 in chips) 
Seat 6: CrankyChasm26 ($17.46 in chips) 
Ysiven: posts small blind $0.50
Pigness80: posts big blind $1
*** HOLE CARDS ***
CrankyChasm26: raises $1 to $2
sutata: folds 
Melenya: folds 
jeilsons: folds 
Ysiven: folds 
Pigness80: calls $1
*** FLOP *** [2s Js 3d]
Pigness80: checks 
CrankyChasm26: bets $2
Pigness80: calls $2
*** TURN *** [2s Js 3d] [3s]
Pigness80: bets $2.18
CrankyChasm26: folds 
Uncalled bet ($2.18) returned to Pigness80
Pigness80 collected $8.08 from pot
Pigness80: doesn't show hand 
*** SUMMARY ***
Total pot $8.50 | Rake $0.42 
Board [2s Js 3d 3s]
Seat 1: sutata folded before Flop (didn't bet)
Seat 2: Melenya folded before Flop (didn't bet)
Seat 3: jeilsons (button) folded before Flop (didn't bet)
Seat 4: Ysiven (small blind) folded before Flop
Seat 5: Pigness80 (big blind) collected ($8.08)
Seat 6: CrankyChasm26 folded on the Turn



PokerStars Hand #254185854361:  Hold'em No Limit ($0.50/$1.00 USD) - 2025/01/04 8:08:51 WET [2025/01/04 3:08:51 ET]
Table 'Tokai' 6-max Seat #4 is the button
Seat 1: sutata ($144.25 in chips) 
Seat 2: Melenya ($103.91 in chips) 
Seat 3: jeilsons ($139.17 in chips) 
Seat 4: Ysiven ($100 in chips) 
Seat 5: Pigness80 ($110.76 in chips) 
Seat 6: CrankyChasm26 ($13.46 in chips) 
Pigness80: posts small blind $0.50
CrankyChasm26: posts big blind $1
*** HOLE CARDS ***
sutata: folds 
Melenya: folds 
jeilsons: raises $1.30 to $2.30
Ysiven: folds 
Pigness80: folds 
CrankyChasm26: raises $11.16 to $13.46 and is all-in
jeilsons: calls $11.16
*** FLOP *** [Jd 2h Qh]
*** TURN *** [Jd 2h Qh] [Qd]
*** RIVER *** [Jd 2h Qh Qd] [2s]
*** SHOW DOWN ***
CrankyChasm26: shows [9c Kh] (two pair, Queens and Deuces)
jeilsons: shows [Jh As] (two pair, Queens and Jacks)
jeilsons collected $26.05 from pot
*** SUMMARY ***
Total pot $27.42 | Rake $1.37 
Board [Jd 2h Qh Qd 2s]
Seat 1: sutata folded before Flop (didn't bet)
Seat 2: Melenya folded before Flop (didn't bet)
Seat 3: jeilsons showed [Jh As] and won ($26.05) with two pair, Queens and Jacks
Seat 4: Ysiven (button) folded before Flop (didn't bet)
Seat 5: Pigness80 (small blind) folded before Flop
Seat 6: CrankyChasm26 (big blind) showed [9c Kh] and lost with two pair, Queens and Deuces



PokerStars Hand #254185856760:  Hold'em No Limit ($0.50/$1.00 USD) - 2025/01/04 8:09:19 WET [2025/01/04 3:09:19 ET]
Table 'Tokai' 6-max Seat #5 is the button
Seat 6: CrankyChasm26 ($0 in chips) is sitting out
Seat 1: sutata ($144.25 in chips) 
Seat 2: Melenya ($103.91 in chips) 
Seat 3: jeilsons ($151.76 in chips) 
Seat 4: Ysiven ($100 in chips) 
Seat 5: Pigness80 ($110.26 in chips) 
sutata: posts small blind $0.50
Melenya: posts big blind $1
*** HOLE CARDS ***
jeilsons: folds 
Ysiven: raises $1.30 to $2.30
Pigness80: folds 
sutata: folds 
Melenya: folds 
Uncalled bet ($1.30) returned to Ysiven
Ysiven collected $2.50 from pot
Ysiven: doesn't show hand 
*** SUMMARY ***
Total pot $2.50 | Rake $0 
Seat 6: CrankyChasm26
Seat 1: sutata (small blind) folded before Flop
Seat 2: Melenya (big blind) folded before Flop
Seat 3: jeilsons folded before Flop (didn't bet)
Seat 4: Ysiven collected ($2.50)
Seat 5: Pigness80 (button) folded before Flop (didn't bet)



PokerStars Hand #254185857729:  Hold'em No Limit ($0.50/$1.00 USD) - 2025/01/04 8:09:30 WET [2025/01/04 3:09:30 ET]
Table 'Tokai' 6-max Seat #1 is the button
Seat 6: CrankyChasm26 ($0 in chips) is sitting out
Seat 1: sutata ($143.75 in chips) 
Seat 2: Melenya ($102.91 in chips) 
Seat 3: jeilsons ($151.76 in chips) 
Seat 4: Ysiven ($101.50 in chips) 
Seat 5: Pigness80 ($110.26 in chips) 
Melenya: posts small blind $0.50
jeilsons: posts big blind $1
*** HOLE CARDS ***
Ysiven: folds 
Pigness80: folds 
sutata: folds 
Melenya: folds 
Uncalled bet ($0.50) returned to jeilsons
jeilsons collected $1 from pot
jeilsons: doesn't show hand 
*** SUMMARY ***
Total pot $1 | Rake $0 
Seat 6: CrankyChasm26
Seat 1: sutata (button) folded before Flop (didn't bet)
Seat 2: Melenya (small blind) folded before Flop
Seat 3: jeilsons (big blind) collected ($1)
Seat 4: Ysiven folded before Flop (didn't bet)
Seat 5: Pigness80 folded before Flop (didn't bet)



PokerStars Hand #254185858570:  Hold'em No Limit ($0.50/$1.00 USD) - 2025/01/04 8:09:40 WET [2025/01/04 3:09:40 ET]
Table 'Tokai' 6-max Seat #2 is the button
Seat 6: CrankyChasm26 ($0 in chips) is sitting out
Seat 1: sutata ($143.75 in chips) 
Seat 2: Melenya ($102.41 in chips) 
Seat 3: jeilsons ($152.26 in chips) 
Seat 4: Ysiven ($101.50 in chips) 
Seat 5: Pigness80 ($110.26 in chips) 
jeilsons: posts small blind $0.50
Ysiven: posts big blind $1
*** HOLE CARDS ***
Pigness80: folds 
sutata: folds 
Melenya: folds 
jeilsons: folds 
Uncalled bet ($0.50) returned to Ysiven
Ysiven collected $1 from pot
Ysiven: doesn't show hand 
*** SUMMARY ***
Total pot $1 | Rake $0 
Seat 6: CrankyChasm26
Seat 1: sutata folded before Flop (didn't bet)
Seat 2: Melenya (button) folded before Flop (didn't bet)
Seat 3: jeilsons (small blind) folded before Flop
Seat 4: Ysiven (big blind) collected ($1)
Seat 5: Pigness80 folded before Flop (didn't bet)



PokerStars Hand #254185859827:  Hold'em No Limit ($0.50/$1.00 USD) - 2025/01/04 8:09:55 WET [2025/01/04 3:09:55 ET]
Table 'Tokai' 6-max Seat #3 is the button
Seat 6: CrankyChasm26 ($0 in chips) is sitting out
Seat 1: sutata ($143.75 in chips) 
Seat 2: Melenya ($102.41 in chips) 
Seat 3: jeilsons ($151.76 in chips) 
Seat 4: Ysiven ($102 in chips) 
Seat 5: Pigness80 ($110.26 in chips) 
Ysiven: posts small blind $0.50
Pigness80: posts big blind $1
*** HOLE CARDS ***
sutata: folds 
Melenya: folds 
jeilsons: raises $1.50 to $2.50
Ysiven: raises $9.50 to $12
Pigness80: folds 
jeilsons: folds 
Uncalled bet ($9.50) returned to Ysiven
Ysiven collected $6 from pot
Ysiven: doesn't show hand 
*** SUMMARY ***
Total pot $6 | Rake $0 
Seat 6: CrankyChasm26
Seat 1: sutata folded before Flop (didn't bet)
Seat 2: Melenya folded before Flop (didn't bet)
Seat 3: jeilsons (button) folded before Flop
Seat 4: Ysiven (small blind) collected ($6)
Seat 5: Pigness80 (big blind) folded before Flop



PokerStars Hand #254185862201:  Hold'em No Limit ($0.50/$1.00 USD) - 2025/01/04 8:10:23 WET [2025/01/04 3:10:23 ET]
Table 'Tokai' 6-max Seat #4 is the button
Seat 1: sutata ($143.75 in chips) 
Seat 2: Melenya ($102.41 in chips) 
Seat 3: jeilsons ($149.26 in chips) 
Seat 4: Ysiven ($105.50 in chips) 
Seat 5: Pigness80 ($109.26 in chips) 
Seat 6: CrankyChasm26 ($20.69 in chips) 
Pigness80: posts small blind $0.50
CrankyChasm26: posts big blind $1
*** HOLE CARDS ***
sutata: folds 
Melenya: folds 
jeilsons: folds 
Ysiven: folds 
Pigness80: raises $2 to $3
CrankyChasm26: calls $2
*** FLOP *** [5s 5d Ks]
Pigness80: checks 
CrankyChasm26: bets $5
Pigness80: calls $5
*** TURN *** [5s 5d Ks] [6d]
Pigness80: bets $4.10
CrankyChasm26: folds 
Uncalled bet ($4.10) returned to Pigness80
Pigness80 collected $15.20 from pot
Pigness80: doesn't show hand 
*** SUMMARY ***
Total pot $16 | Rake $0.80 
Board [5s 5d Ks 6d]
Seat 1: sutata folded before Flop (didn't bet)
Seat 2: Melenya folded before Flop (didn't bet)
Seat 3: jeilsons folded before Flop (didn't bet)
Seat 4: Ysiven (button) folded before Flop (didn't bet)
Seat 5: Pigness80 (small blind) collected ($15.20)
Seat 6: CrankyChasm26 (big blind) folded on the Turn



PokerStars Hand #254185867263:  Hold'em No Limit ($0.50/$1.00 USD) - 2025/01/04 8:11:24 WET [2025/01/04 3:11:24 ET]
Table 'Tokai' 6-max Seat #5 is the button
Seat 1: sutata ($143.75 in chips) 
Seat 2: Melenya ($102.41 in chips) 
Seat 3: jeilsons ($149.26 in chips) 
Seat 4: Ysiven ($105.50 in chips) 
Seat 5: Pigness80 ($116.46 in chips) 
Seat 6: CrankyChasm26 ($12.69 in chips) 
CrankyChasm26: posts small blind $0.50
sutata: posts big blind $1
*** HOLE CARDS ***
Melenya: folds 
jeilsons: folds 
Ysiven: folds 
Pigness80: folds 
CrankyChasm26: raises $1 to $2
sutata: calls $1
*** FLOP *** [4s Tc 7h]
CrankyChasm26: bets $3
sutata: calls $3
*** TURN *** [4s Tc 7h] [Ah]
CrankyChasm26: bets $3
sutata: calls $3
*** RIVER *** [4s Tc 7h Ah] [Qd]
CrankyChasm26: bets $4.69 and is all-in
sutata: calls $4.69
*** SHOW DOWN ***
CrankyChasm26: shows [3s As] (a pair of Aces)
sutata: shows [7s Kc] (a pair of Sevens)
CrankyChasm26 collected $24.11 from pot
*** SUMMARY ***
Total pot $25.38 | Rake $1.27 
Board [4s Tc 7h Ah Qd]
Seat 1: sutata (big blind) showed [7s Kc] and lost with a pair of Sevens
Seat 2: Melenya folded before Flop (didn't bet)
Seat 3: jeilsons folded before Flop (didn't bet)
Seat 4: Ysiven folded before Flop (didn't bet)
Seat 5: Pigness80 (button) folded before Flop (didn't bet)
Seat 6: CrankyChasm26 (small blind) showed [3s As] and won ($24.11) with a pair of Aces



PokerStars Hand #254185869545:  Hold'em No Limit ($0.50/$1.00 USD) - 2025/01/04 8:11:51 WET [2025/01/04 3:11:51 ET]
Table 'Tokai' 6-max Seat #6 is the button
Seat 1: sutata ($131.06 in chips) 
Seat 2: Melenya ($102.41 in chips) 
Seat 3: jeilsons ($149.26 in chips) 
Seat 4: Ysiven ($105.50 in chips) 
Seat 5: Pigness80 ($116.46 in chips) 
Seat 6: CrankyChasm26 ($24.11 in chips) 
sutata: posts small blind $0.50
Melenya: posts big blind $1
*** HOLE CARDS ***
jeilsons: folds 
Ysiven: folds 
Pigness80: folds 
CrankyChasm26: folds 
sutata: folds 
Uncalled bet ($0.50) returned to Melenya
Melenya collected $1 from pot
Melenya: doesn't show hand 
*** SUMMARY ***
Total pot $1 | Rake $0 
Seat 1: sutata (small blind) folded before Flop
Seat 2: Melenya (big blind) collected ($1)
Seat 3: jeilsons folded before Flop (didn't bet)
Seat 4: Ysiven folded before Flop (didn't bet)
Seat 5: Pigness80 folded before Flop (didn't bet)
Seat 6: CrankyChasm26 (button) folded before Flop (didn't bet)



PokerStars Hand #254185870613:  Hold'em No Limit ($0.50/$1.00 USD) - 2025/01/04 8:12:04 WET [2025/01/04 3:12:04 ET]
Table 'Tokai' 6-max Seat #1 is the button
Seat 1: sutata ($130.56 in chips) 
Seat 2: Melenya ($102.91 in chips) 
Seat 3: jeilsons ($149.26 in chips) 
Seat 4: Ysiven ($105.50 in chips) 
Seat 5: Pigness80 ($116.46 in chips) 
Seat 6: CrankyChasm26 ($24.11 in chips) 
Melenya: posts small blind $0.50
jeilsons: posts big blind $1
*** HOLE CARDS ***
Ysiven: folds 
Pigness80: raises $1.20 to $2.20
CrankyChasm26: folds 
sutata: folds 
Melenya: folds 
jeilsons: calls $1.20
*** FLOP *** [Ts 8d 7s]
jeilsons: checks 
Pigness80: checks 
*** TURN *** [Ts 8d 7s] [Ac]
jeilsons: checks 
Pigness80: checks 
*** RIVER *** [Ts 8d 7s Ac] [Ks]
jeilsons: checks 
Pigness80: checks 
*** SHOW DOWN ***
jeilsons: shows [Qh Kc] (a pair of Kings)
Pigness80: mucks hand 
jeilsons collected $4.66 from pot
*** SUMMARY ***
Total pot $4.90 | Rake $0.24 
Board [Ts 8d 7s Ac Ks]
Seat 1: sutata (button) folded before Flop (didn't bet)
Seat 2: Melenya (small blind) folded before Flop
Seat 3: jeilsons (big blind) showed [Qh Kc] and won ($4.66) with a pair of Kings
Seat 4: Ysiven folded before Flop (didn't bet)
Seat 5: Pigness80 mucked
Seat 6: CrankyChasm26 folded before Flop (didn't bet)



PokerStars Hand #254185875155:  Hold'em No Limit ($0.50/$1.00 USD) - 2025/01/04 8:12:59 WET [2025/01/04 3:12:59 ET]
Table 'Tokai' 6-max Seat #2 is the button
Seat 1: sutata ($130.56 in chips) 
Seat 2: Melenya ($102.41 in chips) 
Seat 3: jeilsons ($151.72 in chips) 
Seat 4: Ysiven ($105.50 in chips) 
Seat 5: Pigness80 ($114.26 in chips) 
Seat 6: CrankyChasm26 ($24.11 in chips) 
jeilsons: posts small blind $0.50
Ysiven: posts big blind $1
*** HOLE CARDS ***
Pigness80: raises $1.20 to $2.20
CrankyChasm26: folds 
sutata: folds 
Melenya: folds 
jeilsons: folds 
Ysiven: folds 
Uncalled bet ($1.20) returned to Pigness80
Pigness80 collected $2.50 from pot
Pigness80: doesn't show hand 
*** SUMMARY ***
Total pot $2.50 | Rake $0 
Seat 1: sutata folded before Flop (didn't bet)
Seat 2: Melenya (button) folded before Flop (didn't bet)
Seat 3: jeilsons (small blind) folded before Flop
Seat 4: Ysiven (big blind) folded before Flop
Seat 5: Pigness80 collected ($2.50)
Seat 6: CrankyChasm26 folded before Flop (didn't bet)



PokerStars Hand #254185876429:  Hold'em No Limit ($0.50/$1.00 USD) - 2025/01/04 8:13:14 WET [2025/01/04 3:13:14 ET]
Table 'Tokai' 6-max Seat #3 is the button
Seat 1: sutata ($130.56 in chips) 
Seat 2: Melenya ($102.41 in chips) 
Seat 3: jeilsons ($151.22 in chips) 
Seat 4: Ysiven ($104.50 in chips) 
Seat 5: Pigness80 ($115.76 in chips) 
Seat 6: CrankyChasm26 ($24.11 in chips) 
Ysiven: posts small blind $0.50
Pigness80: posts big blind $1
*** HOLE CARDS ***
CrankyChasm26: raises $1 to $2
sutata: folds 
Melenya: raises $4 to $6
jeilsons: folds 
Ysiven: folds 
Pigness80: folds 
CrankyChasm26: calls $4
*** FLOP *** [3h 6d 7h]
CrankyChasm26: bets $3
Melenya: raises $17.50 to $20.50
CrankyChasm26: calls $15.11 and is all-in
Uncalled bet ($2.39) returned to Melenya
*** TURN *** [3h 6d 7h] [Kd]
*** RIVER *** [3h 6d 7h Kd] [Td]
*** SHOW DOWN ***
CrankyChasm26: shows [4d 3d] (a flush, King high)
Melenya: shows [8s 8h] (a pair of Eights)
CrankyChasm26 collected $47.23 from pot
*** SUMMARY ***
Total pot $49.72 | Rake $2.49 
Board [3h 6d 7h Kd Td]
Seat 1: sutata folded before Flop (didn't bet)
Seat 2: Melenya showed [8s 8h] and lost with a pair of Eights
Seat 3: jeilsons (button) folded before Flop (didn't bet)
Seat 4: Ysiven (small blind) folded before Flop
Seat 5: Pigness80 (big blind) folded before Flop
Seat 6: CrankyChasm26 showed [4d 3d] and won ($47.23) with a flush, King high



PokerStars Hand #254185879998:  Hold'em No Limit ($0.50/$1.00 USD) - 2025/01/04 8:13:57 WET [2025/01/04 3:13:57 ET]
Table 'Tokai' 6-max Seat #4 is the button
Seat 1: sutata ($130.56 in chips) 
Seat 2: Melenya ($100 in chips) 
Seat 3: jeilsons ($151.22 in chips) 
Seat 4: Ysiven ($104 in chips) 
Seat 5: Pigness80 ($114.76 in chips) 
Seat 6: CrankyChasm26 ($47.23 in chips) 
Pigness80: posts small blind $0.50
CrankyChasm26: posts big blind $1
*** HOLE CARDS ***
sutata: folds 
Melenya: raises $1 to $2
jeilsons: folds 
Ysiven: folds 
Pigness80: folds 
CrankyChasm26: raises $2 to $4
Melenya: calls $2
*** FLOP *** [7s Qs 2d]
CrankyChasm26: bets $4
Melenya: folds 
Uncalled bet ($4) returned to CrankyChasm26
CrankyChasm26 collected $8.08 from pot
*** SUMMARY ***
Total pot $8.50 | Rake $0.42 
Board [7s Qs 2d]
Seat 1: sutata folded before Flop (didn't bet)
Seat 2: Melenya folded on the Flop
Seat 3: jeilsons folded before Flop (didn't bet)
Seat 4: Ysiven (button) folded before Flop (didn't bet)
Seat 5: Pigness80 (small blind) folded before Flop
Seat 6: CrankyChasm26 (big blind) collected ($8.08)



PokerStars Hand #254185883301:  Hold'em No Limit ($0.50/$1.00 USD) - 2025/01/04 8:14:35 WET [2025/01/04 3:14:35 ET]
Table 'Tokai' 6-max Seat #5 is the button
Seat 1: sutata ($130.56 in chips) 
Seat 2: Melenya ($100 in chips) 
Seat 3: jeilsons ($151.22 in chips) 
Seat 4: Ysiven ($104 in chips) 
Seat 5: Pigness80 ($114.26 in chips) 
Seat 6: CrankyChasm26 ($51.31 in chips) 
CrankyChasm26: posts small blind $0.50
sutata: posts big blind $1
*** HOLE CARDS ***
Melenya: folds 
jeilsons: raises $1 to $2
Ysiven: folds 
Pigness80: folds 
CrankyChasm26: folds 
sutata: folds 
Uncalled bet ($1) returned to jeilsons
jeilsons collected $2.50 from pot
jeilsons: doesn't show hand 
*** SUMMARY ***
Total pot $2.50 | Rake $0 
Seat 1: sutata (big blind) folded before Flop
Seat 2: Melenya folded before Flop (didn't bet)
Seat 3: jeilsons collected ($2.50)
Seat 4: Ysiven folded before Flop (didn't bet)
Seat 5: Pigness80 (button) folded before Flop (didn't bet)
Seat 6: CrankyChasm26 (small blind) folded before Flop



PokerStars Hand #254185885229:  Hold'em No Limit ($0.50/$1.00 USD) - 2025/01/04 8:14:57 WET [2025/01/04 3:14:57 ET]
Table 'Tokai' 6-max Seat #6 is the button
Seat 1: sutata ($129.56 in chips) 
Seat 2: Melenya ($100 in chips) 
Seat 3: jeilsons ($152.72 in chips) 
Seat 4: Ysiven ($104 in chips) 
Seat 5: Pigness80 ($114.26 in chips) 
Seat 6: CrankyChasm26 ($50.81 in chips) 
sutata: posts small blind $0.50
Melenya: posts big blind $1
*** HOLE CARDS ***
jeilsons: folds 
Ysiven: folds 
Pigness80: folds 
CrankyChasm26: raises $2 to $3
sutata: folds 
Melenya: folds 
Uncalled bet ($2) returned to CrankyChasm26
CrankyChasm26 collected $2.50 from pot
*** SUMMARY ***
Total pot $2.50 | Rake $0 
Seat 1: sutata (small blind) folded before Flop
Seat 2: Melenya (big blind) folded before Flop
Seat 3: jeilsons folded before Flop (didn't bet)
Seat 4: Ysiven folded before Flop (didn't bet)
Seat 5: Pigness80 folded before Flop (didn't bet)
Seat 6: CrankyChasm26 (button) collected ($2.50)



PokerStars Hand #254185887976:  Hold'em No Limit ($0.50/$1.00 USD) - 2025/01/04 8:15:29 WET [2025/01/04 3:15:29 ET]
Table 'Tokai' 6-max Seat #1 is the button
Seat 1: sutata ($129.06 in chips) 
Seat 2: Melenya ($100 in chips) 
Seat 3: jeilsons ($152.72 in chips) 
Seat 4: Ysiven ($104 in chips) 
Seat 5: Pigness80 ($114.26 in chips) 
Seat 6: CrankyChasm26 ($52.31 in chips) 
Melenya: posts small blind $0.50
jeilsons: posts big blind $1
*** HOLE CARDS ***
Ysiven: folds 
Pigness80: raises $1.20 to $2.20
CrankyChasm26: folds 
sutata: raises $6.10 to $8.30
Melenya: folds 
jeilsons: folds 
Pigness80: folds 
Uncalled bet ($6.10) returned to sutata
sutata collected $5.90 from pot
sutata: doesn't show hand 
*** SUMMARY ***
Total pot $5.90 | Rake $0 
Seat 1: sutata (button) collected ($5.90)
Seat 2: Melenya (small blind) folded before Flop
Seat 3: jeilsons (big blind) folded before Flop
Seat 4: Ysiven folded before Flop (didn't bet)
Seat 5: Pigness80 folded before Flop
Seat 6: CrankyChasm26 folded before Flop (didn't bet)



PokerStars Hand #254185889893:  Hold'em No Limit ($0.50/$1.00 USD) - 2025/01/04 8:15:51 WET [2025/01/04 3:15:51 ET]
Table 'Tokai' 6-max Seat #2 is the button
Seat 1: sutata ($132.76 in chips) 
Seat 2: Melenya ($100 in chips) 
Seat 3: jeilsons ($151.72 in chips) 
Seat 4: Ysiven ($104 in chips) 
Seat 5: Pigness80 ($112.06 in chips) 
Seat 6: CrankyChasm26 ($52.31 in chips) 
jeilsons: posts small blind $0.50
Ysiven: posts big blind $1
*** HOLE CARDS ***
Pigness80: folds 
CrankyChasm26: folds 
sutata: folds 
Melenya: raises $1.50 to $2.50
jeilsons: folds 
Ysiven: folds 
Uncalled bet ($1.50) returned to Melenya
Melenya collected $2.50 from pot
Melenya: doesn't show hand 
*** SUMMARY ***
Total pot $2.50 | Rake $0 
Seat 1: sutata folded before Flop (didn't bet)
Seat 2: Melenya (button) collected ($2.50)
Seat 3: jeilsons (small blind) folded before Flop
Seat 4: Ysiven (big blind) folded before Flop
Seat 5: Pigness80 folded before Flop (didn't bet)
Seat 6: CrankyChasm26 folded before Flop (didn't bet)



PokerStars Hand #254185891386:  Hold'em No Limit ($0.50/$1.00 USD) - 2025/01/04 8:16:09 WET [2025/01/04 3:16:09 ET]
Table 'Tokai' 6-max Seat #3 is the button
Seat 1: sutata ($132.76 in chips) 
Seat 2: Melenya ($101.50 in chips) 
Seat 3: jeilsons ($151.22 in chips) 
Seat 4: Ysiven ($103 in chips) 
Seat 5: Pigness80 ($112.06 in chips) 
Seat 6: CrankyChasm26 ($52.31 in chips) 
Ysiven: posts small blind $0.50
Pigness80: posts big blind $1
*** HOLE CARDS ***
CrankyChasm26: calls $1
sutata: calls $1
Melenya: folds 
jeilsons: folds 
Ysiven: folds 
Pigness80: checks 
*** FLOP *** [9c Td Jd]
Pigness80: checks 
CrankyChasm26: bets $3
sutata: folds 
Pigness80: folds 
Uncalled bet ($3) returned to CrankyChasm26
CrankyChasm26 collected $3.32 from pot
*** SUMMARY ***
Total pot $3.50 | Rake $0.18 
Board [9c Td Jd]
Seat 1: sutata folded on the Flop
Seat 2: Melenya folded before Flop (didn't bet)
Seat 3: jeilsons (button) folded before Flop (didn't bet)
Seat 4: Ysiven (small blind) folded before Flop
Seat 5: Pigness80 (big blind) folded on the Flop
Seat 6: CrankyChasm26 collected ($3.32)



PokerStars Hand #254185894528:  Hold'em No Limit ($0.50/$1.00 USD) - 2025/01/04 8:16:46 WET [2025/01/04 3:16:46 ET]
Table 'Tokai' 6-max Seat #4 is the button
Seat 1: sutata ($131.76 in chips) 
Seat 2: Melenya ($101.50 in chips) 
Seat 3: jeilsons ($151.22 in chips) 
Seat 4: Ysiven ($102.50 in chips) 
Seat 5: Pigness80 ($111.06 in chips) 
Seat 6: CrankyChasm26 ($54.63 in chips) 
Pigness80: posts small blind $0.50
CrankyChasm26: posts big blind $1
*** HOLE CARDS ***
sutata: raises $1.50 to $2.50
Melenya: raises $5 to $7.50
jeilsons: raises $8.50 to $16
Ysiven: folds 
Pigness80: folds 
CrankyChasm26: folds 
sutata: folds 
Melenya: folds 
Uncalled bet ($8.50) returned to jeilsons
jeilsons collected $19 from pot
jeilsons: doesn't show hand 
*** SUMMARY ***
Total pot $19 | Rake $0 
Seat 1: sutata folded before Flop
Seat 2: Melenya folded before Flop
Seat 3: jeilsons collected ($19)
Seat 4: Ysiven (button) folded before Flop (didn't bet)
Seat 5: Pigness80 (small blind) folded before Flop
Seat 6: CrankyChasm26 (big blind) folded before Flop



PokerStars Hand #254185896771:  Hold'em No Limit ($0.50/$1.00 USD) - 2025/01/04 8:17:13 WET [2025/01/04 3:17:13 ET]
Table 'Tokai' 6-max Seat #5 is the button
Seat 1: sutata ($129.26 in chips) 
Seat 2: Melenya ($100 in chips) 
Seat 3: jeilsons ($162.72 in chips) 
Seat 4: Ysiven ($102.50 in chips) 
Seat 5: Pigness80 ($110.56 in chips) 
Seat 6: CrankyChasm26 ($53.63 in chips) 
CrankyChasm26: posts small blind $0.50
sutata: posts big blind $1
*** HOLE CARDS ***
Melenya: folds 
jeilsons: folds 
Ysiven: folds 
Pigness80: folds 
CrankyChasm26: raises $2 to $3
sutata: folds 
Uncalled bet ($2) returned to CrankyChasm26
CrankyChasm26 collected $2 from pot
*** SUMMARY ***
Total pot $2 | Rake $0 
Seat 1: sutata (big blind) folded before Flop
Seat 2: Melenya folded before Flop (didn't bet)
Seat 3: jeilsons folded before Flop (didn't bet)
Seat 4: Ysiven folded before Flop (didn't bet)
Seat 5: Pigness80 (button) folded before Flop (didn't bet)
Seat 6: CrankyChasm26 (small blind) collected ($2)



PokerStars Hand #254185898602:  Hold'em No Limit ($0.50/$1.00 USD) - 2025/01/04 8:17:36 WET [2025/01/04 3:17:36 ET]
Table 'Tokai' 6-max Seat #6 is the button
Seat 1: sutata ($128.26 in chips) 
Seat 2: Melenya ($100 in chips) 
Seat 3: jeilsons ($162.72 in chips) 
Seat 4: Ysiven ($102.50 in chips) 
Seat 5: Pigness80 ($110.56 in chips) 
Seat 6: CrankyChasm26 ($54.63 in chips) 
sutata: posts small blind $0.50
Melenya: posts big blind $1
*** HOLE CARDS ***
jeilsons: folds 
Ysiven: folds 
Pigness80: raises $1.20 to $2.20
CrankyChasm26: folds 
sutata: folds 
Melenya: folds 
Uncalled bet ($1.20) returned to Pigness80
Pigness80 collected $2.50 from pot
Pigness80: doesn't show hand 
*** SUMMARY ***
Total pot $2.50 | Rake $0 
Seat 1: sutata (small blind) folded before Flop
Seat 2: Melenya (big blind) folded before Flop
Seat 3: jeilsons folded before Flop (didn't bet)
Seat 4: Ysiven folded before Flop (didn't bet)
Seat 5: Pigness80 collected ($2.50)
Seat 6: CrankyChasm26 (button) folded before Flop (didn't bet)



PokerStars Hand #254185900085:  Hold'em No Limit ($0.50/$1.00 USD) - 2025/01/04 8:17:55 WET [2025/01/04 3:17:55 ET]
Table 'Tokai' 6-max Seat #1 is the button
Seat 1: sutata ($127.76 in chips) 
Seat 2: Melenya ($100 in chips) 
Seat 3: jeilsons ($162.72 in chips) 
Seat 4: Ysiven ($102.50 in chips) 
Seat 5: Pigness80 ($112.06 in chips) 
Seat 6: CrankyChasm26 ($54.63 in chips) 
Melenya: posts small blind $0.50
jeilsons: posts big blind $1
*** HOLE CARDS ***
Ysiven: folds 
Pigness80: folds 
CrankyChasm26: calls $1
sutata: folds 
Melenya: folds 
jeilsons: raises $5 to $6
CrankyChasm26: calls $5
*** FLOP *** [Tc Qh 9c]
jeilsons: bets $3.09
CrankyChasm26: folds 
Uncalled bet ($3.09) returned to jeilsons
jeilsons collected $11.88 from pot
jeilsons: doesn't show hand 
*** SUMMARY ***
Total pot $12.50 | Rake $0.62 
Board [Tc Qh 9c]
Seat 1: sutata (button) folded before Flop (didn't bet)
Seat 2: Melenya (small blind) folded before Flop
Seat 3: jeilsons (big blind) collected ($11.88)
Seat 4: Ysiven folded before Flop (didn't bet)
Seat 5: Pigness80 folded before Flop (didn't bet)
Seat 6: CrankyChasm26 folded on the Flop



PokerStars Hand #254185902078:  Hold'em No Limit ($0.50/$1.00 USD) - 2025/01/04 8:18:18 WET [2025/01/04 3:18:18 ET]
Table 'Tokai' 6-max Seat #2 is the button
Seat 1: sutata ($127.76 in chips) 
Seat 2: Melenya ($100 in chips) 
Seat 3: jeilsons ($168.60 in chips) 
Seat 4: Ysiven ($102.50 in chips) 
Seat 5: Pigness80 ($112.06 in chips) 
Seat 6: CrankyChasm26 ($48.63 in chips) 
jeilsons: posts small blind $0.50
Ysiven: posts big blind $1
*** HOLE CARDS ***
Pigness80: folds 
CrankyChasm26: folds 
sutata: folds 
Melenya: folds 
jeilsons: raises $2 to $3
Ysiven: calls $2
*** FLOP *** [Kc Ah 7s]
jeilsons: checks 
Ysiven: checks 
*** TURN *** [Kc Ah 7s] [4d]
jeilsons: bets $4.27
Ysiven: folds 
Uncalled bet ($4.27) returned to jeilsons
jeilsons collected $5.70 from pot
jeilsons: doesn't show hand 
*** SUMMARY ***
Total pot $6 | Rake $0.30 
Board [Kc Ah 7s 4d]
Seat 1: sutata folded before Flop (didn't bet)
Seat 2: Melenya (button) folded before Flop (didn't bet)
Seat 3: jeilsons (small blind) collected ($5.70)
Seat 4: Ysiven (big blind) folded on the Turn
Seat 5: Pigness80 folded before Flop (didn't bet)
Seat 6: CrankyChasm26 folded before Flop (didn't bet)



PokerStars Hand #254185905303:  Hold'em No Limit ($0.50/$1.00 USD) - 2025/01/04 8:18:57 WET [2025/01/04 3:18:57 ET]
Table 'Tokai' 6-max Seat #3 is the button
Seat 1: sutata ($127.76 in chips) 
Seat 2: Melenya ($100 in chips) 
Seat 3: jeilsons ($171.30 in chips) 
Seat 4: Ysiven ($100 in chips) 
Seat 5: Pigness80 ($112.06 in chips) 
Seat 6: CrankyChasm26 ($48.63 in chips) 
Ysiven: posts small blind $0.50
Pigness80: posts big blind $1
*** HOLE CARDS ***
CrankyChasm26: folds 
sutata: raises $1.50 to $2.50
Melenya: folds 
jeilsons: folds 
Ysiven: folds 
Pigness80: folds 
Uncalled bet ($1.50) returned to sutata
sutata collected $2.50 from pot
sutata: doesn't show hand 
*** SUMMARY ***
Total pot $2.50 | Rake $0 
Seat 1: sutata collected ($2.50)
Seat 2: Melenya folded before Flop (didn't bet)
Seat 3: jeilsons (button) folded before Flop (didn't bet)
Seat 4: Ysiven (small blind) folded before Flop
Seat 5: Pigness80 (big blind) folded before Flop
Seat 6: CrankyChasm26 folded before Flop (didn't bet)



PokerStars Hand #254185908654:  Hold'em No Limit ($0.50/$1.00 USD) - 2025/01/04 8:19:38 WET [2025/01/04 3:19:38 ET]
Table 'Tokai' 6-max Seat #4 is the button
Seat 1: sutata ($129.26 in chips) 
Seat 2: Melenya ($100 in chips) 
Seat 3: jeilsons ($171.30 in chips) 
Seat 4: Ysiven ($100 in chips) 
Seat 5: Pigness80 ($111.06 in chips) 
Seat 6: CrankyChasm26 ($48.63 in chips) 
Pigness80: posts small blind $0.50
CrankyChasm26: posts big blind $1
*** HOLE CARDS ***
sutata: raises $1.50 to $2.50
Melenya: raises $5 to $7.50
jeilsons: folds 
Ysiven: folds 
Pigness80: folds 
CrankyChasm26: folds 
sutata: folds 
Uncalled bet ($5) returned to Melenya
Melenya collected $6.50 from pot
Melenya: doesn't show hand 
*** SUMMARY ***
Total pot $6.50 | Rake $0 
Seat 1: sutata folded before Flop
Seat 2: Melenya collected ($6.50)
Seat 3: jeilsons folded before Flop (didn't bet)
Seat 4: Ysiven (button) folded before Flop (didn't bet)
Seat 5: Pigness80 (small blind) folded before Flop
Seat 6: CrankyChasm26 (big blind) folded before Flop



PokerStars Hand #254185911540:  Hold'em No Limit ($0.50/$1.00 USD) - 2025/01/04 8:20:13 WET [2025/01/04 3:20:13 ET]
Table 'Tokai' 6-max Seat #5 is the button
Seat 1: sutata ($126.76 in chips) 
Seat 2: Melenya ($104 in chips) 
Seat 3: jeilsons ($171.30 in chips) 
Seat 4: Ysiven ($100 in chips) 
Seat 5: Pigness80 ($110.56 in chips) 
Seat 6: CrankyChasm26 ($47.63 in chips) 
CrankyChasm26: posts small blind $0.50
sutata: posts big blind $1
*** HOLE CARDS ***
Melenya: folds 
jeilsons: folds 
Ysiven: folds 
Pigness80: raises $1.50 to $2.50
CrankyChasm26: calls $2
sutata: folds 
*** FLOP *** [3s Kh Ac]
CrankyChasm26: bets $3
Pigness80: raises $5.85 to $8.85
CrankyChasm26: calls $5.85
*** TURN *** [3s Kh Ac] [8s]
CrankyChasm26: checks 
Pigness80: checks 
*** RIVER *** [3s Kh Ac 8s] [Th]
CrankyChasm26: checks 
Pigness80: checks 
*** SHOW DOWN ***
CrankyChasm26: shows [5h 5d] (a pair of Fives)
Pigness80: shows [Tc Jd] (a pair of Tens)
Pigness80 collected $22.52 from pot
*** SUMMARY ***
Total pot $23.70 | Rake $1.18 
Board [3s Kh Ac 8s Th]
Seat 1: sutata (big blind) folded before Flop
Seat 2: Melenya folded before Flop (didn't bet)
Seat 3: jeilsons folded before Flop (didn't bet)
Seat 4: Ysiven folded before Flop (didn't bet)
Seat 5: Pigness80 (button) showed [Tc Jd] and won ($22.52) with a pair of Tens
Seat 6: CrankyChasm26 (small blind) showed [5h 5d] and lost with a pair of Fives



PokerStars Hand #254185914841:  Hold'em No Limit ($0.50/$1.00 USD) - 2025/01/04 8:20:52 WET [2025/01/04 3:20:52 ET]
Table 'Tokai' 6-max Seat #6 is the button
Seat 1: sutata ($125.76 in chips) 
Seat 2: Melenya ($104 in chips) 
Seat 3: jeilsons ($171.30 in chips) 
Seat 4: Ysiven ($100 in chips) 
Seat 5: Pigness80 ($121.73 in chips) 
Seat 6: CrankyChasm26 ($36.28 in chips) 
sutata: posts small blind $0.50
Melenya: posts big blind $1
*** HOLE CARDS ***
jeilsons: folds 
Ysiven: folds 
Pigness80: folds 
CrankyChasm26: raises $3 to $4
sutata: folds 
Melenya: folds 
Uncalled bet ($3) returned to CrankyChasm26
CrankyChasm26 collected $2.50 from pot
*** SUMMARY ***
Total pot $2.50 | Rake $0 
Seat 1: sutata (small blind) folded before Flop
Seat 2: Melenya (big blind) folded before Flop
Seat 3: jeilsons folded before Flop (didn't bet)
Seat 4: Ysiven folded before Flop (didn't bet)
Seat 5: Pigness80 folded before Flop (didn't bet)
Seat 6: CrankyChasm26 (button) collected ($2.50)



PokerStars Hand #254185915995:  Hold'em No Limit ($0.50/$1.00 USD) - 2025/01/04 8:21:05 WET [2025/01/04 3:21:05 ET]
Table 'Tokai' 6-max Seat #1 is the button
Seat 1: sutata ($125.26 in chips) 
Seat 2: Melenya ($103 in chips) 
Seat 3: jeilsons ($171.30 in chips) 
Seat 4: Ysiven ($100 in chips) 
Seat 5: Pigness80 ($121.73 in chips) 
Seat 6: CrankyChasm26 ($37.78 in chips) 
Melenya: posts small blind $0.50
jeilsons: posts big blind $1
*** HOLE CARDS ***
Ysiven: folds 
Pigness80: folds 
CrankyChasm26: raises $2 to $3
sutata: folds 
Melenya: folds 
jeilsons: folds 
Uncalled bet ($2) returned to CrankyChasm26
CrankyChasm26 collected $2.50 from pot
*** SUMMARY ***
Total pot $2.50 | Rake $0 
Seat 1: sutata (button) folded before Flop (didn't bet)
Seat 2: Melenya (small blind) folded before Flop
Seat 3: jeilsons (big blind) folded before Flop
Seat 4: Ysiven folded before Flop (didn't bet)
Seat 5: Pigness80 folded before Flop (didn't bet)
Seat 6: CrankyChasm26 collected ($2.50)



PokerStars Hand #254185917422:  Hold'em No Limit ($0.50/$1.00 USD) - 2025/01/04 8:21:22 WET [2025/01/04 3:21:22 ET]
Table 'Tokai' 6-max Seat #2 is the button
Seat 1: sutata ($125.26 in chips) 
Seat 2: Melenya ($102.50 in chips) 
Seat 3: jeilsons ($170.30 in chips) 
Seat 4: Ysiven ($100 in chips) 
Seat 5: Pigness80 ($121.73 in chips) 
Seat 6: CrankyChasm26 ($39.28 in chips) 
jeilsons: posts small blind $0.50
Ysiven: posts big blind $1
*** HOLE CARDS ***
Pigness80: folds 
CrankyChasm26: raises $2 to $3
sutata: folds 
Melenya: folds 
jeilsons: folds 
Ysiven: raises $43 to $46
CrankyChasm26: folds 
Uncalled bet ($43) returned to Ysiven
Ysiven collected $6.50 from pot
Ysiven: doesn't show hand 
*** SUMMARY ***
Total pot $6.50 | Rake $0 
Seat 1: sutata folded before Flop (didn't bet)
Seat 2: Melenya (button) folded before Flop (didn't bet)
Seat 3: jeilsons (small blind) folded before Flop
Seat 4: Ysiven (big blind) collected ($6.50)
Seat 5: Pigness80 folded before Flop (didn't bet)
Seat 6: CrankyChasm26 folded before Flop



PokerStars Hand #254185920485:  Hold'em No Limit ($0.50/$1.00 USD) - 2025/01/04 8:21:57 WET [2025/01/04 3:21:57 ET]
Table 'Tokai' 6-max Seat #3 is the button
Seat 1: sutata ($125.26 in chips) 
Seat 2: Melenya ($102.50 in chips) 
Seat 3: jeilsons ($169.80 in chips) 
Seat 4: Ysiven ($103.50 in chips) 
Seat 5: Pigness80 ($121.73 in chips) 
Seat 6: CrankyChasm26 ($36.28 in chips) 
Ysiven: posts small blind $0.50
Pigness80: posts big blind $1
*** HOLE CARDS ***
CrankyChasm26: raises $1 to $2
sutata: folds 
Melenya: folds 
jeilsons: folds 
Ysiven: folds 
Pigness80: folds 
Uncalled bet ($1) returned to CrankyChasm26
CrankyChasm26 collected $2.50 from pot
*** SUMMARY ***
Total pot $2.50 | Rake $0 
Seat 1: sutata folded before Flop (didn't bet)
Seat 2: Melenya folded before Flop (didn't bet)
Seat 3: jeilsons (button) folded before Flop (didn't bet)
Seat 4: Ysiven (small blind) folded before Flop
Seat 5: Pigness80 (big blind) folded before Flop
Seat 6: CrankyChasm26 collected ($2.50)



PokerStars Hand #254185921940:  Hold'em No Limit ($0.50/$1.00 USD) - 2025/01/04 8:22:14 WET [2025/01/04 3:22:14 ET]
Table 'Tokai' 6-max Seat #4 is the button
Seat 1: sutata ($125.26 in chips) 
Seat 2: Melenya ($102.50 in chips) 
Seat 3: jeilsons ($169.80 in chips) 
Seat 4: Ysiven ($103 in chips) 
Seat 5: Pigness80 ($120.73 in chips) 
Seat 6: CrankyChasm26 ($37.78 in chips) 
Pigness80: posts small blind $0.50
CrankyChasm26: posts big blind $1
*** HOLE CARDS ***
sutata: folds 
Melenya: folds 
jeilsons: raises $1.30 to $2.30
Ysiven: folds 
Pigness80: calls $1.80
CrankyChasm26: calls $1.30
*** FLOP *** [5h Js Kc]
Pigness80: checks 
CrankyChasm26: bets $2
jeilsons: calls $2
Pigness80: calls $2
*** TURN *** [5h Js Kc] [8s]
Pigness80: checks 
CrankyChasm26: checks 
jeilsons: checks 
*** RIVER *** [5h Js Kc 8s] [2h]
Pigness80: checks 
CrankyChasm26: bets $10
jeilsons: folds 
Pigness80: folds 
Uncalled bet ($10) returned to CrankyChasm26
CrankyChasm26 collected $12.26 from pot
*** SUMMARY ***
Total pot $12.90 | Rake $0.64 
Board [5h Js Kc 8s 2h]
Seat 1: sutata folded before Flop (didn't bet)
Seat 2: Melenya folded before Flop (didn't bet)
Seat 3: jeilsons folded on the River
Seat 4: Ysiven (button) folded before Flop (didn't bet)
Seat 5: Pigness80 (small blind) folded on the River
Seat 6: CrankyChasm26 (big blind) collected ($12.26)



PokerStars Hand #254185926028:  Hold'em No Limit ($0.50/$1.00 USD) - 2025/01/04 8:23:02 WET [2025/01/04 3:23:02 ET]
Table 'Tokai' 6-max Seat #5 is the button
Seat 1: sutata ($125.26 in chips) 
Seat 2: Melenya ($102.50 in chips) 
Seat 3: jeilsons ($165.50 in chips) 
Seat 4: Ysiven ($103 in chips) 
Seat 5: Pigness80 ($116.43 in chips) 
Seat 6: CrankyChasm26 ($45.74 in chips) 
CrankyChasm26: posts small blind $0.50
sutata: posts big blind $1
*** HOLE CARDS ***
Melenya: folds 
jeilsons: raises $1 to $2
Ysiven: raises $4.50 to $6.50
Pigness80: folds 
CrankyChasm26: folds 
sutata: folds 
jeilsons: folds 
Uncalled bet ($4.50) returned to Ysiven
Ysiven collected $5.50 from pot
Ysiven: doesn't show hand 
*** SUMMARY ***
Total pot $5.50 | Rake $0 
Seat 1: sutata (big blind) folded before Flop
Seat 2: Melenya folded before Flop (didn't bet)
Seat 3: jeilsons folded before Flop
Seat 4: Ysiven collected ($5.50)
Seat 5: Pigness80 (button) folded before Flop (didn't bet)
Seat 6: CrankyChasm26 (small blind) folded before Flop



PokerStars Hand #254185927675:  Hold'em No Limit ($0.50/$1.00 USD) - 2025/01/04 8:23:21 WET [2025/01/04 3:23:21 ET]
Table 'Tokai' 6-max Seat #6 is the button
Seat 1: sutata ($124.26 in chips) 
Seat 2: Melenya ($102.50 in chips) 
Seat 3: jeilsons ($163.50 in chips) 
Seat 4: Ysiven ($106.50 in chips) 
Seat 5: Pigness80 ($116.43 in chips) 
Seat 6: CrankyChasm26 ($45.24 in chips) 
sutata: posts small blind $0.50
Melenya: posts big blind $1
*** HOLE CARDS ***
jeilsons: folds 
Ysiven: folds 
Pigness80: folds 
CrankyChasm26: folds 
sutata: raises $2 to $3
Melenya: raises $7 to $10
sutata: folds 
Uncalled bet ($7) returned to Melenya
Melenya collected $6 from pot
Melenya: doesn't show hand 
*** SUMMARY ***
Total pot $6 | Rake $0 
Seat 1: sutata (small blind) folded before Flop
Seat 2: Melenya (big blind) collected ($6)
Seat 3: jeilsons folded before Flop (didn't bet)
Seat 4: Ysiven folded before Flop (didn't bet)
Seat 5: Pigness80 folded before Flop (didn't bet)
Seat 6: CrankyChasm26 (button) folded before Flop (didn't bet)



PokerStars Hand #254185929728:  Hold'em No Limit ($0.50/$1.00 USD) - 2025/01/04 8:23:45 WET [2025/01/04 3:23:45 ET]
Table 'Tokai' 6-max Seat #1 is the button
Seat 1: sutata ($121.26 in chips) 
Seat 2: Melenya ($105.50 in chips) 
Seat 3: jeilsons ($163.50 in chips) 
Seat 4: Ysiven ($106.50 in chips) 
Seat 5: Pigness80 ($116.43 in chips) 
Seat 6: CrankyChasm26 ($45.24 in chips) 
Melenya: posts small blind $0.50
jeilsons: posts big blind $1
*** HOLE CARDS ***
Ysiven: folds 
Pigness80: folds 
CrankyChasm26: raises $2 to $3
sutata: folds 
Melenya: folds 
jeilsons: calls $2
*** FLOP *** [Kc 2h 2c]
jeilsons: checks 
CrankyChasm26: bets $5
jeilsons: calls $5
*** TURN *** [Kc 2h 2c] [3d]
jeilsons: checks 
CrankyChasm26: bets $7
jeilsons: calls $7
*** RIVER *** [Kc 2h 2c 3d] [Qh]
jeilsons: checks 
CrankyChasm26: checks 
*** SHOW DOWN ***
jeilsons: shows [Kh 8h] (two pair, Kings and Deuces)
CrankyChasm26: mucks hand 
jeilsons collected $28.98 from pot
*** SUMMARY ***
Total pot $30.50 | Rake $1.52 
Board [Kc 2h 2c 3d Qh]
Seat 1: sutata (button) folded before Flop (didn't bet)
Seat 2: Melenya (small blind) folded before Flop
Seat 3: jeilsons (big blind) showed [Kh 8h] and won ($28.98) with two pair, Kings and Deuces
Seat 4: Ysiven folded before Flop (didn't bet)
Seat 5: Pigness80 folded before Flop (didn't bet)
Seat 6: CrankyChasm26 mucked



PokerStars Hand #254185934767:  Hold'em No Limit ($0.50/$1.00 USD) - 2025/01/04 8:24:45 WET [2025/01/04 3:24:45 ET]
Table 'Tokai' 6-max Seat #2 is the button
Seat 1: sutata ($121.26 in chips) 
Seat 2: Melenya ($105 in chips) 
Seat 3: jeilsons ($177.48 in chips) 
Seat 4: Ysiven ($106.50 in chips) 
Seat 5: Pigness80 ($116.43 in chips) 
Seat 6: CrankyChasm26 ($30.24 in chips) 
jeilsons: posts small blind $0.50
Ysiven: posts big blind $1
*** HOLE CARDS ***
Pigness80: folds 
CrankyChasm26: raises $1 to $2
sutata: folds 
Melenya: folds 
jeilsons: folds 
Ysiven: folds 
Uncalled bet ($1) returned to CrankyChasm26
CrankyChasm26 collected $2.50 from pot
*** SUMMARY ***
Total pot $2.50 | Rake $0 
Seat 1: sutata folded before Flop (didn't bet)
Seat 2: Melenya (button) folded before Flop (didn't bet)
Seat 3: jeilsons (small blind) folded before Flop
Seat 4: Ysiven (big blind) folded before Flop
Seat 5: Pigness80 folded before Flop (didn't bet)
Seat 6: CrankyChasm26 collected ($2.50)



PokerStars Hand #254185936013:  Hold'em No Limit ($0.50/$1.00 USD) - 2025/01/04 8:24:59 WET [2025/01/04 3:24:59 ET]
Table 'Tokai' 6-max Seat #3 is the button
Seat 1: sutata ($121.26 in chips) 
Seat 2: Melenya ($105 in chips) 
Seat 3: jeilsons ($176.98 in chips) 
Seat 4: Ysiven ($105.50 in chips) 
Seat 5: Pigness80 ($116.43 in chips) 
Seat 6: CrankyChasm26 ($31.74 in chips) 
Ysiven: posts small blind $0.50
Pigness80: posts big blind $1
*** HOLE CARDS ***
CrankyChasm26: calls $1
sutata: folds 
Melenya: folds 
jeilsons: folds 
Ysiven: folds 
Pigness80: raises $3.50 to $4.50
CrankyChasm26: raises $3.50 to $8
Pigness80: calls $3.50
*** FLOP *** [Qh Kc Ad]
Pigness80: checks 
CrankyChasm26: bets $5
Pigness80: folds 
Uncalled bet ($5) returned to CrankyChasm26
CrankyChasm26 collected $15.68 from pot
*** SUMMARY ***
Total pot $16.50 | Rake $0.82 
Board [Qh Kc Ad]
Seat 1: sutata folded before Flop (didn't bet)
Seat 2: Melenya folded before Flop (didn't bet)
Seat 3: jeilsons (button) folded before Flop (didn't bet)
Seat 4: Ysiven (small blind) folded before Flop
Seat 5: Pigness80 (big blind) folded on the Flop
Seat 6: CrankyChasm26 collected ($15.68)



PokerStars Hand #254185938562:  Hold'em No Limit ($0.50/$1.00 USD) - 2025/01/04 8:25:29 WET [2025/01/04 3:25:29 ET]
Table 'Tokai' 6-max Seat #4 is the button
Seat 1: sutata ($121.26 in chips) 
Seat 2: Melenya ($105 in chips) 
Seat 3: jeilsons ($176.98 in chips) 
Seat 4: Ysiven ($105 in chips) 
Seat 5: Pigness80 ($108.43 in chips) 
Seat 6: CrankyChasm26 ($39.42 in chips) 
Pigness80: posts small blind $0.50
CrankyChasm26: posts big blind $1
*** HOLE CARDS ***
sutata: folds 
Melenya: folds 
jeilsons: folds 
Ysiven: folds 
Pigness80: raises $1.50 to $2.50
CrankyChasm26: calls $1.50
*** FLOP *** [5d 6c Qc]
Pigness80: bets $3.56
CrankyChasm26: calls $3.56
*** TURN *** [5d 6c Qc] [Th]
Pigness80: bets $8.63
CrankyChasm26: calls $8.63
*** RIVER *** [5d 6c Qc Th] [Ac]
Pigness80: checks 
CrankyChasm26: bets $10
Pigness80: calls $10
*** SHOW DOWN ***
CrankyChasm26: shows [As 5c] (two pair, Aces and Fives)
Pigness80: mucks hand 
CrankyChasm26 collected $46.91 from pot
*** SUMMARY ***
Total pot $49.38 | Rake $2.47 
Board [5d 6c Qc Th Ac]
Seat 1: sutata folded before Flop (didn't bet)
Seat 2: Melenya folded before Flop (didn't bet)
Seat 3: jeilsons folded before Flop (didn't bet)
Seat 4: Ysiven (button) folded before Flop (didn't bet)
Seat 5: Pigness80 (small blind) mucked
Seat 6: CrankyChasm26 (big blind) showed [As 5c] and won ($46.91) with two pair, Aces and Fives



PokerStars Hand #254185942096:  Hold'em No Limit ($0.50/$1.00 USD) - 2025/01/04 8:26:10 WET [2025/01/04 3:26:10 ET]
Table 'Tokai' 6-max Seat #5 is the button
Seat 1: sutata ($121.26 in chips) 
Seat 2: Melenya ($105 in chips) 
Seat 3: jeilsons ($176.98 in chips) 
Seat 4: Ysiven ($105 in chips) 
Seat 5: Pigness80 ($100 in chips) 
Seat 6: CrankyChasm26 ($61.64 in chips) 
CrankyChasm26: posts small blind $0.50
sutata: posts big blind $1
*** HOLE CARDS ***
Melenya: folds 
jeilsons: raises $1 to $2
Ysiven: folds 
Pigness80: folds 
CrankyChasm26: calls $1.50
sutata: calls $1
*** FLOP *** [5s Jc 4h]
CrankyChasm26: bets $4
sutata: calls $4
jeilsons: raises $12 to $16
CrankyChasm26: calls $12
sutata: calls $12
*** TURN *** [5s Jc 4h] [5d]
CrankyChasm26: checks 
sutata: checks 
jeilsons: bets $13.39
CrankyChasm26: calls $13.39
sutata: folds 
*** RIVER *** [5s Jc 4h 5d] [7c]
CrankyChasm26: checks 
jeilsons: bets $145.59 and is all-in
CrankyChasm26: calls $30.25 and is all-in
Uncalled bet ($115.34) returned to jeilsons
*** SHOW DOWN ***
jeilsons: shows [Jh Ah] (two pair, Jacks and Fives)
CrankyChasm26: shows [9d Js] (two pair, Jacks and Fives - lower kicker)
jeilsons collected $138.78 from pot
*** SUMMARY ***
Total pot $141.28 | Rake $2.50 
Board [5s Jc 4h 5d 7c]
Seat 1: sutata (big blind) folded on the Turn
Seat 2: Melenya folded before Flop (didn't bet)
Seat 3: jeilsons showed [Jh Ah] and won ($138.78) with two pair, Jacks and Fives
Seat 4: Ysiven folded before Flop (didn't bet)
Seat 5: Pigness80 (button) folded before Flop (didn't bet)
Seat 6: CrankyChasm26 (small blind) showed [9d Js] and lost with two pair, Jacks and Fives



PokerStars Hand #254185948255:  Hold'em No Limit ($0.50/$1.00 USD) - 2025/01/04 8:27:23 WET [2025/01/04 3:27:23 ET]
Table 'Tokai' 6-max Seat #1 is the button
Seat 6: CrankyChasm26 ($0 in chips) is sitting out
Seat 1: sutata ($103.26 in chips) 
Seat 2: Melenya ($105 in chips) 
Seat 3: jeilsons ($254.12 in chips) 
Seat 4: Ysiven ($105 in chips) 
Seat 5: Pigness80 ($100 in chips) 
Melenya: posts small blind $0.50
jeilsons: posts big blind $1
*** HOLE CARDS ***
Ysiven: folds 
CrankyChasm26 is disconnected 
Pigness80: folds 
sutata: folds 
Melenya: folds 
Uncalled bet ($0.50) returned to jeilsons
jeilsons collected $1 from pot
jeilsons: doesn't show hand 
*** SUMMARY ***
Total pot $1 | Rake $0 
Seat 6: CrankyChasm26
Seat 1: sutata (button) folded before Flop (didn't bet)
Seat 2: Melenya (small blind) folded before Flop
Seat 3: jeilsons (big blind) collected ($1)
Seat 4: Ysiven folded before Flop (didn't bet)
Seat 5: Pigness80 folded before Flop (didn't bet)



PokerStars Hand #254185949777:  Hold'em No Limit ($0.50/$1.00 USD) - 2025/01/04 8:27:41 WET [2025/01/04 3:27:41 ET]
Table 'Tokai' 6-max Seat #2 is the button
Seat 6: CrankyChasm26 ($0 in chips) is sitting out
Seat 1: sutata ($103.26 in chips) 
Seat 2: Melenya ($104.50 in chips) 
Seat 3: jeilsons ($254.62 in chips) 
Seat 4: Ysiven ($105 in chips) 
Seat 5: Pigness80 ($100 in chips) 
jeilsons: posts small blind $0.50
Ysiven: posts big blind $1
*** HOLE CARDS ***
Pigness80: raises $1.20 to $2.20
sutata: folds 
Melenya: folds 
jeilsons: folds 
Ysiven: folds 
Uncalled bet ($1.20) returned to Pigness80
Pigness80 collected $2.50 from pot
Pigness80: doesn't show hand 
*** SUMMARY ***
Total pot $2.50 | Rake $0 
Seat 6: CrankyChasm26
Seat 1: sutata folded before Flop (didn't bet)
Seat 2: Melenya (button) folded before Flop (didn't bet)
Seat 3: jeilsons (small blind) folded before Flop
Seat 4: Ysiven (big blind) folded before Flop
Seat 5: Pigness80 collected ($2.50)



PokerStars Hand #254185951615:  Hold'em No Limit ($0.50/$1.00 USD) - 2025/01/04 8:28:02 WET [2025/01/04 3:28:02 ET]
Table 'Tokai' 6-max Seat #3 is the button
Seat 6: CrankyChasm26 ($0 in chips) is sitting out
Seat 1: sutata ($103.26 in chips) 
Seat 2: Melenya ($104.50 in chips) 
Seat 3: jeilsons ($254.12 in chips) 
Seat 4: Ysiven ($104 in chips) 
Seat 5: Pigness80 ($101.50 in chips) 
Ysiven: posts small blind $0.50
Pigness80: posts big blind $1
*** HOLE CARDS ***
sutata: folds 
Melenya: raises $1.30 to $2.30
jeilsons: folds 
Ysiven: folds 
Pigness80: raises $9.70 to $12
Melenya: raises $13.20 to $25.20
Pigness80: calls $13.20
*** FLOP *** [8d 5s 3h]
Pigness80: checks 
Melenya: bets $12.10
Pigness80: calls $12.10
*** TURN *** [8d 5s 3h] [Kd]
Pigness80: checks 
Melenya: bets $18.15
Pigness80: calls $18.15
*** RIVER *** [8d 5s 3h Kd] [Kh]
Pigness80: checks 
Melenya: bets $49.05 and is all-in
Pigness80: folds 
Uncalled bet ($49.05) returned to Melenya
Melenya collected $108.90 from pot
Melenya: doesn't show hand 
*** SUMMARY ***
Total pot $111.40 | Rake $2.50 
Board [8d 5s 3h Kd Kh]
Seat 6: CrankyChasm26
Seat 1: sutata folded before Flop (didn't bet)
Seat 2: Melenya collected ($108.90)
Seat 3: jeilsons (button) folded before Flop (didn't bet)
Seat 4: Ysiven (small blind) folded before Flop
Seat 5: Pigness80 (big blind) folded on the River



PokerStars Hand #254185960731:  Hold'em No Limit ($0.50/$1.00 USD) - 2025/01/04 8:29:49 WET [2025/01/04 3:29:49 ET]
Table 'Tokai' 6-max Seat #4 is the button
Seat 6: CrankyChasm26 ($0 in chips) is sitting out
Seat 1: sutata ($103.26 in chips) 
Seat 2: Melenya ($157.95 in chips) 
Seat 3: jeilsons ($254.12 in chips) 
Seat 4: Ysiven ($103.50 in chips) 
Seat 5: Pigness80 ($100 in chips) 
Pigness80: posts small blind $0.50
sutata: posts big blind $1
*** HOLE CARDS ***
Melenya: folds 
jeilsons: raises $1.30 to $2.30
Ysiven: folds 
Pigness80: folds 
sutata: folds 
Uncalled bet ($1.30) returned to jeilsons
jeilsons collected $2.50 from pot
jeilsons: doesn't show hand 
*** SUMMARY ***
Total pot $2.50 | Rake $0 
Seat 6: CrankyChasm26
Seat 1: sutata (big blind) folded before Flop
Seat 2: Melenya folded before Flop (didn't bet)
Seat 3: jeilsons collected ($2.50)
Seat 4: Ysiven (button) folded before Flop (didn't bet)
Seat 5: Pigness80 (small blind) folded before Flop



PokerStars Hand #254185961774:  Hold'em No Limit ($0.50/$1.00 USD) - 2025/01/04 8:30:01 WET [2025/01/04 3:30:01 ET]
Table 'Tokai' 6-max Seat #5 is the button
Seat 2: Melenya ($157.95 in chips) is sitting out
Seat 6: CrankyChasm26 ($0 in chips) is sitting out
Seat 1: sutata ($102.26 in chips) 
Seat 3: jeilsons ($255.62 in chips) 
Seat 4: Ysiven ($103.50 in chips) 
Seat 5: Pigness80 ($100 in chips) 
sutata: posts small blind $0.50
Melenya: is sitting out 
jeilsons: posts big blind $1
*** HOLE CARDS ***
Ysiven: raises $1.30 to $2.30
Melenya leaves the table
Pigness80: raises $6.10 to $8.40
sutata: folds 
jeilsons: folds 
Ysiven: folds 
Uncalled bet ($6.10) returned to Pigness80
Pigness80 collected $6.10 from pot
Pigness80: doesn't show hand 
*** SUMMARY ***
Total pot $6.10 | Rake $0 
Seat 2: Melenya
Seat 6: CrankyChasm26
Seat 1: sutata (small blind) folded before Flop
Seat 3: jeilsons (big blind) folded before Flop
Seat 4: Ysiven folded before Flop
Seat 5: Pigness80 (button) collected ($6.10)



PokerStars Hand #254185964636:  Hold'em No Limit ($0.50/$1.00 USD) - 2025/01/04 8:30:34 WET [2025/01/04 3:30:34 ET]
Table 'Tokai' 6-max Seat #1 is the button
Seat 6: CrankyChasm26 ($0 in chips) is sitting out
Seat 1: sutata ($101.76 in chips) 
Seat 3: jeilsons ($254.62 in chips) 
Seat 4: Ysiven ($101.20 in chips) 
Seat 5: Pigness80 ($103.80 in chips) 
jeilsons: posts small blind $0.50
Ysiven: posts big blind $1
*** HOLE CARDS ***
Pigness80: folds 
sutata: folds 
jeilsons: raises $2 to $3
Ysiven: folds 
Uncalled bet ($2) returned to jeilsons
jeilsons collected $2 from pot
jeilsons: doesn't show hand 
*** SUMMARY ***
Total pot $2 | Rake $0 
Seat 6: CrankyChasm26
Seat 1: sutata (button) folded before Flop (didn't bet)
Seat 3: jeilsons (small blind) collected ($2)
Seat 4: Ysiven (big blind) folded before Flop
Seat 5: Pigness80 folded before Flop (didn't bet)



PokerStars Hand #254185966022:  Hold'em No Limit ($0.50/$1.00 USD) - 2025/01/04 8:30:50 WET [2025/01/04 3:30:50 ET]
Table 'Tokai' 6-max Seat #3 is the button
Seat 5: Pigness80 ($103.80 in chips) is sitting out
Seat 6: CrankyChasm26 ($0 in chips) is sitting out
Seat 1: sutata ($101.76 in chips) 
Seat 3: jeilsons ($255.62 in chips) 
Seat 4: Ysiven ($100.20 in chips) 
Ysiven: posts small blind $0.50
Pigness80: is sitting out 
sutata: posts big blind $1
*** HOLE CARDS ***
jeilsons: folds 
Ysiven: folds 
Uncalled bet ($0.50) returned to sutata
sutata collected $1 from pot
sutata: doesn't show hand 
Pigness80 leaves the table
*** SUMMARY ***
Total pot $1 | Rake $0 
Seat 5: Pigness80
Seat 6: CrankyChasm26
Seat 1: sutata (big blind) collected ($1)
Seat 3: jeilsons (button) folded before Flop (didn't bet)
Seat 4: Ysiven (small blind) folded before Flop



PokerStars Hand #254185966636:  Hold'em No Limit ($0.50/$1.00 USD) - 2025/01/04 8:30:57 WET [2025/01/04 3:30:57 ET]
Table 'Tokai' 6-max Seat #4 is the button
Seat 6: CrankyChasm26 ($0 in chips) is sitting out
Seat 1: sutata ($102.26 in chips) 
Seat 3: jeilsons ($255.62 in chips) 
Seat 4: Ysiven ($100 in chips) 
sutata: posts small blind $0.50
jeilsons: posts big blind $1
*** HOLE CARDS ***
Ysiven: raises $1.50 to $2.50
sutata: folds 
jeilsons: raises $10 to $12.50
Ysiven: folds 
Uncalled bet ($10) returned to jeilsons
jeilsons collected $5.50 from pot
jeilsons: doesn't show hand 
*** SUMMARY ***
Total pot $5.50 | Rake $0 
Seat 6: CrankyChasm26
Seat 1: sutata (small blind) folded before Flop
Seat 3: jeilsons (big blind) collected ($5.50)
Seat 4: Ysiven (button) folded before Flop



PokerStars Hand #254185968264:  Hold'em No Limit ($0.50/$1.00 USD) - 2025/01/04 8:31:16 WET [2025/01/04 3:31:16 ET]
Table 'Tokai' 6-max Seat #1 is the button
Seat 6: CrankyChasm26 ($0 in chips) is sitting out
Seat 1: sutata ($101.76 in chips) 
Seat 3: jeilsons ($258.62 in chips) 
Seat 4: Ysiven ($100 in chips) 
jeilsons: posts small blind $0.50
Ysiven: posts big blind $1
*** HOLE CARDS ***
sutata: raises $2 to $3
jeilsons: folds 
Ysiven: folds 
Uncalled bet ($2) returned to sutata
sutata collected $2.50 from pot
sutata: doesn't show hand 
*** SUMMARY ***
Total pot $2.50 | Rake $0 
Seat 6: CrankyChasm26
Seat 1: sutata (button) collected ($2.50)
Seat 3: jeilsons (small blind) folded before Flop
Seat 4: Ysiven (big blind) folded before Flop



PokerStars Hand #254185969030:  Hold'em No Limit ($0.50/$1.00 USD) - 2025/01/04 8:31:25 WET [2025/01/04 3:31:25 ET]
Table 'Tokai' 6-max Seat #3 is the button
Seat 6: CrankyChasm26 ($0 in chips) is sitting out
Seat 1: sutata ($103.26 in chips) 
Seat 3: jeilsons ($258.12 in chips) 
Seat 4: Ysiven ($100 in chips) 
Ysiven: posts small blind $0.50
sutata: posts big blind $1
*** HOLE CARDS ***
jeilsons: folds 
jeilsons leaves the table
Ysiven: folds 
Uncalled bet ($0.50) returned to sutata
sutata collected $1 from pot
sutata: doesn't show hand 
*** SUMMARY ***
Total pot $1 | Rake $0 
Seat 6: CrankyChasm26
Seat 1: sutata (big blind) collected ($1)
Seat 3: jeilsons (button) folded before Flop (didn't bet)
Seat 4: Ysiven (small blind) folded before Flop



PokerStars Hand #254185970097:  Hold'em No Limit ($0.50/$1.00 USD) - 2025/01/04 8:31:36 WET [2025/01/04 3:31:36 ET]
Table 'Tokai' 6-max Seat #1 is the button
Seat 6: CrankyChasm26 ($0 in chips) is sitting out
Seat 1: sutata ($103.76 in chips) 
Seat 4: Ysiven ($100 in chips) 
sutata: posts small blind $0.50
Ysiven: posts big blind $1
*** HOLE CARDS ***
sutata: folds 
Uncalled bet ($0.50) returned to Ysiven
Ysiven collected $1 from pot
Ysiven: doesn't show hand 
*** SUMMARY ***
Total pot $1 | Rake $0 
Seat 6: CrankyChasm26
Seat 1: sutata (button) (small blind) folded before Flop
Seat 4: Ysiven (big blind) collected ($1)



PokerStars Hand #254185970666:  Hold'em No Limit ($0.50/$1.00 USD) - 2025/01/04 8:31:43 WET [2025/01/04 3:31:43 ET]
Table 'Tokai' 6-max Seat #4 is the button
Seat 6: CrankyChasm26 ($0 in chips) is sitting out
Seat 1: sutata ($103.26 in chips) 
Seat 4: Ysiven ($100.50 in chips) 
Ysiven: posts small blind $0.50
sutata: posts big blind $1
*** HOLE CARDS ***
Ysiven: folds 
Uncalled bet ($0.50) returned to sutata
sutata collected $1 from pot
sutata: doesn't show hand 
*** SUMMARY ***
Total pot $1 | Rake $0 
Seat 6: CrankyChasm26
Seat 1: sutata (big blind) collected ($1)
Seat 4: Ysiven (button) (small blind) folded before Flop



PokerStars Hand #254185971227:  Hold'em No Limit ($0.50/$1.00 USD) - 2025/01/04 8:31:49 WET [2025/01/04 3:31:49 ET]
Table 'Tokai' 6-max Seat #1 is the button
Seat 6: CrankyChasm26 ($0 in chips) is sitting out
Seat 1: sutata ($103.76 in chips) 
Seat 4: Ysiven ($100 in chips) 
sutata: posts small blind $0.50
Ysiven: posts big blind $1
*** HOLE CARDS ***
sutata: raises $2 to $3
Ysiven: calls $2
*** FLOP *** [4s 8s 7c]
Ysiven: checks 
sutata: checks 
*** TURN *** [4s 8s 7c] [2s]
Ysiven: bets $1.88
sutata: raises $4.76 to $6.64
Ysiven: calls $4.76
*** RIVER *** [4s 8s 7c 2s] [9h]
Ysiven: checks 
sutata: bets $27.30
Ysiven: calls $27.30
*** SHOW DOWN ***
sutata: shows [Ks Qs] (a flush, King high)
Ysiven: mucks hand 
sutata collected $72.88 from pot
*** SUMMARY ***
Total pot $73.88 | Rake $1 
Board [4s 8s 7c 2s 9h]
Seat 6: CrankyChasm26
Seat 1: sutata (button) (small blind) showed [Ks Qs] and won ($72.88) with a flush, King high
Seat 4: Ysiven (big blind) mucked



PokerStars Hand #254186095412:  Hold'em No Limit ($0.50/$1.00 USD) - 2025/01/04 8:54:48 WET [2025/01/04 3:54:48 ET]
Table 'Tokai' 6-max Seat #2 is the button
Seat 1: v.sting ($100 in chips) 
Seat 2: blistein ($100 in chips) 
Seat 4: Emily_GetMan ($100 in chips) 
Seat 5: filip883 ($66.30 in chips) 
Seat 6: An1an1 ($100 in chips) 
Emily_GetMan: posts small blind $0.50
filip883: posts big blind $1
*** HOLE CARDS ***
KeR888 joins the table at seat #3 
An1an1: folds 
v.sting: raises $1.50 to $2.50
blistein: folds 
Emily_GetMan: folds 
filip883: raises $63.80 to $66.30 and is all-in
v.sting: folds 
Uncalled bet ($63.80) returned to filip883
filip883 collected $5.50 from pot
*** SUMMARY ***
Total pot $5.50 | Rake $0 
Seat 1: v.sting folded before Flop
Seat 2: blistein (button) folded before Flop (didn't bet)
Seat 4: Emily_GetMan (small blind) folded before Flop
Seat 5: filip883 (big blind) collected ($5.50)
Seat 6: An1an1 folded before Flop (didn't bet)



PokerStars Hand #254186097403:  Hold'em No Limit ($0.50/$1.00 USD) - 2025/01/04 8:55:10 WET [2025/01/04 3:55:10 ET]
Table 'Tokai' 6-max Seat #4 is the button
Seat 3: KeR888 ($100 in chips) is sitting out
Seat 1: v.sting ($100 in chips) 
Seat 2: blistein ($100 in chips) 
Seat 4: Emily_GetMan ($100 in chips) 
Seat 5: filip883 ($69.30 in chips) 
Seat 6: An1an1 ($100 in chips) 
filip883: posts small blind $0.50
An1an1: posts big blind $1
KeR888: sits out 
*** HOLE CARDS ***
v.sting: folds 
blistein: folds 
Emily_GetMan: folds 
filip883: raises $2 to $3
An1an1: calls $2
*** FLOP *** [8h 3h 7c]
filip883: checks 
An1an1: bets $2.85
filip883: raises $5.85 to $8.70
An1an1: calls $5.85
*** TURN *** [8h 3h 7c] [9h]
filip883: bets $17.12
An1an1: folds 
Uncalled bet ($17.12) returned to filip883
filip883 collected $22.23 from pot
*** SUMMARY ***
Total pot $23.40 | Rake $1.17 
Board [8h 3h 7c 9h]
Seat 3: KeR888
Seat 1: v.sting folded before Flop (didn't bet)
Seat 2: blistein folded before Flop (didn't bet)
Seat 4: Emily_GetMan (button) folded before Flop (didn't bet)
Seat 5: filip883 (small blind) collected ($22.23)
Seat 6: An1an1 (big blind) folded on the Turn



PokerStars Hand #254186102008:  Hold'em No Limit ($0.50/$1.00 USD) - 2025/01/04 8:56:05 WET [2025/01/04 3:56:05 ET]
Table 'Tokai' 6-max Seat #5 is the button
Seat 3: KeR888 ($100 in chips) is sitting out
Seat 1: v.sting ($100 in chips) 
Seat 2: blistein ($100 in chips) 
Seat 4: Emily_GetMan ($100 in chips) 
Seat 5: filip883 ($79.83 in chips) 
Seat 6: An1an1 ($100 in chips) 
An1an1: posts small blind $0.50
v.sting: posts big blind $1
KeR888: sits out 
*** HOLE CARDS ***
blistein: folds 
Emily_GetMan: folds 
filip883: raises $1 to $2
An1an1: folds 
v.sting: calls $1
*** FLOP *** [9h Qc Jh]
v.sting: checks 
filip883: checks 
*** TURN *** [9h Qc Jh] [4h]
v.sting: checks 
filip883: bets $3
v.sting: folds 
Uncalled bet ($3) returned to filip883
filip883 collected $4.28 from pot
*** SUMMARY ***
Total pot $4.50 | Rake $0.22 
Board [9h Qc Jh 4h]
Seat 3: KeR888
Seat 1: v.sting (big blind) folded on the Turn
Seat 2: blistein folded before Flop (didn't bet)
Seat 4: Emily_GetMan folded before Flop (didn't bet)
Seat 5: filip883 (button) collected ($4.28)
Seat 6: An1an1 (small blind) folded before Flop



PokerStars Hand #254186105879:  Hold'em No Limit ($0.50/$1.00 USD) - 2025/01/04 8:56:52 WET [2025/01/04 3:56:52 ET]
Table 'Tokai' 6-max Seat #6 is the button
Seat 3: KeR888 ($100 in chips) is sitting out
Seat 1: v.sting ($100 in chips) 
Seat 2: blistein ($100 in chips) 
Seat 4: Emily_GetMan ($100 in chips) 
Seat 5: filip883 ($82.11 in chips) 
Seat 6: An1an1 ($100 in chips) 
v.sting: posts small blind $0.50
blistein: posts big blind $1
KeR888: sits out 
*** HOLE CARDS ***
Emily_GetMan: raises $1 to $2
filip883: folds 
An1an1: folds 
v.sting: folds 
blistein: folds 
Uncalled bet ($1) returned to Emily_GetMan
Emily_GetMan collected $2.50 from pot
Emily_GetMan: doesn't show hand 
*** SUMMARY ***
Total pot $2.50 | Rake $0 
Seat 3: KeR888
Seat 1: v.sting (small blind) folded before Flop
Seat 2: blistein (big blind) folded before Flop
Seat 4: Emily_GetMan collected ($2.50)
Seat 5: filip883 folded before Flop (didn't bet)
Seat 6: An1an1 (button) folded before Flop (didn't bet)



PokerStars Hand #254186106778:  Hold'em No Limit ($0.50/$1.00 USD) - 2025/01/04 8:57:02 WET [2025/01/04 3:57:02 ET]
Table 'Tokai' 6-max Seat #1 is the button
Seat 1: v.sting ($100 in chips) 
Seat 2: blistein ($100 in chips) 
Seat 3: KeR888 ($100 in chips) 
Seat 4: Emily_GetMan ($101.50 in chips) 
Seat 5: filip883 ($82.11 in chips) 
Seat 6: An1an1 ($100 in chips) 
blistein: posts small blind $0.50
KeR888: posts big blind $1
*** HOLE CARDS ***
Emily_GetMan: raises $1 to $2
filip883: folds 
An1an1: folds 
v.sting: folds 
blistein: folds 
KeR888: folds 
Uncalled bet ($1) returned to Emily_GetMan
Emily_GetMan collected $2.50 from pot
Emily_GetMan: doesn't show hand 
*** SUMMARY ***
Total pot $2.50 | Rake $0 
Seat 1: v.sting (button) folded before Flop (didn't bet)
Seat 2: blistein (small blind) folded before Flop
Seat 3: KeR888 (big blind) folded before Flop
Seat 4: Emily_GetMan collected ($2.50)
Seat 5: filip883 folded before Flop (didn't bet)
Seat 6: An1an1 folded before Flop (didn't bet)



PokerStars Hand #254186107543:  Hold'em No Limit ($0.50/$1.00 USD) - 2025/01/04 8:57:12 WET [2025/01/04 3:57:12 ET]
Table 'Tokai' 6-max Seat #2 is the button
Seat 1: v.sting ($100 in chips) 
Seat 2: blistein ($100 in chips) 
Seat 3: KeR888 ($100 in chips) 
Seat 4: Emily_GetMan ($103 in chips) 
Seat 5: filip883 ($82.11 in chips) 
Seat 6: An1an1 ($100 in chips) 
KeR888: posts small blind $0.50
Emily_GetMan: posts big blind $1
*** HOLE CARDS ***
filip883: folds 
An1an1: folds 
v.sting: raises $1.50 to $2.50
blistein: folds 
KeR888: raises $8.50 to $11
Emily_GetMan: folds 
v.sting: raises $18.80 to $29.80
KeR888: raises $70.20 to $100 and is all-in
v.sting: folds 
Uncalled bet ($70.20) returned to KeR888
KeR888 collected $60.60 from pot
KeR888: doesn't show hand 
*** SUMMARY ***
Total pot $60.60 | Rake $0 
Seat 1: v.sting folded before Flop
Seat 2: blistein (button) folded before Flop (didn't bet)
Seat 3: KeR888 (small blind) collected ($60.60)
Seat 4: Emily_GetMan (big blind) folded before Flop
Seat 5: filip883 folded before Flop (didn't bet)
Seat 6: An1an1 folded before Flop (didn't bet)



PokerStars Hand #254186112369:  Hold'em No Limit ($0.50/$1.00 USD) - 2025/01/04 8:58:10 WET [2025/01/04 3:58:10 ET]
Table 'Tokai' 6-max Seat #3 is the button
Seat 1: v.sting ($100 in chips) 
Seat 2: blistein ($100 in chips) 
Seat 3: KeR888 ($130.80 in chips) 
Seat 4: Emily_GetMan ($102 in chips) 
Seat 5: filip883 ($82.11 in chips) 
Seat 6: An1an1 ($100 in chips) 
Emily_GetMan: posts small blind $0.50
filip883: posts big blind $1
*** HOLE CARDS ***
An1an1: folds 
v.sting: folds 
blistein: raises $1.30 to $2.30
KeR888: folds 
Emily_GetMan: folds 
filip883: folds 
Uncalled bet ($1.30) returned to blistein
blistein collected $2.50 from pot
blistein: doesn't show hand 
*** SUMMARY ***
Total pot $2.50 | Rake $0 
Seat 1: v.sting folded before Flop (didn't bet)
Seat 2: blistein collected ($2.50)
Seat 3: KeR888 (button) folded before Flop (didn't bet)
Seat 4: Emily_GetMan (small blind) folded before Flop
Seat 5: filip883 (big blind) folded before Flop
Seat 6: An1an1 folded before Flop (didn't bet)



PokerStars Hand #254186114769:  Hold'em No Limit ($0.50/$1.00 USD) - 2025/01/04 8:58:39 WET [2025/01/04 3:58:39 ET]
Table 'Tokai' 6-max Seat #4 is the button
Seat 1: v.sting ($100 in chips) 
Seat 2: blistein ($101.50 in chips) 
Seat 3: KeR888 ($130.80 in chips) 
Seat 4: Emily_GetMan ($101.50 in chips) 
Seat 5: filip883 ($81.11 in chips) 
Seat 6: An1an1 ($100 in chips) 
filip883: posts small blind $0.50
An1an1: posts big blind $1
*** HOLE CARDS ***
v.sting: raises $1.50 to $2.50
blistein: folds 
KeR888: folds 
Emily_GetMan: folds 
filip883: folds 
An1an1: folds 
Uncalled bet ($1.50) returned to v.sting
v.sting collected $2.50 from pot
v.sting: doesn't show hand 
*** SUMMARY ***
Total pot $2.50 | Rake $0 
Seat 1: v.sting collected ($2.50)
Seat 2: blistein folded before Flop (didn't bet)
Seat 3: KeR888 folded before Flop (didn't bet)
Seat 4: Emily_GetMan (button) folded before Flop (didn't bet)
Seat 5: filip883 (small blind) folded before Flop
Seat 6: An1an1 (big blind) folded before Flop



PokerStars Hand #254186123878:  Hold'em No Limit ($0.50/$1.00 USD) - 2025/01/04 9:00:25 WET [2025/01/04 4:00:25 ET]
Table 'Tokai' 6-max Seat #1 is the button
Seat 1: v.sting ($100 in chips) 
Seat 2: blistein ($100 in chips) 
Seat 3: KeR888 ($130.80 in chips) 
Seat 5: filip883 ($70.29 in chips) 
Seat 6: An1an1 ($113.10 in chips) 
blistein: posts small blind $0.50
KeR888: posts big blind $1
*** HOLE CARDS ***
filip883: raises $2 to $3
An1an1: folds 
v.sting: folds 
blistein: raises $7 to $10
KeR888: folds 
filip883: raises $60.29 to $70.29 and is all-in
blistein: calls $60.29
*** FLOP *** [2h 3h Tc]
*** TURN *** [2h 3h Tc] [8c]
*** RIVER *** [2h 3h Tc 8c] [9s]
MauriFierro27 joins the table at seat #4 
*** SHOW DOWN ***
blistein: shows [Qs Ad] (high card Ace)
filip883: shows [Th Ts] (three of a kind, Tens)
filip883 collected $139.08 from pot
*** SUMMARY ***
Total pot $141.58 | Rake $2.50 
Board [2h 3h Tc 8c 9s]
Seat 1: v.sting (button) folded before Flop (didn't bet)
Seat 2: blistein (small blind) showed [Qs Ad] and lost with high card Ace
Seat 3: KeR888 (big blind) folded before Flop
Seat 5: filip883 showed [Th Ts] and won ($139.08) with three of a kind, Tens
Seat 6: An1an1 folded before Flop (didn't bet)



PokerStars Hand #254186127567:  Hold'em No Limit ($0.50/$1.00 USD) - 2025/01/04 9:01:05 WET [2025/01/04 4:01:05 ET]
Table 'Tokai' 6-max Seat #2 is the button
Seat 1: v.sting ($100 in chips) 
Seat 2: blistein ($100 in chips) 
Seat 3: KeR888 ($129.80 in chips) 
Seat 4: MauriFierro27 ($100 in chips) 
Seat 5: filip883 ($139.08 in chips) 
Seat 6: An1an1 ($113.10 in chips) 
KeR888: posts small blind $0.50
MauriFierro27: posts big blind $1
*** HOLE CARDS ***
filip883: raises $1 to $2
An1an1: folds 
v.sting: folds 
blistein: folds 
KeR888: folds 
MauriFierro27: folds 
Uncalled bet ($1) returned to filip883
filip883 collected $2.50 from pot
*** SUMMARY ***
Total pot $2.50 | Rake $0 
Seat 1: v.sting folded before Flop (didn't bet)
Seat 2: blistein (button) folded before Flop (didn't bet)
Seat 3: KeR888 (small blind) folded before Flop
Seat 4: MauriFierro27 (big blind) folded before Flop
Seat 5: filip883 collected ($2.50)
Seat 6: An1an1 folded before Flop (didn't bet)



PokerStars Hand #254186129230:  Hold'em No Limit ($0.50/$1.00 USD) - 2025/01/04 9:01:23 WET [2025/01/04 4:01:23 ET]
Table 'Tokai' 6-max Seat #3 is the button
Seat 1: v.sting ($100 in chips) 
Seat 2: blistein ($100 in chips) 
Seat 3: KeR888 ($129.30 in chips) 
Seat 4: MauriFierro27 ($100 in chips) 
Seat 5: filip883 ($140.58 in chips) 
Seat 6: An1an1 ($113.10 in chips) 
MauriFierro27: posts small blind $0.50
filip883: posts big blind $1
*** HOLE CARDS ***
An1an1: calls $1
v.sting: folds 
blistein: calls $1
KeR888: calls $1
MauriFierro27: folds 
filip883: checks 
*** FLOP *** [9h 7c Kc]
filip883: checks 
An1an1: checks 
blistein: checks 
KeR888: checks 
*** TURN *** [9h 7c Kc] [3s]
filip883: checks 
An1an1: bets $2.87
blistein: folds 
KeR888: folds 
filip883: calls $2.87
*** RIVER *** [9h 7c Kc 3s] [Th]
filip883: checks 
An1an1: bets $3.21
filip883: calls $3.21
*** SHOW DOWN ***
An1an1: shows [Qs Qd] (a pair of Queens)
filip883: mucks hand 
An1an1 collected $15.83 from pot
*** SUMMARY ***
Total pot $16.66 | Rake $0.83 
Board [9h 7c Kc 3s Th]
Seat 1: v.sting folded before Flop (didn't bet)
Seat 2: blistein folded on the Turn
Seat 3: KeR888 (button) folded on the Turn
Seat 4: MauriFierro27 (small blind) folded before Flop
Seat 5: filip883 (big blind) mucked
Seat 6: An1an1 showed [Qs Qd] and won ($15.83) with a pair of Queens



PokerStars Hand #254186135246:  Hold'em No Limit ($0.50/$1.00 USD) - 2025/01/04 9:02:25 WET [2025/01/04 4:02:25 ET]
Table 'Tokai' 6-max Seat #4 is the button
Seat 1: v.sting ($100 in chips) 
Seat 2: blistein ($100 in chips) 
Seat 3: KeR888 ($128.30 in chips) 
Seat 4: MauriFierro27 ($100 in chips) 
Seat 5: filip883 ($133.50 in chips) 
Seat 6: An1an1 ($121.85 in chips) 
filip883: posts small blind $0.50
An1an1: posts big blind $1
*** HOLE CARDS ***
v.sting: folds 
blistein: folds 
KeR888: folds 
MauriFierro27: folds 
filip883: folds 
Uncalled bet ($0.50) returned to An1an1
An1an1 collected $1 from pot
An1an1: doesn't show hand 
*** SUMMARY ***
Total pot $1 | Rake $0 
Seat 1: v.sting folded before Flop (didn't bet)
Seat 2: blistein folded before Flop (didn't bet)
Seat 3: KeR888 folded before Flop (didn't bet)
Seat 4: MauriFierro27 (button) folded before Flop (didn't bet)
Seat 5: filip883 (small blind) folded before Flop
Seat 6: An1an1 (big blind) collected ($1)



PokerStars Hand #254186136322:  Hold'em No Limit ($0.50/$1.00 USD) - 2025/01/04 9:02:36 WET [2025/01/04 4:02:36 ET]
Table 'Tokai' 6-max Seat #5 is the button
Seat 1: v.sting ($100 in chips) 
Seat 2: blistein ($100 in chips) 
Seat 3: KeR888 ($128.30 in chips) 
Seat 4: MauriFierro27 ($100 in chips) 
Seat 5: filip883 ($133 in chips) 
Seat 6: An1an1 ($122.35 in chips) 
An1an1: posts small blind $0.50
v.sting: posts big blind $1
*** HOLE CARDS ***
blistein: folds 
KeR888: raises $1.20 to $2.20
MauriFierro27: folds 
filip883: calls $2.20
An1an1: folds 
v.sting: folds 
*** FLOP *** [Tc 9c Ts]
KeR888: checks 
filip883: checks 
*** TURN *** [Tc 9c Ts] [4c]
KeR888: checks 
filip883: bets $3
KeR888: calls $3
*** RIVER *** [Tc 9c Ts 4c] [Jh]
KeR888: checks 
filip883: bets $17.30
KeR888: folds 
Uncalled bet ($17.30) returned to filip883
filip883 collected $11.30 from pot
*** SUMMARY ***
Total pot $11.90 | Rake $0.60 
Board [Tc 9c Ts 4c Jh]
Seat 1: v.sting (big blind) folded before Flop
Seat 2: blistein folded before Flop (didn't bet)
Seat 3: KeR888 folded on the River
Seat 4: MauriFierro27 folded before Flop (didn't bet)
Seat 5: filip883 (button) collected ($11.30)
Seat 6: An1an1 (small blind) folded before Flop



PokerStars Hand #254186141463:  Hold'em No Limit ($0.50/$1.00 USD) - 2025/01/04 9:03:29 WET [2025/01/04 4:03:29 ET]
Table 'Tokai' 6-max Seat #6 is the button
Seat 1: v.sting ($100 in chips) 
Seat 2: blistein ($100 in chips) 
Seat 3: KeR888 ($123.10 in chips) 
Seat 4: MauriFierro27 ($100 in chips) 
Seat 5: filip883 ($139.10 in chips) 
Seat 6: An1an1 ($121.85 in chips) 
v.sting: posts small blind $0.50
blistein: posts big blind $1
*** HOLE CARDS ***
KeR888: folds 
MauriFierro27: folds 
filip883: folds 
An1an1: raises $1.50 to $2.50
v.sting: folds 
blistein: calls $1.50
*** FLOP *** [Kh Ts 6d]
blistein: checks 
An1an1: bets $1.25
blistein: folds 
Uncalled bet ($1.25) returned to An1an1
An1an1 collected $5.22 from pot
An1an1: doesn't show hand 
*** SUMMARY ***
Total pot $5.50 | Rake $0.28 
Board [Kh Ts 6d]
Seat 1: v.sting (small blind) folded before Flop
Seat 2: blistein (big blind) folded on the Flop
Seat 3: KeR888 folded before Flop (didn't bet)
Seat 4: MauriFierro27 folded before Flop (didn't bet)
Seat 5: filip883 folded before Flop (didn't bet)
Seat 6: An1an1 (button) collected ($5.22)



PokerStars Hand #254186145947:  Hold'em No Limit ($0.50/$1.00 USD) - 2025/01/04 9:04:15 WET [2025/01/04 4:04:15 ET]
Table 'Tokai' 6-max Seat #1 is the button
Seat 1: v.sting ($100 in chips) 
Seat 2: blistein ($100 in chips) 
Seat 3: KeR888 ($123.10 in chips) 
Seat 4: MauriFierro27 ($100 in chips) 
Seat 5: filip883 ($139.10 in chips) 
Seat 6: An1an1 ($124.57 in chips) 
blistein: posts small blind $0.50
KeR888: posts big blind $1
*** HOLE CARDS ***
MauriFierro27: folds 
filip883: folds 
An1an1: folds 
v.sting: raises $1.10 to $2.10
blistein: folds 
KeR888: calls $1.10
*** FLOP *** [Qc 2s 8c]
KeR888: checks 
v.sting: checks 
*** TURN *** [Qc 2s 8c] [Td]
KeR888: checks 
v.sting: checks 
*** RIVER *** [Qc 2s 8c Td] [Jc]
KeR888: checks 
v.sting: bets $2.45
KeR888: folds 
Uncalled bet ($2.45) returned to v.sting
v.sting collected $4.46 from pot
v.sting: doesn't show hand 
*** SUMMARY ***
Total pot $4.70 | Rake $0.24 
Board [Qc 2s 8c Td Jc]
Seat 1: v.sting (button) collected ($4.46)
Seat 2: blistein (small blind) folded before Flop
Seat 3: KeR888 (big blind) folded on the River
Seat 4: MauriFierro27 folded before Flop (didn't bet)
Seat 5: filip883 folded before Flop (didn't bet)
Seat 6: An1an1 folded before Flop (didn't bet)



PokerStars Hand #254186151277:  Hold'em No Limit ($0.50/$1.00 USD) - 2025/01/04 9:05:09 WET [2025/01/04 4:05:09 ET]
Table 'Tokai' 6-max Seat #2 is the button
Seat 1: v.sting ($102.36 in chips) 
Seat 2: blistein ($100 in chips) 
Seat 3: KeR888 ($121 in chips) 
Seat 4: MauriFierro27 ($100 in chips) 
Seat 5: filip883 ($139.10 in chips) 
Seat 6: An1an1 ($124.57 in chips) 
KeR888: posts small blind $0.50
MauriFierro27: posts big blind $1
*** HOLE CARDS ***
filip883: raises $1 to $2
An1an1: folds 
v.sting: folds 
blistein: folds 
KeR888: folds 
MauriFierro27: folds 
Uncalled bet ($1) returned to filip883
filip883 collected $2.50 from pot
*** SUMMARY ***
Total pot $2.50 | Rake $0 
Seat 1: v.sting folded before Flop (didn't bet)
Seat 2: blistein (button) folded before Flop (didn't bet)
Seat 3: KeR888 (small blind) folded before Flop
Seat 4: MauriFierro27 (big blind) folded before Flop
Seat 5: filip883 collected ($2.50)
Seat 6: An1an1 folded before Flop (didn't bet)



PokerStars Hand #254186152591:  Hold'em No Limit ($0.50/$1.00 USD) - 2025/01/04 9:05:22 WET [2025/01/04 4:05:22 ET]
Table 'Tokai' 6-max Seat #3 is the button
Seat 1: v.sting ($102.36 in chips) 
Seat 2: blistein ($100 in chips) 
Seat 3: KeR888 ($120.50 in chips) 
Seat 4: MauriFierro27 ($100 in chips) 
Seat 5: filip883 ($140.60 in chips) 
Seat 6: An1an1 ($124.57 in chips) 
MauriFierro27: posts small blind $0.50
filip883: posts big blind $1
*** HOLE CARDS ***
An1an1: folds 
v.sting: folds 
blistein: folds 
KeR888: raises $1.50 to $2.50
MauriFierro27: folds 
filip883: calls $1.50
*** FLOP *** [8d Qc 3c]
filip883: checks 
KeR888: bets $2.61
filip883: raises $3.61 to $6.22
KeR888: calls $3.61
*** TURN *** [8d Qc 3c] [4h]
filip883: checks 
KeR888: bets $4.26
filip883: folds 
Uncalled bet ($4.26) returned to KeR888
KeR888 collected $17.04 from pot
KeR888: doesn't show hand 
*** SUMMARY ***
Total pot $17.94 | Rake $0.90 
Board [8d Qc 3c 4h]
Seat 1: v.sting folded before Flop (didn't bet)
Seat 2: blistein folded before Flop (didn't bet)
Seat 3: KeR888 (button) collected ($17.04)
Seat 4: MauriFierro27 (small blind) folded before Flop
Seat 5: filip883 (big blind) folded on the Turn
Seat 6: An1an1 folded before Flop (didn't bet)



PokerStars Hand #254186159324:  Hold'em No Limit ($0.50/$1.00 USD) - 2025/01/04 9:06:31 WET [2025/01/04 4:06:31 ET]
Table 'Tokai' 6-max Seat #4 is the button
Seat 1: v.sting ($102.36 in chips) 
Seat 2: blistein ($100 in chips) 
Seat 3: KeR888 ($128.82 in chips) 
Seat 4: MauriFierro27 ($100 in chips) 
Seat 5: filip883 ($131.88 in chips) 
Seat 6: An1an1 ($124.57 in chips) 
filip883: posts small blind $0.50
An1an1: posts big blind $1
*** HOLE CARDS ***
v.sting: raises $1.50 to $2.50
blistein: folds 
KeR888: folds 
MauriFierro27: folds 
filip883: folds 
An1an1: calls $1.50
*** FLOP *** [Ks 5d 4h]
An1an1: checks 
v.sting: checks 
*** TURN *** [Ks 5d 4h] [Jc]
An1an1: checks 
v.sting: checks 
*** RIVER *** [Ks 5d 4h Jc] [3s]
An1an1: checks 
v.sting: bets $1.72
An1an1: folds 
Uncalled bet ($1.72) returned to v.sting
v.sting collected $5.22 from pot
v.sting: doesn't show hand 
*** SUMMARY ***
Total pot $5.50 | Rake $0.28 
Board [Ks 5d 4h Jc 3s]
Seat 1: v.sting collected ($5.22)
Seat 2: blistein folded before Flop (didn't bet)
Seat 3: KeR888 folded before Flop (didn't bet)
Seat 4: MauriFierro27 (button) folded before Flop (didn't bet)
Seat 5: filip883 (small blind) folded before Flop
Seat 6: An1an1 (big blind) folded on the River



PokerStars Hand #254186166181:  Hold'em No Limit ($0.50/$1.00 USD) - 2025/01/04 9:07:42 WET [2025/01/04 4:07:42 ET]
Table 'Tokai' 6-max Seat #5 is the button
Seat 1: v.sting ($105.08 in chips) 
Seat 2: blistein ($100 in chips) 
Seat 3: KeR888 ($128.82 in chips) 
Seat 4: MauriFierro27 ($100 in chips) 
Seat 5: filip883 ($131.38 in chips) 
Seat 6: An1an1 ($122.07 in chips) 
An1an1: posts small blind $0.50
v.sting: posts big blind $1
*** HOLE CARDS ***
blistein: folds 
KeR888: folds 
MauriFierro27: folds 
filip883: raises $1 to $2
An1an1: raises $7 to $9
v.sting: folds 
filip883: folds 
Uncalled bet ($7) returned to An1an1
An1an1 collected $5 from pot
An1an1: doesn't show hand 
*** SUMMARY ***
Total pot $5 | Rake $0 
Seat 1: v.sting (big blind) folded before Flop
Seat 2: blistein folded before Flop (didn't bet)
Seat 3: KeR888 folded before Flop (didn't bet)
Seat 4: MauriFierro27 folded before Flop (didn't bet)
Seat 5: filip883 (button) folded before Flop
Seat 6: An1an1 (small blind) collected ($5)



PokerStars Hand #254186168398:  Hold'em No Limit ($0.50/$1.00 USD) - 2025/01/04 9:08:05 WET [2025/01/04 4:08:05 ET]
Table 'Tokai' 6-max Seat #6 is the button
Seat 1: v.sting ($104.08 in chips) 
Seat 2: blistein ($100 in chips) 
Seat 3: KeR888 ($128.82 in chips) 
Seat 4: MauriFierro27 ($100 in chips) 
Seat 5: filip883 ($129.38 in chips) 
Seat 6: An1an1 ($125.07 in chips) 
v.sting: posts small blind $0.50
blistein: posts big blind $1
*** HOLE CARDS ***
KeR888: folds 
MauriFierro27: raises $1.20 to $2.20
filip883: folds 
An1an1: folds 
v.sting: folds 
blistein: folds 
Uncalled bet ($1.20) returned to MauriFierro27
MauriFierro27 collected $2.50 from pot
MauriFierro27: doesn't show hand 
*** SUMMARY ***
Total pot $2.50 | Rake $0 
Seat 1: v.sting (small blind) folded before Flop
Seat 2: blistein (big blind) folded before Flop
Seat 3: KeR888 folded before Flop (didn't bet)
Seat 4: MauriFierro27 collected ($2.50)
Seat 5: filip883 folded before Flop (didn't bet)
Seat 6: An1an1 (button) folded before Flop (didn't bet)



PokerStars Hand #254186169589:  Hold'em No Limit ($0.50/$1.00 USD) - 2025/01/04 9:08:17 WET [2025/01/04 4:08:17 ET]
Table 'Tokai' 6-max Seat #1 is the button
Seat 1: v.sting ($103.58 in chips) 
Seat 2: blistein ($100 in chips) 
Seat 3: KeR888 ($128.82 in chips) 
Seat 4: MauriFierro27 ($101.50 in chips) 
Seat 5: filip883 ($129.38 in chips) 
Seat 6: An1an1 ($125.07 in chips) 
blistein: posts small blind $0.50
KeR888: posts big blind $1
*** HOLE CARDS ***
MauriFierro27: folds 
filip883: folds 
An1an1: raises $1 to $2
v.sting: folds 
blistein: folds 
KeR888: folds 
Uncalled bet ($1) returned to An1an1
An1an1 collected $2.50 from pot
An1an1: doesn't show hand 
*** SUMMARY ***
Total pot $2.50 | Rake $0 
Seat 1: v.sting (button) folded before Flop (didn't bet)
Seat 2: blistein (small blind) folded before Flop
Seat 3: KeR888 (big blind) folded before Flop
Seat 4: MauriFierro27 folded before Flop (didn't bet)
Seat 5: filip883 folded before Flop (didn't bet)
Seat 6: An1an1 collected ($2.50)



PokerStars Hand #254186170905:  Hold'em No Limit ($0.50/$1.00 USD) - 2025/01/04 9:08:30 WET [2025/01/04 4:08:30 ET]
Table 'Tokai' 6-max Seat #2 is the button
Seat 1: v.sting ($103.58 in chips) 
Seat 2: blistein ($100 in chips) 
Seat 3: KeR888 ($127.82 in chips) 
Seat 4: MauriFierro27 ($101.50 in chips) 
Seat 5: filip883 ($129.38 in chips) 
Seat 6: An1an1 ($126.57 in chips) 
KeR888: posts small blind $0.50
MauriFierro27: posts big blind $1
*** HOLE CARDS ***
filip883: folds 
An1an1: folds 
v.sting: folds 
blistein: folds 
KeR888: folds 
Uncalled bet ($0.50) returned to MauriFierro27
MauriFierro27 collected $1 from pot
MauriFierro27: doesn't show hand 
*** SUMMARY ***
Total pot $1 | Rake $0 
Seat 1: v.sting folded before Flop (didn't bet)
Seat 2: blistein (button) folded before Flop (didn't bet)
Seat 3: KeR888 (small blind) folded before Flop
Seat 4: MauriFierro27 (big blind) collected ($1)
Seat 5: filip883 folded before Flop (didn't bet)
Seat 6: An1an1 folded before Flop (didn't bet)



PokerStars Hand #254186172537:  Hold'em No Limit ($0.50/$1.00 USD) - 2025/01/04 9:08:47 WET [2025/01/04 4:08:47 ET]
Table 'Tokai' 6-max Seat #3 is the button
Seat 1: v.sting ($103.58 in chips) 
Seat 2: blistein ($100 in chips) 
Seat 3: KeR888 ($127.32 in chips) 
Seat 4: MauriFierro27 ($102 in chips) 
Seat 5: filip883 ($129.38 in chips) 
Seat 6: An1an1 ($126.57 in chips) 
MauriFierro27: posts small blind $0.50
filip883: posts big blind $1
*** HOLE CARDS ***
An1an1: folds 
v.sting: folds 
blistein: folds 
KeR888: raises $1.50 to $2.50
MauriFierro27: folds 
filip883: calls $1.50
*** FLOP *** [Qs 5h 7d]
filip883: checks 
KeR888: bets $1.31
filip883: folds 
Uncalled bet ($1.31) returned to KeR888
KeR888 collected $5.22 from pot
KeR888: doesn't show hand 
*** SUMMARY ***
Total pot $5.50 | Rake $0.28 
Board [Qs 5h 7d]
Seat 1: v.sting folded before Flop (didn't bet)
Seat 2: blistein folded before Flop (didn't bet)
Seat 3: KeR888 (button) collected ($5.22)
Seat 4: MauriFierro27 (small blind) folded before Flop
Seat 5: filip883 (big blind) folded on the Flop
Seat 6: An1an1 folded before Flop (didn't bet)



PokerStars Hand #254186176886:  Hold'em No Limit ($0.50/$1.00 USD) - 2025/01/04 9:09:32 WET [2025/01/04 4:09:32 ET]
Table 'Tokai' 6-max Seat #4 is the button
Seat 1: v.sting ($103.58 in chips) 
Seat 2: blistein ($100 in chips) 
Seat 3: KeR888 ($130.04 in chips) 
Seat 4: MauriFierro27 ($101.50 in chips) 
Seat 5: filip883 ($126.88 in chips) 
Seat 6: An1an1 ($126.57 in chips) 
filip883: posts small blind $0.50
An1an1: posts big blind $1
*** HOLE CARDS ***
v.sting: folds 
blistein: folds 
KeR888: raises $1.50 to $2.50
MauriFierro27: folds 
filip883: folds 
An1an1: folds 
Uncalled bet ($1.50) returned to KeR888
KeR888 collected $2.50 from pot
KeR888: doesn't show hand 
*** SUMMARY ***
Total pot $2.50 | Rake $0 
Seat 1: v.sting folded before Flop (didn't bet)
Seat 2: blistein folded before Flop (didn't bet)
Seat 3: KeR888 collected ($2.50)
Seat 4: MauriFierro27 (button) folded before Flop (didn't bet)
Seat 5: filip883 (small blind) folded before Flop
Seat 6: An1an1 (big blind) folded before Flop



PokerStars Hand #254186179773:  Hold'em No Limit ($0.50/$1.00 USD) - 2025/01/04 9:10:01 WET [2025/01/04 4:10:01 ET]
Table 'Tokai' 6-max Seat #5 is the button
Seat 1: v.sting ($103.58 in chips) 
Seat 2: blistein ($100 in chips) 
Seat 3: KeR888 ($131.54 in chips) 
Seat 4: MauriFierro27 ($101.50 in chips) 
Seat 5: filip883 ($126.38 in chips) 
Seat 6: An1an1 ($125.57 in chips) 
An1an1: posts small blind $0.50
v.sting: posts big blind $1
*** HOLE CARDS ***
blistein: folds 
KeR888: raises $1.50 to $2.50
MauriFierro27: folds 
filip883: folds 
An1an1: folds 
v.sting: folds 
Uncalled bet ($1.50) returned to KeR888
KeR888 collected $2.50 from pot
KeR888: doesn't show hand 
*** SUMMARY ***
Total pot $2.50 | Rake $0 
Seat 1: v.sting (big blind) folded before Flop
Seat 2: blistein folded before Flop (didn't bet)
Seat 3: KeR888 collected ($2.50)
Seat 4: MauriFierro27 folded before Flop (didn't bet)
Seat 5: filip883 (button) folded before Flop (didn't bet)
Seat 6: An1an1 (small blind) folded before Flop



PokerStars Hand #254186181657:  Hold'em No Limit ($0.50/$1.00 USD) - 2025/01/04 9:10:21 WET [2025/01/04 4:10:21 ET]
Table 'Tokai' 6-max Seat #6 is the button
Seat 1: v.sting ($102.58 in chips) 
Seat 2: blistein ($100 in chips) 
Seat 3: KeR888 ($133.04 in chips) 
Seat 4: MauriFierro27 ($101.50 in chips) 
Seat 5: filip883 ($126.38 in chips) 
Seat 6: An1an1 ($125.07 in chips) 
v.sting: posts small blind $0.50
blistein: posts big blind $1
*** HOLE CARDS ***
KeR888: folds 
MauriFierro27: raises $1.20 to $2.20
filip883: folds 
An1an1: folds 
v.sting: folds 
blistein: folds 
Uncalled bet ($1.20) returned to MauriFierro27
MauriFierro27 collected $2.50 from pot
MauriFierro27: doesn't show hand 
*** SUMMARY ***
Total pot $2.50 | Rake $0 
Seat 1: v.sting (small blind) folded before Flop
Seat 2: blistein (big blind) folded before Flop
Seat 3: KeR888 folded before Flop (didn't bet)
Seat 4: MauriFierro27 collected ($2.50)
Seat 5: filip883 folded before Flop (didn't bet)
Seat 6: An1an1 (button) folded before Flop (didn't bet)



PokerStars Hand #254186184097:  Hold'em No Limit ($0.50/$1.00 USD) - 2025/01/04 9:10:47 WET [2025/01/04 4:10:47 ET]
Table 'Tokai' 6-max Seat #1 is the button
Seat 1: v.sting ($102.08 in chips) 
Seat 2: blistein ($100 in chips) 
Seat 3: KeR888 ($133.04 in chips) 
Seat 4: MauriFierro27 ($103 in chips) 
Seat 5: filip883 ($126.38 in chips) 
Seat 6: An1an1 ($125.07 in chips) 
blistein: posts small blind $0.50
KeR888: posts big blind $1
*** HOLE CARDS ***
MauriFierro27: folds 
filip883: folds 
An1an1: folds 
v.sting: folds 
blistein: raises $2 to $3
KeR888: folds 
Uncalled bet ($2) returned to blistein
blistein collected $2 from pot
blistein: doesn't show hand 
*** SUMMARY ***
Total pot $2 | Rake $0 
Seat 1: v.sting (button) folded before Flop (didn't bet)
Seat 2: blistein (small blind) collected ($2)
Seat 3: KeR888 (big blind) folded before Flop
Seat 4: MauriFierro27 folded before Flop (didn't bet)
Seat 5: filip883 folded before Flop (didn't bet)
Seat 6: An1an1 folded before Flop (didn't bet)



PokerStars Hand #254186185897:  Hold'em No Limit ($0.50/$1.00 USD) - 2025/01/04 9:11:05 WET [2025/01/04 4:11:05 ET]
Table 'Tokai' 6-max Seat #2 is the button
Seat 1: v.sting ($102.08 in chips) 
Seat 2: blistein ($101 in chips) 
Seat 3: KeR888 ($132.04 in chips) 
Seat 4: MauriFierro27 ($103 in chips) 
Seat 5: filip883 ($126.38 in chips) 
Seat 6: An1an1 ($125.07 in chips) 
KeR888: posts small blind $0.50
MauriFierro27: posts big blind $1
*** HOLE CARDS ***
filip883: folds 
An1an1: folds 
v.sting: folds 
blistein: folds 
KeR888: folds 
Uncalled bet ($0.50) returned to MauriFierro27
MauriFierro27 collected $1 from pot
MauriFierro27: doesn't show hand 
*** SUMMARY ***
Total pot $1 | Rake $0 
Seat 1: v.sting folded before Flop (didn't bet)
Seat 2: blistein (button) folded before Flop (didn't bet)
Seat 3: KeR888 (small blind) folded before Flop
Seat 4: MauriFierro27 (big blind) collected ($1)
Seat 5: filip883 folded before Flop (didn't bet)
Seat 6: An1an1 folded before Flop (didn't bet)



PokerStars Hand #254186186801:  Hold'em No Limit ($0.50/$1.00 USD) - 2025/01/04 9:11:15 WET [2025/01/04 4:11:15 ET]
Table 'Tokai' 6-max Seat #3 is the button
Seat 1: v.sting ($102.08 in chips) 
Seat 2: blistein ($101 in chips) 
Seat 3: KeR888 ($131.54 in chips) 
Seat 4: MauriFierro27 ($103.50 in chips) 
Seat 5: filip883 ($126.38 in chips) 
Seat 6: An1an1 ($125.07 in chips) 
MauriFierro27: posts small blind $0.50
filip883: posts big blind $1
*** HOLE CARDS ***
An1an1: folds 
v.sting: folds 
blistein: raises $1.30 to $2.30
KeR888: folds 
MauriFierro27: folds 
filip883: calls $1.30
*** FLOP *** [7s 5h 5s]
filip883: checks 
blistein: bets $2.42
filip883: raises $4.42 to $6.84
blistein: calls $4.42
*** TURN *** [7s 5h 5s] [Jd]
filip883: checks 
blistein: bets $6.07
filip883: folds 
Uncalled bet ($6.07) returned to blistein
blistein collected $17.84 from pot
blistein: doesn't show hand 
*** SUMMARY ***
Total pot $18.78 | Rake $0.94 
Board [7s 5h 5s Jd]
Seat 1: v.sting folded before Flop (didn't bet)
Seat 2: blistein collected ($17.84)
Seat 3: KeR888 (button) folded before Flop (didn't bet)
Seat 4: MauriFierro27 (small blind) folded before Flop
Seat 5: filip883 (big blind) folded on the Turn
Seat 6: An1an1 folded before Flop (didn't bet)



PokerStars Hand #254186195039:  Hold'em No Limit ($0.50/$1.00 USD) - 2025/01/04 9:12:39 WET [2025/01/04 4:12:39 ET]
Table 'Tokai' 6-max Seat #4 is the button
Seat 1: v.sting ($102.08 in chips) 
Seat 2: blistein ($109.70 in chips) 
Seat 3: KeR888 ($131.54 in chips) 
Seat 4: MauriFierro27 ($103 in chips) 
Seat 5: filip883 ($117.24 in chips) 
Seat 6: An1an1 ($125.07 in chips) 
filip883: posts small blind $0.50
An1an1: posts big blind $1
*** HOLE CARDS ***
v.sting: folds 
blistein: folds 
KeR888: folds 
MauriFierro27: raises $1.20 to $2.20
filip883: folds 
An1an1: calls $1.20
*** FLOP *** [6s Ad 4c]
An1an1: checks 
MauriFierro27: bets $1.54
An1an1: folds 
Uncalled bet ($1.54) returned to MauriFierro27
MauriFierro27 collected $4.66 from pot
MauriFierro27: doesn't show hand 
*** SUMMARY ***
Total pot $4.90 | Rake $0.24 
Board [6s Ad 4c]
Seat 1: v.sting folded before Flop (didn't bet)
Seat 2: blistein folded before Flop (didn't bet)
Seat 3: KeR888 folded before Flop (didn't bet)
Seat 4: MauriFierro27 (button) collected ($4.66)
Seat 5: filip883 (small blind) folded before Flop
Seat 6: An1an1 (big blind) folded on the Flop



PokerStars Hand #254186198540:  Hold'em No Limit ($0.50/$1.00 USD) - 2025/01/04 9:13:15 WET [2025/01/04 4:13:15 ET]
Table 'Tokai' 6-max Seat #5 is the button
Seat 1: v.sting ($102.08 in chips) is sitting out
Seat 2: blistein ($109.70 in chips) 
Seat 3: KeR888 ($131.54 in chips) 
Seat 4: MauriFierro27 ($105.46 in chips) 
Seat 5: filip883 ($116.74 in chips) 
Seat 6: An1an1 ($122.87 in chips) 
An1an1: posts small blind $0.50
v.sting: is sitting out 
blistein: posts big blind $1
*** HOLE CARDS ***
v.sting leaves the table
Burlica2013 joins the table at seat #1 
KeR888: folds 
MauriFierro27: raises $1.20 to $2.20
filip883: calls $2.20
An1an1: folds 
blistein: folds 
*** FLOP *** [5h 3s 3h]
MauriFierro27: checks 
filip883: checks 
*** TURN *** [5h 3s 3h] [6c]
MauriFierro27: checks 
filip883: bets $4.60
MauriFierro27: calls $4.60
*** RIVER *** [5h 3s 3h 6c] [8s]
MauriFierro27: checks 
filip883: bets $14.34
MauriFierro27: calls $14.34
*** SHOW DOWN ***
filip883: shows [Tc 8d] (two pair, Eights and Threes)
MauriFierro27: mucks hand 
filip883 collected $41.59 from pot
*** SUMMARY ***
Total pot $43.78 | Rake $2.19 
Board [5h 3s 3h 6c 8s]
Seat 1: v.sting
Seat 2: blistein (big blind) folded before Flop
Seat 3: KeR888 folded before Flop (didn't bet)
Seat 4: MauriFierro27 mucked
Seat 5: filip883 (button) showed [Tc 8d] and won ($41.59) with two pair, Eights and Threes
Seat 6: An1an1 (small blind) folded before Flop



PokerStars Hand #254186205460:  Hold'em No Limit ($0.50/$1.00 USD) - 2025/01/04 9:14:24 WET [2025/01/04 4:14:24 ET]
Table 'Tokai' 6-max Seat #6 is the button
Seat 1: Burlica2013 ($195.30 in chips) is sitting out
Seat 2: blistein ($108.70 in chips) 
Seat 3: KeR888 ($131.54 in chips) 
Seat 4: MauriFierro27 ($100 in chips) 
Seat 5: filip883 ($137.19 in chips) 
Seat 6: An1an1 ($122.37 in chips) 
blistein: posts small blind $0.50
KeR888: posts big blind $1
*** HOLE CARDS ***
MauriFierro27: folds 
filip883: raises $1 to $2
An1an1: folds 
blistein: folds 
KeR888: calls $1
*** FLOP *** [5d Ac 2c]
KeR888: checks 
filip883: bets $3.14
KeR888: folds 
Uncalled bet ($3.14) returned to filip883
filip883 collected $4.28 from pot
*** SUMMARY ***
Total pot $4.50 | Rake $0.22 
Board [5d Ac 2c]
Seat 1: Burlica2013
Seat 2: blistein (small blind) folded before Flop
Seat 3: KeR888 (big blind) folded on the Flop
Seat 4: MauriFierro27 folded before Flop (didn't bet)
Seat 5: filip883 collected ($4.28)
Seat 6: An1an1 (button) folded before Flop (didn't bet)



PokerStars Hand #254186207851:  Hold'em No Limit ($0.50/$1.00 USD) - 2025/01/04 9:14:48 WET [2025/01/04 4:14:48 ET]
Table 'Tokai' 6-max Seat #2 is the button
Seat 1: Burlica2013 ($195.30 in chips) is sitting out
Seat 2: blistein ($108.20 in chips) 
Seat 3: KeR888 ($129.54 in chips) 
Seat 4: MauriFierro27 ($100 in chips) 
Seat 5: filip883 ($139.47 in chips) 
Seat 6: An1an1 ($122.37 in chips) 
KeR888: posts small blind $0.50
MauriFierro27: posts big blind $1
Burlica2013: sits out 
*** HOLE CARDS ***
filip883: folds 
An1an1: raises $1 to $2
blistein: folds 
KeR888: folds 
MauriFierro27: calls $1
*** FLOP *** [9c 5s 9s]
MauriFierro27: checks 
An1an1: checks 
*** TURN *** [9c 5s 9s] [Jh]
MauriFierro27: bets $3.21
An1an1: folds 
Uncalled bet ($3.21) returned to MauriFierro27
MauriFierro27 collected $4.28 from pot
MauriFierro27: doesn't show hand 
*** SUMMARY ***
Total pot $4.50 | Rake $0.22 
Board [9c 5s 9s Jh]
Seat 1: Burlica2013
Seat 2: blistein (button) folded before Flop (didn't bet)
Seat 3: KeR888 (small blind) folded before Flop
Seat 4: MauriFierro27 (big blind) collected ($4.28)
Seat 5: filip883 folded before Flop (didn't bet)
Seat 6: An1an1 folded on the Turn



PokerStars Hand #254186211740:  Hold'em No Limit ($0.50/$1.00 USD) - 2025/01/04 9:15:29 WET [2025/01/04 4:15:29 ET]
Table 'Tokai' 6-max Seat #3 is the button
Seat 1: Burlica2013 ($195.30 in chips) is sitting out
Seat 2: blistein ($108.20 in chips) 
Seat 3: KeR888 ($129.04 in chips) 
Seat 4: MauriFierro27 ($102.28 in chips) 
Seat 5: filip883 ($139.47 in chips) 
Seat 6: An1an1 ($120.37 in chips) 
MauriFierro27: posts small blind $0.50
filip883: posts big blind $1
Burlica2013: sits out 
*** HOLE CARDS ***
An1an1: folds 
blistein: raises $1.30 to $2.30
KeR888: folds 
MauriFierro27: folds 
filip883: raises $5.30 to $7.60
blistein: raises $13.90 to $21.50
filip883: folds 
Uncalled bet ($13.90) returned to blistein
blistein collected $15.70 from pot
blistein: doesn't show hand 
*** SUMMARY ***
Total pot $15.70 | Rake $0 
Seat 1: Burlica2013
Seat 2: blistein collected ($15.70)
Seat 3: KeR888 (button) folded before Flop (didn't bet)
Seat 4: MauriFierro27 (small blind) folded before Flop
Seat 5: filip883 (big blind) folded before Flop
Seat 6: An1an1 folded before Flop (didn't bet)



PokerStars Hand #254186215876:  Hold'em No Limit ($0.50/$1.00 USD) - 2025/01/04 9:16:12 WET [2025/01/04 4:16:12 ET]
Table 'Tokai' 6-max Seat #4 is the button
Seat 1: Burlica2013 ($195.30 in chips) is sitting out
Seat 2: blistein ($116.30 in chips) 
Seat 3: KeR888 ($129.04 in chips) 
Seat 4: MauriFierro27 ($101.78 in chips) 
Seat 5: filip883 ($131.87 in chips) 
Seat 6: An1an1 ($120.37 in chips) 
filip883: posts small blind $0.50
An1an1: posts big blind $1
Burlica2013: sits out 
*** HOLE CARDS ***
blistein: folds 
KeR888: raises $1.50 to $2.50
MauriFierro27: folds 
filip883: calls $2
An1an1: folds 
*** FLOP *** [7s 3c 2h]
filip883: checks 
KeR888: checks 
*** TURN *** [7s 3c 2h] [Jh]
filip883: checks 
KeR888: checks 
*** RIVER *** [7s 3c 2h Jh] [4s]
filip883: bets $12
KeR888: folds 
Uncalled bet ($12) returned to filip883
filip883 collected $5.70 from pot
*** SUMMARY ***
Total pot $6 | Rake $0.30 
Board [7s 3c 2h Jh 4s]
Seat 1: Burlica2013
Seat 2: blistein folded before Flop (didn't bet)
Seat 3: KeR888 folded on the River
Seat 4: MauriFierro27 (button) folded before Flop (didn't bet)
Seat 5: filip883 (small blind) collected ($5.70)
Seat 6: An1an1 (big blind) folded before Flop



PokerStars Hand #254186220666:  Hold'em No Limit ($0.50/$1.00 USD) - 2025/01/04 9:17:01 WET [2025/01/04 4:17:01 ET]
Table 'Tokai' 6-max Seat #5 is the button
Seat 1: Burlica2013 ($195.30 in chips) 
Seat 2: blistein ($116.30 in chips) 
Seat 3: KeR888 ($126.54 in chips) 
Seat 4: MauriFierro27 ($101.78 in chips) 
Seat 5: filip883 ($135.07 in chips) 
Seat 6: An1an1 ($119.37 in chips) 
An1an1: posts small blind $0.50
Burlica2013: posts big blind $1
*** HOLE CARDS ***
blistein: folds 
KeR888: folds 
MauriFierro27: folds 
filip883: folds 
An1an1: raises $1.50 to $2.50
Burlica2013: raises $6.50 to $9
An1an1: folds 
Uncalled bet ($6.50) returned to Burlica2013
Burlica2013 collected $5 from pot
Burlica2013: doesn't show hand 
*** SUMMARY ***
Total pot $5 | Rake $0 
Seat 1: Burlica2013 (big blind) collected ($5)
Seat 2: blistein folded before Flop (didn't bet)
Seat 3: KeR888 folded before Flop (didn't bet)
Seat 4: MauriFierro27 folded before Flop (didn't bet)
Seat 5: filip883 (button) folded before Flop (didn't bet)
Seat 6: An1an1 (small blind) folded before Flop



PokerStars Hand #254186223152:  Hold'em No Limit ($0.50/$1.00 USD) - 2025/01/04 9:17:26 WET [2025/01/04 4:17:26 ET]
Table 'Tokai' 6-max Seat #6 is the button
Seat 1: Burlica2013 ($197.80 in chips) 
Seat 2: blistein ($116.30 in chips) 
Seat 3: KeR888 ($126.54 in chips) 
Seat 4: MauriFierro27 ($101.78 in chips) 
Seat 5: filip883 ($135.07 in chips) 
Seat 6: An1an1 ($116.87 in chips) 
Burlica2013: posts small blind $0.50
blistein: posts big blind $1
*** HOLE CARDS ***
KeR888: folds 
MauriFierro27: folds 
filip883: folds 
An1an1: raises $1.50 to $2.50
Burlica2013: raises $9.50 to $12
blistein: folds 
An1an1: folds 
Uncalled bet ($9.50) returned to Burlica2013
Burlica2013 collected $6 from pot
Burlica2013: doesn't show hand 
*** SUMMARY ***
Total pot $6 | Rake $0 
Seat 1: Burlica2013 (small blind) collected ($6)
Seat 2: blistein (big blind) folded before Flop
Seat 3: KeR888 folded before Flop (didn't bet)
Seat 4: MauriFierro27 folded before Flop (didn't bet)
Seat 5: filip883 folded before Flop (didn't bet)
Seat 6: An1an1 (button) folded before Flop



PokerStars Hand #254186226171:  Hold'em No Limit ($0.50/$1.00 USD) - 2025/01/04 9:17:57 WET [2025/01/04 4:17:57 ET]
Table 'Tokai' 6-max Seat #1 is the button
Seat 1: Burlica2013 ($201.30 in chips) 
Seat 2: blistein ($115.30 in chips) 
Seat 3: KeR888 ($126.54 in chips) 
Seat 4: MauriFierro27 ($101.78 in chips) 
Seat 5: filip883 ($135.07 in chips) 
Seat 6: An1an1 ($114.37 in chips) 
blistein: posts small blind $0.50
KeR888: posts big blind $1
*** HOLE CARDS ***
MauriFierro27: folds 
filip883: folds 
An1an1: raises $1 to $2
Burlica2013: folds 
blistein: folds 
KeR888: folds 
Uncalled bet ($1) returned to An1an1
An1an1 collected $2.50 from pot
An1an1: doesn't show hand 
*** SUMMARY ***
Total pot $2.50 | Rake $0 
Seat 1: Burlica2013 (button) folded before Flop (didn't bet)
Seat 2: blistein (small blind) folded before Flop
Seat 3: KeR888 (big blind) folded before Flop
Seat 4: MauriFierro27 folded before Flop (didn't bet)
Seat 5: filip883 folded before Flop (didn't bet)
Seat 6: An1an1 collected ($2.50)



PokerStars Hand #254186227622:  Hold'em No Limit ($0.50/$1.00 USD) - 2025/01/04 9:18:12 WET [2025/01/04 4:18:12 ET]
Table 'Tokai' 6-max Seat #2 is the button
Seat 1: Burlica2013 ($201.30 in chips) 
Seat 2: blistein ($114.80 in chips) 
Seat 3: KeR888 ($125.54 in chips) 
Seat 4: MauriFierro27 ($101.78 in chips) 
Seat 5: filip883 ($135.07 in chips) 
Seat 6: An1an1 ($115.87 in chips) 
KeR888: posts small blind $0.50
MauriFierro27: posts big blind $1
*** HOLE CARDS ***
filip883: folds 
An1an1: folds 
Burlica2013: folds 
blistein: folds 
KeR888: raises $2 to $3
MauriFierro27: folds 
Uncalled bet ($2) returned to KeR888
KeR888 collected $2 from pot
KeR888: doesn't show hand 
*** SUMMARY ***
Total pot $2 | Rake $0 
Seat 1: Burlica2013 folded before Flop (didn't bet)
Seat 2: blistein (button) folded before Flop (didn't bet)
Seat 3: KeR888 (small blind) collected ($2)
Seat 4: MauriFierro27 (big blind) folded before Flop
Seat 5: filip883 folded before Flop (didn't bet)
Seat 6: An1an1 folded before Flop (didn't bet)



PokerStars Hand #254186229519:  Hold'em No Limit ($0.50/$1.00 USD) - 2025/01/04 9:18:31 WET [2025/01/04 4:18:31 ET]
Table 'Tokai' 6-max Seat #3 is the button
Seat 1: Burlica2013 ($201.30 in chips) 
Seat 2: blistein ($114.80 in chips) 
Seat 3: KeR888 ($126.54 in chips) 
Seat 4: MauriFierro27 ($100.78 in chips) 
Seat 5: filip883 ($135.07 in chips) 
Seat 6: An1an1 ($115.87 in chips) 
MauriFierro27: posts small blind $0.50
filip883: posts big blind $1
*** HOLE CARDS ***
An1an1: folds 
Burlica2013: folds 
blistein: folds 
KeR888: raises $1.50 to $2.50
MauriFierro27: folds 
filip883: calls $1.50
*** FLOP *** [Js 9c 2d]
filip883: checks 
KeR888: checks 
*** TURN *** [Js 9c 2d] [4d]
filip883: checks 
KeR888: bets $3.92
filip883: folds 
Uncalled bet ($3.92) returned to KeR888
KeR888 collected $5.22 from pot
KeR888: doesn't show hand 
*** SUMMARY ***
Total pot $5.50 | Rake $0.28 
Board [Js 9c 2d 4d]
Seat 1: Burlica2013 folded before Flop (didn't bet)
Seat 2: blistein folded before Flop (didn't bet)
Seat 3: KeR888 (button) collected ($5.22)
Seat 4: MauriFierro27 (small blind) folded before Flop
Seat 5: filip883 (big blind) folded on the Turn
Seat 6: An1an1 folded before Flop (didn't bet)



PokerStars Hand #254186233986:  Hold'em No Limit ($0.50/$1.00 USD) - 2025/01/04 9:19:17 WET [2025/01/04 4:19:17 ET]
Table 'Tokai' 6-max Seat #4 is the button
Seat 1: Burlica2013 ($201.30 in chips) 
Seat 2: blistein ($114.80 in chips) 
Seat 3: KeR888 ($129.26 in chips) 
Seat 4: MauriFierro27 ($100.28 in chips) 
Seat 5: filip883 ($132.57 in chips) 
Seat 6: An1an1 ($115.87 in chips) 
filip883: posts small blind $0.50
An1an1: posts big blind $1
*** HOLE CARDS ***
Burlica2013: folds 
blistein: folds 
KeR888: raises $1.50 to $2.50
MauriFierro27: folds 
filip883: folds 
An1an1: folds 
Uncalled bet ($1.50) returned to KeR888
KeR888 collected $2.50 from pot
KeR888: doesn't show hand 
*** SUMMARY ***
Total pot $2.50 | Rake $0 
Seat 1: Burlica2013 folded before Flop (didn't bet)
Seat 2: blistein folded before Flop (didn't bet)
Seat 3: KeR888 collected ($2.50)
Seat 4: MauriFierro27 (button) folded before Flop (didn't bet)
Seat 5: filip883 (small blind) folded before Flop
Seat 6: An1an1 (big blind) folded before Flop



PokerStars Hand #254186235154:  Hold'em No Limit ($0.50/$1.00 USD) - 2025/01/04 9:19:29 WET [2025/01/04 4:19:29 ET]
Table 'Tokai' 6-max Seat #5 is the button
Seat 1: Burlica2013 ($201.30 in chips) 
Seat 2: blistein ($114.80 in chips) 
Seat 3: KeR888 ($130.76 in chips) 
Seat 4: MauriFierro27 ($100.28 in chips) 
Seat 5: filip883 ($132.07 in chips) 
Seat 6: An1an1 ($114.87 in chips) 
An1an1: posts small blind $0.50
Burlica2013: posts big blind $1
*** HOLE CARDS ***
blistein: folds 
KeR888: folds 
MauriFierro27: raises $1.20 to $2.20
filip883: folds 
An1an1: folds 
Burlica2013: folds 
Uncalled bet ($1.20) returned to MauriFierro27
MauriFierro27 collected $2.50 from pot
MauriFierro27: doesn't show hand 
*** SUMMARY ***
Total pot $2.50 | Rake $0 
Seat 1: Burlica2013 (big blind) folded before Flop
Seat 2: blistein folded before Flop (didn't bet)
Seat 3: KeR888 folded before Flop (didn't bet)
Seat 4: MauriFierro27 collected ($2.50)
Seat 5: filip883 (button) folded before Flop (didn't bet)
Seat 6: An1an1 (small blind) folded before Flop



PokerStars Hand #254186236193:  Hold'em No Limit ($0.50/$1.00 USD) - 2025/01/04 9:19:40 WET [2025/01/04 4:19:40 ET]
Table 'Tokai' 6-max Seat #6 is the button
Seat 1: Burlica2013 ($200.30 in chips) 
Seat 2: blistein ($114.80 in chips) 
Seat 3: KeR888 ($130.76 in chips) 
Seat 4: MauriFierro27 ($101.78 in chips) 
Seat 5: filip883 ($132.07 in chips) 
Seat 6: An1an1 ($114.37 in chips) 
Burlica2013: posts small blind $0.50
blistein: posts big blind $1
*** HOLE CARDS ***
KeR888: folds 
MauriFierro27: folds 
filip883: raises $2 to $3
An1an1: folds 
Burlica2013: folds 
blistein: calls $2
*** FLOP *** [Jc As 2d]
blistein: checks 
filip883: bets $3
blistein: calls $3
*** TURN *** [Jc As 2d] [5c]
blistein: checks 
filip883: bets $8.94
blistein: calls $8.94
*** RIVER *** [Jc As 2d 5c] [4s]
blistein: checks 
filip883: checks 
*** SHOW DOWN ***
blistein: shows [Ah 3c] (a straight, Ace to Five)
filip883: mucks hand 
blistein collected $28.86 from pot
*** SUMMARY ***
Total pot $30.38 | Rake $1.52 
Board [Jc As 2d 5c 4s]
Seat 1: Burlica2013 (small blind) folded before Flop
Seat 2: blistein (big blind) showed [Ah 3c] and won ($28.86) with a straight, Ace to Five
Seat 3: KeR888 folded before Flop (didn't bet)
Seat 4: MauriFierro27 folded before Flop (didn't bet)
Seat 5: filip883 mucked
Seat 6: An1an1 (button) folded before Flop (didn't bet)



PokerStars Hand #254186244114:  Hold'em No Limit ($0.50/$1.00 USD) - 2025/01/04 9:21:00 WET [2025/01/04 4:21:00 ET]
Table 'Tokai' 6-max Seat #1 is the button
Seat 1: Burlica2013 ($199.80 in chips) 
Seat 2: blistein ($128.72 in chips) 
Seat 3: KeR888 ($130.76 in chips) 
Seat 4: MauriFierro27 ($101.78 in chips) 
Seat 5: filip883 ($117.13 in chips) 
Seat 6: An1an1 ($114.37 in chips) 
blistein: posts small blind $0.50
KeR888: posts big blind $1
*** HOLE CARDS ***
MauriFierro27: folds 
filip883: raises $2 to $3
An1an1: folds 
Burlica2013: folds 
blistein: folds 
KeR888: calls $2
*** FLOP *** [9s Qh Ts]
KeR888: checks 
filip883: bets $4.09
KeR888: raises $7.18 to $11.27
filip883: calls $7.18
*** TURN *** [9s Qh Ts] [Js]
KeR888: bets $23.50
filip883: calls $23.50
*** RIVER *** [9s Qh Ts Js] [4h]
KeR888: bets $92.99 and is all-in
filip883: calls $79.36 and is all-in
Uncalled bet ($13.63) returned to KeR888
*** SHOW DOWN ***
KeR888: shows [5s As] (a flush, Ace high)
filip883: shows [Jc Kd] (a straight, Nine to King)
KeR888 collected $232.26 from pot
*** SUMMARY ***
Total pot $234.76 | Rake $2.50 
Board [9s Qh Ts Js 4h]
Seat 1: Burlica2013 (button) folded before Flop (didn't bet)
Seat 2: blistein (small blind) folded before Flop
Seat 3: KeR888 (big blind) showed [5s As] and won ($232.26) with a flush, Ace high
Seat 4: MauriFierro27 folded before Flop (didn't bet)
Seat 5: filip883 showed [Jc Kd] and lost with a straight, Nine to King
Seat 6: An1an1 folded before Flop (didn't bet)



PokerStars Hand #254186252790:  Hold'em No Limit ($0.50/$1.00 USD) - 2025/01/04 9:22:28 WET [2025/01/04 4:22:28 ET]
Table 'Tokai' 6-max Seat #2 is the button
Seat 5: filip883 ($0 in chips) is sitting out
Seat 1: Burlica2013 ($199.80 in chips) 
Seat 2: blistein ($128.22 in chips) 
Seat 3: KeR888 ($245.89 in chips) 
Seat 4: MauriFierro27 ($101.78 in chips) 
Seat 6: An1an1 ($114.37 in chips) 
KeR888: posts small blind $0.50
MauriFierro27: posts big blind $1
*** HOLE CARDS ***
An1an1: raises $1 to $2
Burlica2013: folds 
blistein: folds 
filip883 leaves the table
KeR888: raises $7.50 to $9.50
MauriFierro27: folds 
An1an1: folds 
Uncalled bet ($7.50) returned to KeR888
KeR888 collected $5 from pot
KeR888: doesn't show hand 
An1an1 leaves the table
*** SUMMARY ***
Total pot $5 | Rake $0 
Seat 5: filip883
Seat 1: Burlica2013 folded before Flop (didn't bet)
Seat 2: blistein (button) folded before Flop (didn't bet)
Seat 3: KeR888 (small blind) collected ($5)
Seat 4: MauriFierro27 (big blind) folded before Flop
Seat 6: An1an1 folded before Flop



PokerStars Hand #254186255813:  Hold'em No Limit ($0.50/$1.00 USD) - 2025/01/04 9:22:59 WET [2025/01/04 4:22:59 ET]
Table 'Tokai' 6-max Seat #3 is the button
Seat 1: Burlica2013 ($199.80 in chips) 
Seat 2: blistein ($128.22 in chips) 
Seat 3: KeR888 ($248.89 in chips) 
Seat 4: MauriFierro27 ($100.78 in chips) 
MauriFierro27: posts small blind $0.50
Burlica2013: posts big blind $1
*** HOLE CARDS ***
blistein: raises $1.30 to $2.30
KeR888: folds 
MauriFierro27: folds 
Burlica2013: folds 
Uncalled bet ($1.30) returned to blistein
blistein collected $2.50 from pot
blistein: doesn't show hand 
*** SUMMARY ***
Total pot $2.50 | Rake $0 
Seat 1: Burlica2013 (big blind) folded before Flop
Seat 2: blistein collected ($2.50)
Seat 3: KeR888 (button) folded before Flop (didn't bet)
Seat 4: MauriFierro27 (small blind) folded before Flop



