PokerStars Hand #254190401963:  Hold'em No Limit ($0.50/$1.00 USD) - 2025/01/04 15:32:47 WET [2025/01/04 10:32:47 ET]
Table 'Anacreon II' 6-max Seat #4 is the button
Seat 1: BoyLoc0 ($100 in chips) 
Seat 4: BenCampbel10 ($100 in chips) 
Seat 5: MaikonAll ($100 in chips) 
MaikonAll: posts small blind $0.50
BoyLoc0: posts big blind $1
*** HOLE CARDS ***
BenCampbel10: raises $1 to $2
MaikonAll: folds 
BoyLoc0: folds 
Uncalled bet ($1) returned to BenCampbel10
BenCampbel10 collected $2.50 from pot
*** SUMMARY ***
Total pot $2.50 | Rake $0 
Seat 1: BoyLoc0 (big blind) folded before Flop
Seat 4: BenCampbel10 (button) collected ($2.50)
Seat 5: MaikonAll (small blind) folded before Flop



PokerStars Hand #254190403932:  Hold'em No Limit ($0.50/$1.00 USD) - 2025/01/04 15:32:54 WET [2025/01/04 10:32:54 ET]
Table 'Anacreon II' 6-max Seat #5 is the button
Seat 1: BoyLoc0 ($100 in chips) 
Seat 4: BenCampbel10 ($101.50 in chips) 
Seat 5: MaikonAll ($100 in chips) 
BoyLoc0: posts small blind $0.50
BenCampbel10: posts big blind $1
*** HOLE CARDS ***
MaikonAll: raises $1.50 to $2.50
BoyLoc0: folds 
BenCampbel10: folds 
Uncalled bet ($1.50) returned to MaikonAll
MaikonAll collected $2.50 from pot
MaikonAll: doesn't show hand 
*** SUMMARY ***
Total pot $2.50 | Rake $0 
Seat 1: BoyLoc0 (small blind) folded before Flop
Seat 4: BenCampbel10 (big blind) folded before Flop
Seat 5: MaikonAll (button) collected ($2.50)



PokerStars Hand #254190409208:  Hold'em No Limit ($0.50/$1.00 USD) - 2025/01/04 15:33:15 WET [2025/01/04 10:33:15 ET]
Table 'Anacreon II' 6-max Seat #1 is the button
Seat 1: BoyLoc0 ($100 in chips) 
Seat 4: BenCampbel10 ($100.50 in chips) 
Seat 5: MaikonAll ($101.50 in chips) 
BenCampbel10: posts small blind $0.50
MaikonAll: posts big blind $1
*** HOLE CARDS ***
BoyLoc0: folds 
BenCampbel10: folds 
Uncalled bet ($0.50) returned to MaikonAll
MaikonAll collected $1 from pot
MaikonAll: doesn't show hand 
*** SUMMARY ***
Total pot $1 | Rake $0 
Seat 1: BoyLoc0 (button) folded before Flop (didn't bet)
Seat 4: BenCampbel10 (small blind) folded before Flop
Seat 5: MaikonAll (big blind) collected ($1)



PokerStars Hand #254190411889:  Hold'em No Limit ($0.50/$1.00 USD) - 2025/01/04 15:33:25 WET [2025/01/04 10:33:25 ET]
Table 'Anacreon II' 6-max Seat #4 is the button
Seat 1: BoyLoc0 ($100 in chips) 
Seat 4: BenCampbel10 ($100 in chips) 
Seat 5: MaikonAll ($102 in chips) 
MaikonAll: posts small blind $0.50
BoyLoc0: posts big blind $1
*** HOLE CARDS ***
BenCampbel10: raises $1 to $2
MaikonAll: folds 
BoyLoc0: calls $1
*** FLOP *** [Ad Kh 6s]
BoyLoc0: checks 
BenCampbel10: bets $5.60
BoyLoc0: calls $5.60
*** TURN *** [Ad Kh 6s] [3c]
BoyLoc0: checks 
BenCampbel10: bets $20.89
BoyLoc0: calls $20.89
*** RIVER *** [Ad Kh 6s 3c] [As]
BoyLoc0: checks 
BenCampbel10: checks 
*** SHOW DOWN ***
BoyLoc0: shows [5h Ac] (three of a kind, Aces)
BenCampbel10: mucks hand 
BoyLoc0 collected $56.48 from pot
*** SUMMARY ***
Total pot $57.48 | Rake $1 
Board [Ad Kh 6s 3c As]
Seat 1: BoyLoc0 (big blind) showed [5h Ac] and won ($56.48) with three of a kind, Aces
Seat 4: BenCampbel10 (button) mucked
Seat 5: MaikonAll (small blind) folded before Flop



PokerStars Hand #254190429901:  Hold'em No Limit ($0.50/$1.00 USD) - 2025/01/04 15:34:35 WET [2025/01/04 10:34:35 ET]
Table 'Anacreon II' 6-max Seat #5 is the button
Seat 1: BoyLoc0 ($127.99 in chips) 
Seat 4: BenCampbel10 ($100 in chips) 
Seat 5: MaikonAll ($101.50 in chips) 
BoyLoc0: posts small blind $0.50
BenCampbel10: posts big blind $1
*** HOLE CARDS ***
MaikonAll: folds 
BoyLoc0: raises $2 to $3
BenCampbel10: folds 
Uncalled bet ($2) returned to BoyLoc0
BoyLoc0 collected $2 from pot
BoyLoc0: doesn't show hand 
*** SUMMARY ***
Total pot $2 | Rake $0 
Seat 1: BoyLoc0 (small blind) collected ($2)
Seat 4: BenCampbel10 (big blind) folded before Flop
Seat 5: MaikonAll (button) folded before Flop (didn't bet)



PokerStars Hand #254190433367:  Hold'em No Limit ($0.50/$1.00 USD) - 2025/01/04 15:34:49 WET [2025/01/04 10:34:49 ET]
Table 'Anacreon II' 6-max Seat #1 is the button
Seat 1: BoyLoc0 ($128.99 in chips) 
Seat 4: BenCampbel10 ($100 in chips) 
Seat 5: MaikonAll ($101.50 in chips) 
BenCampbel10: posts small blind $0.50
MaikonAll: posts big blind $1
*** HOLE CARDS ***
BoyLoc0: raises $1.50 to $2.50
BenCampbel10: folds 
MaikonAll: folds 
Uncalled bet ($1.50) returned to BoyLoc0
BoyLoc0 collected $2.50 from pot
BoyLoc0: doesn't show hand 
*** SUMMARY ***
Total pot $2.50 | Rake $0 
Seat 1: BoyLoc0 (button) collected ($2.50)
Seat 4: BenCampbel10 (small blind) folded before Flop
Seat 5: MaikonAll (big blind) folded before Flop



PokerStars Hand #254190439572:  Hold'em No Limit ($0.50/$1.00 USD) - 2025/01/04 15:35:13 WET [2025/01/04 10:35:13 ET]
Table 'Anacreon II' 6-max Seat #4 is the button
Seat 1: BoyLoc0 ($130.49 in chips) 
Seat 4: BenCampbel10 ($100 in chips) 
Seat 5: MaikonAll ($100.50 in chips) 
MaikonAll: posts small blind $0.50
BoyLoc0: posts big blind $1
*** HOLE CARDS ***
BenCampbel10: folds 
MaikonAll: folds 
Uncalled bet ($0.50) returned to BoyLoc0
BoyLoc0 collected $1 from pot
BoyLoc0: doesn't show hand 
*** SUMMARY ***
Total pot $1 | Rake $0 
Seat 1: BoyLoc0 (big blind) collected ($1)
Seat 4: BenCampbel10 (button) folded before Flop (didn't bet)
Seat 5: MaikonAll (small blind) folded before Flop



PokerStars Hand #254190442001:  Hold'em No Limit ($0.50/$1.00 USD) - 2025/01/04 15:35:22 WET [2025/01/04 10:35:22 ET]
Table 'Anacreon II' 6-max Seat #5 is the button
Seat 1: BoyLoc0 ($130.99 in chips) 
Seat 4: BenCampbel10 ($100 in chips) 
Seat 5: MaikonAll ($100 in chips) 
BoyLoc0: posts small blind $0.50
BenCampbel10: posts big blind $1
*** HOLE CARDS ***
MaikonAll: raises $1.50 to $2.50
BoyLoc0: folds 
BenCampbel10: raises $9 to $11.50
MaikonAll: folds 
Uncalled bet ($9) returned to BenCampbel10
BenCampbel10 collected $5.50 from pot
*** SUMMARY ***
Total pot $5.50 | Rake $0 
Seat 1: BoyLoc0 (small blind) folded before Flop
Seat 4: BenCampbel10 (big blind) collected ($5.50)
Seat 5: MaikonAll (button) folded before Flop



PokerStars Hand #254190446469:  Hold'em No Limit ($0.50/$1.00 USD) - 2025/01/04 15:35:40 WET [2025/01/04 10:35:40 ET]
Table 'Anacreon II' 6-max Seat #1 is the button
Seat 1: BoyLoc0 ($130.49 in chips) 
Seat 4: BenCampbel10 ($103 in chips) 
Seat 5: MaikonAll ($100 in chips) 
BenCampbel10: posts small blind $0.50
MaikonAll: posts big blind $1
*** HOLE CARDS ***
BoyLoc0: folds 
BenCampbel10: folds 
Uncalled bet ($0.50) returned to MaikonAll
MaikonAll collected $1 from pot
MaikonAll: doesn't show hand 
*** SUMMARY ***
Total pot $1 | Rake $0 
Seat 1: BoyLoc0 (button) folded before Flop (didn't bet)
Seat 4: BenCampbel10 (small blind) folded before Flop
Seat 5: MaikonAll (big blind) collected ($1)



PokerStars Hand #254190448436:  Hold'em No Limit ($0.50/$1.00 USD) - 2025/01/04 15:35:47 WET [2025/01/04 10:35:47 ET]
Table 'Anacreon II' 6-max Seat #4 is the button
Seat 1: BoyLoc0 ($130.49 in chips) 
Seat 4: BenCampbel10 ($102.50 in chips) 
Seat 5: MaikonAll ($100.50 in chips) 
MaikonAll: posts small blind $0.50
BoyLoc0: posts big blind $1
*** HOLE CARDS ***
BenCampbel10: folds 
MaikonAll: folds 
Uncalled bet ($0.50) returned to BoyLoc0
BoyLoc0 collected $1 from pot
BoyLoc0: doesn't show hand 
*** SUMMARY ***
Total pot $1 | Rake $0 
Seat 1: BoyLoc0 (big blind) collected ($1)
Seat 4: BenCampbel10 (button) folded before Flop (didn't bet)
Seat 5: MaikonAll (small blind) folded before Flop



PokerStars Hand #254190451299:  Hold'em No Limit ($0.50/$1.00 USD) - 2025/01/04 15:35:59 WET [2025/01/04 10:35:59 ET]
Table 'Anacreon II' 6-max Seat #5 is the button
Seat 1: BoyLoc0 ($130.99 in chips) 
Seat 4: BenCampbel10 ($102.50 in chips) 
Seat 5: MaikonAll ($100 in chips) 
BoyLoc0: posts small blind $0.50
BenCampbel10: posts big blind $1
*** HOLE CARDS ***
MaikonAll: folds 
BoyLoc0: folds 
Uncalled bet ($0.50) returned to BenCampbel10
BenCampbel10 collected $1 from pot
BenCampbel10: doesn't show hand 
*** SUMMARY ***
Total pot $1 | Rake $0 
Seat 1: BoyLoc0 (small blind) folded before Flop
Seat 4: BenCampbel10 (big blind) collected ($1)
Seat 5: MaikonAll (button) folded before Flop (didn't bet)



PokerStars Hand #254190454162:  Hold'em No Limit ($0.50/$1.00 USD) - 2025/01/04 15:36:10 WET [2025/01/04 10:36:10 ET]
Table 'Anacreon II' 6-max Seat #1 is the button
Seat 1: BoyLoc0 ($130.49 in chips) 
Seat 4: BenCampbel10 ($103 in chips) 
Seat 5: MaikonAll ($100 in chips) 
BenCampbel10: posts small blind $0.50
MaikonAll: posts big blind $1
*** HOLE CARDS ***
BoyLoc0: raises $1.50 to $2.50
BenCampbel10: folds 
MaikonAll: folds 
Uncalled bet ($1.50) returned to BoyLoc0
BoyLoc0 collected $2.50 from pot
BoyLoc0: doesn't show hand 
*** SUMMARY ***
Total pot $2.50 | Rake $0 
Seat 1: BoyLoc0 (button) collected ($2.50)
Seat 4: BenCampbel10 (small blind) folded before Flop
Seat 5: MaikonAll (big blind) folded before Flop



PokerStars Hand #254190458849:  Hold'em No Limit ($0.50/$1.00 USD) - 2025/01/04 15:36:28 WET [2025/01/04 10:36:28 ET]
Table 'Anacreon II' 6-max Seat #4 is the button
Seat 1: BoyLoc0 ($131.99 in chips) 
Seat 4: BenCampbel10 ($102.50 in chips) 
Seat 5: MaikonAll ($100 in chips) 
MaikonAll: posts small blind $0.50
BoyLoc0: posts big blind $1
*** HOLE CARDS ***
BenCampbel10: raises $1 to $2
MaikonAll: raises $8 to $10
BoyLoc0: folds 
BenCampbel10: folds 
Uncalled bet ($8) returned to MaikonAll
MaikonAll collected $5 from pot
MaikonAll: doesn't show hand 
*** SUMMARY ***
Total pot $5 | Rake $0 
Seat 1: BoyLoc0 (big blind) folded before Flop
Seat 4: BenCampbel10 (button) folded before Flop
Seat 5: MaikonAll (small blind) collected ($5)



PokerStars Hand #254190463330:  Hold'em No Limit ($0.50/$1.00 USD) - 2025/01/04 15:36:45 WET [2025/01/04 10:36:45 ET]
Table 'Anacreon II' 6-max Seat #5 is the button
Seat 1: BoyLoc0 ($130.99 in chips) 
Seat 4: BenCampbel10 ($100.50 in chips) 
Seat 5: MaikonAll ($103 in chips) 
BoyLoc0: posts small blind $0.50
BenCampbel10: posts big blind $1
*** HOLE CARDS ***
MaikonAll: folds 
BoyLoc0: raises $2 to $3
MaikonAll leaves the table
BenCampbel10: raises $6 to $9
BoyLoc0: calls $6
*** FLOP *** [6d 2c 3h]
BoyLoc0: checks 
BenCampbel10: bets $8.55
BoyLoc0: calls $8.55
*** TURN *** [6d 2c 3h] [Ks]
BoyLoc0: checks 
BenCampbel10: bets $22.05
petergriffin713 joins the table at seat #6 
YeeesMan joins the table at seat #2 
bombatiq joins the table at seat #5 
blistein joins the table at seat #3 
BoyLoc0: folds 
Uncalled bet ($22.05) returned to BenCampbel10
BenCampbel10 collected $34.10 from pot
BenCampbel10: doesn't show hand 
*** SUMMARY ***
Total pot $35.10 | Rake $1 
Board [6d 2c 3h Ks]
Seat 1: BoyLoc0 (small blind) folded on the Turn
Seat 4: BenCampbel10 (big blind) collected ($34.10)
Seat 5: MaikonAll (button) folded before Flop (didn't bet)



PokerStars Hand #254190477391:  Hold'em No Limit ($0.50/$1.00 USD) - 2025/01/04 15:37:40 WET [2025/01/04 10:37:40 ET]
Table 'Anacreon II' 6-max Seat #1 is the button
Seat 2: YeeesMan ($100 in chips) is sitting out
Seat 3: blistein ($100 in chips) is sitting out
Seat 6: petergriffin713 ($80 in chips) is sitting out
Seat 1: BoyLoc0 ($113.44 in chips) 
Seat 4: BenCampbel10 ($117.05 in chips) 
Seat 5: bombatiq ($100 in chips) 
BenCampbel10: posts small blind $0.50
bombatiq: posts big blind $1
petergriffin713: sits out 
*** HOLE CARDS ***
BoyLoc0: raises $1.50 to $2.50
BenCampbel10: folds 
bombatiq: folds 
Uncalled bet ($1.50) returned to BoyLoc0
BoyLoc0 collected $2.50 from pot
BoyLoc0: doesn't show hand 
*** SUMMARY ***
Total pot $2.50 | Rake $0 
Seat 2: YeeesMan
Seat 3: blistein
Seat 6: petergriffin713
Seat 1: BoyLoc0 (button) collected ($2.50)
Seat 4: BenCampbel10 (small blind) folded before Flop
Seat 5: bombatiq (big blind) folded before Flop



PokerStars Hand #254190480029:  Hold'em No Limit ($0.50/$1.00 USD) - 2025/01/04 15:37:50 WET [2025/01/04 10:37:50 ET]
Table 'Anacreon II' 6-max Seat #4 is the button
Seat 2: YeeesMan ($100 in chips) is sitting out
Seat 3: blistein ($100 in chips) is sitting out
Seat 1: BoyLoc0 ($114.94 in chips) 
Seat 4: BenCampbel10 ($116.55 in chips) 
Seat 5: bombatiq ($100 in chips) 
Seat 6: petergriffin713 ($80 in chips) 
bombatiq: posts small blind $0.50
petergriffin713: posts big blind $1
YeeesMan: sits out 
blistein: sits out 
*** HOLE CARDS ***
BoyLoc0: folds 
BenCampbel10: raises $1 to $2
bombatiq: folds 
petergriffin713: calls $1
*** FLOP *** [Qc 3s As]
petergriffin713: checks 
BenCampbel10: bets $1.10
petergriffin713: folds 
Uncalled bet ($1.10) returned to BenCampbel10
BenCampbel10 collected $4.28 from pot
BenCampbel10: doesn't show hand 
*** SUMMARY ***
Total pot $4.50 | Rake $0.22 
Board [Qc 3s As]
Seat 2: YeeesMan
Seat 3: blistein
Seat 1: BoyLoc0 folded before Flop (didn't bet)
Seat 4: BenCampbel10 (button) collected ($4.28)
Seat 5: bombatiq (small blind) folded before Flop
Seat 6: petergriffin713 (big blind) folded on the Flop



PokerStars Hand #254190488256:  Hold'em No Limit ($0.50/$1.00 USD) - 2025/01/04 15:38:22 WET [2025/01/04 10:38:22 ET]
Table 'Anacreon II' 6-max Seat #5 is the button
Seat 2: YeeesMan ($100 in chips) is sitting out
Seat 3: blistein ($100 in chips) is sitting out
Seat 1: BoyLoc0 ($114.94 in chips) 
Seat 4: BenCampbel10 ($118.83 in chips) 
Seat 5: bombatiq ($100 in chips) 
Seat 6: petergriffin713 ($78 in chips) 
petergriffin713: posts small blind $0.50
BoyLoc0: posts big blind $1
YeeesMan: sits out 
blistein: sits out 
*** HOLE CARDS ***
BenCampbel10: folds 
bombatiq: raises $1.50 to $2.50
petergriffin713: folds 
BoyLoc0: raises $10.50 to $13
bombatiq: folds 
Uncalled bet ($10.50) returned to BoyLoc0
BoyLoc0 collected $5.50 from pot
BoyLoc0: doesn't show hand 
*** SUMMARY ***
Total pot $5.50 | Rake $0 
Seat 2: YeeesMan
Seat 3: blistein
Seat 1: BoyLoc0 (big blind) collected ($5.50)
Seat 4: BenCampbel10 folded before Flop (didn't bet)
Seat 5: bombatiq (button) folded before Flop
Seat 6: petergriffin713 (small blind) folded before Flop



PokerStars Hand #254190493162:  Hold'em No Limit ($0.50/$1.00 USD) - 2025/01/04 15:38:41 WET [2025/01/04 10:38:41 ET]
Table 'Anacreon II' 6-max Seat #6 is the button
Seat 3: blistein ($100 in chips) is sitting out
Seat 1: BoyLoc0 ($117.94 in chips) 
Seat 2: YeeesMan ($100 in chips) 
Seat 4: BenCampbel10 ($118.83 in chips) 
Seat 5: bombatiq ($100 in chips) 
Seat 6: petergriffin713 ($77.50 in chips) 
BoyLoc0: posts small blind $0.50
YeeesMan: posts big blind $1
blistein: sits out 
*** HOLE CARDS ***
BenCampbel10: folds 
bombatiq: folds 
petergriffin713: raises $1 to $2
BoyLoc0: raises $8 to $10
YeeesMan: folds 
petergriffin713: calls $8
*** FLOP *** [2h Jd 5d]
BoyLoc0: bets $14.96
petergriffin713: folds 
Uncalled bet ($14.96) returned to BoyLoc0
BoyLoc0 collected $19.95 from pot
BoyLoc0: doesn't show hand 
*** SUMMARY ***
Total pot $21 | Rake $1.05 
Board [2h Jd 5d]
Seat 3: blistein
Seat 1: BoyLoc0 (small blind) collected ($19.95)
Seat 2: YeeesMan (big blind) folded before Flop
Seat 4: BenCampbel10 folded before Flop (didn't bet)
Seat 5: bombatiq folded before Flop (didn't bet)
Seat 6: petergriffin713 (button) folded on the Flop



PokerStars Hand #254190505041:  Hold'em No Limit ($0.50/$1.00 USD) - 2025/01/04 15:39:26 WET [2025/01/04 10:39:26 ET]
Table 'Anacreon II' 6-max Seat #1 is the button
Seat 1: BoyLoc0 ($127.89 in chips) 
Seat 2: YeeesMan ($100 in chips) 
Seat 3: blistein ($100 in chips) 
Seat 4: BenCampbel10 ($118.83 in chips) 
Seat 5: bombatiq ($100 in chips) 
Seat 6: petergriffin713 ($67.50 in chips) 
YeeesMan: posts small blind $0.50
blistein: posts big blind $1
*** HOLE CARDS ***
BenCampbel10: folds 
bombatiq: folds 
petergriffin713: calls $1
BoyLoc0: folds 
YeeesMan: raises $4 to $5
blistein: folds 
petergriffin713: calls $4
*** FLOP *** [Jc 3h 7h]
YeeesMan: bets $3.45
petergriffin713: calls $3.45
*** TURN *** [Jc 3h 7h] [As]
YeeesMan: bets $12.75
petergriffin713: folds 
Uncalled bet ($12.75) returned to YeeesMan
YeeesMan collected $17 from pot
YeeesMan: doesn't show hand 
*** SUMMARY ***
Total pot $17.90 | Rake $0.90 
Board [Jc 3h 7h As]
Seat 1: BoyLoc0 (button) folded before Flop (didn't bet)
Seat 2: YeeesMan (small blind) collected ($17)
Seat 3: blistein (big blind) folded before Flop
Seat 4: BenCampbel10 folded before Flop (didn't bet)
Seat 5: bombatiq folded before Flop (didn't bet)
Seat 6: petergriffin713 folded on the Turn



PokerStars Hand #254190518300:  Hold'em No Limit ($0.50/$1.00 USD) - 2025/01/04 15:40:17 WET [2025/01/04 10:40:17 ET]
Table 'Anacreon II' 6-max Seat #2 is the button
Seat 4: BenCampbel10 ($118.83 in chips) is sitting out
Seat 1: BoyLoc0 ($127.89 in chips) 
Seat 2: YeeesMan ($108.55 in chips) 
Seat 3: blistein ($100 in chips) 
Seat 5: bombatiq ($100 in chips) 
Seat 6: petergriffin713 ($59.05 in chips) 
blistein: posts small blind $0.50
BenCampbel10: is sitting out 
bombatiq: posts big blind $1
*** HOLE CARDS ***
petergriffin713: folds 
BoyLoc0: folds 
YeeesMan: folds 
BenCampbel10 leaves the table
blistein: raises $2 to $3
shave_mustache joins the table at seat #4 
bombatiq: raises $7 to $10
blistein: folds 
Uncalled bet ($7) returned to bombatiq
bombatiq collected $6 from pot
bombatiq: doesn't show hand 
*** SUMMARY ***
Total pot $6 | Rake $0 
Seat 4: BenCampbel10
Seat 1: BoyLoc0 folded before Flop (didn't bet)
Seat 2: YeeesMan (button) folded before Flop (didn't bet)
Seat 3: blistein (small blind) folded before Flop
Seat 5: bombatiq (big blind) collected ($6)
Seat 6: petergriffin713 folded before Flop (didn't bet)



PokerStars Hand #254190524811:  Hold'em No Limit ($0.50/$1.00 USD) - 2025/01/04 15:40:43 WET [2025/01/04 10:40:43 ET]
Table 'Anacreon II' 6-max Seat #3 is the button
Seat 4: shave_mustache ($100 in chips) is sitting out
Seat 1: BoyLoc0 ($127.89 in chips) 
Seat 2: YeeesMan ($108.55 in chips) 
Seat 3: blistein ($100 in chips) 
Seat 5: bombatiq ($103 in chips) 
Seat 6: petergriffin713 ($59.05 in chips) 
bombatiq: posts small blind $0.50
petergriffin713: posts big blind $1
*** HOLE CARDS ***
BoyLoc0: raises $1.50 to $2.50
YeeesMan: folds 
blistein: raises $5 to $7.50
bombatiq: folds 
petergriffin713: folds 
BoyLoc0: calls $5
*** FLOP *** [4c 4h 9d]
BoyLoc0: checks 
blistein: checks 
*** TURN *** [4c 4h 9d] [7d]
BoyLoc0: bets $20
blistein: calls $20
*** RIVER *** [4c 4h 9d 7d] [9s]
BoyLoc0: checks 
blistein: checks 
*** SHOW DOWN ***
BoyLoc0: shows [8c 8d] (two pair, Nines and Eights)
blistein: shows [Th Tc] (two pair, Tens and Nines)
blistein collected $54 from pot
*** SUMMARY ***
Total pot $56.50 | Rake $2.50 
Board [4c 4h 9d 7d 9s]
Seat 4: shave_mustache
Seat 1: BoyLoc0 showed [8c 8d] and lost with two pair, Nines and Eights
Seat 2: YeeesMan folded before Flop (didn't bet)
Seat 3: blistein (button) showed [Th Tc] and won ($54) with two pair, Tens and Nines
Seat 5: bombatiq (small blind) folded before Flop
Seat 6: petergriffin713 (big blind) folded before Flop



PokerStars Hand #254190547801:  Hold'em No Limit ($0.50/$1.00 USD) - 2025/01/04 15:42:11 WET [2025/01/04 10:42:11 ET]
Table 'Anacreon II' 6-max Seat #5 is the button
Seat 1: BoyLoc0 ($100.39 in chips) is sitting out
Seat 4: shave_mustache ($100 in chips) is sitting out
Seat 2: YeeesMan ($108.55 in chips) 
Seat 3: blistein ($126.50 in chips) 
Seat 5: bombatiq ($102.50 in chips) 
Seat 6: petergriffin713 ($58.05 in chips) 
petergriffin713: posts small blind $0.50
BoyLoc0: is sitting out 
YeeesMan: posts big blind $1
shave_mustache: sits out 
*** HOLE CARDS ***
blistein: folds 
BoyLoc0 leaves the table
bombatiq: folds 
petergriffin713: calls $0.50
mr.Jckpot joins the table at seat #1 
YeeesMan: checks 
*** FLOP *** [7c Ac 5h]
petergriffin713: bets $2
YeeesMan: folds 
Uncalled bet ($2) returned to petergriffin713
petergriffin713 collected $1.90 from pot
petergriffin713: doesn't show hand 
*** SUMMARY ***
Total pot $2 | Rake $0.10 
Board [7c Ac 5h]
Seat 1: BoyLoc0
Seat 4: shave_mustache
Seat 2: YeeesMan (big blind) folded on the Flop
Seat 3: blistein folded before Flop (didn't bet)
Seat 5: bombatiq (button) folded before Flop (didn't bet)
Seat 6: petergriffin713 (small blind) collected ($1.90)



PokerStars Hand #254190554816:  Hold'em No Limit ($0.50/$1.00 USD) - 2025/01/04 15:42:38 WET [2025/01/04 10:42:38 ET]
Table 'Anacreon II' 6-max Seat #6 is the button
Seat 1: mr.Jckpot ($100 in chips) is sitting out
Seat 4: shave_mustache ($100 in chips) is sitting out
Seat 2: YeeesMan ($107.55 in chips) 
Seat 3: blistein ($126.50 in chips) 
Seat 5: bombatiq ($102.50 in chips) 
Seat 6: petergriffin713 ($58.95 in chips) 
YeeesMan: posts small blind $0.50
blistein: posts big blind $1
shave_mustache: sits out 
*** HOLE CARDS ***
bombatiq: raises $1.50 to $2.50
petergriffin713: calls $2.50
YeeesMan: folds 
blistein: folds 
*** FLOP *** [9h 7s Tc]
bombatiq: bets $3.09
petergriffin713: raises $4.09 to $7.18
bombatiq: calls $4.09
*** TURN *** [9h 7s Tc] [Qc]
bombatiq: checks 
petergriffin713: bets $8
bombatiq: calls $8
*** RIVER *** [9h 7s Tc Qc] [7h]
bombatiq: checks 
petergriffin713: bets $17.93
bombatiq: calls $17.93
*** SHOW DOWN ***
petergriffin713: shows [2s As] (a pair of Sevens)
bombatiq: shows [Ac Th] (two pair, Tens and Sevens)
bombatiq collected $71.72 from pot
*** SUMMARY ***
Total pot $72.72 | Rake $1 
Board [9h 7s Tc Qc 7h]
Seat 1: mr.Jckpot
Seat 4: shave_mustache
Seat 2: YeeesMan (small blind) folded before Flop
Seat 3: blistein (big blind) folded before Flop
Seat 5: bombatiq showed [Ac Th] and won ($71.72) with two pair, Tens and Sevens
Seat 6: petergriffin713 (button) showed [2s As] and lost with a pair of Sevens



PokerStars Hand #254190574701:  Hold'em No Limit ($0.50/$1.00 USD) - 2025/01/04 15:43:55 WET [2025/01/04 10:43:55 ET]
Table 'Anacreon II' 6-max Seat #2 is the button
Seat 1: mr.Jckpot ($100 in chips) is sitting out
Seat 2: YeeesMan ($107.05 in chips) 
Seat 3: blistein ($125.50 in chips) 
Seat 4: shave_mustache ($100 in chips) 
Seat 5: bombatiq ($138.61 in chips) 
Seat 6: petergriffin713 ($23.34 in chips) 
blistein: posts small blind $0.50
shave_mustache: posts big blind $1
mr.Jckpot: sits out 
*** HOLE CARDS ***
bombatiq: folds 
petergriffin713: raises $22.34 to $23.34 and is all-in
YeeesMan: folds 
blistein: folds 
shave_mustache: folds 
Uncalled bet ($22.34) returned to petergriffin713
petergriffin713 collected $2.50 from pot
petergriffin713: doesn't show hand 
*** SUMMARY ***
Total pot $2.50 | Rake $0 
Seat 1: mr.Jckpot
Seat 2: YeeesMan (button) folded before Flop (didn't bet)
Seat 3: blistein (small blind) folded before Flop
Seat 4: shave_mustache (big blind) folded before Flop
Seat 5: bombatiq folded before Flop (didn't bet)
Seat 6: petergriffin713 collected ($2.50)



PokerStars Hand #254190579159:  Hold'em No Limit ($0.50/$1.00 USD) - 2025/01/04 15:44:12 WET [2025/01/04 10:44:12 ET]
Table 'Anacreon II' 6-max Seat #3 is the button
Seat 1: mr.Jckpot ($100 in chips) is sitting out
Seat 2: YeeesMan ($107.05 in chips) 
Seat 3: blistein ($125 in chips) 
Seat 4: shave_mustache ($100 in chips) 
Seat 5: bombatiq ($138.61 in chips) 
Seat 6: petergriffin713 ($24.84 in chips) 
shave_mustache: posts small blind $0.50
bombatiq: posts big blind $1
mr.Jckpot: sits out 
*** HOLE CARDS ***
petergriffin713: folds 
YeeesMan: folds 
blistein: raises $1.50 to $2.50
shave_mustache: folds 
bombatiq: folds 
Uncalled bet ($1.50) returned to blistein
blistein collected $2.50 from pot
blistein: doesn't show hand 
*** SUMMARY ***
Total pot $2.50 | Rake $0 
Seat 1: mr.Jckpot
Seat 2: YeeesMan folded before Flop (didn't bet)
Seat 3: blistein (button) collected ($2.50)
Seat 4: shave_mustache (small blind) folded before Flop
Seat 5: bombatiq (big blind) folded before Flop
Seat 6: petergriffin713 folded before Flop (didn't bet)



PokerStars Hand #254190585307:  Hold'em No Limit ($0.50/$1.00 USD) - 2025/01/04 15:44:36 WET [2025/01/04 10:44:36 ET]
Table 'Anacreon II' 6-max Seat #4 is the button
Seat 1: mr.Jckpot ($100 in chips) is sitting out
Seat 2: YeeesMan ($107.05 in chips) 
Seat 3: blistein ($126.50 in chips) 
Seat 4: shave_mustache ($100 in chips) 
Seat 5: bombatiq ($137.61 in chips) 
Seat 6: petergriffin713 ($24.84 in chips) 
bombatiq: posts small blind $0.50
petergriffin713: posts big blind $1
mr.Jckpot: sits out 
*** HOLE CARDS ***
YeeesMan: folds 
blistein: folds 
shave_mustache: folds 
bombatiq: raises $2 to $3
petergriffin713: calls $2
*** FLOP *** [7s Ks Td]
bombatiq: bets $1.43
petergriffin713: folds 
Uncalled bet ($1.43) returned to bombatiq
bombatiq collected $5.70 from pot
bombatiq: doesn't show hand 
*** SUMMARY ***
Total pot $6 | Rake $0.30 
Board [7s Ks Td]
Seat 1: mr.Jckpot
Seat 2: YeeesMan folded before Flop (didn't bet)
Seat 3: blistein folded before Flop (didn't bet)
Seat 4: shave_mustache (button) folded before Flop (didn't bet)
Seat 5: bombatiq (small blind) collected ($5.70)
Seat 6: petergriffin713 (big blind) folded on the Flop



PokerStars Hand #254190591642:  Hold'em No Limit ($0.50/$1.00 USD) - 2025/01/04 15:45:00 WET [2025/01/04 10:45:00 ET]
Table 'Anacreon II' 6-max Seat #5 is the button
Seat 4: shave_mustache ($100 in chips) is sitting out
Seat 1: mr.Jckpot ($100 in chips) 
Seat 2: YeeesMan ($107.05 in chips) 
Seat 3: blistein ($126.50 in chips) 
Seat 5: bombatiq ($140.31 in chips) 
Seat 6: petergriffin713 ($21.84 in chips) 
petergriffin713: posts small blind $0.50
mr.Jckpot: posts big blind $1
*** HOLE CARDS ***
YeeesMan: folds 
blistein: raises $1.30 to $2.30
bombatiq: folds 
petergriffin713: folds 
mr.Jckpot: folds 
Uncalled bet ($1.30) returned to blistein
petergriffin713 leaves the table
blistein collected $2.50 from pot
blistein: doesn't show hand 
*** SUMMARY ***
Total pot $2.50 | Rake $0 
Seat 4: shave_mustache
Seat 1: mr.Jckpot (big blind) folded before Flop
Seat 2: YeeesMan folded before Flop (didn't bet)
Seat 3: blistein collected ($2.50)
Seat 5: bombatiq (button) folded before Flop (didn't bet)
Seat 6: petergriffin713 (small blind) folded before Flop



PokerStars Hand #254190597123:  Hold'em No Limit ($0.50/$1.00 USD) - 2025/01/04 15:45:21 WET [2025/01/04 10:45:21 ET]
Table 'Anacreon II' 6-max Seat #1 is the button
Seat 4: shave_mustache ($100 in chips) is sitting out
Seat 1: mr.Jckpot ($100 in chips) 
Seat 2: YeeesMan ($107.05 in chips) 
Seat 3: blistein ($128 in chips) 
Seat 5: bombatiq ($140.31 in chips) 
YeeesMan: posts small blind $0.50
blistein: posts big blind $1
*** HOLE CARDS ***
bombatiq: folds 
mr.Jckpot: folds 
YeeesMan: raises $2 to $3
blistein: folds 
Uncalled bet ($2) returned to YeeesMan
YeeesMan collected $2 from pot
YeeesMan: doesn't show hand 
*** SUMMARY ***
Total pot $2 | Rake $0 
Seat 4: shave_mustache
Seat 1: mr.Jckpot (button) folded before Flop (didn't bet)
Seat 2: YeeesMan (small blind) collected ($2)
Seat 3: blistein (big blind) folded before Flop
Seat 5: bombatiq folded before Flop (didn't bet)



PokerStars Hand #254190600128:  Hold'em No Limit ($0.50/$1.00 USD) - 2025/01/04 15:45:32 WET [2025/01/04 10:45:32 ET]
Table 'Anacreon II' 6-max Seat #2 is the button
Seat 4: shave_mustache ($100 in chips) is sitting out
Seat 5: bombatiq ($140.31 in chips) is sitting out
Seat 1: mr.Jckpot ($100 in chips) 
Seat 2: YeeesMan ($108.05 in chips) 
Seat 3: blistein ($127 in chips) 
blistein: posts small blind $0.50
bombatiq: is sitting out 
mr.Jckpot: posts big blind $1
*** HOLE CARDS ***
bombatiq leaves the table
YeeesMan: raises $1.50 to $2.50
blistein: folds 
mr.Jckpot: folds 
Uncalled bet ($1.50) returned to YeeesMan
YeeesMan collected $2.50 from pot
YeeesMan: doesn't show hand 
*** SUMMARY ***
Total pot $2.50 | Rake $0 
Seat 4: shave_mustache
Seat 5: bombatiq
Seat 1: mr.Jckpot (big blind) folded before Flop
Seat 2: YeeesMan (button) collected ($2.50)
Seat 3: blistein (small blind) folded before Flop



