PokerStars Hand #254202619944:  Hold'em No Limit ($0.50/$1.00 USD) - 2025/01/04 3:05:25 WET [2025/01/04 22:05:25 ET]
Table 'Williams' 6-max Seat #4 is the button
Seat 2: MaRKiToScoK ($100.93 in chips) 
Seat 3: Pedi4tan ($30.68 in chips) 
Seat 4: 50CandyJoe ($102.20 in chips) 
Seat 5: avlee1 ($104.81 in chips) 
avlee1: posts small blind $0.50
MaRKiToScoK: posts big blind $1
*** HOLE CARDS ***
Pedi4tan: folds 
50CandyJoe: folds 
avlee1: folds 
Uncalled bet ($0.50) returned to MaRKiToScoK
MaRKiToScoK collected $1 from pot
*** SUMMARY ***
Total pot $1 | Rake $0 
Seat 2: MaRKiToScoK (big blind) collected ($1)
Seat 3: Pedi4tan folded before Flop (didn't bet)
Seat 4: 50CandyJoe (button) folded before Flop (didn't bet)
Seat 5: avlee1 (small blind) folded before Flop



PokerStars Hand #254202623144:  Hold'em No Limit ($0.50/$1.00 USD) - 2025/01/04 3:05:45 WET [2025/01/04 22:05:45 ET]
Table 'Williams' 6-max Seat #5 is the button
Seat 2: MaRKiToScoK ($101.43 in chips) 
Seat 3: Pedi4tan ($30.68 in chips) 
Seat 4: 50CandyJoe ($102.20 in chips) 
Seat 5: avlee1 ($104.31 in chips) 
MaRKiToScoK: posts small blind $0.50
Pedi4tan: posts big blind $1
*** HOLE CARDS ***
50CandyJoe: raises $1.20 to $2.20
avlee1: folds 
MaRKiToScoK: folds 
Pedi4tan: folds 
Uncalled bet ($1.20) returned to 50CandyJoe
50CandyJoe collected $2.50 from pot
50CandyJoe: doesn't show hand 
*** SUMMARY ***
Total pot $2.50 | Rake $0 
Seat 2: MaRKiToScoK (small blind) folded before Flop
Seat 3: Pedi4tan (big blind) folded before Flop
Seat 4: 50CandyJoe collected ($2.50)
Seat 5: avlee1 (button) folded before Flop (didn't bet)



PokerStars Hand #254202624788:  Hold'em No Limit ($0.50/$1.00 USD) - 2025/01/04 3:05:55 WET [2025/01/04 22:05:55 ET]
Table 'Williams' 6-max Seat #2 is the button
Seat 2: MaRKiToScoK ($100.93 in chips) 
Seat 3: Pedi4tan ($29.68 in chips) 
Seat 4: 50CandyJoe ($103.70 in chips) 
Seat 5: avlee1 ($104.31 in chips) 
Pedi4tan: posts small blind $0.50
50CandyJoe: posts big blind $1
*** HOLE CARDS ***
avlee1: raises $1.50 to $2.50
MaRKiToScoK: folds 
Pedi4tan: calls $2
50CandyJoe: calls $1.50
*** FLOP *** [Tc 2h 8d]
Pedi4tan: checks 
50CandyJoe: checks 
avlee1: bets $1.99
Pedi4tan: calls $1.99
50CandyJoe: calls $1.99
*** TURN *** [Tc 2h 8d] [7h]
Pedi4tan: checks 
50CandyJoe: checks 
MaRKiToScoK leaves the table
avlee1: bets $8.45
Pedi4tan: calls $8.45
50CandyJoe: folds 
*** RIVER *** [Tc 2h 8d 7h] [5s]
Pedi4tan: checks 
avlee1: bets $19.38
Pedi4tan: folds 
Uncalled bet ($19.38) returned to avlee1
avlee1 collected $29.37 from pot
avlee1: doesn't show hand 
*** SUMMARY ***
Total pot $30.37 | Rake $1 
Board [Tc 2h 8d 7h 5s]
Seat 2: MaRKiToScoK (button) folded before Flop (didn't bet)
Seat 3: Pedi4tan (small blind) folded on the River
Seat 4: 50CandyJoe (big blind) folded on the Turn
Seat 5: avlee1 collected ($29.37)



PokerStars Hand #254202635449:  Hold'em No Limit ($0.50/$1.00 USD) - 2025/01/04 3:07:03 WET [2025/01/04 22:07:03 ET]
Table 'Williams' 6-max Seat #3 is the button
Seat 3: Pedi4tan ($16.74 in chips) 
Seat 4: 50CandyJoe ($100 in chips) 
Seat 5: avlee1 ($120.74 in chips) 
50CandyJoe: posts small blind $0.50
avlee1: posts big blind $1
*** HOLE CARDS ***
Pedi4tan: folds 
50CandyJoe: raises $1.50 to $2.50
avlee1: calls $1.50
*** FLOP *** [9s 8s Qc]
50CandyJoe: bets $1.57
avlee1: folds 
Uncalled bet ($1.57) returned to 50CandyJoe
50CandyJoe collected $4.75 from pot
50CandyJoe: doesn't show hand 
*** SUMMARY ***
Total pot $5 | Rake $0.25 
Board [9s 8s Qc]
Seat 3: Pedi4tan (button) folded before Flop (didn't bet)
Seat 4: 50CandyJoe (small blind) collected ($4.75)
Seat 5: avlee1 (big blind) folded on the Flop



PokerStars Hand #254202640393:  Hold'em No Limit ($0.50/$1.00 USD) - 2025/01/04 3:07:35 WET [2025/01/04 22:07:35 ET]
Table 'Williams' 6-max Seat #4 is the button
Seat 3: Pedi4tan ($16.74 in chips) 
Seat 4: 50CandyJoe ($102.25 in chips) 
Seat 5: avlee1 ($118.24 in chips) 
avlee1: posts small blind $0.50
Pedi4tan: posts big blind $1
*** HOLE CARDS ***
50CandyJoe: raises $1.50 to $2.50
avlee1: folds 
Pedi4tan: calls $1.50
*** FLOP *** [9h 5d 3c]
Pedi4tan: bets $3
50CandyJoe: raises $3 to $6
Pedi4tan: calls $3
*** TURN *** [9h 5d 3c] [2c]
Pedi4tan: bets $8.24 and is all-in
50CandyJoe: calls $8.24
*** RIVER *** [9h 5d 3c 2c] [5s]
*** SHOW DOWN ***
Pedi4tan: shows [Kd 9d] (two pair, Nines and Fives)
50CandyJoe: shows [9s Th] (two pair, Nines and Fives - lower kicker)
Pedi4tan cashed out the hand for $30.13 | Cash Out Fee $0.61
*** SUMMARY ***
Total pot $33.98 | Rake $1 
Board [9h 5d 3c 2c 5s]
Seat 3: Pedi4tan (big blind) showed [Kd 9d] and won ($32.98) with two pair, Nines and Fives (pot not awarded as player cashed out)
Seat 4: 50CandyJoe (button) showed [9s Th] and lost with two pair, Nines and Fives
Seat 5: avlee1 (small blind) folded before Flop



PokerStars Hand #254202645334:  Hold'em No Limit ($0.50/$1.00 USD) - 2025/01/04 3:08:07 WET [2025/01/04 22:08:07 ET]
Table 'Williams' 6-max Seat #5 is the button
Seat 3: Pedi4tan ($30.13 in chips) 
Seat 4: 50CandyJoe ($100 in chips) 
Seat 5: avlee1 ($117.74 in chips) 
Pedi4tan: posts small blind $0.50
50CandyJoe: posts big blind $1
*** HOLE CARDS ***
avlee1: raises $1.50 to $2.50
Pedi4tan: calls $2
50CandyJoe: raises $11 to $13.50
avlee1: folds 
Pedi4tan: folds 
Uncalled bet ($11) returned to 50CandyJoe
50CandyJoe collected $7.50 from pot
50CandyJoe: doesn't show hand 
*** SUMMARY ***
Total pot $7.50 | Rake $0 
Seat 3: Pedi4tan (small blind) folded before Flop
Seat 4: 50CandyJoe (big blind) collected ($7.50)
Seat 5: avlee1 (button) folded before Flop



PokerStars Hand #254202649650:  Hold'em No Limit ($0.50/$1.00 USD) - 2025/01/04 3:08:35 WET [2025/01/04 22:08:35 ET]
Table 'Williams' 6-max Seat #3 is the button
Seat 3: Pedi4tan ($27.63 in chips) 
Seat 4: 50CandyJoe ($105 in chips) 
Seat 5: avlee1 ($115.24 in chips) 
50CandyJoe: posts small blind $0.50
avlee1: posts big blind $1
*** HOLE CARDS ***
Pedi4tan: folds 
Dantepoke226 joins the table at seat #6 
50CandyJoe: folds 
Uncalled bet ($0.50) returned to avlee1
avlee1 collected $1 from pot
avlee1: doesn't show hand 
*** SUMMARY ***
Total pot $1 | Rake $0 
Seat 3: Pedi4tan (button) folded before Flop (didn't bet)
Seat 4: 50CandyJoe (small blind) folded before Flop
Seat 5: avlee1 (big blind) collected ($1)



PokerStars Hand #254202651627:  Hold'em No Limit ($0.50/$1.00 USD) - 2025/01/04 3:08:47 WET [2025/01/04 22:08:47 ET]
Table 'Williams' 6-max Seat #4 is the button
Seat 3: Pedi4tan ($27.63 in chips) 
Seat 4: 50CandyJoe ($104.50 in chips) 
Seat 5: avlee1 ($115.74 in chips) 
Seat 6: Dantepoke226 ($100 in chips) 
avlee1: posts small blind $0.50
Dantepoke226: posts big blind $1
*** HOLE CARDS ***
Pedi4tan: folds 
50CandyJoe: folds 
avlee1: raises $2 to $3
Dantepoke226: folds 
Uncalled bet ($2) returned to avlee1
avlee1 collected $2 from pot
avlee1: doesn't show hand 
*** SUMMARY ***
Total pot $2 | Rake $0 
Seat 3: Pedi4tan folded before Flop (didn't bet)
Seat 4: 50CandyJoe (button) folded before Flop (didn't bet)
Seat 5: avlee1 (small blind) collected ($2)
Seat 6: Dantepoke226 (big blind) folded before Flop



PokerStars Hand #254202653942:  Hold'em No Limit ($0.50/$1.00 USD) - 2025/01/04 3:09:03 WET [2025/01/04 22:09:03 ET]
Table 'Williams' 6-max Seat #5 is the button
Seat 3: Pedi4tan ($27.63 in chips) 
Seat 4: 50CandyJoe ($104.50 in chips) 
Seat 5: avlee1 ($116.74 in chips) 
Seat 6: Dantepoke226 ($100 in chips) 
Dantepoke226: posts small blind $0.50
Pedi4tan: posts big blind $1
*** HOLE CARDS ***
50CandyJoe: folds 
avlee1: folds 
Dantepoke226: folds 
Uncalled bet ($0.50) returned to Pedi4tan
Pedi4tan collected $1 from pot
Pedi4tan: doesn't show hand 
*** SUMMARY ***
Total pot $1 | Rake $0 
Seat 3: Pedi4tan (big blind) collected ($1)
Seat 4: 50CandyJoe folded before Flop (didn't bet)
Seat 5: avlee1 (button) folded before Flop (didn't bet)
Seat 6: Dantepoke226 (small blind) folded before Flop



PokerStars Hand #254202656958:  Hold'em No Limit ($0.50/$1.00 USD) - 2025/01/04 3:09:22 WET [2025/01/04 22:09:22 ET]
Table 'Williams' 6-max Seat #6 is the button
Seat 3: Pedi4tan ($28.13 in chips) 
Seat 4: 50CandyJoe ($104.50 in chips) 
Seat 5: avlee1 ($116.74 in chips) 
Seat 6: Dantepoke226 ($100 in chips) 
Pedi4tan: posts small blind $0.50
50CandyJoe: posts big blind $1
*** HOLE CARDS ***
avlee1: folds 
Dantepoke226: raises $1.50 to $2.50
Pedi4tan: calls $2
50CandyJoe: folds 
*** FLOP *** [Ad 4h 2h]
Pedi4tan: bets $2.85
Dantepoke226: folds 
Uncalled bet ($2.85) returned to Pedi4tan
Pedi4tan collected $5.70 from pot
Pedi4tan: doesn't show hand 
*** SUMMARY ***
Total pot $6 | Rake $0.30 
Board [Ad 4h 2h]
Seat 3: Pedi4tan (small blind) collected ($5.70)
Seat 4: 50CandyJoe (big blind) folded before Flop
Seat 5: avlee1 folded before Flop (didn't bet)
Seat 6: Dantepoke226 (button) folded on the Flop



PokerStars Hand #254202663187:  Hold'em No Limit ($0.50/$1.00 USD) - 2025/01/04 3:10:02 WET [2025/01/04 22:10:02 ET]
Table 'Williams' 6-max Seat #3 is the button
Seat 3: Pedi4tan ($31.33 in chips) 
Seat 4: 50CandyJoe ($103.50 in chips) 
Seat 5: avlee1 ($116.74 in chips) 
Seat 6: Dantepoke226 ($100 in chips) 
50CandyJoe: posts small blind $0.50
avlee1: posts big blind $1
*** HOLE CARDS ***
MaRKiToScoK joins the table at seat #1 
Dantepoke226: folds 
Pedi4tan: folds 
50CandyJoe: raises $1.50 to $2.50
avlee1: folds 
Uncalled bet ($1.50) returned to 50CandyJoe
50CandyJoe collected $2 from pot
50CandyJoe: doesn't show hand 
*** SUMMARY ***
Total pot $2 | Rake $0 
Seat 3: Pedi4tan (button) folded before Flop (didn't bet)
Seat 4: 50CandyJoe (small blind) collected ($2)
Seat 5: avlee1 (big blind) folded before Flop
Seat 6: Dantepoke226 folded before Flop (didn't bet)



PokerStars Hand #254202665154:  Hold'em No Limit ($0.50/$1.00 USD) - 2025/01/04 3:10:15 WET [2025/01/04 22:10:15 ET]
Table 'Williams' 6-max Seat #4 is the button
Seat 1: MaRKiToScoK ($100.93 in chips) is sitting out
Seat 3: Pedi4tan ($31.33 in chips) 
Seat 4: 50CandyJoe ($104.50 in chips) 
Seat 5: avlee1 ($115.74 in chips) 
Seat 6: Dantepoke226 ($100 in chips) 
avlee1: posts small blind $0.50
Dantepoke226: posts big blind $1
MaRKiToScoK: sits out 
*** HOLE CARDS ***
Pedi4tan: raises $1 to $2
50CandyJoe: folds 
avlee1: folds 
Dantepoke226: raises $13 to $15
Pedi4tan: folds 
Uncalled bet ($13) returned to Dantepoke226
Dantepoke226 collected $4.50 from pot
Dantepoke226: doesn't show hand 
*** SUMMARY ***
Total pot $4.50 | Rake $0 
Seat 1: MaRKiToScoK
Seat 3: Pedi4tan folded before Flop
Seat 4: 50CandyJoe (button) folded before Flop (didn't bet)
Seat 5: avlee1 (small blind) folded before Flop
Seat 6: Dantepoke226 (big blind) collected ($4.50)



PokerStars Hand #254202669011:  Hold'em No Limit ($0.50/$1.00 USD) - 2025/01/04 3:10:40 WET [2025/01/04 22:10:40 ET]
Table 'Williams' 6-max Seat #5 is the button
Seat 1: MaRKiToScoK ($100.93 in chips) 
Seat 3: Pedi4tan ($29.33 in chips) 
Seat 4: 50CandyJoe ($104.50 in chips) 
Seat 5: avlee1 ($115.24 in chips) 
Seat 6: Dantepoke226 ($102.50 in chips) 
Dantepoke226: posts small blind $0.50
MaRKiToScoK: posts big blind $1
*** HOLE CARDS ***
Pedi4tan: folds 
50CandyJoe: folds 
avlee1: raises $1.50 to $2.50
Dantepoke226: raises $8.50 to $11
MaRKiToScoK: folds 
avlee1: folds 
Uncalled bet ($8.50) returned to Dantepoke226
Dantepoke226 collected $6 from pot
Dantepoke226: doesn't show hand 
*** SUMMARY ***
Total pot $6 | Rake $0 
Seat 1: MaRKiToScoK (big blind) folded before Flop
Seat 3: Pedi4tan folded before Flop (didn't bet)
Seat 4: 50CandyJoe folded before Flop (didn't bet)
Seat 5: avlee1 (button) folded before Flop
Seat 6: Dantepoke226 (small blind) collected ($6)



PokerStars Hand #254202675444:  Hold'em No Limit ($0.50/$1.00 USD) - 2025/01/04 3:11:21 WET [2025/01/04 22:11:21 ET]
Table 'Williams' 6-max Seat #6 is the button
Seat 1: MaRKiToScoK ($100 in chips) 
Seat 3: Pedi4tan ($29.33 in chips) 
Seat 4: 50CandyJoe ($104.50 in chips) 
Seat 5: avlee1 ($112.74 in chips) 
Seat 6: Dantepoke226 ($106 in chips) 
MaRKiToScoK: posts small blind $0.50
Pedi4tan: posts big blind $1
*** HOLE CARDS ***
50CandyJoe: folds 
avlee1: folds 
Dantepoke226: raises $1.50 to $2.50
MaRKiToScoK: folds 
Pedi4tan: calls $1.50
*** FLOP *** [8c 9s 2s]
Pedi4tan: checks 
Dantepoke226: bets $1.72
Pedi4tan: folds 
Uncalled bet ($1.72) returned to Dantepoke226
Dantepoke226 collected $5.22 from pot
Dantepoke226: doesn't show hand 
*** SUMMARY ***
Total pot $5.50 | Rake $0.28 
Board [8c 9s 2s]
Seat 1: MaRKiToScoK (small blind) folded before Flop
Seat 3: Pedi4tan (big blind) folded on the Flop
Seat 4: 50CandyJoe folded before Flop (didn't bet)
Seat 5: avlee1 folded before Flop (didn't bet)
Seat 6: Dantepoke226 (button) collected ($5.22)



PokerStars Hand #254202679820:  Hold'em No Limit ($0.50/$1.00 USD) - 2025/01/04 3:11:50 WET [2025/01/04 22:11:50 ET]
Table 'Williams' 6-max Seat #1 is the button
Seat 1: MaRKiToScoK ($100 in chips) 
Seat 3: Pedi4tan ($26.83 in chips) 
Seat 4: 50CandyJoe ($104.50 in chips) 
Seat 5: avlee1 ($112.74 in chips) 
Seat 6: Dantepoke226 ($108.72 in chips) 
Pedi4tan: posts small blind $0.50
50CandyJoe: posts big blind $1
*** HOLE CARDS ***
avlee1: folds 
Dantepoke226: raises $1.50 to $2.50
MaRKiToScoK: folds 
Pedi4tan: folds 
50CandyJoe: raises $10 to $12.50
Dantepoke226: raises $12.50 to $25
50CandyJoe: raises $12.50 to $37.50
Dantepoke226: raises $71.22 to $108.72 and is all-in
50CandyJoe: calls $67 and is all-in
Uncalled bet ($4.22) returned to Dantepoke226
*** FLOP *** [Qh 5h Th]
*** TURN *** [Qh 5h Th] [5d]
*** RIVER *** [Qh 5h Th 5d] [6d]
G.HANSEN333 joins the table at seat #2 
*** SHOW DOWN ***
50CandyJoe: shows [Jd Js] (two pair, Jacks and Fives)
Dantepoke226: shows [Ac Kd] (a pair of Fives)
50CandyJoe collected $207 from pot
*** SUMMARY ***
Total pot $209.50 | Rake $2.50 
Board [Qh 5h Th 5d 6d]
Seat 1: MaRKiToScoK (button) folded before Flop (didn't bet)
Seat 3: Pedi4tan (small blind) folded before Flop
Seat 4: 50CandyJoe (big blind) showed [Jd Js] and won ($207) with two pair, Jacks and Fives
Seat 5: avlee1 folded before Flop (didn't bet)
Seat 6: Dantepoke226 showed [Ac Kd] and lost with a pair of Fives



PokerStars Hand #254202692564:  Hold'em No Limit ($0.50/$1.00 USD) - 2025/01/04 3:13:13 WET [2025/01/04 22:13:13 ET]
Table 'Williams' 6-max Seat #3 is the button
Seat 2: G.HANSEN333 ($100 in chips) is sitting out
Seat 1: MaRKiToScoK ($100 in chips) 
Seat 3: Pedi4tan ($26.33 in chips) 
Seat 4: 50CandyJoe ($207 in chips) 
Seat 5: avlee1 ($112.74 in chips) 
Seat 6: Dantepoke226 ($100 in chips) 
50CandyJoe: posts small blind $0.50
avlee1: posts big blind $1
G.HANSEN333: sits out 
*** HOLE CARDS ***
Dantepoke226: folds 
MaRKiToScoK: folds 
Pedi4tan: folds 
50CandyJoe: raises $1.50 to $2.50
avlee1: folds 
Uncalled bet ($1.50) returned to 50CandyJoe
50CandyJoe collected $2 from pot
50CandyJoe: doesn't show hand 
*** SUMMARY ***
Total pot $2 | Rake $0 
Seat 2: G.HANSEN333
Seat 1: MaRKiToScoK folded before Flop (didn't bet)
Seat 3: Pedi4tan (button) folded before Flop (didn't bet)
Seat 4: 50CandyJoe (small blind) collected ($2)
Seat 5: avlee1 (big blind) folded before Flop
Seat 6: Dantepoke226 folded before Flop (didn't bet)



PokerStars Hand #254202694717:  Hold'em No Limit ($0.50/$1.00 USD) - 2025/01/04 3:13:27 WET [2025/01/04 22:13:27 ET]
Table 'Williams' 6-max Seat #4 is the button
Seat 2: G.HANSEN333 ($100 in chips) is sitting out
Seat 1: MaRKiToScoK ($100 in chips) 
Seat 3: Pedi4tan ($26.33 in chips) 
Seat 4: 50CandyJoe ($208 in chips) 
Seat 5: avlee1 ($111.74 in chips) 
Seat 6: Dantepoke226 ($100 in chips) 
avlee1: posts small blind $0.50
Dantepoke226: posts big blind $1
G.HANSEN333: sits out 
*** HOLE CARDS ***
MaRKiToScoK: folds 
Pedi4tan: raises $1 to $2
50CandyJoe: folds 
avlee1: folds 
Dantepoke226: folds 
Uncalled bet ($1) returned to Pedi4tan
Pedi4tan collected $2.50 from pot
Pedi4tan: doesn't show hand 
*** SUMMARY ***
Total pot $2.50 | Rake $0 
Seat 2: G.HANSEN333
Seat 1: MaRKiToScoK folded before Flop (didn't bet)
Seat 3: Pedi4tan collected ($2.50)
Seat 4: 50CandyJoe (button) folded before Flop (didn't bet)
Seat 5: avlee1 (small blind) folded before Flop
Seat 6: Dantepoke226 (big blind) folded before Flop



PokerStars Hand #254202696953:  Hold'em No Limit ($0.50/$1.00 USD) - 2025/01/04 3:13:42 WET [2025/01/04 22:13:42 ET]
Table 'Williams' 6-max Seat #5 is the button
Seat 2: G.HANSEN333 ($100 in chips) is sitting out
Seat 1: MaRKiToScoK ($100 in chips) 
Seat 3: Pedi4tan ($27.83 in chips) 
Seat 4: 50CandyJoe ($208 in chips) 
Seat 5: avlee1 ($111.24 in chips) 
Seat 6: Dantepoke226 ($100 in chips) 
Dantepoke226: posts small blind $0.50
MaRKiToScoK: posts big blind $1
G.HANSEN333: sits out 
*** HOLE CARDS ***
Pedi4tan: folds 
50CandyJoe: folds 
avlee1: folds 
Dantepoke226: folds 
Uncalled bet ($0.50) returned to MaRKiToScoK
MaRKiToScoK collected $1 from pot
*** SUMMARY ***
Total pot $1 | Rake $0 
Seat 2: G.HANSEN333
Seat 1: MaRKiToScoK (big blind) collected ($1)
Seat 3: Pedi4tan folded before Flop (didn't bet)
Seat 4: 50CandyJoe folded before Flop (didn't bet)
Seat 5: avlee1 (button) folded before Flop (didn't bet)
Seat 6: Dantepoke226 (small blind) folded before Flop



PokerStars Hand #254202699462:  Hold'em No Limit ($0.50/$1.00 USD) - 2025/01/04 3:13:58 WET [2025/01/04 22:13:58 ET]
Table 'Williams' 6-max Seat #6 is the button
Seat 1: MaRKiToScoK ($100.50 in chips) 
Seat 2: G.HANSEN333 ($100 in chips) 
Seat 3: Pedi4tan ($27.83 in chips) 
Seat 4: 50CandyJoe ($208 in chips) 
Seat 5: avlee1 ($111.24 in chips) 
Seat 6: Dantepoke226 ($100 in chips) 
MaRKiToScoK: posts small blind $0.50
G.HANSEN333: posts big blind $1
*** HOLE CARDS ***
Pedi4tan: folds 
50CandyJoe: raises $1.20 to $2.20
avlee1: raises $4.40 to $6.60
Dantepoke226: folds 
MaRKiToScoK: raises $13.40 to $20
G.HANSEN333: folds 
50CandyJoe: folds 
avlee1: folds 
Uncalled bet ($13.40) returned to MaRKiToScoK
MaRKiToScoK collected $16.40 from pot
*** SUMMARY ***
Total pot $16.40 | Rake $0 
Seat 1: MaRKiToScoK (small blind) collected ($16.40)
Seat 2: G.HANSEN333 (big blind) folded before Flop
Seat 3: Pedi4tan folded before Flop (didn't bet)
Seat 4: 50CandyJoe folded before Flop
Seat 5: avlee1 folded before Flop
Seat 6: Dantepoke226 (button) folded before Flop (didn't bet)



PokerStars Hand #254202705267:  Hold'em No Limit ($0.50/$1.00 USD) - 2025/01/04 3:14:36 WET [2025/01/04 22:14:36 ET]
Table 'Williams' 6-max Seat #1 is the button
Seat 1: MaRKiToScoK ($110.30 in chips) 
Seat 2: G.HANSEN333 ($100 in chips) 
Seat 3: Pedi4tan ($27.83 in chips) 
Seat 4: 50CandyJoe ($205.80 in chips) 
Seat 5: avlee1 ($104.64 in chips) 
Seat 6: Dantepoke226 ($100 in chips) 
G.HANSEN333: posts small blind $0.50
Pedi4tan: posts big blind $1
*** HOLE CARDS ***
50CandyJoe: folds 
avlee1: folds 
Dantepoke226: folds 
MaRKiToScoK: raises $1.50 to $2.50
G.HANSEN333: folds 
Pedi4tan: calls $1.50
*** FLOP *** [7s Qs 3d]
Pedi4tan: checks 
MaRKiToScoK: checks 
*** TURN *** [7s Qs 3d] [3h]
Pedi4tan: checks 
MaRKiToScoK: bets $2.61
Pedi4tan: folds 
Uncalled bet ($2.61) returned to MaRKiToScoK
MaRKiToScoK collected $5.22 from pot
*** SUMMARY ***
Total pot $5.50 | Rake $0.28 
Board [7s Qs 3d 3h]
Seat 1: MaRKiToScoK (button) collected ($5.22)
Seat 2: G.HANSEN333 (small blind) folded before Flop
Seat 3: Pedi4tan (big blind) folded on the Turn
Seat 4: 50CandyJoe folded before Flop (didn't bet)
Seat 5: avlee1 folded before Flop (didn't bet)
Seat 6: Dantepoke226 folded before Flop (didn't bet)



PokerStars Hand #254202710829:  Hold'em No Limit ($0.50/$1.00 USD) - 2025/01/04 3:15:11 WET [2025/01/04 22:15:11 ET]
Table 'Williams' 6-max Seat #2 is the button
Seat 1: MaRKiToScoK ($113.02 in chips) 
Seat 2: G.HANSEN333 ($100 in chips) 
Seat 3: Pedi4tan ($25.33 in chips) 
Seat 4: 50CandyJoe ($205.80 in chips) 
Seat 5: avlee1 ($104.64 in chips) 
Seat 6: Dantepoke226 ($100 in chips) 
Pedi4tan: posts small blind $0.50
50CandyJoe: posts big blind $1
*** HOLE CARDS ***
avlee1: folds 
Dantepoke226: raises $1.50 to $2.50
MaRKiToScoK: raises $5.50 to $8
G.HANSEN333: folds 
Pedi4tan: calls $7.50
50CandyJoe: folds 
Dantepoke226: raises $12.50 to $20.50
MaRKiToScoK: calls $12.50
Pedi4tan: calls $12.50
*** FLOP *** [5h 4d Kc]
Pedi4tan: bets $4.83 and is all-in
Dantepoke226: calls $4.83
MaRKiToScoK: calls $4.83
*** TURN *** [5h 4d Kc] [5c]
Dantepoke226: bets $11
MaRKiToScoK: calls $11
*** RIVER *** [5h 4d Kc 5c] [2c]
Dantepoke226: bets $63.67 and is all-in
MaRKiToScoK: folds 
Uncalled bet ($63.67) returned to Dantepoke226
*** SHOW DOWN ***
Dantepoke226: shows [Kd Ks] (a full house, Kings full of Fives)
Dantepoke226 collected $22 from side pot
Pedi4tan: shows [Ah 4c] (two pair, Fives and Fours)
Dantepoke226 collected $74.49 from main pot
*** SUMMARY ***
Total pot $98.99 Main pot $74.49. Side pot $22. | Rake $2.50 
Board [5h 4d Kc 5c 2c]
Seat 1: MaRKiToScoK folded on the River
Seat 2: G.HANSEN333 (button) folded before Flop (didn't bet)
Seat 3: Pedi4tan (small blind) showed [Ah 4c] and lost with two pair, Fives and Fours
Seat 4: 50CandyJoe (big blind) folded before Flop
Seat 5: avlee1 folded before Flop (didn't bet)
Seat 6: Dantepoke226 showed [Kd Ks] and won ($96.49) with a full house, Kings full of Fives



PokerStars Hand #254202723826:  Hold'em No Limit ($0.50/$1.00 USD) - 2025/01/04 3:16:35 WET [2025/01/04 22:16:35 ET]
Table 'Williams' 6-max Seat #4 is the button
Seat 3: Pedi4tan ($0 in chips) is sitting out
Seat 1: MaRKiToScoK ($100 in chips) 
Seat 2: G.HANSEN333 ($100 in chips) 
Seat 4: 50CandyJoe ($204.80 in chips) 
Seat 5: avlee1 ($104.64 in chips) 
Seat 6: Dantepoke226 ($160.16 in chips) 
avlee1: posts small blind $0.50
Dantepoke226: posts big blind $1
*** HOLE CARDS ***
MaRKiToScoK: raises $1.10 to $2.10
G.HANSEN333: folds 
50CandyJoe: folds 
avlee1: folds 
Dantepoke226: calls $1.10
*** FLOP *** [Qd 5h 9s]
Dantepoke226: checks 
MaRKiToScoK: checks 
*** TURN *** [Qd 5h 9s] [2s]
Dantepoke226: checks 
MaRKiToScoK: checks 
*** RIVER *** [Qd 5h 9s 2s] [Ts]
Dantepoke226: checks 
MaRKiToScoK: bets $2.23
Dantepoke226: folds 
Uncalled bet ($2.23) returned to MaRKiToScoK
MaRKiToScoK collected $4.46 from pot
*** SUMMARY ***
Total pot $4.70 | Rake $0.24 
Board [Qd 5h 9s 2s Ts]
Seat 3: Pedi4tan
Seat 1: MaRKiToScoK collected ($4.46)
Seat 2: G.HANSEN333 folded before Flop (didn't bet)
Seat 4: 50CandyJoe (button) folded before Flop (didn't bet)
Seat 5: avlee1 (small blind) folded before Flop
Seat 6: Dantepoke226 (big blind) folded on the River



PokerStars Hand #254202736981:  Hold'em No Limit ($0.50/$1.00 USD) - 2025/01/04 3:17:58 WET [2025/01/04 22:17:58 ET]
Table 'Williams' 6-max Seat #5 is the button
Seat 1: MaRKiToScoK ($102.36 in chips) 
Seat 2: G.HANSEN333 ($100 in chips) 
Seat 3: Pedi4tan ($44.01 in chips) 
Seat 4: 50CandyJoe ($204.80 in chips) 
Seat 5: avlee1 ($104.14 in chips) 
Seat 6: Dantepoke226 ($158.06 in chips) 
Dantepoke226: posts small blind $0.50
MaRKiToScoK: posts big blind $1
*** HOLE CARDS ***
G.HANSEN333: raises $1.50 to $2.50
Pedi4tan: folds 
50CandyJoe: folds 
avlee1: folds 
Dantepoke226: folds 
MaRKiToScoK: calls $1.50
*** FLOP *** [Ts Qd 9h]
MaRKiToScoK: checks 
G.HANSEN333: checks 
*** TURN *** [Ts Qd 9h] [3h]
MaRKiToScoK: checks 
G.HANSEN333: bets $3.50
MaRKiToScoK: raises $15.28 to $18.78
G.HANSEN333: folds 
Uncalled bet ($15.28) returned to MaRKiToScoK
MaRKiToScoK collected $11.88 from pot
*** SUMMARY ***
Total pot $12.50 | Rake $0.62 
Board [Ts Qd 9h 3h]
Seat 1: MaRKiToScoK (big blind) collected ($11.88)
Seat 2: G.HANSEN333 folded on the Turn
Seat 3: Pedi4tan folded before Flop (didn't bet)
Seat 4: 50CandyJoe folded before Flop (didn't bet)
Seat 5: avlee1 (button) folded before Flop (didn't bet)
Seat 6: Dantepoke226 (small blind) folded before Flop



PokerStars Hand #254202746084:  Hold'em No Limit ($0.50/$1.00 USD) - 2025/01/04 3:18:58 WET [2025/01/04 22:18:58 ET]
Table 'Williams' 6-max Seat #6 is the button
Seat 1: MaRKiToScoK ($108.24 in chips) 
Seat 2: G.HANSEN333 ($100 in chips) 
Seat 3: Pedi4tan ($44.01 in chips) 
Seat 4: 50CandyJoe ($204.80 in chips) 
Seat 5: avlee1 ($104.14 in chips) 
Seat 6: Dantepoke226 ($157.56 in chips) 
MaRKiToScoK: posts small blind $0.50
G.HANSEN333: posts big blind $1
*** HOLE CARDS ***
Pedi4tan: folds 
50CandyJoe: folds 
avlee1: folds 
Dantepoke226: folds 
MaRKiToScoK: folds 
Uncalled bet ($0.50) returned to G.HANSEN333
G.HANSEN333 collected $1 from pot
G.HANSEN333: doesn't show hand 
*** SUMMARY ***
Total pot $1 | Rake $0 
Seat 1: MaRKiToScoK (small blind) folded before Flop
Seat 2: G.HANSEN333 (big blind) collected ($1)
Seat 3: Pedi4tan folded before Flop (didn't bet)
Seat 4: 50CandyJoe folded before Flop (didn't bet)
Seat 5: avlee1 folded before Flop (didn't bet)
Seat 6: Dantepoke226 (button) folded before Flop (didn't bet)



PokerStars Hand #254202748239:  Hold'em No Limit ($0.50/$1.00 USD) - 2025/01/04 3:19:12 WET [2025/01/04 22:19:12 ET]
Table 'Williams' 6-max Seat #1 is the button
Seat 1: MaRKiToScoK ($107.74 in chips) 
Seat 2: G.HANSEN333 ($100.50 in chips) 
Seat 3: Pedi4tan ($44.01 in chips) 
Seat 4: 50CandyJoe ($204.80 in chips) 
Seat 5: avlee1 ($104.14 in chips) 
Seat 6: Dantepoke226 ($157.56 in chips) 
G.HANSEN333: posts small blind $0.50
Pedi4tan: posts big blind $1
*** HOLE CARDS ***
50CandyJoe: folds 
avlee1: raises $1.50 to $2.50
Dantepoke226: folds 
MaRKiToScoK: folds 
G.HANSEN333: folds 
Pedi4tan: calls $1.50
*** FLOP *** [5s Js 8h]
Pedi4tan: checks 
avlee1: bets $2.61
Pedi4tan: folds 
Uncalled bet ($2.61) returned to avlee1
avlee1 collected $5.22 from pot
avlee1: doesn't show hand 
*** SUMMARY ***
Total pot $5.50 | Rake $0.28 
Board [5s Js 8h]
Seat 1: MaRKiToScoK (button) folded before Flop (didn't bet)
Seat 2: G.HANSEN333 (small blind) folded before Flop
Seat 3: Pedi4tan (big blind) folded on the Flop
Seat 4: 50CandyJoe folded before Flop (didn't bet)
Seat 5: avlee1 collected ($5.22)
Seat 6: Dantepoke226 folded before Flop (didn't bet)



PokerStars Hand #254202753530:  Hold'em No Limit ($0.50/$1.00 USD) - 2025/01/04 3:19:46 WET [2025/01/04 22:19:46 ET]
Table 'Williams' 6-max Seat #2 is the button
Seat 1: MaRKiToScoK ($107.74 in chips) 
Seat 2: G.HANSEN333 ($100 in chips) 
Seat 3: Pedi4tan ($41.51 in chips) 
Seat 4: 50CandyJoe ($204.80 in chips) 
Seat 5: avlee1 ($106.86 in chips) 
Seat 6: Dantepoke226 ($157.56 in chips) 
Pedi4tan: posts small blind $0.50
50CandyJoe: posts big blind $1
*** HOLE CARDS ***
avlee1: folds 
Dantepoke226: folds 
MaRKiToScoK: raises $1.20 to $2.20
G.HANSEN333: folds 
Pedi4tan: calls $1.70
50CandyJoe: folds 
*** FLOP *** [2s 5d Kh]
Pedi4tan: checks 
MaRKiToScoK: bets $1.54
Pedi4tan: folds 
Uncalled bet ($1.54) returned to MaRKiToScoK
MaRKiToScoK collected $5.13 from pot
*** SUMMARY ***
Total pot $5.40 | Rake $0.27 
Board [2s 5d Kh]
Seat 1: MaRKiToScoK collected ($5.13)
Seat 2: G.HANSEN333 (button) folded before Flop (didn't bet)
Seat 3: Pedi4tan (small blind) folded on the Flop
Seat 4: 50CandyJoe (big blind) folded before Flop
Seat 5: avlee1 folded before Flop (didn't bet)
Seat 6: Dantepoke226 folded before Flop (didn't bet)



PokerStars Hand #254202759001:  Hold'em No Limit ($0.50/$1.00 USD) - 2025/01/04 3:20:22 WET [2025/01/04 22:20:22 ET]
Table 'Williams' 6-max Seat #3 is the button
Seat 1: MaRKiToScoK ($110.67 in chips) 
Seat 2: G.HANSEN333 ($100 in chips) 
Seat 3: Pedi4tan ($39.31 in chips) 
Seat 4: 50CandyJoe ($203.80 in chips) 
Seat 5: avlee1 ($106.86 in chips) 
Seat 6: Dantepoke226 ($157.56 in chips) 
50CandyJoe: posts small blind $0.50
avlee1: posts big blind $1
*** HOLE CARDS ***
Dantepoke226: folds 
MaRKiToScoK: raises $1.10 to $2.10
G.HANSEN333: folds 
Pedi4tan: folds 
50CandyJoe: folds 
avlee1: folds 
Uncalled bet ($1.10) returned to MaRKiToScoK
MaRKiToScoK collected $2.50 from pot
*** SUMMARY ***
Total pot $2.50 | Rake $0 
Seat 1: MaRKiToScoK collected ($2.50)
Seat 2: G.HANSEN333 folded before Flop (didn't bet)
Seat 3: Pedi4tan (button) folded before Flop (didn't bet)
Seat 4: 50CandyJoe (small blind) folded before Flop
Seat 5: avlee1 (big blind) folded before Flop
Seat 6: Dantepoke226 folded before Flop (didn't bet)



PokerStars Hand #254202761952:  Hold'em No Limit ($0.50/$1.00 USD) - 2025/01/04 3:20:41 WET [2025/01/04 22:20:41 ET]
Table 'Williams' 6-max Seat #4 is the button
Seat 1: MaRKiToScoK ($112.17 in chips) 
Seat 2: G.HANSEN333 ($100 in chips) 
Seat 3: Pedi4tan ($39.31 in chips) 
Seat 4: 50CandyJoe ($203.30 in chips) 
Seat 5: avlee1 ($105.86 in chips) 
Seat 6: Dantepoke226 ($157.56 in chips) 
avlee1: posts small blind $0.50
Dantepoke226: posts big blind $1
*** HOLE CARDS ***
MaRKiToScoK: raises $1.10 to $2.10
G.HANSEN333: folds 
Pedi4tan: calls $2.10
50CandyJoe: folds 
avlee1: folds 
Dantepoke226: folds 
*** FLOP *** [Js Jh 2c]
MaRKiToScoK: bets $1.63
Pedi4tan: calls $1.63
*** TURN *** [Js Jh 2c] [4h]
MaRKiToScoK: bets $6.38
Pedi4tan: calls $6.38
*** RIVER *** [Js Jh 2c 4h] [4s]
MaRKiToScoK: bets $2.09
Pedi4tan: raises $24.81 to $26.90
MaRKiToScoK: folds 
Uncalled bet ($24.81) returned to Pedi4tan
Pedi4tan collected $24.60 from pot
Pedi4tan: doesn't show hand 
*** SUMMARY ***
Total pot $25.90 | Rake $1.30 
Board [Js Jh 2c 4h 4s]
Seat 1: MaRKiToScoK folded on the River
Seat 2: G.HANSEN333 folded before Flop (didn't bet)
Seat 3: Pedi4tan collected ($24.60)
Seat 4: 50CandyJoe (button) folded before Flop (didn't bet)
Seat 5: avlee1 (small blind) folded before Flop
Seat 6: Dantepoke226 (big blind) folded before Flop



PokerStars Hand #254202774222:  Hold'em No Limit ($0.50/$1.00 USD) - 2025/01/04 3:22:02 WET [2025/01/04 22:22:02 ET]
Table 'Williams' 6-max Seat #5 is the button
Seat 1: MaRKiToScoK ($100 in chips) 
Seat 2: G.HANSEN333 ($100 in chips) 
Seat 3: Pedi4tan ($51.71 in chips) 
Seat 4: 50CandyJoe ($203.30 in chips) 
Seat 5: avlee1 ($105.36 in chips) 
Seat 6: Dantepoke226 ($156.56 in chips) 
Dantepoke226: posts small blind $0.50
MaRKiToScoK: posts big blind $1
*** HOLE CARDS ***
G.HANSEN333: folds 
Pedi4tan: folds 
50CandyJoe: folds 
avlee1: raises $1.50 to $2.50
Dantepoke226: folds 
MaRKiToScoK: folds 
Uncalled bet ($1.50) returned to avlee1
avlee1 collected $2.50 from pot
avlee1: doesn't show hand 
*** SUMMARY ***
Total pot $2.50 | Rake $0 
Seat 1: MaRKiToScoK (big blind) folded before Flop
Seat 2: G.HANSEN333 folded before Flop (didn't bet)
Seat 3: Pedi4tan folded before Flop (didn't bet)
Seat 4: 50CandyJoe folded before Flop (didn't bet)
Seat 5: avlee1 (button) collected ($2.50)
Seat 6: Dantepoke226 (small blind) folded before Flop



PokerStars Hand #254202779061:  Hold'em No Limit ($0.50/$1.00 USD) - 2025/01/04 3:22:33 WET [2025/01/04 22:22:33 ET]
Table 'Williams' 6-max Seat #6 is the button
Seat 1: MaRKiToScoK ($100 in chips) 
Seat 2: G.HANSEN333 ($100 in chips) 
Seat 3: Pedi4tan ($51.71 in chips) 
Seat 4: 50CandyJoe ($203.30 in chips) 
Seat 5: avlee1 ($106.86 in chips) 
Seat 6: Dantepoke226 ($156.06 in chips) 
MaRKiToScoK: posts small blind $0.50
G.HANSEN333: posts big blind $1
*** HOLE CARDS ***
Pedi4tan: folds 
50CandyJoe: folds 
avlee1: folds 
Dantepoke226: folds 
MaRKiToScoK: raises $1.70 to $2.70
G.HANSEN333: folds 
Uncalled bet ($1.70) returned to MaRKiToScoK
MaRKiToScoK collected $2 from pot
*** SUMMARY ***
Total pot $2 | Rake $0 
Seat 1: MaRKiToScoK (small blind) collected ($2)
Seat 2: G.HANSEN333 (big blind) folded before Flop
Seat 3: Pedi4tan folded before Flop (didn't bet)
Seat 4: 50CandyJoe folded before Flop (didn't bet)
Seat 5: avlee1 folded before Flop (didn't bet)
Seat 6: Dantepoke226 (button) folded before Flop (didn't bet)



PokerStars Hand #254202781136:  Hold'em No Limit ($0.50/$1.00 USD) - 2025/01/04 3:22:47 WET [2025/01/04 22:22:47 ET]
Table 'Williams' 6-max Seat #1 is the button
Seat 1: MaRKiToScoK ($101 in chips) 
Seat 2: G.HANSEN333 ($100 in chips) 
Seat 3: Pedi4tan ($51.71 in chips) 
Seat 4: 50CandyJoe ($203.30 in chips) 
Seat 5: avlee1 ($106.86 in chips) 
Seat 6: Dantepoke226 ($156.06 in chips) 
G.HANSEN333: posts small blind $0.50
Pedi4tan: posts big blind $1
*** HOLE CARDS ***
50CandyJoe: folds 
avlee1: folds 
Dantepoke226: folds 
MaRKiToScoK: folds 
G.HANSEN333: raises $2 to $3
Pedi4tan: folds 
Uncalled bet ($2) returned to G.HANSEN333
G.HANSEN333 collected $2 from pot
G.HANSEN333: doesn't show hand 
*** SUMMARY ***
Total pot $2 | Rake $0 
Seat 1: MaRKiToScoK (button) folded before Flop (didn't bet)
Seat 2: G.HANSEN333 (small blind) collected ($2)
Seat 3: Pedi4tan (big blind) folded before Flop
Seat 4: 50CandyJoe folded before Flop (didn't bet)
Seat 5: avlee1 folded before Flop (didn't bet)
Seat 6: Dantepoke226 folded before Flop (didn't bet)



PokerStars Hand #254202783853:  Hold'em No Limit ($0.50/$1.00 USD) - 2025/01/04 3:23:05 WET [2025/01/04 22:23:05 ET]
Table 'Williams' 6-max Seat #2 is the button
Seat 1: MaRKiToScoK ($101 in chips) 
Seat 2: G.HANSEN333 ($101 in chips) 
Seat 3: Pedi4tan ($50.71 in chips) 
Seat 4: 50CandyJoe ($203.30 in chips) 
Seat 5: avlee1 ($106.86 in chips) 
Seat 6: Dantepoke226 ($156.06 in chips) 
Pedi4tan: posts small blind $0.50
50CandyJoe: posts big blind $1
*** HOLE CARDS ***
avlee1: folds 
Dantepoke226: raises $1.50 to $2.50
MaRKiToScoK: folds 
G.HANSEN333: folds 
Pedi4tan: folds 
50CandyJoe: folds 
Uncalled bet ($1.50) returned to Dantepoke226
Dantepoke226 collected $2.50 from pot
Dantepoke226: doesn't show hand 
*** SUMMARY ***
Total pot $2.50 | Rake $0 
Seat 1: MaRKiToScoK folded before Flop (didn't bet)
Seat 2: G.HANSEN333 (button) folded before Flop (didn't bet)
Seat 3: Pedi4tan (small blind) folded before Flop
Seat 4: 50CandyJoe (big blind) folded before Flop
Seat 5: avlee1 folded before Flop (didn't bet)
Seat 6: Dantepoke226 collected ($2.50)



PokerStars Hand #254202788706:  Hold'em No Limit ($0.50/$1.00 USD) - 2025/01/04 3:23:37 WET [2025/01/04 22:23:37 ET]
Table 'Williams' 6-max Seat #3 is the button
Seat 1: MaRKiToScoK ($101 in chips) 
Seat 2: G.HANSEN333 ($101 in chips) 
Seat 3: Pedi4tan ($50.21 in chips) 
Seat 4: 50CandyJoe ($202.30 in chips) 
Seat 5: avlee1 ($106.86 in chips) 
Seat 6: Dantepoke226 ($157.56 in chips) 
50CandyJoe: posts small blind $0.50
avlee1: posts big blind $1
*** HOLE CARDS ***
Dantepoke226: folds 
MaRKiToScoK: folds 
G.HANSEN333: folds 
Pedi4tan: raises $1 to $2
50CandyJoe: folds 
avlee1: calls $1
*** FLOP *** [Kh Tc 5c]
avlee1: checks 
Pedi4tan: checks 
*** TURN *** [Kh Tc 5c] [2s]
avlee1: checks 
Pedi4tan: checks 
*** RIVER *** [Kh Tc 5c 2s] [9h]
avlee1: bets $4.28
Pedi4tan: folds 
Uncalled bet ($4.28) returned to avlee1
avlee1 collected $4.28 from pot
avlee1: doesn't show hand 
*** SUMMARY ***
Total pot $4.50 | Rake $0.22 
Board [Kh Tc 5c 2s 9h]
Seat 1: MaRKiToScoK folded before Flop (didn't bet)
Seat 2: G.HANSEN333 folded before Flop (didn't bet)
Seat 3: Pedi4tan (button) folded on the River
Seat 4: 50CandyJoe (small blind) folded before Flop
Seat 5: avlee1 (big blind) collected ($4.28)
Seat 6: Dantepoke226 folded before Flop (didn't bet)



PokerStars Hand #254202794148:  Hold'em No Limit ($0.50/$1.00 USD) - 2025/01/04 3:24:13 WET [2025/01/04 22:24:13 ET]
Table 'Williams' 6-max Seat #4 is the button
Seat 1: MaRKiToScoK ($101 in chips) 
Seat 2: G.HANSEN333 ($101 in chips) 
Seat 3: Pedi4tan ($48.21 in chips) 
Seat 4: 50CandyJoe ($201.80 in chips) 
Seat 5: avlee1 ($109.14 in chips) 
Seat 6: Dantepoke226 ($157.56 in chips) 
avlee1: posts small blind $0.50
Dantepoke226: posts big blind $1
*** HOLE CARDS ***
MaRKiToScoK: folds 
G.HANSEN333: folds 
Pedi4tan: folds 
50CandyJoe: folds 
avlee1: folds 
Uncalled bet ($0.50) returned to Dantepoke226
Dantepoke226 collected $1 from pot
Dantepoke226: doesn't show hand 
*** SUMMARY ***
Total pot $1 | Rake $0 
Seat 1: MaRKiToScoK folded before Flop (didn't bet)
Seat 2: G.HANSEN333 folded before Flop (didn't bet)
Seat 3: Pedi4tan folded before Flop (didn't bet)
Seat 4: 50CandyJoe (button) folded before Flop (didn't bet)
Seat 5: avlee1 (small blind) folded before Flop
Seat 6: Dantepoke226 (big blind) collected ($1)



PokerStars Hand #254202796589:  Hold'em No Limit ($0.50/$1.00 USD) - 2025/01/04 3:24:29 WET [2025/01/04 22:24:29 ET]
Table 'Williams' 6-max Seat #5 is the button
Seat 1: MaRKiToScoK ($101 in chips) 
Seat 2: G.HANSEN333 ($101 in chips) 
Seat 3: Pedi4tan ($48.21 in chips) 
Seat 4: 50CandyJoe ($201.80 in chips) 
Seat 5: avlee1 ($108.64 in chips) 
Seat 6: Dantepoke226 ($158.06 in chips) 
Dantepoke226: posts small blind $0.50
MaRKiToScoK: posts big blind $1
*** HOLE CARDS ***
G.HANSEN333: folds 
Pedi4tan: folds 
50CandyJoe: folds 
avlee1: folds 
Dantepoke226: raises $2 to $3
MaRKiToScoK: folds 
Uncalled bet ($2) returned to Dantepoke226
Dantepoke226 collected $2 from pot
Dantepoke226: doesn't show hand 
*** SUMMARY ***
Total pot $2 | Rake $0 
Seat 1: MaRKiToScoK (big blind) folded before Flop
Seat 2: G.HANSEN333 folded before Flop (didn't bet)
Seat 3: Pedi4tan folded before Flop (didn't bet)
Seat 4: 50CandyJoe folded before Flop (didn't bet)
Seat 5: avlee1 (button) folded before Flop (didn't bet)
Seat 6: Dantepoke226 (small blind) collected ($2)



PokerStars Hand #254202800834:  Hold'em No Limit ($0.50/$1.00 USD) - 2025/01/04 3:24:58 WET [2025/01/04 22:24:58 ET]
Table 'Williams' 6-max Seat #6 is the button
Seat 1: MaRKiToScoK ($100 in chips) 
Seat 2: G.HANSEN333 ($101 in chips) 
Seat 3: Pedi4tan ($48.21 in chips) 
Seat 4: 50CandyJoe ($201.80 in chips) 
Seat 5: avlee1 ($108.64 in chips) 
Seat 6: Dantepoke226 ($159.06 in chips) 
MaRKiToScoK: posts small blind $0.50
G.HANSEN333: posts big blind $1
*** HOLE CARDS ***
Pedi4tan: folds 
50CandyJoe: folds 
avlee1: folds 
Dantepoke226: raises $1.50 to $2.50
MaRKiToScoK: raises $8.50 to $11
G.HANSEN333: folds 
Dantepoke226: folds 
Uncalled bet ($8.50) returned to MaRKiToScoK
MaRKiToScoK collected $6 from pot
*** SUMMARY ***
Total pot $6 | Rake $0 
Seat 1: MaRKiToScoK (small blind) collected ($6)
Seat 2: G.HANSEN333 (big blind) folded before Flop
Seat 3: Pedi4tan folded before Flop (didn't bet)
Seat 4: 50CandyJoe folded before Flop (didn't bet)
Seat 5: avlee1 folded before Flop (didn't bet)
Seat 6: Dantepoke226 (button) folded before Flop



PokerStars Hand #254202804114:  Hold'em No Limit ($0.50/$1.00 USD) - 2025/01/04 3:25:20 WET [2025/01/04 22:25:20 ET]
Table 'Williams' 6-max Seat #1 is the button
Seat 1: MaRKiToScoK ($103.50 in chips) 
Seat 2: G.HANSEN333 ($100 in chips) 
Seat 3: Pedi4tan ($48.21 in chips) 
Seat 4: 50CandyJoe ($201.80 in chips) 
Seat 5: avlee1 ($108.64 in chips) 
Seat 6: Dantepoke226 ($156.56 in chips) 
G.HANSEN333: posts small blind $0.50
Pedi4tan: posts big blind $1
*** HOLE CARDS ***
50CandyJoe: folds 
avlee1: folds 
Dantepoke226: folds 
MaRKiToScoK: folds 
G.HANSEN333: folds 
Uncalled bet ($0.50) returned to Pedi4tan
Pedi4tan collected $1 from pot
Pedi4tan: doesn't show hand 
*** SUMMARY ***
Total pot $1 | Rake $0 
Seat 1: MaRKiToScoK (button) folded before Flop (didn't bet)
Seat 2: G.HANSEN333 (small blind) folded before Flop
Seat 3: Pedi4tan (big blind) collected ($1)
Seat 4: 50CandyJoe folded before Flop (didn't bet)
Seat 5: avlee1 folded before Flop (didn't bet)
Seat 6: Dantepoke226 folded before Flop (didn't bet)



PokerStars Hand #254202807082:  Hold'em No Limit ($0.50/$1.00 USD) - 2025/01/04 3:25:40 WET [2025/01/04 22:25:40 ET]
Table 'Williams' 6-max Seat #2 is the button
Seat 1: MaRKiToScoK ($103.50 in chips) 
Seat 2: G.HANSEN333 ($100 in chips) 
Seat 3: Pedi4tan ($48.71 in chips) 
Seat 4: 50CandyJoe ($201.80 in chips) 
Seat 5: avlee1 ($108.64 in chips) 
Seat 6: Dantepoke226 ($156.56 in chips) 
Pedi4tan: posts small blind $0.50
50CandyJoe: posts big blind $1
*** HOLE CARDS ***
avlee1: folds 
Dantepoke226: folds 
MaRKiToScoK: folds 
G.HANSEN333: raises $1.50 to $2.50
Pedi4tan: calls $2
50CandyJoe: folds 
*** FLOP *** [Jc 6s 5c]
Pedi4tan: checks 
G.HANSEN333: bets $3
Pedi4tan: folds 
Uncalled bet ($3) returned to G.HANSEN333
G.HANSEN333 collected $5.70 from pot
G.HANSEN333: doesn't show hand 
*** SUMMARY ***
Total pot $6 | Rake $0.30 
Board [Jc 6s 5c]
Seat 1: MaRKiToScoK folded before Flop (didn't bet)
Seat 2: G.HANSEN333 (button) collected ($5.70)
Seat 3: Pedi4tan (small blind) folded on the Flop
Seat 4: 50CandyJoe (big blind) folded before Flop
Seat 5: avlee1 folded before Flop (didn't bet)
Seat 6: Dantepoke226 folded before Flop (didn't bet)



PokerStars Hand #254202813622:  Hold'em No Limit ($0.50/$1.00 USD) - 2025/01/04 3:26:24 WET [2025/01/04 22:26:24 ET]
Table 'Williams' 6-max Seat #3 is the button
Seat 5: avlee1 ($108.64 in chips) is sitting out
Seat 1: MaRKiToScoK ($103.50 in chips) 
Seat 2: G.HANSEN333 ($103.20 in chips) 
Seat 3: Pedi4tan ($46.21 in chips) 
Seat 4: 50CandyJoe ($200.80 in chips) 
Seat 6: Dantepoke226 ($156.56 in chips) 
50CandyJoe: posts small blind $0.50
avlee1: is sitting out 
Dantepoke226: posts big blind $1
*** HOLE CARDS ***
MaRKiToScoK: folds 
G.HANSEN333: folds 
avlee1 leaves the table
Pedi4tan: raises $1 to $2
50CandyJoe: folds 
Dantepoke226: folds 
Uncalled bet ($1) returned to Pedi4tan
Pedi4tan collected $2.50 from pot
Pedi4tan: doesn't show hand 
*** SUMMARY ***
Total pot $2.50 | Rake $0 
Seat 5: avlee1
Seat 1: MaRKiToScoK folded before Flop (didn't bet)
Seat 2: G.HANSEN333 folded before Flop (didn't bet)
Seat 3: Pedi4tan (button) collected ($2.50)
Seat 4: 50CandyJoe (small blind) folded before Flop
Seat 6: Dantepoke226 (big blind) folded before Flop



PokerStars Hand #254202815445:  Hold'em No Limit ($0.50/$1.00 USD) - 2025/01/04 3:26:36 WET [2025/01/04 22:26:36 ET]
Table 'Williams' 6-max Seat #4 is the button
Seat 1: MaRKiToScoK ($103.50 in chips) 
Seat 2: G.HANSEN333 ($103.20 in chips) 
Seat 3: Pedi4tan ($47.71 in chips) 
Seat 4: 50CandyJoe ($200.30 in chips) 
Seat 6: Dantepoke226 ($155.56 in chips) 
Dantepoke226: posts small blind $0.50
MaRKiToScoK: posts big blind $1
*** HOLE CARDS ***
G.HANSEN333: raises $1.50 to $2.50
Pedi4tan: folds 
50CandyJoe: folds 
Dantepoke226: folds 
MaRKiToScoK: folds 
Uncalled bet ($1.50) returned to G.HANSEN333
G.HANSEN333 collected $2.50 from pot
G.HANSEN333: doesn't show hand 
*** SUMMARY ***
Total pot $2.50 | Rake $0 
Seat 1: MaRKiToScoK (big blind) folded before Flop
Seat 2: G.HANSEN333 collected ($2.50)
Seat 3: Pedi4tan folded before Flop (didn't bet)
Seat 4: 50CandyJoe (button) folded before Flop (didn't bet)
Seat 6: Dantepoke226 (small blind) folded before Flop



PokerStars Hand #254202818331:  Hold'em No Limit ($0.50/$1.00 USD) - 2025/01/04 3:26:56 WET [2025/01/04 22:26:56 ET]
Table 'Williams' 6-max Seat #6 is the button
Seat 1: MaRKiToScoK ($102.50 in chips) 
Seat 2: G.HANSEN333 ($104.70 in chips) 
Seat 3: Pedi4tan ($47.71 in chips) 
Seat 4: 50CandyJoe ($200.30 in chips) 
Seat 6: Dantepoke226 ($155.06 in chips) 
MaRKiToScoK: posts small blind $0.50
G.HANSEN333: posts big blind $1
*** HOLE CARDS ***
Pedi4tan: raises $1 to $2
50CandyJoe: folds 
Dantepoke226: folds 
MaRKiToScoK: folds 
G.HANSEN333: calls $1
*** FLOP *** [7d 6h 4s]
G.HANSEN333: checks 
LuckyShikari joins the table at seat #5 
Pedi4tan: checks 
*** TURN *** [7d 6h 4s] [2h]
G.HANSEN333: bets $3
Pedi4tan: calls $3
*** RIVER *** [7d 6h 4s 2h] [3h]
G.HANSEN333: bets $7.49
Pedi4tan: folds 
Uncalled bet ($7.49) returned to G.HANSEN333
G.HANSEN333 collected $9.98 from pot
G.HANSEN333: doesn't show hand 
*** SUMMARY ***
Total pot $10.50 | Rake $0.52 
Board [7d 6h 4s 2h 3h]
Seat 1: MaRKiToScoK (small blind) folded before Flop
Seat 2: G.HANSEN333 (big blind) collected ($9.98)
Seat 3: Pedi4tan folded on the River
Seat 4: 50CandyJoe folded before Flop (didn't bet)
Seat 6: Dantepoke226 (button) folded before Flop (didn't bet)



PokerStars Hand #254202825752:  Hold'em No Limit ($0.50/$1.00 USD) - 2025/01/04 3:27:46 WET [2025/01/04 22:27:46 ET]
Table 'Williams' 6-max Seat #1 is the button
Seat 5: LuckyShikari ($100 in chips) is sitting out
Seat 1: MaRKiToScoK ($102 in chips) 
Seat 2: G.HANSEN333 ($109.68 in chips) 
Seat 3: Pedi4tan ($42.71 in chips) 
Seat 4: 50CandyJoe ($200.30 in chips) 
Seat 6: Dantepoke226 ($155.06 in chips) 
G.HANSEN333: posts small blind $0.50
Pedi4tan: posts big blind $1
LuckyShikari: sits out 
*** HOLE CARDS ***
50CandyJoe: folds 
Dantepoke226: folds 
MaRKiToScoK: raises $1.50 to $2.50
G.HANSEN333: folds 
Pedi4tan: folds 
Uncalled bet ($1.50) returned to MaRKiToScoK
MaRKiToScoK collected $2.50 from pot
*** SUMMARY ***
Total pot $2.50 | Rake $0 
Seat 5: LuckyShikari
Seat 1: MaRKiToScoK (button) collected ($2.50)
Seat 2: G.HANSEN333 (small blind) folded before Flop
Seat 3: Pedi4tan (big blind) folded before Flop
Seat 4: 50CandyJoe folded before Flop (didn't bet)
Seat 6: Dantepoke226 folded before Flop (didn't bet)



PokerStars Hand #254202827710:  Hold'em No Limit ($0.50/$1.00 USD) - 2025/01/04 3:27:59 WET [2025/01/04 22:27:59 ET]
Table 'Williams' 6-max Seat #2 is the button
Seat 5: LuckyShikari ($100 in chips) is sitting out
Seat 1: MaRKiToScoK ($103.50 in chips) 
Seat 2: G.HANSEN333 ($109.18 in chips) 
Seat 3: Pedi4tan ($41.71 in chips) 
Seat 4: 50CandyJoe ($200.30 in chips) 
Seat 6: Dantepoke226 ($155.06 in chips) 
Pedi4tan: posts small blind $0.50
50CandyJoe: posts big blind $1
LuckyShikari: sits out 
*** HOLE CARDS ***
Dantepoke226: folds 
MaRKiToScoK: folds 
G.HANSEN333: folds 
Pedi4tan: folds 
Uncalled bet ($0.50) returned to 50CandyJoe
50CandyJoe collected $1 from pot
50CandyJoe: doesn't show hand 
*** SUMMARY ***
Total pot $1 | Rake $0 
Seat 5: LuckyShikari
Seat 1: MaRKiToScoK folded before Flop (didn't bet)
Seat 2: G.HANSEN333 (button) folded before Flop (didn't bet)
Seat 3: Pedi4tan (small blind) folded before Flop
Seat 4: 50CandyJoe (big blind) collected ($1)
Seat 6: Dantepoke226 folded before Flop (didn't bet)



PokerStars Hand #254202830934:  Hold'em No Limit ($0.50/$1.00 USD) - 2025/01/04 3:28:21 WET [2025/01/04 22:28:21 ET]
Table 'Williams' 6-max Seat #3 is the button
Seat 1: MaRKiToScoK ($103.50 in chips) 
Seat 2: G.HANSEN333 ($109.18 in chips) 
Seat 3: Pedi4tan ($41.21 in chips) 
Seat 4: 50CandyJoe ($200.80 in chips) 
Seat 5: LuckyShikari ($100 in chips) 
Seat 6: Dantepoke226 ($155.06 in chips) 
50CandyJoe: posts small blind $0.50
LuckyShikari: posts big blind $1
*** HOLE CARDS ***
Dantepoke226: folds 
MaRKiToScoK: folds 
G.HANSEN333: folds 
Pedi4tan: folds 
50CandyJoe: folds 
Uncalled bet ($0.50) returned to LuckyShikari
LuckyShikari collected $1 from pot
LuckyShikari: doesn't show hand 
*** SUMMARY ***
Total pot $1 | Rake $0 
Seat 1: MaRKiToScoK folded before Flop (didn't bet)
Seat 2: G.HANSEN333 folded before Flop (didn't bet)
Seat 3: Pedi4tan (button) folded before Flop (didn't bet)
Seat 4: 50CandyJoe (small blind) folded before Flop
Seat 5: LuckyShikari (big blind) collected ($1)
Seat 6: Dantepoke226 folded before Flop (didn't bet)



PokerStars Hand #254202833945:  Hold'em No Limit ($0.50/$1.00 USD) - 2025/01/04 3:28:41 WET [2025/01/04 22:28:41 ET]
Table 'Williams' 6-max Seat #4 is the button
Seat 1: MaRKiToScoK ($103.50 in chips) 
Seat 2: G.HANSEN333 ($109.18 in chips) 
Seat 3: Pedi4tan ($41.21 in chips) 
Seat 4: 50CandyJoe ($200.30 in chips) 
Seat 5: LuckyShikari ($100.50 in chips) 
Seat 6: Dantepoke226 ($155.06 in chips) 
LuckyShikari: posts small blind $0.50
Dantepoke226: posts big blind $1
*** HOLE CARDS ***
MaRKiToScoK: raises $1.10 to $2.10
G.HANSEN333: folds 
Pedi4tan: calls $2.10
50CandyJoe: folds 
LuckyShikari: folds 
Dantepoke226: folds 
*** FLOP *** [Jc Jd 2c]
MaRKiToScoK: bets $1.63
Pedi4tan: folds 
Uncalled bet ($1.63) returned to MaRKiToScoK
MaRKiToScoK collected $5.42 from pot
*** SUMMARY ***
Total pot $5.70 | Rake $0.28 
Board [Jc Jd 2c]
Seat 1: MaRKiToScoK collected ($5.42)
Seat 2: G.HANSEN333 folded before Flop (didn't bet)
Seat 3: Pedi4tan folded on the Flop
Seat 4: 50CandyJoe (button) folded before Flop (didn't bet)
Seat 5: LuckyShikari (small blind) folded before Flop
Seat 6: Dantepoke226 (big blind) folded before Flop



PokerStars Hand #254202838867:  Hold'em No Limit ($0.50/$1.00 USD) - 2025/01/04 3:29:15 WET [2025/01/04 22:29:15 ET]
Table 'Williams' 6-max Seat #5 is the button
Seat 1: MaRKiToScoK ($106.82 in chips) 
Seat 2: G.HANSEN333 ($109.18 in chips) 
Seat 3: Pedi4tan ($39.11 in chips) 
Seat 4: 50CandyJoe ($200.30 in chips) 
Seat 5: LuckyShikari ($100 in chips) 
Seat 6: Dantepoke226 ($154.06 in chips) 
Dantepoke226: posts small blind $0.50
MaRKiToScoK: posts big blind $1
*** HOLE CARDS ***
G.HANSEN333: folds 
Pedi4tan: folds 
50CandyJoe: raises $1.20 to $2.20
LuckyShikari: folds 
Dantepoke226: folds 
MaRKiToScoK: calls $1.20
*** FLOP *** [6d 4c 9d]
MaRKiToScoK: checks 
50CandyJoe: checks 
*** TURN *** [6d 4c 9d] [Jd]
MaRKiToScoK: checks 
50CandyJoe: checks 
*** RIVER *** [6d 4c 9d Jd] [Kc]
MaRKiToScoK: checks 
50CandyJoe: bets $1.54
MaRKiToScoK: folds 
Uncalled bet ($1.54) returned to 50CandyJoe
50CandyJoe collected $4.66 from pot
50CandyJoe: doesn't show hand 
*** SUMMARY ***
Total pot $4.90 | Rake $0.24 
Board [6d 4c 9d Jd Kc]
Seat 1: MaRKiToScoK (big blind) folded on the River
Seat 2: G.HANSEN333 folded before Flop (didn't bet)
Seat 3: Pedi4tan folded before Flop (didn't bet)
Seat 4: 50CandyJoe collected ($4.66)
Seat 5: LuckyShikari (button) folded before Flop (didn't bet)
Seat 6: Dantepoke226 (small blind) folded before Flop



PokerStars Hand #254202846046:  Hold'em No Limit ($0.50/$1.00 USD) - 2025/01/04 3:30:04 WET [2025/01/04 22:30:04 ET]
Table 'Williams' 6-max Seat #6 is the button
Seat 1: MaRKiToScoK ($104.62 in chips) 
Seat 2: G.HANSEN333 ($109.18 in chips) 
Seat 3: Pedi4tan ($39.11 in chips) 
Seat 4: 50CandyJoe ($202.76 in chips) 
Seat 5: LuckyShikari ($100 in chips) 
Seat 6: Dantepoke226 ($153.56 in chips) 
MaRKiToScoK: posts small blind $0.50
G.HANSEN333: posts big blind $1
*** HOLE CARDS ***
Pedi4tan has timed out
Pedi4tan: folds 
50CandyJoe: folds 
LuckyShikari: folds 
Pedi4tan leaves the table
Dantepoke226: raises $1.50 to $2.50
MaRKiToScoK: raises $8.50 to $11
G.HANSEN333: folds 
Dantepoke226: folds 
Uncalled bet ($8.50) returned to MaRKiToScoK
MaRKiToScoK collected $6 from pot
*** SUMMARY ***
Total pot $6 | Rake $0 
Seat 1: MaRKiToScoK (small blind) collected ($6)
Seat 2: G.HANSEN333 (big blind) folded before Flop
Seat 3: Pedi4tan folded before Flop (didn't bet)
Seat 4: 50CandyJoe folded before Flop (didn't bet)
Seat 5: LuckyShikari folded before Flop (didn't bet)
Seat 6: Dantepoke226 (button) folded before Flop



PokerStars Hand #254202851597:  Hold'em No Limit ($0.50/$1.00 USD) - 2025/01/04 3:30:42 WET [2025/01/04 22:30:42 ET]
Table 'Williams' 6-max Seat #1 is the button
Seat 1: MaRKiToScoK ($108.12 in chips) 
Seat 2: G.HANSEN333 ($108.18 in chips) 
Seat 4: 50CandyJoe ($202.76 in chips) 
Seat 5: LuckyShikari ($100 in chips) 
Seat 6: Dantepoke226 ($151.06 in chips) 
G.HANSEN333: posts small blind $0.50
50CandyJoe: posts big blind $1
*** HOLE CARDS ***
LuckyShikari: raises $1.50 to $2.50
Dantepoke226: raises $5 to $7.50
MaRKiToScoK: folds 
G.HANSEN333: folds 
50CandyJoe: folds 
LuckyShikari: calls $5
*** FLOP *** [Js 2s 9h]
LuckyShikari: checks 
Dantepoke226: bets $5.17
LuckyShikari: raises $14.83 to $20
Dantepoke226: folds 
Uncalled bet ($14.83) returned to LuckyShikari
LuckyShikari collected $25.50 from pot
LuckyShikari: doesn't show hand 
*** SUMMARY ***
Total pot $26.84 | Rake $1.34 
Board [Js 2s 9h]
Seat 1: MaRKiToScoK (button) folded before Flop (didn't bet)
Seat 2: G.HANSEN333 (small blind) folded before Flop
Seat 4: 50CandyJoe (big blind) folded before Flop
Seat 5: LuckyShikari collected ($25.50)
Seat 6: Dantepoke226 folded on the Flop



PokerStars Hand #254202859779:  Hold'em No Limit ($0.50/$1.00 USD) - 2025/01/04 3:31:39 WET [2025/01/04 22:31:39 ET]
Table 'Williams' 6-max Seat #5 is the button
Seat 1: MaRKiToScoK ($108.12 in chips) is sitting out
Seat 6: Dantepoke226 ($138.39 in chips) is sitting out
Seat 2: G.HANSEN333 ($107.68 in chips) 
Seat 5: LuckyShikari ($112.83 in chips) 
50CandyJoe leaves the table
LuckyShikari: posts small blind $0.50
Dantepoke226: is sitting out 
MaRKiToScoK: is sitting out 
Dantepoke226 leaves the table
G.HANSEN333: posts big blind $1
*** HOLE CARDS ***
LuckyShikari: raises $1.50 to $2.50
MaRKiToScoK leaves the table
G.HANSEN333: folds 
Uncalled bet ($1.50) returned to LuckyShikari
LuckyShikari collected $2 from pot
LuckyShikari: doesn't show hand 
*** SUMMARY ***
Total pot $2 | Rake $0 
Seat 1: MaRKiToScoK
Seat 6: Dantepoke226
Seat 2: G.HANSEN333 (big blind) folded before Flop
Seat 5: LuckyShikari (button) (small blind) collected ($2)



PokerStars Hand #254202875927:  Hold'em No Limit ($0.50/$1.00 USD) - 2025/01/04 3:33:31 WET [2025/01/04 22:33:31 ET]
Table 'Williams' 6-max Seat #6 is the button
Seat 5: LuckyShikari ($113.83 in chips) is sitting out
Seat 1: Gfoer ($100 in chips) 
Seat 2: G.HANSEN333 ($106.68 in chips) 
Seat 3: Jackso031117 ($100 in chips) 
Seat 4: G.Andrei95 ($100 in chips) 
Seat 6: rao999 ($100 in chips) 
Gfoer: posts small blind $0.50
G.HANSEN333: posts big blind $1
*** HOLE CARDS ***
Jackso031117: folds 
G.Andrei95: folds 
rao999: raises $1 to $2
Gfoer: folds 
G.HANSEN333: folds 
Uncalled bet ($1) returned to rao999
rao999 collected $2.50 from pot
rao999: doesn't show hand 
*** SUMMARY ***
Total pot $2.50 | Rake $0 
Seat 5: LuckyShikari
Seat 1: Gfoer (small blind) folded before Flop
Seat 2: G.HANSEN333 (big blind) folded before Flop
Seat 3: Jackso031117 folded before Flop (didn't bet)
Seat 4: G.Andrei95 folded before Flop (didn't bet)
Seat 6: rao999 (button) collected ($2.50)



PokerStars Hand #254202877859:  Hold'em No Limit ($0.50/$1.00 USD) - 2025/01/04 3:33:45 WET [2025/01/04 22:33:45 ET]
Table 'Williams' 6-max Seat #1 is the button
Seat 5: LuckyShikari ($113.83 in chips) is sitting out
Seat 1: Gfoer ($100 in chips) 
Seat 2: G.HANSEN333 ($105.68 in chips) 
Seat 3: Jackso031117 ($100 in chips) 
Seat 4: G.Andrei95 ($100 in chips) 
Seat 6: rao999 ($101.50 in chips) 
G.HANSEN333: posts small blind $0.50
Jackso031117: posts big blind $1
*** HOLE CARDS ***
G.Andrei95: raises $1.50 to $2.50
rao999: folds 
Gfoer: folds 
G.HANSEN333: folds 
Jackso031117: calls $1.50
*** FLOP *** [5d 3d 9s]
Jackso031117: checks 
LuckyShikari leaves the table
G.Andrei95: checks 
*** TURN *** [5d 3d 9s] [2d]
reeqar joins the table at seat #5 
Jackso031117: bets $2.61
G.Andrei95: calls $2.61
*** RIVER *** [5d 3d 9s 2d] [4h]
Jackso031117: bets $10.18
G.Andrei95: calls $10.18
*** SHOW DOWN ***
Jackso031117: shows [4c 6d] (a straight, Deuce to Six)
G.Andrei95: mucks hand 
Jackso031117 collected $29.53 from pot
*** SUMMARY ***
Total pot $31.08 | Rake $1.55 
Board [5d 3d 9s 2d 4h]
Seat 5: LuckyShikari
Seat 1: Gfoer (button) folded before Flop (didn't bet)
Seat 2: G.HANSEN333 (small blind) folded before Flop
Seat 3: Jackso031117 (big blind) showed [4c 6d] and won ($29.53) with a straight, Deuce to Six
Seat 4: G.Andrei95 mucked
Seat 6: rao999 folded before Flop (didn't bet)



PokerStars Hand #254202885970:  Hold'em No Limit ($0.50/$1.00 USD) - 2025/01/04 3:34:41 WET [2025/01/04 22:34:41 ET]
Table 'Williams' 6-max Seat #2 is the button
Seat 5: reeqar ($100 in chips) is sitting out
Seat 1: Gfoer ($100 in chips) 
Seat 2: G.HANSEN333 ($105.18 in chips) 
Seat 3: Jackso031117 ($114.24 in chips) 
Seat 4: G.Andrei95 ($100 in chips) 
Seat 6: rao999 ($101.50 in chips) 
Jackso031117: posts small blind $0.50
G.Andrei95: posts big blind $1
reeqar: sits out 
*** HOLE CARDS ***
rao999: raises $1.50 to $2.50
Gfoer: folds 
G.HANSEN333: folds 
Jackso031117: calls $2
G.Andrei95: calls $1.50
*** FLOP *** [Ks 9s 3d]
Jackso031117: checks 
G.Andrei95: checks 
rao999: checks 
*** TURN *** [Ks 9s 3d] [6d]
Jackso031117: checks 
G.Andrei95: bets $10
rao999: folds 
Jackso031117: folds 
Uncalled bet ($10) returned to G.Andrei95
G.Andrei95 collected $7.12 from pot
G.Andrei95: doesn't show hand 
*** SUMMARY ***
Total pot $7.50 | Rake $0.38 
Board [Ks 9s 3d 6d]
Seat 5: reeqar
Seat 1: Gfoer folded before Flop (didn't bet)
Seat 2: G.HANSEN333 (button) folded before Flop (didn't bet)
Seat 3: Jackso031117 (small blind) folded on the Turn
Seat 4: G.Andrei95 (big blind) collected ($7.12)
Seat 6: rao999 folded on the Turn



PokerStars Hand #254202890512:  Hold'em No Limit ($0.50/$1.00 USD) - 2025/01/04 3:35:13 WET [2025/01/04 22:35:13 ET]
Table 'Williams' 6-max Seat #3 is the button
Seat 1: Gfoer ($100 in chips) 
Seat 2: G.HANSEN333 ($105.18 in chips) 
Seat 3: Jackso031117 ($111.74 in chips) 
Seat 4: G.Andrei95 ($104.62 in chips) 
Seat 5: reeqar ($100 in chips) 
Seat 6: rao999 ($100 in chips) 
G.Andrei95: posts small blind $0.50
reeqar: posts big blind $1
*** HOLE CARDS ***
rao999: folds 
Gfoer: folds 
G.HANSEN333: folds 
Jackso031117: folds 
G.Andrei95: raises $2 to $3
reeqar: raises $6 to $9
G.Andrei95: raises $12 to $21
reeqar: raises $79 to $100 and is all-in
G.Andrei95: folds 
Uncalled bet ($79) returned to reeqar
reeqar collected $42 from pot
reeqar: doesn't show hand 
*** SUMMARY ***
Total pot $42 | Rake $0 
Seat 1: Gfoer folded before Flop (didn't bet)
Seat 2: G.HANSEN333 folded before Flop (didn't bet)
Seat 3: Jackso031117 (button) folded before Flop (didn't bet)
Seat 4: G.Andrei95 (small blind) folded before Flop
Seat 5: reeqar (big blind) collected ($42)
Seat 6: rao999 folded before Flop (didn't bet)



PokerStars Hand #254202898557:  Hold'em No Limit ($0.50/$1.00 USD) - 2025/01/04 3:36:09 WET [2025/01/04 22:36:09 ET]
Table 'Williams' 6-max Seat #4 is the button
Seat 1: Gfoer ($100 in chips) 
Seat 2: G.HANSEN333 ($105.18 in chips) 
Seat 3: Jackso031117 ($111.74 in chips) 
Seat 4: G.Andrei95 ($100 in chips) 
Seat 5: reeqar ($121 in chips) 
Seat 6: rao999 ($100 in chips) 
reeqar: posts small blind $0.50
rao999: posts big blind $1
*** HOLE CARDS ***
Gfoer: folds 
G.HANSEN333: folds 
Jackso031117: folds 
G.Andrei95: folds 
reeqar: folds 
Uncalled bet ($0.50) returned to rao999
rao999 collected $1 from pot
rao999: doesn't show hand 
*** SUMMARY ***
Total pot $1 | Rake $0 
Seat 1: Gfoer folded before Flop (didn't bet)
Seat 2: G.HANSEN333 folded before Flop (didn't bet)
Seat 3: Jackso031117 folded before Flop (didn't bet)
Seat 4: G.Andrei95 (button) folded before Flop (didn't bet)
Seat 5: reeqar (small blind) folded before Flop
Seat 6: rao999 (big blind) collected ($1)



PokerStars Hand #254202901094:  Hold'em No Limit ($0.50/$1.00 USD) - 2025/01/04 3:36:27 WET [2025/01/04 22:36:27 ET]
Table 'Williams' 6-max Seat #5 is the button
Seat 1: Gfoer ($100 in chips) 
Seat 2: G.HANSEN333 ($105.18 in chips) 
Seat 3: Jackso031117 ($111.74 in chips) 
Seat 4: G.Andrei95 ($100 in chips) 
Seat 5: reeqar ($120.50 in chips) 
Seat 6: rao999 ($100.50 in chips) 
rao999: posts small blind $0.50
Gfoer: posts big blind $1
*** HOLE CARDS ***
G.HANSEN333: folds 
Jackso031117: folds 
G.Andrei95: raises $1.50 to $2.50
reeqar: folds 
rao999: folds 
Gfoer: folds 
Uncalled bet ($1.50) returned to G.Andrei95
G.Andrei95 collected $2.50 from pot
G.Andrei95: doesn't show hand 
*** SUMMARY ***
Total pot $2.50 | Rake $0 
Seat 1: Gfoer (big blind) folded before Flop
Seat 2: G.HANSEN333 folded before Flop (didn't bet)
Seat 3: Jackso031117 folded before Flop (didn't bet)
Seat 4: G.Andrei95 collected ($2.50)
Seat 5: reeqar (button) folded before Flop (didn't bet)
Seat 6: rao999 (small blind) folded before Flop



PokerStars Hand #254202903589:  Hold'em No Limit ($0.50/$1.00 USD) - 2025/01/04 3:36:44 WET [2025/01/04 22:36:44 ET]
Table 'Williams' 6-max Seat #6 is the button
Seat 1: Gfoer ($100 in chips) 
Seat 2: G.HANSEN333 ($105.18 in chips) 
Seat 3: Jackso031117 ($111.74 in chips) 
Seat 4: G.Andrei95 ($101.50 in chips) 
Seat 5: reeqar ($120.50 in chips) 
Seat 6: rao999 ($100 in chips) 
Gfoer: posts small blind $0.50
G.HANSEN333: posts big blind $1
*** HOLE CARDS ***
Jackso031117: folds 
G.Andrei95: folds 
reeqar: folds 
rao999: folds 
Gfoer: folds 
Uncalled bet ($0.50) returned to G.HANSEN333
G.HANSEN333 collected $1 from pot
G.HANSEN333: doesn't show hand 
*** SUMMARY ***
Total pot $1 | Rake $0 
Seat 1: Gfoer (small blind) folded before Flop
Seat 2: G.HANSEN333 (big blind) collected ($1)
Seat 3: Jackso031117 folded before Flop (didn't bet)
Seat 4: G.Andrei95 folded before Flop (didn't bet)
Seat 5: reeqar folded before Flop (didn't bet)
Seat 6: rao999 (button) folded before Flop (didn't bet)



PokerStars Hand #254202905953:  Hold'em No Limit ($0.50/$1.00 USD) - 2025/01/04 3:37:01 WET [2025/01/04 22:37:01 ET]
Table 'Williams' 6-max Seat #1 is the button
Seat 1: Gfoer ($100 in chips) 
Seat 2: G.HANSEN333 ($105.68 in chips) 
Seat 3: Jackso031117 ($111.74 in chips) 
Seat 4: G.Andrei95 ($101.50 in chips) 
Seat 5: reeqar ($120.50 in chips) 
Seat 6: rao999 ($100 in chips) 
G.HANSEN333: posts small blind $0.50
Jackso031117: posts big blind $1
*** HOLE CARDS ***
G.Andrei95: folds 
reeqar: folds 
rao999: raises $1 to $2
Gfoer: raises $6 to $8
G.HANSEN333: folds 
Jackso031117: folds 
rao999: folds 
Uncalled bet ($6) returned to Gfoer
Gfoer collected $5.50 from pot
Gfoer: doesn't show hand 
*** SUMMARY ***
Total pot $5.50 | Rake $0 
Seat 1: Gfoer (button) collected ($5.50)
Seat 2: G.HANSEN333 (small blind) folded before Flop
Seat 3: Jackso031117 (big blind) folded before Flop
Seat 4: G.Andrei95 folded before Flop (didn't bet)
Seat 5: reeqar folded before Flop (didn't bet)
Seat 6: rao999 folded before Flop



PokerStars Hand #254202910692:  Hold'em No Limit ($0.50/$1.00 USD) - 2025/01/04 3:37:34 WET [2025/01/04 22:37:34 ET]
Table 'Williams' 6-max Seat #2 is the button
Seat 1: Gfoer ($103.50 in chips) 
Seat 2: G.HANSEN333 ($105.18 in chips) 
Seat 3: Jackso031117 ($110.74 in chips) 
Seat 4: G.Andrei95 ($101.50 in chips) 
Seat 5: reeqar ($120.50 in chips) 
Seat 6: rao999 ($100 in chips) 
Jackso031117: posts small blind $0.50
G.Andrei95: posts big blind $1
*** HOLE CARDS ***
reeqar: raises $1.50 to $2.50
rao999: folds 
Gfoer: folds 
G.HANSEN333: folds 
Jackso031117: folds 
G.Andrei95: calls $1.50
*** FLOP *** [Jd Jc 3d]
G.Andrei95: checks 
reeqar: bets $1.72
G.Andrei95: folds 
Uncalled bet ($1.72) returned to reeqar
reeqar collected $5.22 from pot
reeqar: doesn't show hand 
*** SUMMARY ***
Total pot $5.50 | Rake $0.28 
Board [Jd Jc 3d]
Seat 1: Gfoer folded before Flop (didn't bet)
Seat 2: G.HANSEN333 (button) folded before Flop (didn't bet)
Seat 3: Jackso031117 (small blind) folded before Flop
Seat 4: G.Andrei95 (big blind) folded on the Flop
Seat 5: reeqar collected ($5.22)
Seat 6: rao999 folded before Flop (didn't bet)



PokerStars Hand #254202914717:  Hold'em No Limit ($0.50/$1.00 USD) - 2025/01/04 3:38:02 WET [2025/01/04 22:38:02 ET]
Table 'Williams' 6-max Seat #3 is the button
Seat 1: Gfoer ($103.50 in chips) 
Seat 2: G.HANSEN333 ($105.18 in chips) 
Seat 3: Jackso031117 ($110.24 in chips) 
Seat 4: G.Andrei95 ($100 in chips) 
Seat 5: reeqar ($123.22 in chips) 
Seat 6: rao999 ($100 in chips) 
G.Andrei95: posts small blind $0.50
reeqar: posts big blind $1
*** HOLE CARDS ***
rao999: folds 
Gfoer: folds 
G.HANSEN333: folds 
Jackso031117: folds 
G.Andrei95: folds 
Uncalled bet ($0.50) returned to reeqar
reeqar collected $1 from pot
reeqar: doesn't show hand 
*** SUMMARY ***
Total pot $1 | Rake $0 
Seat 1: Gfoer folded before Flop (didn't bet)
Seat 2: G.HANSEN333 folded before Flop (didn't bet)
Seat 3: Jackso031117 (button) folded before Flop (didn't bet)
Seat 4: G.Andrei95 (small blind) folded before Flop
Seat 5: reeqar (big blind) collected ($1)
Seat 6: rao999 folded before Flop (didn't bet)



PokerStars Hand #254202917408:  Hold'em No Limit ($0.50/$1.00 USD) - 2025/01/04 3:38:21 WET [2025/01/04 22:38:21 ET]
Table 'Williams' 6-max Seat #4 is the button
Seat 1: Gfoer ($103.50 in chips) 
Seat 2: G.HANSEN333 ($105.18 in chips) 
Seat 3: Jackso031117 ($110.24 in chips) 
Seat 4: G.Andrei95 ($100 in chips) 
Seat 5: reeqar ($123.72 in chips) 
Seat 6: rao999 ($100 in chips) 
reeqar: posts small blind $0.50
rao999: posts big blind $1
*** HOLE CARDS ***
Gfoer: folds 
G.HANSEN333: raises $1.50 to $2.50
Jackso031117: folds 
G.Andrei95: folds 
reeqar: folds 
rao999: folds 
Uncalled bet ($1.50) returned to G.HANSEN333
G.HANSEN333 collected $2.50 from pot
G.HANSEN333: doesn't show hand 
*** SUMMARY ***
Total pot $2.50 | Rake $0 
Seat 1: Gfoer folded before Flop (didn't bet)
Seat 2: G.HANSEN333 collected ($2.50)
Seat 3: Jackso031117 folded before Flop (didn't bet)
Seat 4: G.Andrei95 (button) folded before Flop (didn't bet)
Seat 5: reeqar (small blind) folded before Flop
Seat 6: rao999 (big blind) folded before Flop



PokerStars Hand #254202919836:  Hold'em No Limit ($0.50/$1.00 USD) - 2025/01/04 3:38:38 WET [2025/01/04 22:38:38 ET]
Table 'Williams' 6-max Seat #5 is the button
Seat 1: Gfoer ($103.50 in chips) is sitting out
Seat 2: G.HANSEN333 ($106.68 in chips) 
Seat 3: Jackso031117 ($110.24 in chips) 
Seat 4: G.Andrei95 ($100 in chips) 
Seat 5: reeqar ($123.22 in chips) 
Seat 6: rao999 ($100 in chips) 
rao999: posts small blind $0.50
Gfoer: is sitting out 
G.HANSEN333: posts big blind $1
*** HOLE CARDS ***
Jackso031117: folds 
G.Andrei95: folds 
reeqar: folds 
rao999: folds 
Uncalled bet ($0.50) returned to G.HANSEN333
G.HANSEN333 collected $1 from pot
G.HANSEN333: doesn't show hand 
*** SUMMARY ***
Total pot $1 | Rake $0 
Seat 1: Gfoer
Seat 2: G.HANSEN333 (big blind) collected ($1)
Seat 3: Jackso031117 folded before Flop (didn't bet)
Seat 4: G.Andrei95 folded before Flop (didn't bet)
Seat 5: reeqar (button) folded before Flop (didn't bet)
Seat 6: rao999 (small blind) folded before Flop



PokerStars Hand #254202921295:  Hold'em No Limit ($0.50/$1.00 USD) - 2025/01/04 3:38:48 WET [2025/01/04 22:38:48 ET]
Table 'Williams' 6-max Seat #6 is the button
Seat 1: Gfoer ($103.50 in chips) is sitting out
Seat 2: G.HANSEN333 ($107.18 in chips) 
Seat 3: Jackso031117 ($110.24 in chips) 
Seat 4: G.Andrei95 ($100 in chips) 
Seat 5: reeqar ($123.22 in chips) 
Seat 6: rao999 ($100 in chips) 
G.HANSEN333: posts small blind $0.50
Jackso031117: posts big blind $1
*** HOLE CARDS ***
Gfoer leaves the table
G.Andrei95: folds 
reeqar: raises $1.50 to $2.50
rao999: folds 
G.HANSEN333: folds 
Jackso031117: calls $1.50
*** FLOP *** [4d 3h 8d]
Jackso031117: checks 
reeqar: bets $1.72
Jackso031117: calls $1.72
*** TURN *** [4d 3h 8d] [Ad]
Jackso031117: checks 
abramovich87 joins the table at seat #1 
reeqar: checks 
*** RIVER *** [4d 3h 8d Ad] [Ah]
Jackso031117: checks 
reeqar: checks 
*** SHOW DOWN ***
Jackso031117: shows [4c 7s] (two pair, Aces and Fours)
reeqar: mucks hand 
Jackso031117 collected $8.49 from pot
*** SUMMARY ***
Total pot $8.94 | Rake $0.45 
Board [4d 3h 8d Ad Ah]
Seat 1: Gfoer
Seat 2: G.HANSEN333 (small blind) folded before Flop
Seat 3: Jackso031117 (big blind) showed [4c 7s] and won ($8.49) with two pair, Aces and Fours
Seat 4: G.Andrei95 folded before Flop (didn't bet)
Seat 5: reeqar mucked
Seat 6: rao999 (button) folded before Flop (didn't bet)



PokerStars Hand #254202930642:  Hold'em No Limit ($0.50/$1.00 USD) - 2025/01/04 3:39:54 WET [2025/01/04 22:39:54 ET]
Table 'Williams' 6-max Seat #2 is the button
Seat 1: abramovich87 ($100 in chips) is sitting out
Seat 4: G.Andrei95 ($100 in chips) is sitting out
Seat 2: G.HANSEN333 ($106.68 in chips) 
Seat 3: Jackso031117 ($114.51 in chips) 
Seat 5: reeqar ($119 in chips) 
Seat 6: rao999 ($100 in chips) 
Jackso031117: posts small blind $0.50
G.Andrei95: is sitting out 
reeqar: posts big blind $1
abramovich87: sits out 
*** HOLE CARDS ***
G.Andrei95 leaves the table
LuckyShikari joins the table at seat #4 
rao999 has timed out
rao999: folds 
G.HANSEN333: folds 
Jackso031117: raises $2 to $3
reeqar: calls $2
*** FLOP *** [5c Jc 7h]
Jackso031117: bets $2.85
reeqar: calls $2.85
*** TURN *** [5c Jc 7h] [8s]
Jackso031117: checks 
reeqar: bets $8.34
Jackso031117: folds 
Uncalled bet ($8.34) returned to reeqar
reeqar collected $11.12 from pot
reeqar: doesn't show hand 
*** SUMMARY ***
Total pot $11.70 | Rake $0.58 
Board [5c Jc 7h 8s]
Seat 1: abramovich87
Seat 4: G.Andrei95
Seat 2: G.HANSEN333 (button) folded before Flop (didn't bet)
Seat 3: Jackso031117 (small blind) folded on the Turn
Seat 5: reeqar (big blind) collected ($11.12)
Seat 6: rao999 folded before Flop (didn't bet)



PokerStars Hand #254202941825:  Hold'em No Limit ($0.50/$1.00 USD) - 2025/01/04 3:41:13 WET [2025/01/04 22:41:13 ET]
Table 'Williams' 6-max Seat #3 is the button
Seat 1: abramovich87 ($100 in chips) is sitting out
Seat 4: LuckyShikari ($113.83 in chips) is sitting out
Seat 2: G.HANSEN333 ($106.68 in chips) 
Seat 3: Jackso031117 ($108.66 in chips) 
Seat 5: reeqar ($124.27 in chips) 
Seat 6: rao999 ($100 in chips) 
reeqar: posts small blind $0.50
rao999: posts big blind $1
abramovich87: sits out 
*** HOLE CARDS ***
G.HANSEN333: folds 
Jackso031117: folds 
reeqar: folds 
Uncalled bet ($0.50) returned to rao999
rao999 collected $1 from pot
rao999: doesn't show hand 
*** SUMMARY ***
Total pot $1 | Rake $0 
Seat 1: abramovich87
Seat 4: LuckyShikari
Seat 2: G.HANSEN333 folded before Flop (didn't bet)
Seat 3: Jackso031117 (button) folded before Flop (didn't bet)
Seat 5: reeqar (small blind) folded before Flop
Seat 6: rao999 (big blind) collected ($1)



PokerStars Hand #254202943076:  Hold'em No Limit ($0.50/$1.00 USD) - 2025/01/04 3:41:22 WET [2025/01/04 22:41:22 ET]
Table 'Williams' 6-max Seat #5 is the button
Seat 4: LuckyShikari ($113.83 in chips) is sitting out
Seat 1: abramovich87 ($100 in chips) 
Seat 2: G.HANSEN333 ($106.68 in chips) 
Seat 3: Jackso031117 ($108.66 in chips) 
Seat 5: reeqar ($123.77 in chips) 
Seat 6: rao999 ($100.50 in chips) 
rao999: posts small blind $0.50
abramovich87: posts big blind $1
LuckyShikari: sits out 
*** HOLE CARDS ***
G.HANSEN333: folds 
Jackso031117: folds 
reeqar: folds 
rao999: raises $2 to $3
abramovich87: folds 
Uncalled bet ($2) returned to rao999
rao999 collected $2 from pot
rao999: doesn't show hand 
*** SUMMARY ***
Total pot $2 | Rake $0 
Seat 4: LuckyShikari
Seat 1: abramovich87 (big blind) folded before Flop
Seat 2: G.HANSEN333 folded before Flop (didn't bet)
Seat 3: Jackso031117 folded before Flop (didn't bet)
Seat 5: reeqar (button) folded before Flop (didn't bet)
Seat 6: rao999 (small blind) collected ($2)



PokerStars Hand #254202945951:  Hold'em No Limit ($0.50/$1.00 USD) - 2025/01/04 3:41:42 WET [2025/01/04 22:41:42 ET]
Table 'Williams' 6-max Seat #6 is the button
Seat 4: LuckyShikari ($113.83 in chips) is sitting out
Seat 1: abramovich87 ($100 in chips) 
Seat 2: G.HANSEN333 ($106.68 in chips) 
Seat 3: Jackso031117 ($108.66 in chips) 
Seat 5: reeqar ($123.77 in chips) 
Seat 6: rao999 ($101.50 in chips) 
abramovich87: posts small blind $0.50
G.HANSEN333: posts big blind $1
LuckyShikari: sits out 
*** HOLE CARDS ***
Jackso031117: folds 
reeqar: folds 
rao999: raises $1.50 to $2.50
abramovich87: folds 
G.HANSEN333: folds 
Uncalled bet ($1.50) returned to rao999
rao999 collected $2.50 from pot
rao999: doesn't show hand 
*** SUMMARY ***
Total pot $2.50 | Rake $0 
Seat 4: LuckyShikari
Seat 1: abramovich87 (small blind) folded before Flop
Seat 2: G.HANSEN333 (big blind) folded before Flop
Seat 3: Jackso031117 folded before Flop (didn't bet)
Seat 5: reeqar folded before Flop (didn't bet)
Seat 6: rao999 (button) collected ($2.50)



PokerStars Hand #254202948833:  Hold'em No Limit ($0.50/$1.00 USD) - 2025/01/04 3:42:03 WET [2025/01/04 22:42:03 ET]
Table 'Williams' 6-max Seat #1 is the button
Seat 4: LuckyShikari ($113.83 in chips) is sitting out
Seat 1: abramovich87 ($100 in chips) 
Seat 2: G.HANSEN333 ($105.68 in chips) 
Seat 3: Jackso031117 ($108.66 in chips) 
Seat 5: reeqar ($123.77 in chips) 
Seat 6: rao999 ($103 in chips) 
G.HANSEN333: posts small blind $0.50
Jackso031117: posts big blind $1
LuckyShikari: sits out 
*** HOLE CARDS ***
reeqar: folds 
rao999: raises $1.50 to $2.50
abramovich87: folds 
G.HANSEN333: folds 
Jackso031117: calls $1.50
*** FLOP *** [Ah 3c 2s]
Jackso031117: checks 
rao999: checks 
*** TURN *** [Ah 3c 2s] [5h]
Jackso031117: bets $2.61
rao999: calls $2.61
*** RIVER *** [Ah 3c 2s 5h] [Qc]
Jackso031117: bets $10.18
rao999: calls $10.18
*** SHOW DOWN ***
Jackso031117: shows [4d 2d] (a straight, Ace to Five)
rao999: mucks hand 
Jackso031117 collected $29.53 from pot
*** SUMMARY ***
Total pot $31.08 | Rake $1.55 
Board [Ah 3c 2s 5h Qc]
Seat 4: LuckyShikari
Seat 1: abramovich87 (button) folded before Flop (didn't bet)
Seat 2: G.HANSEN333 (small blind) folded before Flop
Seat 3: Jackso031117 (big blind) showed [4d 2d] and won ($29.53) with a straight, Ace to Five
Seat 5: reeqar folded before Flop (didn't bet)
Seat 6: rao999 mucked



PokerStars Hand #254202954120:  Hold'em No Limit ($0.50/$1.00 USD) - 2025/01/04 3:42:39 WET [2025/01/04 22:42:39 ET]
Table 'Williams' 6-max Seat #2 is the button
Seat 1: abramovich87 ($100 in chips) 
Seat 2: G.HANSEN333 ($105.18 in chips) 
Seat 3: Jackso031117 ($122.90 in chips) 
Seat 4: LuckyShikari ($113.83 in chips) 
Seat 5: reeqar ($123.77 in chips) 
Seat 6: rao999 ($100 in chips) 
Jackso031117: posts small blind $0.50
LuckyShikari: posts big blind $1
*** HOLE CARDS ***
reeqar: folds 
rao999 has timed out
rao999: folds 
abramovich87: folds 
G.HANSEN333: raises $1.50 to $2.50
Jackso031117: folds 
LuckyShikari: raises $8.50 to $11
G.HANSEN333: calls $8.50
*** FLOP *** [Kc Ks Jh]
LuckyShikari: bets $6
G.HANSEN333: calls $6
*** TURN *** [Kc Ks Jh] [4d]
LuckyShikari: bets $10
G.HANSEN333: calls $10
*** RIVER *** [Kc Ks Jh 4d] [4s]
LuckyShikari: bets $17.16
G.HANSEN333: calls $17.16
*** SHOW DOWN ***
LuckyShikari: shows [Qh 5s] (two pair, Kings and Fours)
G.HANSEN333: shows [Ah Jc] (two pair, Kings and Jacks)
G.HANSEN333 collected $86.32 from pot
*** SUMMARY ***
Total pot $88.82 | Rake $2.50 
Board [Kc Ks Jh 4d 4s]
Seat 1: abramovich87 folded before Flop (didn't bet)
Seat 2: G.HANSEN333 (button) showed [Ah Jc] and won ($86.32) with two pair, Kings and Jacks
Seat 3: Jackso031117 (small blind) folded before Flop
Seat 4: LuckyShikari (big blind) showed [Qh 5s] and lost with two pair, Kings and Fours
Seat 5: reeqar folded before Flop (didn't bet)
Seat 6: rao999 folded before Flop (didn't bet)



PokerStars Hand #254202961014:  Hold'em No Limit ($0.50/$1.00 USD) - 2025/01/04 3:43:28 WET [2025/01/04 22:43:28 ET]
Table 'Williams' 6-max Seat #3 is the button
Seat 1: abramovich87 ($100 in chips) 
Seat 2: G.HANSEN333 ($147.34 in chips) 
Seat 3: Jackso031117 ($122.40 in chips) 
Seat 4: LuckyShikari ($100 in chips) 
Seat 5: reeqar ($123.77 in chips) 
Seat 6: rao999 ($100 in chips) 
LuckyShikari: posts small blind $0.50
reeqar: posts big blind $1
*** HOLE CARDS ***
rao999: folds 
abramovich87: folds 
G.HANSEN333: folds 
Jackso031117: raises $1.50 to $2.50
LuckyShikari: folds 
reeqar: calls $1.50
*** FLOP *** [4h Kc 7d]
reeqar: checks 
Jackso031117: checks 
*** TURN *** [4h Kc 7d] [2h]
reeqar: bets $3.92
Jackso031117: folds 
Uncalled bet ($3.92) returned to reeqar
reeqar collected $5.22 from pot
reeqar: doesn't show hand 
*** SUMMARY ***
Total pot $5.50 | Rake $0.28 
Board [4h Kc 7d 2h]
Seat 1: abramovich87 folded before Flop (didn't bet)
Seat 2: G.HANSEN333 folded before Flop (didn't bet)
Seat 3: Jackso031117 (button) folded on the Turn
Seat 4: LuckyShikari (small blind) folded before Flop
Seat 5: reeqar (big blind) collected ($5.22)
Seat 6: rao999 folded before Flop (didn't bet)



PokerStars Hand #254202967453:  Hold'em No Limit ($0.50/$1.00 USD) - 2025/01/04 3:44:14 WET [2025/01/04 22:44:14 ET]
Table 'Williams' 6-max Seat #4 is the button
Seat 1: abramovich87 ($100 in chips) 
Seat 2: G.HANSEN333 ($147.34 in chips) 
Seat 3: Jackso031117 ($119.90 in chips) 
Seat 4: LuckyShikari ($100 in chips) 
Seat 5: reeqar ($126.49 in chips) 
Seat 6: rao999 ($100 in chips) 
reeqar: posts small blind $0.50
rao999: posts big blind $1
*** HOLE CARDS ***
abramovich87: folds 
G.HANSEN333: folds 
Jackso031117: folds 
LuckyShikari: folds 
reeqar: raises $2 to $3
rao999: raises $7 to $10
reeqar: folds 
Uncalled bet ($7) returned to rao999
rao999 collected $6 from pot
rao999: doesn't show hand 
*** SUMMARY ***
Total pot $6 | Rake $0 
Seat 1: abramovich87 folded before Flop (didn't bet)
Seat 2: G.HANSEN333 folded before Flop (didn't bet)
Seat 3: Jackso031117 folded before Flop (didn't bet)
Seat 4: LuckyShikari (button) folded before Flop (didn't bet)
Seat 5: reeqar (small blind) folded before Flop
Seat 6: rao999 (big blind) collected ($6)



PokerStars Hand #254202971479:  Hold'em No Limit ($0.50/$1.00 USD) - 2025/01/04 3:44:43 WET [2025/01/04 22:44:43 ET]
Table 'Williams' 6-max Seat #5 is the button
Seat 1: abramovich87 ($100 in chips) 
Seat 2: G.HANSEN333 ($147.34 in chips) 
Seat 3: Jackso031117 ($119.90 in chips) 
Seat 4: LuckyShikari ($100 in chips) 
Seat 5: reeqar ($123.49 in chips) 
Seat 6: rao999 ($103 in chips) 
rao999: posts small blind $0.50
abramovich87: posts big blind $1
*** HOLE CARDS ***
G.HANSEN333: folds 
G.HANSEN333 leaves the table
Jackso031117: folds 
LuckyShikari: raises $1.50 to $2.50
reeqar: folds 
rao999: folds 
abramovich87: folds 
Uncalled bet ($1.50) returned to LuckyShikari
LuckyShikari collected $2.50 from pot
LuckyShikari: doesn't show hand 
*** SUMMARY ***
Total pot $2.50 | Rake $0 
Seat 1: abramovich87 (big blind) folded before Flop
Seat 2: G.HANSEN333 folded before Flop (didn't bet)
Seat 3: Jackso031117 folded before Flop (didn't bet)
Seat 4: LuckyShikari collected ($2.50)
Seat 5: reeqar (button) folded before Flop (didn't bet)
Seat 6: rao999 (small blind) folded before Flop



PokerStars Hand #254202975045:  Hold'em No Limit ($0.50/$1.00 USD) - 2025/01/04 3:45:08 WET [2025/01/04 22:45:08 ET]
Table 'Williams' 6-max Seat #6 is the button
Seat 1: abramovich87 ($100 in chips) 
Seat 3: Jackso031117 ($119.90 in chips) 
Seat 4: LuckyShikari ($101.50 in chips) 
Seat 5: reeqar ($123.49 in chips) 
Seat 6: rao999 ($102.50 in chips) 
abramovich87: posts small blind $0.50
Jackso031117: posts big blind $1
*** HOLE CARDS ***
LuckyShikari: folds 
reeqar: raises $1.50 to $2.50
rao999: folds 
abramovich87: folds 
Jackso031117: folds 
Uncalled bet ($1.50) returned to reeqar
reeqar collected $2.50 from pot
reeqar: doesn't show hand 
*** SUMMARY ***
Total pot $2.50 | Rake $0 
Seat 1: abramovich87 (small blind) folded before Flop
Seat 3: Jackso031117 (big blind) folded before Flop
Seat 4: LuckyShikari folded before Flop (didn't bet)
Seat 5: reeqar collected ($2.50)
Seat 6: rao999 (button) folded before Flop (didn't bet)



PokerStars Hand #254202976889:  Hold'em No Limit ($0.50/$1.00 USD) - 2025/01/04 3:45:20 WET [2025/01/04 22:45:20 ET]
Table 'Williams' 6-max Seat #1 is the button
Seat 1: abramovich87 ($100 in chips) 
Seat 3: Jackso031117 ($118.90 in chips) 
Seat 4: LuckyShikari ($101.50 in chips) 
Seat 5: reeqar ($124.99 in chips) 
Seat 6: rao999 ($102.50 in chips) 
Jackso031117: posts small blind $0.50
LuckyShikari: posts big blind $1
*** HOLE CARDS ***
reeqar: folds 
rao999: folds 
abramovich87: raises $2 to $3
Jackso031117: calls $2.50
Rysiff joins the table at seat #2 
LuckyShikari: folds 
*** FLOP *** [Js 5c 2s]
Jackso031117: checks 
abramovich87: bets $2.19
Jackso031117: calls $2.19
*** TURN *** [Js 5c 2s] [2c]
Jackso031117: checks 
abramovich87: bets $3
Jackso031117: calls $3
*** RIVER *** [Js 5c 2s 2c] [8c]
Jackso031117: checks 
abramovich87: checks 
*** SHOW DOWN ***
Jackso031117: shows [Ks Ad] (a pair of Deuces)
abramovich87: shows [Ah Kc] (a pair of Deuces)
Jackso031117 collected $8.26 from pot
abramovich87 collected $8.25 from pot
*** SUMMARY ***
Total pot $17.38 | Rake $0.87 
Board [Js 5c 2s 2c 8c]
Seat 1: abramovich87 (button) showed [Ah Kc] and won ($8.25) with a pair of Deuces
Seat 3: Jackso031117 (small blind) showed [Ks Ad] and won ($8.26) with a pair of Deuces
Seat 4: LuckyShikari (big blind) folded before Flop
Seat 5: reeqar folded before Flop (didn't bet)
Seat 6: rao999 folded before Flop (didn't bet)



PokerStars Hand #254202982507:  Hold'em No Limit ($0.50/$1.00 USD) - 2025/01/04 3:46:00 WET [2025/01/04 22:46:00 ET]
Table 'Williams' 6-max Seat #3 is the button
Seat 2: Rysiff ($100 in chips) is sitting out
Seat 1: abramovich87 ($100.06 in chips) 
Seat 3: Jackso031117 ($118.97 in chips) 
Seat 4: LuckyShikari ($100.50 in chips) 
Seat 5: reeqar ($124.99 in chips) 
Seat 6: rao999 ($102.50 in chips) 
LuckyShikari: posts small blind $0.50
reeqar: posts big blind $1
Rysiff: sits out 
*** HOLE CARDS ***
rao999: folds 
abramovich87: folds 
Jackso031117: folds 
LuckyShikari: raises $1.20 to $2.20
reeqar: raises $6.80 to $9
LuckyShikari: folds 
Uncalled bet ($6.80) returned to reeqar
reeqar collected $4.40 from pot
reeqar: doesn't show hand 
*** SUMMARY ***
Total pot $4.40 | Rake $0 
Seat 2: Rysiff
Seat 1: abramovich87 folded before Flop (didn't bet)
Seat 3: Jackso031117 (button) folded before Flop (didn't bet)
Seat 4: LuckyShikari (small blind) folded before Flop
Seat 5: reeqar (big blind) collected ($4.40)
Seat 6: rao999 folded before Flop (didn't bet)



PokerStars Hand #254202987327:  Hold'em No Limit ($0.50/$1.00 USD) - 2025/01/04 3:46:35 WET [2025/01/04 22:46:35 ET]
Table 'Williams' 6-max Seat #4 is the button
Seat 2: Rysiff ($100 in chips) is sitting out
Seat 1: abramovich87 ($100.06 in chips) 
Seat 3: Jackso031117 ($118.97 in chips) 
Seat 4: LuckyShikari ($100 in chips) 
Seat 5: reeqar ($127.19 in chips) 
Seat 6: rao999 ($102.50 in chips) 
reeqar: posts small blind $0.50
rao999: posts big blind $1
Rysiff: sits out 
*** HOLE CARDS ***
abramovich87: folds 
Jackso031117: folds 
LuckyShikari: raises $1.20 to $2.20
reeqar: folds 
rao999: calls $1.20
*** FLOP *** [9c Kh 2c]
rao999: checks 
LuckyShikari: checks 
*** TURN *** [9c Kh 2c] [Jh]
rao999: checks 
LuckyShikari: checks 
*** RIVER *** [9c Kh 2c Jh] [5d]
rao999: bets $3.50
LuckyShikari: folds 
Uncalled bet ($3.50) returned to rao999
rao999 collected $4.66 from pot
rao999: doesn't show hand 
*** SUMMARY ***
Total pot $4.90 | Rake $0.24 
Board [9c Kh 2c Jh 5d]
Seat 2: Rysiff
Seat 1: abramovich87 folded before Flop (didn't bet)
Seat 3: Jackso031117 folded before Flop (didn't bet)
Seat 4: LuckyShikari (button) folded on the River
Seat 5: reeqar (small blind) folded before Flop
Seat 6: rao999 (big blind) collected ($4.66)



PokerStars Hand #254202993610:  Hold'em No Limit ($0.50/$1.00 USD) - 2025/01/04 3:47:21 WET [2025/01/04 22:47:21 ET]
Table 'Williams' 6-max Seat #5 is the button
Seat 2: Rysiff ($100 in chips) is sitting out
Seat 1: abramovich87 ($100.06 in chips) 
Seat 3: Jackso031117 ($118.97 in chips) 
Seat 4: LuckyShikari ($100 in chips) 
Seat 5: reeqar ($126.69 in chips) 
Seat 6: rao999 ($104.96 in chips) 
rao999: posts small blind $0.50
abramovich87: posts big blind $1
Rysiff: sits out 
*** HOLE CARDS ***
Jackso031117: folds 
LuckyShikari: folds 
reeqar: raises $1.50 to $2.50
rao999: folds 
abramovich87: calls $1.50
*** FLOP *** [6c 5c 2c]
abramovich87: checks 
reeqar: bets $1.30
abramovich87: calls $1.30
*** TURN *** [6c 5c 2c] [Qd]
abramovich87: checks 
reeqar: bets $5.78
abramovich87: folds 
Uncalled bet ($5.78) returned to reeqar
reeqar collected $7.70 from pot
reeqar: doesn't show hand 
*** SUMMARY ***
Total pot $8.10 | Rake $0.40 
Board [6c 5c 2c Qd]
Seat 2: Rysiff
Seat 1: abramovich87 (big blind) folded on the Turn
Seat 3: Jackso031117 folded before Flop (didn't bet)
Seat 4: LuckyShikari folded before Flop (didn't bet)
Seat 5: reeqar (button) collected ($7.70)
Seat 6: rao999 (small blind) folded before Flop



PokerStars Hand #254203005107:  Hold'em No Limit ($0.50/$1.00 USD) - 2025/01/04 3:48:45 WET [2025/01/04 22:48:45 ET]
Table 'Williams' 6-max Seat #6 is the button
Seat 1: abramovich87 ($100 in chips) 
Seat 2: Rysiff ($100 in chips) 
Seat 3: Jackso031117 ($118.97 in chips) 
Seat 4: LuckyShikari ($100 in chips) 
Seat 5: reeqar ($130.59 in chips) 
Seat 6: rao999 ($104.46 in chips) 
abramovich87: posts small blind $0.50
Rysiff: posts big blind $1
*** HOLE CARDS ***
Jackso031117: raises $2 to $3
LuckyShikari: folds 
reeqar: raises $6 to $9
rao999: folds 
abramovich87: folds 
Rysiff: folds 
Jackso031117: calls $6
*** FLOP *** [9d 3h 4d]
Jackso031117: checks 
reeqar: bets $4.63
Jackso031117: folds 
Uncalled bet ($4.63) returned to reeqar
reeqar collected $18.52 from pot
reeqar: doesn't show hand 
*** SUMMARY ***
Total pot $19.50 | Rake $0.98 
Board [9d 3h 4d]
Seat 1: abramovich87 (small blind) folded before Flop
Seat 2: Rysiff (big blind) folded before Flop
Seat 3: Jackso031117 folded on the Flop
Seat 4: LuckyShikari folded before Flop (didn't bet)
Seat 5: reeqar collected ($18.52)
Seat 6: rao999 (button) folded before Flop (didn't bet)



PokerStars Hand #254203010375:  Hold'em No Limit ($0.50/$1.00 USD) - 2025/01/04 3:49:24 WET [2025/01/04 22:49:24 ET]
Table 'Williams' 6-max Seat #1 is the button
Seat 1: abramovich87 ($100 in chips) 
Seat 2: Rysiff ($100 in chips) 
Seat 3: Jackso031117 ($109.97 in chips) 
Seat 4: LuckyShikari ($100 in chips) 
Seat 5: reeqar ($140.11 in chips) 
Seat 6: rao999 ($104.46 in chips) 
Rysiff: posts small blind $0.50
Jackso031117: posts big blind $1
*** HOLE CARDS ***
LuckyShikari: folds 
reeqar: folds 
rao999: raises $1.50 to $2.50
abramovich87: calls $2.50
Rysiff: folds 
Jackso031117: calls $1.50
*** FLOP *** [Kc Kd Kh]
Jackso031117: checks 
rao999: bets $1.90
abramovich87: raises $5.60 to $7.50
Jackso031117: folds 
rao999: folds 
Uncalled bet ($5.60) returned to abramovich87
abramovich87 collected $11.21 from pot
abramovich87: doesn't show hand 
*** SUMMARY ***
Total pot $11.80 | Rake $0.59 
Board [Kc Kd Kh]
Seat 1: abramovich87 (button) collected ($11.21)
Seat 2: Rysiff (small blind) folded before Flop
Seat 3: Jackso031117 (big blind) folded on the Flop
Seat 4: LuckyShikari folded before Flop (didn't bet)
Seat 5: reeqar folded before Flop (didn't bet)
Seat 6: rao999 folded on the Flop



PokerStars Hand #254203016510:  Hold'em No Limit ($0.50/$1.00 USD) - 2025/01/04 3:50:10 WET [2025/01/04 22:50:10 ET]
Table 'Williams' 6-max Seat #2 is the button
Seat 1: abramovich87 ($106.81 in chips) 
Seat 2: Rysiff ($100 in chips) 
Seat 3: Jackso031117 ($107.47 in chips) 
Seat 4: LuckyShikari ($100 in chips) 
Seat 5: reeqar ($140.11 in chips) 
Seat 6: rao999 ($100.06 in chips) 
Jackso031117: posts small blind $0.50
LuckyShikari: posts big blind $1
*** HOLE CARDS ***
reeqar: folds 
rao999: folds 
abramovich87: folds 
Rysiff: folds 
Jackso031117: raises $2 to $3
LuckyShikari: folds 
Uncalled bet ($2) returned to Jackso031117
Jackso031117 collected $2 from pot
Jackso031117: doesn't show hand 
*** SUMMARY ***
Total pot $2 | Rake $0 
Seat 1: abramovich87 folded before Flop (didn't bet)
Seat 2: Rysiff (button) folded before Flop (didn't bet)
Seat 3: Jackso031117 (small blind) collected ($2)
Seat 4: LuckyShikari (big blind) folded before Flop
Seat 5: reeqar folded before Flop (didn't bet)
Seat 6: rao999 folded before Flop (didn't bet)



PokerStars Hand #254203019213:  Hold'em No Limit ($0.50/$1.00 USD) - 2025/01/04 3:50:31 WET [2025/01/04 22:50:31 ET]
Table 'Williams' 6-max Seat #3 is the button
Seat 1: abramovich87 ($106.81 in chips) 
Seat 2: Rysiff ($100 in chips) 
Seat 3: Jackso031117 ($108.47 in chips) 
Seat 4: LuckyShikari ($100 in chips) 
Seat 5: reeqar ($140.11 in chips) 
Seat 6: rao999 ($100.06 in chips) 
LuckyShikari: posts small blind $0.50
reeqar: posts big blind $1
*** HOLE CARDS ***
rao999: folds 
abramovich87: folds 
Rysiff: folds 
Jackso031117: folds 
LuckyShikari: raises $1.50 to $2.50
reeqar: folds 
Uncalled bet ($1.50) returned to LuckyShikari
LuckyShikari collected $2 from pot
LuckyShikari: doesn't show hand 
*** SUMMARY ***
Total pot $2 | Rake $0 
Seat 1: abramovich87 folded before Flop (didn't bet)
Seat 2: Rysiff folded before Flop (didn't bet)
Seat 3: Jackso031117 (button) folded before Flop (didn't bet)
Seat 4: LuckyShikari (small blind) collected ($2)
Seat 5: reeqar (big blind) folded before Flop
Seat 6: rao999 folded before Flop (didn't bet)



PokerStars Hand #254203021952:  Hold'em No Limit ($0.50/$1.00 USD) - 2025/01/04 3:50:52 WET [2025/01/04 22:50:52 ET]
Table 'Williams' 6-max Seat #4 is the button
Seat 1: abramovich87 ($106.81 in chips) 
Seat 2: Rysiff ($100 in chips) 
Seat 3: Jackso031117 ($108.47 in chips) 
Seat 4: LuckyShikari ($101 in chips) 
Seat 5: reeqar ($139.11 in chips) 
Seat 6: rao999 ($100.06 in chips) 
reeqar: posts small blind $0.50
rao999: posts big blind $1
*** HOLE CARDS ***
abramovich87: folds 
Rysiff: folds 
Jackso031117: folds 
LuckyShikari: folds 
reeqar: folds 
Uncalled bet ($0.50) returned to rao999
rao999 collected $1 from pot
rao999: doesn't show hand 
*** SUMMARY ***
Total pot $1 | Rake $0 
Seat 1: abramovich87 folded before Flop (didn't bet)
Seat 2: Rysiff folded before Flop (didn't bet)
Seat 3: Jackso031117 folded before Flop (didn't bet)
Seat 4: LuckyShikari (button) folded before Flop (didn't bet)
Seat 5: reeqar (small blind) folded before Flop
Seat 6: rao999 (big blind) collected ($1)



PokerStars Hand #254203023509:  Hold'em No Limit ($0.50/$1.00 USD) - 2025/01/04 3:51:04 WET [2025/01/04 22:51:04 ET]
Table 'Williams' 6-max Seat #5 is the button
Seat 1: abramovich87 ($106.81 in chips) 
Seat 2: Rysiff ($100 in chips) 
Seat 3: Jackso031117 ($108.47 in chips) 
Seat 4: LuckyShikari ($101 in chips) 
Seat 5: reeqar ($138.61 in chips) 
Seat 6: rao999 ($100.56 in chips) 
rao999: posts small blind $0.50
abramovich87: posts big blind $1
*** HOLE CARDS ***
Rysiff: folds 
Jackso031117: folds 
LuckyShikari: folds 
reeqar: folds 
rao999: raises $2 to $3
abramovich87: folds 
Uncalled bet ($2) returned to rao999
rao999 collected $2 from pot
rao999: doesn't show hand 
*** SUMMARY ***
Total pot $2 | Rake $0 
Seat 1: abramovich87 (big blind) folded before Flop
Seat 2: Rysiff folded before Flop (didn't bet)
Seat 3: Jackso031117 folded before Flop (didn't bet)
Seat 4: LuckyShikari folded before Flop (didn't bet)
Seat 5: reeqar (button) folded before Flop (didn't bet)
Seat 6: rao999 (small blind) collected ($2)



