PokerStars Hand #254186216847:  Hold'em No Limit ($0.50/$1.00 USD) - 2025/01/04 9:16:22 WET [2025/01/04 4:16:22 ET]
Table 'Laertes II' 6-max Seat #6 is the button
Seat 3: Burlica2013 ($100 in chips) is sitting out
Seat 4: Pippa83 ($100 in chips) is sitting out
Seat 1: NikoPale ($100 in chips) 
Seat 2: Emily_GetMan ($100 in chips) 
Seat 5: shel456 ($79.66 in chips) 
Seat 6: Alinyr ($100 in chips) 
NikoPale: posts small blind $0.50
Emily_GetMan: posts big blind $1
Burlica2013: sits out 
Pippa83: sits out 
*** HOLE CARDS ***
shel456: folds 
Alinyr: folds 
NikoPale: folds 
Uncalled bet ($0.50) returned to Emily_GetMan
Emily_GetMan collected $1 from pot
Emily_GetMan: doesn't show hand 
*** SUMMARY ***
Total pot $1 | Rake $0 
Seat 3: Burlica2013
Seat 4: Pippa83
Seat 1: NikoPale (small blind) folded before Flop
Seat 2: Emily_GetMan (big blind) collected ($1)
Seat 5: shel456 folded before Flop (didn't bet)
Seat 6: Alinyr (button) folded before Flop (didn't bet)



PokerStars Hand #254186217626:  Hold'em No Limit ($0.50/$1.00 USD) - 2025/01/04 9:16:30 WET [2025/01/04 4:16:30 ET]
Table 'Laertes II' 6-max Seat #1 is the button
Seat 4: Pippa83 ($100 in chips) is sitting out
Seat 1: NikoPale ($100 in chips) 
Seat 2: Emily_GetMan ($100.50 in chips) 
Seat 3: Burlica2013 ($100 in chips) 
Seat 5: shel456 ($79.66 in chips) 
Seat 6: Alinyr ($100 in chips) 
Emily_GetMan: posts small blind $0.50
Burlica2013: posts big blind $1
Pippa83: sits out 
*** HOLE CARDS ***
shel456: folds 
Alinyr: folds 
NikoPale: raises $1.50 to $2.50
Emily_GetMan: folds 
Burlica2013: folds 
Uncalled bet ($1.50) returned to NikoPale
NikoPale collected $2.50 from pot
NikoPale: doesn't show hand 
*** SUMMARY ***
Total pot $2.50 | Rake $0 
Seat 4: Pippa83
Seat 1: NikoPale (button) collected ($2.50)
Seat 2: Emily_GetMan (small blind) folded before Flop
Seat 3: Burlica2013 (big blind) folded before Flop
Seat 5: shel456 folded before Flop (didn't bet)
Seat 6: Alinyr folded before Flop (didn't bet)



PokerStars Hand #254186219162:  Hold'em No Limit ($0.50/$1.00 USD) - 2025/01/04 9:16:46 WET [2025/01/04 4:16:46 ET]
Table 'Laertes II' 6-max Seat #2 is the button
Seat 1: NikoPale ($101.50 in chips) 
Seat 2: Emily_GetMan ($100 in chips) 
Seat 3: Burlica2013 ($100 in chips) 
Seat 4: Pippa83 ($100 in chips) 
Seat 5: shel456 ($79.66 in chips) 
Seat 6: Alinyr ($100 in chips) 
Burlica2013: posts small blind $0.50
Pippa83: posts big blind $1
*** HOLE CARDS ***
shel456: folds 
Alinyr: folds 
NikoPale: folds 
Emily_GetMan: folds 
Burlica2013: folds 
Uncalled bet ($0.50) returned to Pippa83
Pippa83 collected $1 from pot
Pippa83: doesn't show hand 
*** SUMMARY ***
Total pot $1 | Rake $0 
Seat 1: NikoPale folded before Flop (didn't bet)
Seat 2: Emily_GetMan (button) folded before Flop (didn't bet)
Seat 3: Burlica2013 (small blind) folded before Flop
Seat 4: Pippa83 (big blind) collected ($1)
Seat 5: shel456 folded before Flop (didn't bet)
Seat 6: Alinyr folded before Flop (didn't bet)



PokerStars Hand #254186220409:  Hold'em No Limit ($0.50/$1.00 USD) - 2025/01/04 9:16:58 WET [2025/01/04 4:16:58 ET]
Table 'Laertes II' 6-max Seat #3 is the button
Seat 1: NikoPale ($101.50 in chips) 
Seat 2: Emily_GetMan ($100 in chips) 
Seat 3: Burlica2013 ($100 in chips) 
Seat 4: Pippa83 ($100.50 in chips) 
Seat 5: shel456 ($79.66 in chips) 
Seat 6: Alinyr ($100 in chips) 
Pippa83: posts small blind $0.50
shel456: posts big blind $1
*** HOLE CARDS ***
Alinyr: folds 
NikoPale: folds 
Emily_GetMan: folds 
Burlica2013: folds 
Pippa83: raises $2 to $3
shel456: calls $2
*** FLOP *** [Qd Jh 2c]
Pippa83: checks 
shel456: checks 
*** TURN *** [Qd Jh 2c] [Kc]
Pippa83: checks 
shel456: checks 
*** RIVER *** [Qd Jh 2c Kc] [Kd]
Pippa83: bets $1.88
shel456: calls $1.88
*** SHOW DOWN ***
Pippa83: shows [Ts Jc] (two pair, Kings and Jacks)
shel456: mucks hand 
Pippa83 collected $9.27 from pot
*** SUMMARY ***
Total pot $9.76 | Rake $0.49 
Board [Qd Jh 2c Kc Kd]
Seat 1: NikoPale folded before Flop (didn't bet)
Seat 2: Emily_GetMan folded before Flop (didn't bet)
Seat 3: Burlica2013 (button) folded before Flop (didn't bet)
Seat 4: Pippa83 (small blind) showed [Ts Jc] and won ($9.27) with two pair, Kings and Jacks
Seat 5: shel456 (big blind) mucked
Seat 6: Alinyr folded before Flop (didn't bet)



PokerStars Hand #254186225003:  Hold'em No Limit ($0.50/$1.00 USD) - 2025/01/04 9:17:45 WET [2025/01/04 4:17:45 ET]
Table 'Laertes II' 6-max Seat #4 is the button
Seat 1: NikoPale ($101.50 in chips) 
Seat 2: Emily_GetMan ($100 in chips) 
Seat 3: Burlica2013 ($100 in chips) 
Seat 4: Pippa83 ($104.89 in chips) 
Seat 5: shel456 ($74.78 in chips) 
Seat 6: Alinyr ($100 in chips) 
shel456: posts small blind $0.50
Alinyr: posts big blind $1
*** HOLE CARDS ***
NikoPale: folds 
Emily_GetMan: raises $1 to $2
Burlica2013: folds 
Pippa83: folds 
shel456: folds 
Alinyr: folds 
Uncalled bet ($1) returned to Emily_GetMan
Emily_GetMan collected $2.50 from pot
Emily_GetMan: doesn't show hand 
*** SUMMARY ***
Total pot $2.50 | Rake $0 
Seat 1: NikoPale folded before Flop (didn't bet)
Seat 2: Emily_GetMan collected ($2.50)
Seat 3: Burlica2013 folded before Flop (didn't bet)
Seat 4: Pippa83 (button) folded before Flop (didn't bet)
Seat 5: shel456 (small blind) folded before Flop
Seat 6: Alinyr (big blind) folded before Flop



PokerStars Hand #254186227001:  Hold'em No Limit ($0.50/$1.00 USD) - 2025/01/04 9:18:06 WET [2025/01/04 4:18:06 ET]
Table 'Laertes II' 6-max Seat #5 is the button
Seat 1: NikoPale ($101.50 in chips) 
Seat 2: Emily_GetMan ($101.50 in chips) 
Seat 3: Burlica2013 ($100 in chips) 
Seat 4: Pippa83 ($104.89 in chips) 
Seat 5: shel456 ($74.28 in chips) 
Seat 6: Alinyr ($100 in chips) 
Alinyr: posts small blind $0.50
NikoPale: posts big blind $1
*** HOLE CARDS ***
Emily_GetMan: folds 
Burlica2013: folds 
Pippa83: folds 
shel456: folds 
Alinyr: folds 
Uncalled bet ($0.50) returned to NikoPale
NikoPale collected $1 from pot
NikoPale: doesn't show hand 
*** SUMMARY ***
Total pot $1 | Rake $0 
Seat 1: NikoPale (big blind) collected ($1)
Seat 2: Emily_GetMan folded before Flop (didn't bet)
Seat 3: Burlica2013 folded before Flop (didn't bet)
Seat 4: Pippa83 folded before Flop (didn't bet)
Seat 5: shel456 (button) folded before Flop (didn't bet)
Seat 6: Alinyr (small blind) folded before Flop



PokerStars Hand #254186228639:  Hold'em No Limit ($0.50/$1.00 USD) - 2025/01/04 9:18:22 WET [2025/01/04 4:18:22 ET]
Table 'Laertes II' 6-max Seat #6 is the button
Seat 1: NikoPale ($102 in chips) 
Seat 2: Emily_GetMan ($101.50 in chips) 
Seat 3: Burlica2013 ($100 in chips) 
Seat 4: Pippa83 ($104.89 in chips) 
Seat 5: shel456 ($74.28 in chips) 
Seat 6: Alinyr ($100 in chips) 
NikoPale: posts small blind $0.50
Emily_GetMan: posts big blind $1
*** HOLE CARDS ***
Burlica2013: folds 
Pippa83: folds 
shel456: calls $1
Alinyr: folds 
NikoPale: folds 
Emily_GetMan: checks 
*** FLOP *** [9s 4d 7d]
Emily_GetMan: bets $1
shel456: calls $1
*** TURN *** [9s 4d 7d] [5c]
Emily_GetMan: bets $2.82
shel456: calls $2.82
*** RIVER *** [9s 4d 7d 5c] [8s]
Emily_GetMan: checks 
shel456: bets $9.63
Emily_GetMan: folds 
Uncalled bet ($9.63) returned to shel456
shel456 collected $9.63 from pot
*** SUMMARY ***
Total pot $10.14 | Rake $0.51 
Board [9s 4d 7d 5c 8s]
Seat 1: NikoPale (small blind) folded before Flop
Seat 2: Emily_GetMan (big blind) folded on the River
Seat 3: Burlica2013 folded before Flop (didn't bet)
Seat 4: Pippa83 folded before Flop (didn't bet)
Seat 5: shel456 collected ($9.63)
Seat 6: Alinyr (button) folded before Flop (didn't bet)



PokerStars Hand #254186233767:  Hold'em No Limit ($0.50/$1.00 USD) - 2025/01/04 9:19:15 WET [2025/01/04 4:19:15 ET]
Table 'Laertes II' 6-max Seat #1 is the button
Seat 1: NikoPale ($101.50 in chips) 
Seat 2: Emily_GetMan ($100 in chips) 
Seat 3: Burlica2013 ($100 in chips) 
Seat 4: Pippa83 ($104.89 in chips) 
Seat 5: shel456 ($79.09 in chips) 
Seat 6: Alinyr ($100 in chips) 
Emily_GetMan: posts small blind $0.50
Burlica2013: posts big blind $1
*** HOLE CARDS ***
Pippa83: folds 
shel456: calls $1
Alinyr: folds 
NikoPale: folds 
Emily_GetMan: folds 
Burlica2013: checks 
*** FLOP *** [2d Ks 3d]
Burlica2013: checks 
shel456: checks 
*** TURN *** [2d Ks 3d] [2s]
Burlica2013: bets $1.19
shel456: folds 
Uncalled bet ($1.19) returned to Burlica2013
Burlica2013 collected $2.38 from pot
Burlica2013: doesn't show hand 
*** SUMMARY ***
Total pot $2.50 | Rake $0.12 
Board [2d Ks 3d 2s]
Seat 1: NikoPale (button) folded before Flop (didn't bet)
Seat 2: Emily_GetMan (small blind) folded before Flop
Seat 3: Burlica2013 (big blind) collected ($2.38)
Seat 4: Pippa83 folded before Flop (didn't bet)
Seat 5: shel456 folded on the Turn
Seat 6: Alinyr folded before Flop (didn't bet)



PokerStars Hand #254186237449:  Hold'em No Limit ($0.50/$1.00 USD) - 2025/01/04 9:19:53 WET [2025/01/04 4:19:53 ET]
Table 'Laertes II' 6-max Seat #2 is the button
Seat 1: NikoPale ($101.50 in chips) 
Seat 2: Emily_GetMan ($100 in chips) 
Seat 3: Burlica2013 ($101.38 in chips) 
Seat 4: Pippa83 ($104.89 in chips) 
Seat 5: shel456 ($78.09 in chips) 
Seat 6: Alinyr ($100 in chips) 
Burlica2013: posts small blind $0.50
Pippa83: posts big blind $1
*** HOLE CARDS ***
shel456: folds 
Alinyr: raises $1.05 to $2.05
NikoPale: folds 
Emily_GetMan: folds 
Burlica2013: folds 
Pippa83: calls $1.05
*** FLOP *** [Jc 3h As]
Pippa83: checks 
Alinyr: checks 
*** TURN *** [Jc 3h As] [9h]
Pippa83: bets $6.56
Alinyr: folds 
Uncalled bet ($6.56) returned to Pippa83
Pippa83 collected $4.37 from pot
Pippa83: doesn't show hand 
*** SUMMARY ***
Total pot $4.60 | Rake $0.23 
Board [Jc 3h As 9h]
Seat 1: NikoPale folded before Flop (didn't bet)
Seat 2: Emily_GetMan (button) folded before Flop (didn't bet)
Seat 3: Burlica2013 (small blind) folded before Flop
Seat 4: Pippa83 (big blind) collected ($4.37)
Seat 5: shel456 folded before Flop (didn't bet)
Seat 6: Alinyr folded on the Turn



PokerStars Hand #254186244891:  Hold'em No Limit ($0.50/$1.00 USD) - 2025/01/04 9:21:08 WET [2025/01/04 4:21:08 ET]
Table 'Laertes II' 6-max Seat #3 is the button
Seat 1: NikoPale ($101.50 in chips) 
Seat 2: Emily_GetMan ($100 in chips) 
Seat 3: Burlica2013 ($100.88 in chips) 
Seat 4: Pippa83 ($107.21 in chips) 
Seat 5: shel456 ($78.09 in chips) 
Seat 6: Alinyr ($100 in chips) 
Pippa83: posts small blind $0.50
shel456: posts big blind $1
*** HOLE CARDS ***
Alinyr: folds 
NikoPale: folds 
Emily_GetMan: folds 
Burlica2013: folds 
Pippa83: raises $2 to $3
shel456: folds 
Uncalled bet ($2) returned to Pippa83
Pippa83 collected $2 from pot
Pippa83: doesn't show hand 
*** SUMMARY ***
Total pot $2 | Rake $0 
Seat 1: NikoPale folded before Flop (didn't bet)
Seat 2: Emily_GetMan folded before Flop (didn't bet)
Seat 3: Burlica2013 (button) folded before Flop (didn't bet)
Seat 4: Pippa83 (small blind) collected ($2)
Seat 5: shel456 (big blind) folded before Flop
Seat 6: Alinyr folded before Flop (didn't bet)



PokerStars Hand #254186248844:  Hold'em No Limit ($0.50/$1.00 USD) - 2025/01/04 9:21:48 WET [2025/01/04 4:21:48 ET]
Table 'Laertes II' 6-max Seat #4 is the button
Seat 1: NikoPale ($101.50 in chips) 
Seat 2: Emily_GetMan ($100 in chips) 
Seat 3: Burlica2013 ($100.88 in chips) 
Seat 4: Pippa83 ($108.21 in chips) 
Seat 5: shel456 ($77.09 in chips) 
Seat 6: Alinyr ($100 in chips) 
shel456: posts small blind $0.50
Alinyr: posts big blind $1
*** HOLE CARDS ***
NikoPale: folds 
Emily_GetMan: folds 
Burlica2013: folds 
Pippa83: folds 
shel456: raises $1 to $2
Alinyr: folds 
Uncalled bet ($1) returned to shel456
shel456 collected $2 from pot
*** SUMMARY ***
Total pot $2 | Rake $0 
Seat 1: NikoPale folded before Flop (didn't bet)
Seat 2: Emily_GetMan folded before Flop (didn't bet)
Seat 3: Burlica2013 folded before Flop (didn't bet)
Seat 4: Pippa83 (button) folded before Flop (didn't bet)
Seat 5: shel456 (small blind) collected ($2)
Seat 6: Alinyr (big blind) folded before Flop



PokerStars Hand #254186250757:  Hold'em No Limit ($0.50/$1.00 USD) - 2025/01/04 9:22:07 WET [2025/01/04 4:22:07 ET]
Table 'Laertes II' 6-max Seat #5 is the button
Seat 1: NikoPale ($101.50 in chips) 
Seat 2: Emily_GetMan ($100 in chips) 
Seat 3: Burlica2013 ($100.88 in chips) 
Seat 4: Pippa83 ($108.21 in chips) 
Seat 5: shel456 ($78.09 in chips) 
Seat 6: Alinyr ($100 in chips) 
Alinyr: posts small blind $0.50
NikoPale: posts big blind $1
*** HOLE CARDS ***
Emily_GetMan: folds 
Burlica2013: folds 
Pippa83: raises $1.50 to $2.50
shel456: folds 
Alinyr: raises $9.50 to $12
NikoPale: folds 
Pippa83: folds 
Uncalled bet ($9.50) returned to Alinyr
Alinyr collected $6 from pot
Alinyr: doesn't show hand 
*** SUMMARY ***
Total pot $6 | Rake $0 
Seat 1: NikoPale (big blind) folded before Flop
Seat 2: Emily_GetMan folded before Flop (didn't bet)
Seat 3: Burlica2013 folded before Flop (didn't bet)
Seat 4: Pippa83 folded before Flop
Seat 5: shel456 (button) folded before Flop (didn't bet)
Seat 6: Alinyr (small blind) collected ($6)



PokerStars Hand #254186254276:  Hold'em No Limit ($0.50/$1.00 USD) - 2025/01/04 9:22:43 WET [2025/01/04 4:22:43 ET]
Table 'Laertes II' 6-max Seat #6 is the button
Seat 1: NikoPale ($100.50 in chips) 
Seat 2: Emily_GetMan ($100 in chips) 
Seat 3: Burlica2013 ($100.88 in chips) 
Seat 4: Pippa83 ($105.71 in chips) 
Seat 5: shel456 ($78.09 in chips) 
Seat 6: Alinyr ($103.50 in chips) 
NikoPale: posts small blind $0.50
Emily_GetMan: posts big blind $1
*** HOLE CARDS ***
Burlica2013: folds 
Pippa83: folds 
shel456: folds 
Alinyr: raises $1.50 to $2.50
NikoPale: raises $8.50 to $11
Emily_GetMan: folds 
Alinyr: folds 
Uncalled bet ($8.50) returned to NikoPale
NikoPale collected $6 from pot
NikoPale: doesn't show hand 
*** SUMMARY ***
Total pot $6 | Rake $0 
Seat 1: NikoPale (small blind) collected ($6)
Seat 2: Emily_GetMan (big blind) folded before Flop
Seat 3: Burlica2013 folded before Flop (didn't bet)
Seat 4: Pippa83 folded before Flop (didn't bet)
Seat 5: shel456 folded before Flop (didn't bet)
Seat 6: Alinyr (button) folded before Flop



PokerStars Hand #254186257372:  Hold'em No Limit ($0.50/$1.00 USD) - 2025/01/04 9:23:15 WET [2025/01/04 4:23:15 ET]
Table 'Laertes II' 6-max Seat #1 is the button
Seat 1: NikoPale ($104 in chips) 
Seat 2: Emily_GetMan ($100 in chips) 
Seat 3: Burlica2013 ($100.88 in chips) 
Seat 4: Pippa83 ($105.71 in chips) 
Seat 5: shel456 ($78.09 in chips) 
Seat 6: Alinyr ($101 in chips) 
Emily_GetMan: posts small blind $0.50
Burlica2013: posts big blind $1
*** HOLE CARDS ***
Pippa83: raises $1.20 to $2.20
shel456: folds 
Alinyr: folds 
NikoPale: raises $5.20 to $7.40
Emily_GetMan: folds 
Burlica2013: folds 
Pippa83: folds 
Uncalled bet ($5.20) returned to NikoPale
NikoPale collected $5.90 from pot
NikoPale: doesn't show hand 
*** SUMMARY ***
Total pot $5.90 | Rake $0 
Seat 1: NikoPale (button) collected ($5.90)
Seat 2: Emily_GetMan (small blind) folded before Flop
Seat 3: Burlica2013 (big blind) folded before Flop
Seat 4: Pippa83 folded before Flop
Seat 5: shel456 folded before Flop (didn't bet)
Seat 6: Alinyr folded before Flop (didn't bet)



PokerStars Hand #254186259620:  Hold'em No Limit ($0.50/$1.00 USD) - 2025/01/04 9:23:38 WET [2025/01/04 4:23:38 ET]
Table 'Laertes II' 6-max Seat #2 is the button
Seat 1: NikoPale ($107.70 in chips) 
Seat 2: Emily_GetMan ($100 in chips) 
Seat 3: Burlica2013 ($100 in chips) 
Seat 4: Pippa83 ($103.51 in chips) 
Seat 5: shel456 ($78.09 in chips) 
Seat 6: Alinyr ($101 in chips) 
Burlica2013: posts small blind $0.50
Pippa83: posts big blind $1
*** HOLE CARDS ***
shel456: calls $1
Alinyr: folds 
NikoPale: folds 
Emily_GetMan: folds 
Burlica2013: raises $3 to $4
Pippa83: folds 
shel456: calls $3
*** FLOP *** [3s 4s 8h]
Burlica2013: bets $4.28
shel456: folds 
Uncalled bet ($4.28) returned to Burlica2013
Burlica2013 collected $8.55 from pot
Burlica2013: doesn't show hand 
*** SUMMARY ***
Total pot $9 | Rake $0.45 
Board [3s 4s 8h]
Seat 1: NikoPale folded before Flop (didn't bet)
Seat 2: Emily_GetMan (button) folded before Flop (didn't bet)
Seat 3: Burlica2013 (small blind) collected ($8.55)
Seat 4: Pippa83 (big blind) folded before Flop
Seat 5: shel456 folded on the Flop
Seat 6: Alinyr folded before Flop (didn't bet)



PokerStars Hand #254186263362:  Hold'em No Limit ($0.50/$1.00 USD) - 2025/01/04 9:24:16 WET [2025/01/04 4:24:16 ET]
Table 'Laertes II' 6-max Seat #3 is the button
Seat 1: NikoPale ($107.70 in chips) 
Seat 2: Emily_GetMan ($100 in chips) 
Seat 3: Burlica2013 ($104.55 in chips) 
Seat 4: Pippa83 ($102.51 in chips) 
Seat 5: shel456 ($74.09 in chips) 
Seat 6: Alinyr ($101 in chips) 
Pippa83: posts small blind $0.50
shel456: posts big blind $1
*** HOLE CARDS ***
Alinyr: folds 
NikoPale: folds 
Emily_GetMan: folds 
Burlica2013: folds 
Pippa83: folds 
Uncalled bet ($0.50) returned to shel456
shel456 collected $1 from pot
*** SUMMARY ***
Total pot $1 | Rake $0 
Seat 1: NikoPale folded before Flop (didn't bet)
Seat 2: Emily_GetMan folded before Flop (didn't bet)
Seat 3: Burlica2013 (button) folded before Flop (didn't bet)
Seat 4: Pippa83 (small blind) folded before Flop
Seat 5: shel456 (big blind) collected ($1)
Seat 6: Alinyr folded before Flop (didn't bet)



PokerStars Hand #254186264406:  Hold'em No Limit ($0.50/$1.00 USD) - 2025/01/04 9:24:27 WET [2025/01/04 4:24:27 ET]
Table 'Laertes II' 6-max Seat #4 is the button
Seat 1: NikoPale ($107.70 in chips) 
Seat 2: Emily_GetMan ($100 in chips) 
Seat 3: Burlica2013 ($104.55 in chips) 
Seat 4: Pippa83 ($102.01 in chips) 
Seat 5: shel456 ($74.59 in chips) 
Seat 6: Alinyr ($101 in chips) 
shel456: posts small blind $0.50
Alinyr: posts big blind $1
*** HOLE CARDS ***
NikoPale: folds 
Emily_GetMan: folds 
Burlica2013: folds 
Pippa83: folds 
shel456: folds 
Uncalled bet ($0.50) returned to Alinyr
Alinyr collected $1 from pot
Alinyr: doesn't show hand 
*** SUMMARY ***
Total pot $1 | Rake $0 
Seat 1: NikoPale folded before Flop (didn't bet)
Seat 2: Emily_GetMan folded before Flop (didn't bet)
Seat 3: Burlica2013 folded before Flop (didn't bet)
Seat 4: Pippa83 (button) folded before Flop (didn't bet)
Seat 5: shel456 (small blind) folded before Flop
Seat 6: Alinyr (big blind) collected ($1)



PokerStars Hand #254186267110:  Hold'em No Limit ($0.50/$1.00 USD) - 2025/01/04 9:24:54 WET [2025/01/04 4:24:54 ET]
Table 'Laertes II' 6-max Seat #5 is the button
Seat 1: NikoPale ($107.70 in chips) 
Seat 2: Emily_GetMan ($100 in chips) 
Seat 3: Burlica2013 ($104.55 in chips) 
Seat 4: Pippa83 ($102.01 in chips) 
Seat 5: shel456 ($74.09 in chips) 
Seat 6: Alinyr ($101.50 in chips) 
Alinyr: posts small blind $0.50
NikoPale: posts big blind $1
*** HOLE CARDS ***
Emily_GetMan: folds 
Burlica2013: folds 
Pippa83: folds 
shel456: calls $1
Alinyr: raises $4 to $5
NikoPale: folds 
shel456: calls $4
*** FLOP *** [6h Kd 9s]
Alinyr: bets $5.33
shel456: calls $5.33
*** TURN *** [6h Kd 9s] [2h]
Alinyr: checks 
shel456: bets $10.29
Alinyr: calls $10.29
*** RIVER *** [6h Kd 9s 2h] [2s]
Alinyr: checks 
shel456: checks 
*** SHOW DOWN ***
Alinyr: shows [Ad 2d] (three of a kind, Deuces)
shel456: mucks hand 
Alinyr collected $40.13 from pot
*** SUMMARY ***
Total pot $42.24 | Rake $2.11 
Board [6h Kd 9s 2h 2s]
Seat 1: NikoPale (big blind) folded before Flop
Seat 2: Emily_GetMan folded before Flop (didn't bet)
Seat 3: Burlica2013 folded before Flop (didn't bet)
Seat 4: Pippa83 folded before Flop (didn't bet)
Seat 5: shel456 (button) mucked
Seat 6: Alinyr (small blind) showed [Ad 2d] and won ($40.13) with three of a kind, Deuces



PokerStars Hand #254186274297:  Hold'em No Limit ($0.50/$1.00 USD) - 2025/01/04 9:26:08 WET [2025/01/04 4:26:08 ET]
Table 'Laertes II' 6-max Seat #6 is the button
Seat 1: NikoPale ($106.70 in chips) 
Seat 2: Emily_GetMan ($100 in chips) 
Seat 3: Burlica2013 ($104.55 in chips) 
Seat 4: Pippa83 ($102.01 in chips) 
Seat 5: shel456 ($53.47 in chips) 
Seat 6: Alinyr ($121.01 in chips) 
NikoPale: posts small blind $0.50
Emily_GetMan: posts big blind $1
*** HOLE CARDS ***
Burlica2013: folds 
Pippa83: raises $1.20 to $2.20
shel456: folds 
Alinyr: folds 
NikoPale: folds 
Emily_GetMan: calls $1.20
*** FLOP *** [Ah Ad 4h]
Emily_GetMan: checks 
Pippa83: bets $1
Emily_GetMan: folds 
Uncalled bet ($1) returned to Pippa83
Pippa83 collected $4.66 from pot
Pippa83: doesn't show hand 
*** SUMMARY ***
Total pot $4.90 | Rake $0.24 
Board [Ah Ad 4h]
Seat 1: NikoPale (small blind) folded before Flop
Seat 2: Emily_GetMan (big blind) folded on the Flop
Seat 3: Burlica2013 folded before Flop (didn't bet)
Seat 4: Pippa83 collected ($4.66)
Seat 5: shel456 folded before Flop (didn't bet)
Seat 6: Alinyr (button) folded before Flop (didn't bet)



PokerStars Hand #254186277363:  Hold'em No Limit ($0.50/$1.00 USD) - 2025/01/04 9:26:41 WET [2025/01/04 4:26:41 ET]
Table 'Laertes II' 6-max Seat #1 is the button
Seat 1: NikoPale ($106.20 in chips) 
Seat 2: Emily_GetMan ($100 in chips) 
Seat 3: Burlica2013 ($104.55 in chips) 
Seat 4: Pippa83 ($104.47 in chips) 
Seat 5: shel456 ($53.47 in chips) 
Seat 6: Alinyr ($121.01 in chips) 
Emily_GetMan: posts small blind $0.50
Burlica2013: posts big blind $1
*** HOLE CARDS ***
Pippa83: folds 
shel456: folds 
Alinyr: folds 
NikoPale: raises $1.50 to $2.50
Emily_GetMan: folds 
Burlica2013: folds 
Uncalled bet ($1.50) returned to NikoPale
NikoPale collected $2.50 from pot
NikoPale: doesn't show hand 
*** SUMMARY ***
Total pot $2.50 | Rake $0 
Seat 1: NikoPale (button) collected ($2.50)
Seat 2: Emily_GetMan (small blind) folded before Flop
Seat 3: Burlica2013 (big blind) folded before Flop
Seat 4: Pippa83 folded before Flop (didn't bet)
Seat 5: shel456 folded before Flop (didn't bet)
Seat 6: Alinyr folded before Flop (didn't bet)



PokerStars Hand #254186279563:  Hold'em No Limit ($0.50/$1.00 USD) - 2025/01/04 9:27:03 WET [2025/01/04 4:27:03 ET]
Table 'Laertes II' 6-max Seat #2 is the button
Seat 1: NikoPale ($107.70 in chips) 
Seat 2: Emily_GetMan ($100 in chips) 
Seat 3: Burlica2013 ($103.55 in chips) 
Seat 4: Pippa83 ($104.47 in chips) 
Seat 5: shel456 ($53.47 in chips) 
Seat 6: Alinyr ($121.01 in chips) 
Burlica2013: posts small blind $0.50
Pippa83: posts big blind $1
*** HOLE CARDS ***
shel456: folds 
Alinyr: folds 
NikoPale: folds 
Emily_GetMan: folds 
Burlica2013: folds 
Uncalled bet ($0.50) returned to Pippa83
Pippa83 collected $1 from pot
Pippa83: doesn't show hand 
*** SUMMARY ***
Total pot $1 | Rake $0 
Seat 1: NikoPale folded before Flop (didn't bet)
Seat 2: Emily_GetMan (button) folded before Flop (didn't bet)
Seat 3: Burlica2013 (small blind) folded before Flop
Seat 4: Pippa83 (big blind) collected ($1)
Seat 5: shel456 folded before Flop (didn't bet)
Seat 6: Alinyr folded before Flop (didn't bet)



PokerStars Hand #254186282369:  Hold'em No Limit ($0.50/$1.00 USD) - 2025/01/04 9:27:31 WET [2025/01/04 4:27:31 ET]
Table 'Laertes II' 6-max Seat #3 is the button
Seat 1: NikoPale ($107.70 in chips) 
Seat 2: Emily_GetMan ($100 in chips) 
Seat 3: Burlica2013 ($103.05 in chips) 
Seat 4: Pippa83 ($104.97 in chips) 
Seat 5: shel456 ($53.47 in chips) 
Seat 6: Alinyr ($121.01 in chips) 
Pippa83: posts small blind $0.50
shel456: posts big blind $1
*** HOLE CARDS ***
Alinyr: folds 
NikoPale: folds 
Emily_GetMan: folds 
Burlica2013: raises $1.45 to $2.45
Pippa83: folds 
shel456: folds 
Uncalled bet ($1.45) returned to Burlica2013
Burlica2013 collected $2.50 from pot
Burlica2013: doesn't show hand 
*** SUMMARY ***
Total pot $2.50 | Rake $0 
Seat 1: NikoPale folded before Flop (didn't bet)
Seat 2: Emily_GetMan folded before Flop (didn't bet)
Seat 3: Burlica2013 (button) collected ($2.50)
Seat 4: Pippa83 (small blind) folded before Flop
Seat 5: shel456 (big blind) folded before Flop
Seat 6: Alinyr folded before Flop (didn't bet)



PokerStars Hand #254186286652:  Hold'em No Limit ($0.50/$1.00 USD) - 2025/01/04 9:28:15 WET [2025/01/04 4:28:15 ET]
Table 'Laertes II' 6-max Seat #4 is the button
Seat 6: Alinyr ($121.01 in chips) is sitting out
Seat 1: NikoPale ($107.70 in chips) 
Seat 2: Emily_GetMan ($100 in chips) 
Seat 3: Burlica2013 ($104.55 in chips) 
Seat 4: Pippa83 ($104.47 in chips) 
Seat 5: shel456 ($52.47 in chips) 
shel456: posts small blind $0.50
Alinyr: is sitting out 
NikoPale: posts big blind $1
*** HOLE CARDS ***
Emily_GetMan: folds 
Burlica2013: folds 
Pippa83: folds 
shel456: raises $1 to $2
NikoPale: calls $1
*** FLOP *** [Td 8d 9h]
shel456: bets $1.90
NikoPale: folds 
Uncalled bet ($1.90) returned to shel456
shel456 collected $3.80 from pot
*** SUMMARY ***
Total pot $4 | Rake $0.20 
Board [Td 8d 9h]
Seat 6: Alinyr
Seat 1: NikoPale (big blind) folded on the Flop
Seat 2: Emily_GetMan folded before Flop (didn't bet)
Seat 3: Burlica2013 folded before Flop (didn't bet)
Seat 4: Pippa83 (button) folded before Flop (didn't bet)
Seat 5: shel456 (small blind) collected ($3.80)



PokerStars Hand #254186290286:  Hold'em No Limit ($0.50/$1.00 USD) - 2025/01/04 9:28:52 WET [2025/01/04 4:28:52 ET]
Table 'Laertes II' 6-max Seat #5 is the button
Seat 6: Alinyr ($121.01 in chips) is sitting out
Seat 1: NikoPale ($105.70 in chips) 
Seat 2: Emily_GetMan ($100 in chips) 
Seat 3: Burlica2013 ($104.55 in chips) 
Seat 4: Pippa83 ($104.47 in chips) 
Seat 5: shel456 ($54.27 in chips) 
NikoPale: posts small blind $0.50
Emily_GetMan: posts big blind $1
*** HOLE CARDS ***
Burlica2013 has timed out
Burlica2013: folds 
Pippa83: raises $1.50 to $2.50
shel456: folds 
NikoPale: raises $8.50 to $11
Emily_GetMan: folds 
Pippa83: folds 
Uncalled bet ($8.50) returned to NikoPale
NikoPale collected $6 from pot
NikoPale: doesn't show hand 
*** SUMMARY ***
Total pot $6 | Rake $0 
Seat 6: Alinyr
Seat 1: NikoPale (small blind) collected ($6)
Seat 2: Emily_GetMan (big blind) folded before Flop
Seat 3: Burlica2013 folded before Flop (didn't bet)
Seat 4: Pippa83 folded before Flop
Seat 5: shel456 (button) folded before Flop (didn't bet)



PokerStars Hand #254186294050:  Hold'em No Limit ($0.50/$1.00 USD) - 2025/01/04 9:29:31 WET [2025/01/04 4:29:31 ET]
Table 'Laertes II' 6-max Seat #1 is the button
Seat 6: Alinyr ($121.01 in chips) is sitting out
Seat 1: NikoPale ($109.20 in chips) 
Seat 2: Emily_GetMan ($100 in chips) 
Seat 3: Burlica2013 ($104.55 in chips) 
Seat 4: Pippa83 ($101.97 in chips) 
Seat 5: shel456 ($54.27 in chips) 
Emily_GetMan: posts small blind $0.50
Burlica2013: posts big blind $1
*** HOLE CARDS ***
Pippa83: folds 
shel456: calls $1
NikoPale: folds 
Emily_GetMan: raises $3.50 to $4.50
Burlica2013: folds 
shel456: calls $3.50
*** FLOP *** [7h Jc Jd]
Emily_GetMan: bets $3.14
shel456: calls $3.14
*** TURN *** [7h Jc Jd] [6s]
Emily_GetMan: checks 
shel456: checks 
*** RIVER *** [7h Jc Jd 6s] [Ks]
Emily_GetMan: bets $8
shel456: folds 
Uncalled bet ($8) returned to Emily_GetMan
Emily_GetMan collected $15.47 from pot
Emily_GetMan: doesn't show hand 
*** SUMMARY ***
Total pot $16.28 | Rake $0.81 
Board [7h Jc Jd 6s Ks]
Seat 6: Alinyr
Seat 1: NikoPale (button) folded before Flop (didn't bet)
Seat 2: Emily_GetMan (small blind) collected ($15.47)
Seat 3: Burlica2013 (big blind) folded before Flop
Seat 4: Pippa83 folded before Flop (didn't bet)
Seat 5: shel456 folded on the River



PokerStars Hand #254186299831:  Hold'em No Limit ($0.50/$1.00 USD) - 2025/01/04 9:30:30 WET [2025/01/04 4:30:30 ET]
Table 'Laertes II' 6-max Seat #2 is the button
Seat 6: Alinyr ($121.01 in chips) is sitting out
Seat 1: NikoPale ($109.20 in chips) 
Seat 2: Emily_GetMan ($107.83 in chips) 
Seat 3: Burlica2013 ($103.55 in chips) 
Seat 4: Pippa83 ($101.97 in chips) 
Seat 5: shel456 ($46.63 in chips) 
Burlica2013: posts small blind $0.50
Pippa83: posts big blind $1
Alinyr: sits out 
*** HOLE CARDS ***
shel456: calls $1
NikoPale: folds 
Emily_GetMan: raises $3.50 to $4.50
Burlica2013: folds 
Pippa83: folds 
shel456: calls $3.50
*** FLOP *** [8d 7d 4c]
shel456: checks 
Emily_GetMan: checks 
*** TURN *** [8d 7d 4c] [Th]
shel456: checks 
Emily_GetMan: checks 
*** RIVER *** [8d 7d 4c Th] [Qd]
shel456: checks 
Emily_GetMan: checks 
*** SHOW DOWN ***
shel456: shows [6d 6h] (a pair of Sixes)
Emily_GetMan: mucks hand 
shel456 collected $9.98 from pot
*** SUMMARY ***
Total pot $10.50 | Rake $0.52 
Board [8d 7d 4c Th Qd]
Seat 6: Alinyr
Seat 1: NikoPale folded before Flop (didn't bet)
Seat 2: Emily_GetMan (button) mucked
Seat 3: Burlica2013 (small blind) folded before Flop
Seat 4: Pippa83 (big blind) folded before Flop
Seat 5: shel456 showed [6d 6h] and won ($9.98) with a pair of Sixes



PokerStars Hand #254186305189:  Hold'em No Limit ($0.50/$1.00 USD) - 2025/01/04 9:31:23 WET [2025/01/04 4:31:23 ET]
Table 'Laertes II' 6-max Seat #3 is the button
Seat 6: Alinyr ($121.01 in chips) is sitting out
Seat 1: NikoPale ($109.20 in chips) 
Seat 2: Emily_GetMan ($103.33 in chips) 
Seat 3: Burlica2013 ($103.05 in chips) 
Seat 4: Pippa83 ($100.97 in chips) 
Seat 5: shel456 ($52.11 in chips) 
Pippa83: posts small blind $0.50
shel456: posts big blind $1
Alinyr: sits out 
*** HOLE CARDS ***
NikoPale: folds 
Emily_GetMan: raises $1 to $2
Burlica2013: calls $2
Pippa83: folds 
shel456: calls $1
*** FLOP *** [3d 9h Qc]
shel456: checks 
Emily_GetMan: bets $2.04
Burlica2013: folds 
shel456: calls $2.04
*** TURN *** [3d 9h Qc] [Jh]
shel456: checks 
Emily_GetMan: bets $6.63
shel456: folds 
Uncalled bet ($6.63) returned to Emily_GetMan
Emily_GetMan collected $10.05 from pot
Emily_GetMan: doesn't show hand 
*** SUMMARY ***
Total pot $10.58 | Rake $0.53 
Board [3d 9h Qc Jh]
Seat 6: Alinyr
Seat 1: NikoPale folded before Flop (didn't bet)
Seat 2: Emily_GetMan collected ($10.05)
Seat 3: Burlica2013 (button) folded on the Flop
Seat 4: Pippa83 (small blind) folded before Flop
Seat 5: shel456 (big blind) folded on the Turn



PokerStars Hand #254186310137:  Hold'em No Limit ($0.50/$1.00 USD) - 2025/01/04 9:32:13 WET [2025/01/04 4:32:13 ET]
Table 'Laertes II' 6-max Seat #4 is the button
Seat 1: NikoPale ($109.20 in chips) 
Seat 2: Emily_GetMan ($109.34 in chips) 
Seat 3: Burlica2013 ($101.05 in chips) 
Seat 4: Pippa83 ($100.47 in chips) 
Seat 5: shel456 ($48.07 in chips) 
Seat 6: Alinyr ($121.01 in chips) 
shel456: posts small blind $0.50
Alinyr: posts big blind $1
*** HOLE CARDS ***
NikoPale: folds 
Emily_GetMan: folds 
Burlica2013: raises $1.25 to $2.25
Pippa83: calls $2.25
shel456: folds 
Alinyr: folds 
*** FLOP *** [8h 9h 8s]
Burlica2013: checks 
Pippa83: bets $1.88
Burlica2013: calls $1.88
*** TURN *** [8h 9h 8s] [Qh]
Burlica2013: checks 
Pippa83: bets $5
Burlica2013: calls $5
*** RIVER *** [8h 9h 8s Qh] [Kd]
Burlica2013: checks 
Pippa83: checks 
*** SHOW DOWN ***
Burlica2013: shows [Kh Tc] (two pair, Kings and Eights)
Pippa83: mucks hand 
Burlica2013 collected $18.77 from pot
*** SUMMARY ***
Total pot $19.76 | Rake $0.99 
Board [8h 9h 8s Qh Kd]
Seat 1: NikoPale folded before Flop (didn't bet)
Seat 2: Emily_GetMan folded before Flop (didn't bet)
Seat 3: Burlica2013 showed [Kh Tc] and won ($18.77) with two pair, Kings and Eights
Seat 4: Pippa83 (button) mucked
Seat 5: shel456 (small blind) folded before Flop
Seat 6: Alinyr (big blind) folded before Flop



PokerStars Hand #254186316144:  Hold'em No Limit ($0.50/$1.00 USD) - 2025/01/04 9:33:12 WET [2025/01/04 4:33:12 ET]
Table 'Laertes II' 6-max Seat #5 is the button
Seat 1: NikoPale ($109.20 in chips) 
Seat 2: Emily_GetMan ($109.34 in chips) 
Seat 3: Burlica2013 ($110.69 in chips) 
Seat 4: Pippa83 ($100 in chips) 
Seat 5: shel456 ($47.57 in chips) 
Seat 6: Alinyr ($120.01 in chips) 
Alinyr: posts small blind $0.50
NikoPale: posts big blind $1
*** HOLE CARDS ***
Emily_GetMan: folds 
Burlica2013: folds 
Pippa83: folds 
shel456: folds 
Alinyr: folds 
Uncalled bet ($0.50) returned to NikoPale
NikoPale collected $1 from pot
NikoPale: doesn't show hand 
*** SUMMARY ***
Total pot $1 | Rake $0 
Seat 1: NikoPale (big blind) collected ($1)
Seat 2: Emily_GetMan folded before Flop (didn't bet)
Seat 3: Burlica2013 folded before Flop (didn't bet)
Seat 4: Pippa83 folded before Flop (didn't bet)
Seat 5: shel456 (button) folded before Flop (didn't bet)
Seat 6: Alinyr (small blind) folded before Flop



PokerStars Hand #254186318697:  Hold'em No Limit ($0.50/$1.00 USD) - 2025/01/04 9:33:37 WET [2025/01/04 4:33:37 ET]
Table 'Laertes II' 6-max Seat #6 is the button
Seat 1: NikoPale ($109.70 in chips) 
Seat 2: Emily_GetMan ($109.34 in chips) 
Seat 3: Burlica2013 ($110.69 in chips) 
Seat 4: Pippa83 ($100 in chips) 
Seat 5: shel456 ($47.57 in chips) 
Seat 6: Alinyr ($119.51 in chips) 
NikoPale: posts small blind $0.50
Emily_GetMan: posts big blind $1
*** HOLE CARDS ***
Burlica2013: folds 
Pippa83: folds 
shel456: raises $1 to $2
Alinyr: folds 
NikoPale: folds 
Emily_GetMan: raises $6.50 to $8.50
shel456: calls $6.50
*** FLOP *** [Ts 3c 7s]
Emily_GetMan: bets $10.97
shel456: calls $10.97
*** TURN *** [Ts 3c 7s] [Ac]
Emily_GetMan: bets $24.73
shel456: folds 
Uncalled bet ($24.73) returned to Emily_GetMan
Emily_GetMan collected $37.47 from pot
Emily_GetMan: doesn't show hand 
*** SUMMARY ***
Total pot $39.44 | Rake $1.97 
Board [Ts 3c 7s Ac]
Seat 1: NikoPale (small blind) folded before Flop
Seat 2: Emily_GetMan (big blind) collected ($37.47)
Seat 3: Burlica2013 folded before Flop (didn't bet)
Seat 4: Pippa83 folded before Flop (didn't bet)
Seat 5: shel456 folded on the Turn
Seat 6: Alinyr (button) folded before Flop (didn't bet)



PokerStars Hand #254186323966:  Hold'em No Limit ($0.50/$1.00 USD) - 2025/01/04 9:34:29 WET [2025/01/04 4:34:29 ET]
Table 'Laertes II' 6-max Seat #1 is the button
Seat 1: NikoPale ($109.20 in chips) 
Seat 2: Emily_GetMan ($127.34 in chips) 
Seat 3: Burlica2013 ($110.69 in chips) 
Seat 4: Pippa83 ($100 in chips) 
Seat 5: shel456 ($28.10 in chips) 
Seat 6: Alinyr ($119.51 in chips) 
Emily_GetMan: posts small blind $0.50
Burlica2013: posts big blind $1
*** HOLE CARDS ***
Pippa83: folds 
shel456: folds 
Alinyr: raises $1.28 to $2.28
NikoPale: folds 
Emily_GetMan: folds 
Burlica2013: calls $1.28
*** FLOP *** [6h 4h 5d]
Burlica2013: checks 
Alinyr: checks 
*** TURN *** [6h 4h 5d] [6s]
Burlica2013: checks 
Alinyr: checks 
*** RIVER *** [6h 4h 5d 6s] [5h]
Burlica2013: bets $2.41
Alinyr: calls $2.41
*** SHOW DOWN ***
Burlica2013: shows [2d Qd] (two pair, Sixes and Fives)
Alinyr: shows [3c Ac] (two pair, Sixes and Fives - Ace kicker)
Alinyr collected $9.39 from pot
*** SUMMARY ***
Total pot $9.88 | Rake $0.49 
Board [6h 4h 5d 6s 5h]
Seat 1: NikoPale (button) folded before Flop (didn't bet)
Seat 2: Emily_GetMan (small blind) folded before Flop
Seat 3: Burlica2013 (big blind) showed [2d Qd] and lost with two pair, Sixes and Fives
Seat 4: Pippa83 folded before Flop (didn't bet)
Seat 5: shel456 folded before Flop (didn't bet)
Seat 6: Alinyr showed [3c Ac] and won ($9.39) with two pair, Sixes and Fives



PokerStars Hand #254186330899:  Hold'em No Limit ($0.50/$1.00 USD) - 2025/01/04 9:35:38 WET [2025/01/04 4:35:38 ET]
Table 'Laertes II' 6-max Seat #2 is the button
Seat 1: NikoPale ($109.20 in chips) 
Seat 2: Emily_GetMan ($126.84 in chips) 
Seat 3: Burlica2013 ($106 in chips) 
Seat 4: Pippa83 ($100 in chips) 
Seat 5: shel456 ($28.10 in chips) 
Seat 6: Alinyr ($124.21 in chips) 
Burlica2013: posts small blind $0.50
Pippa83: posts big blind $1
*** HOLE CARDS ***
shel456: calls $1
Alinyr: folds 
NikoPale: raises $4 to $5
Emily_GetMan: folds 
Burlica2013: folds 
Pippa83: folds 
shel456: calls $4
*** FLOP *** [Js 5s 3d]
shel456: checks 
NikoPale: bets $5.46
shel456: calls $5.46
*** TURN *** [Js 5s 3d] [3c]
shel456: checks 
NikoPale: checks 
*** RIVER *** [Js 5s 3d 3c] [Td]
shel456: bets $17.64 and is all-in
NikoPale: calls $17.64
*** SHOW DOWN ***
shel456: shows [7c Jc] (two pair, Jacks and Threes)
NikoPale: shows [7d 7s] (two pair, Sevens and Threes)
shel456 collected $55.20 from pot
*** SUMMARY ***
Total pot $57.70 | Rake $2.50 
Board [Js 5s 3d 3c Td]
Seat 1: NikoPale showed [7d 7s] and lost with two pair, Sevens and Threes
Seat 2: Emily_GetMan (button) folded before Flop (didn't bet)
Seat 3: Burlica2013 (small blind) folded before Flop
Seat 4: Pippa83 (big blind) folded before Flop
Seat 5: shel456 showed [7c Jc] and won ($55.20) with two pair, Jacks and Threes
Seat 6: Alinyr folded before Flop (didn't bet)



PokerStars Hand #254186339039:  Hold'em No Limit ($0.50/$1.00 USD) - 2025/01/04 9:36:57 WET [2025/01/04 4:36:57 ET]
Table 'Laertes II' 6-max Seat #3 is the button
Seat 1: NikoPale ($100 in chips) 
Seat 2: Emily_GetMan ($126.84 in chips) 
Seat 3: Burlica2013 ($105.50 in chips) 
Seat 4: Pippa83 ($100 in chips) 
Seat 5: shel456 ($55.20 in chips) 
Seat 6: Alinyr ($124.21 in chips) 
Pippa83: posts small blind $0.50
shel456: posts big blind $1
*** HOLE CARDS ***
Alinyr: folds 
NikoPale: folds 
Emily_GetMan: folds 
Burlica2013: raises $1.45 to $2.45
Pippa83: folds 
shel456: calls $1.45
*** FLOP *** [6h 4d Jc]
shel456: bets $2.57
Burlica2013: calls $2.57
*** TURN *** [6h 4d Jc] [9d]
shel456: bets $5.01
Burlica2013: calls $5.01
*** RIVER *** [6h 4d Jc 9d] [Qh]
shel456: checks 
Burlica2013: checks 
*** SHOW DOWN ***
shel456: shows [5h 3c] (high card Queen)
Burlica2013: shows [Js Td] (a pair of Jacks)
Burlica2013 collected $19.53 from pot
*** SUMMARY ***
Total pot $20.56 | Rake $1.03 
Board [6h 4d Jc 9d Qh]
Seat 1: NikoPale folded before Flop (didn't bet)
Seat 2: Emily_GetMan folded before Flop (didn't bet)
Seat 3: Burlica2013 (button) showed [Js Td] and won ($19.53) with a pair of Jacks
Seat 4: Pippa83 (small blind) folded before Flop
Seat 5: shel456 (big blind) showed [5h 3c] and lost with high card Queen
Seat 6: Alinyr folded before Flop (didn't bet)



PokerStars Hand #254186343727:  Hold'em No Limit ($0.50/$1.00 USD) - 2025/01/04 9:37:43 WET [2025/01/04 4:37:43 ET]
Table 'Laertes II' 6-max Seat #4 is the button
Seat 1: NikoPale ($100 in chips) 
Seat 2: Emily_GetMan ($126.84 in chips) 
Seat 3: Burlica2013 ($115 in chips) 
Seat 4: Pippa83 ($100 in chips) 
Seat 5: shel456 ($45.17 in chips) 
Seat 6: Alinyr ($124.21 in chips) 
shel456: posts small blind $0.50
Alinyr: posts big blind $1
*** HOLE CARDS ***
NikoPale: raises $2 to $3
Emily_GetMan: folds 
Burlica2013: folds 
Pippa83: folds 
shel456: folds 
Alinyr: calls $2
*** FLOP *** [Kh 3s Kc]
Alinyr: checks 
NikoPale: bets $2.04
Alinyr: folds 
Uncalled bet ($2.04) returned to NikoPale
NikoPale collected $6.18 from pot
NikoPale: doesn't show hand 
*** SUMMARY ***
Total pot $6.50 | Rake $0.32 
Board [Kh 3s Kc]
Seat 1: NikoPale collected ($6.18)
Seat 2: Emily_GetMan folded before Flop (didn't bet)
Seat 3: Burlica2013 folded before Flop (didn't bet)
Seat 4: Pippa83 (button) folded before Flop (didn't bet)
Seat 5: shel456 (small blind) folded before Flop
Seat 6: Alinyr (big blind) folded on the Flop



PokerStars Hand #254186347397:  Hold'em No Limit ($0.50/$1.00 USD) - 2025/01/04 9:38:18 WET [2025/01/04 4:38:18 ET]
Table 'Laertes II' 6-max Seat #5 is the button
Seat 1: NikoPale ($103.18 in chips) 
Seat 2: Emily_GetMan ($126.84 in chips) 
Seat 3: Burlica2013 ($115 in chips) 
Seat 4: Pippa83 ($100 in chips) 
Seat 5: shel456 ($44.67 in chips) 
Seat 6: Alinyr ($121.21 in chips) 
Alinyr: posts small blind $0.50
NikoPale: posts big blind $1
*** HOLE CARDS ***
Emily_GetMan: folds 
Burlica2013: folds 
Pippa83: folds 
shel456: calls $1
Alinyr: folds 
NikoPale: checks 
*** FLOP *** [9d 5s 9c]
NikoPale: bets $2
shel456: folds 
Uncalled bet ($2) returned to NikoPale
NikoPale collected $2.38 from pot
NikoPale: doesn't show hand 
*** SUMMARY ***
Total pot $2.50 | Rake $0.12 
Board [9d 5s 9c]
Seat 1: NikoPale (big blind) collected ($2.38)
Seat 2: Emily_GetMan folded before Flop (didn't bet)
Seat 3: Burlica2013 folded before Flop (didn't bet)
Seat 4: Pippa83 folded before Flop (didn't bet)
Seat 5: shel456 (button) folded on the Flop
Seat 6: Alinyr (small blind) folded before Flop



PokerStars Hand #254186351061:  Hold'em No Limit ($0.50/$1.00 USD) - 2025/01/04 9:38:53 WET [2025/01/04 4:38:53 ET]
Table 'Laertes II' 6-max Seat #6 is the button
Seat 1: NikoPale ($104.56 in chips) 
Seat 2: Emily_GetMan ($126.84 in chips) 
Seat 3: Burlica2013 ($115 in chips) 
Seat 4: Pippa83 ($100 in chips) 
Seat 5: shel456 ($43.67 in chips) 
Seat 6: Alinyr ($120.71 in chips) 
NikoPale: posts small blind $0.50
Emily_GetMan: posts big blind $1
*** HOLE CARDS ***
Burlica2013: folds 
Pippa83: folds 
shel456: calls $1
Alinyr: folds 
NikoPale: folds 
Emily_GetMan: checks 
*** FLOP *** [Ts 3h Th]
Emily_GetMan: bets $1
shel456: calls $1
*** TURN *** [Ts 3h Th] [7c]
Emily_GetMan: bets $2.82
shel456: calls $2.82
*** RIVER *** [Ts 3h Th 7c] [3s]
Emily_GetMan: checks 
shel456: bets $4.82
Emily_GetMan: folds 
Uncalled bet ($4.82) returned to shel456
shel456 collected $9.63 from pot
*** SUMMARY ***
Total pot $10.14 | Rake $0.51 
Board [Ts 3h Th 7c 3s]
Seat 1: NikoPale (small blind) folded before Flop
Seat 2: Emily_GetMan (big blind) folded on the River
Seat 3: Burlica2013 folded before Flop (didn't bet)
Seat 4: Pippa83 folded before Flop (didn't bet)
Seat 5: shel456 collected ($9.63)
Seat 6: Alinyr (button) folded before Flop (didn't bet)



PokerStars Hand #254186359331:  Hold'em No Limit ($0.50/$1.00 USD) - 2025/01/04 9:40:11 WET [2025/01/04 4:40:11 ET]
Table 'Laertes II' 6-max Seat #1 is the button
Seat 1: NikoPale ($104.06 in chips) 
Seat 2: Emily_GetMan ($122.02 in chips) 
Seat 3: Burlica2013 ($115 in chips) 
Seat 4: Pippa83 ($100 in chips) 
Seat 5: shel456 ($48.48 in chips) 
Seat 6: Alinyr ($120.71 in chips) 
Emily_GetMan: posts small blind $0.50
Burlica2013: posts big blind $1
*** HOLE CARDS ***
Pippa83: folds 
shel456: folds 
Alinyr: folds 
NikoPale: raises $1.50 to $2.50
Emily_GetMan: folds 
Burlica2013: folds 
Uncalled bet ($1.50) returned to NikoPale
NikoPale collected $2.50 from pot
NikoPale: doesn't show hand 
*** SUMMARY ***
Total pot $2.50 | Rake $0 
Seat 1: NikoPale (button) collected ($2.50)
Seat 2: Emily_GetMan (small blind) folded before Flop
Seat 3: Burlica2013 (big blind) folded before Flop
Seat 4: Pippa83 folded before Flop (didn't bet)
Seat 5: shel456 folded before Flop (didn't bet)
Seat 6: Alinyr folded before Flop (didn't bet)



PokerStars Hand #254186361998:  Hold'em No Limit ($0.50/$1.00 USD) - 2025/01/04 9:40:35 WET [2025/01/04 4:40:35 ET]
Table 'Laertes II' 6-max Seat #2 is the button
Seat 1: NikoPale ($105.56 in chips) 
Seat 2: Emily_GetMan ($121.52 in chips) 
Seat 3: Burlica2013 ($114 in chips) 
Seat 4: Pippa83 ($100 in chips) 
Seat 5: shel456 ($48.48 in chips) 
Seat 6: Alinyr ($120.71 in chips) 
Burlica2013: posts small blind $0.50
Pippa83: posts big blind $1
*** HOLE CARDS ***
shel456: folds 
Alinyr: raises $1.05 to $2.05
NikoPale: raises $5.05 to $7.10
Emily_GetMan: folds 
Burlica2013: folds 
Pippa83: folds 
Alinyr: raises $113.61 to $120.71 and is all-in
NikoPale: folds 
Uncalled bet ($113.61) returned to Alinyr
Alinyr collected $15.70 from pot
Alinyr: doesn't show hand 
*** SUMMARY ***
Total pot $15.70 | Rake $0 
Seat 1: NikoPale folded before Flop
Seat 2: Emily_GetMan (button) folded before Flop (didn't bet)
Seat 3: Burlica2013 (small blind) folded before Flop
Seat 4: Pippa83 (big blind) folded before Flop
Seat 5: shel456 folded before Flop (didn't bet)
Seat 6: Alinyr collected ($15.70)



PokerStars Hand #254186366668:  Hold'em No Limit ($0.50/$1.00 USD) - 2025/01/04 9:41:18 WET [2025/01/04 4:41:18 ET]
Table 'Laertes II' 6-max Seat #3 is the button
Seat 1: NikoPale ($100 in chips) 
Seat 2: Emily_GetMan ($121.52 in chips) 
Seat 3: Burlica2013 ($113.50 in chips) 
Seat 4: Pippa83 ($100 in chips) 
Seat 5: shel456 ($48.48 in chips) 
Seat 6: Alinyr ($129.31 in chips) 
Pippa83: posts small blind $0.50
shel456: posts big blind $1
*** HOLE CARDS ***
Alinyr: folds 
NikoPale: folds 
Emily_GetMan: folds 
Burlica2013: folds 
Pippa83: folds 
Uncalled bet ($0.50) returned to shel456
shel456 collected $1 from pot
*** SUMMARY ***
Total pot $1 | Rake $0 
Seat 1: NikoPale folded before Flop (didn't bet)
Seat 2: Emily_GetMan folded before Flop (didn't bet)
Seat 3: Burlica2013 (button) folded before Flop (didn't bet)
Seat 4: Pippa83 (small blind) folded before Flop
Seat 5: shel456 (big blind) collected ($1)
Seat 6: Alinyr folded before Flop (didn't bet)



PokerStars Hand #254186368250:  Hold'em No Limit ($0.50/$1.00 USD) - 2025/01/04 9:41:32 WET [2025/01/04 4:41:32 ET]
Table 'Laertes II' 6-max Seat #4 is the button
Seat 1: NikoPale ($100 in chips) 
Seat 2: Emily_GetMan ($121.52 in chips) 
Seat 3: Burlica2013 ($113.50 in chips) 
Seat 4: Pippa83 ($100 in chips) 
Seat 5: shel456 ($48.98 in chips) 
Seat 6: Alinyr ($129.31 in chips) 
shel456: posts small blind $0.50
Alinyr: posts big blind $1
*** HOLE CARDS ***
NikoPale: folds 
Emily_GetMan: folds 
Burlica2013: folds 
Pippa83: raises $1 to $2
shel456: raises $3 to $5
Alinyr: folds 
Pippa83: calls $3
*** FLOP *** [9c Td Qh]
shel456: checks 
Pippa83: checks 
*** TURN *** [9c Td Qh] [Ks]
shel456: checks 
Pippa83: checks 
*** RIVER *** [9c Td Qh Ks] [Qd]
shel456: bets $10.45
Pippa83: folds 
Uncalled bet ($10.45) returned to shel456
shel456 collected $10.45 from pot
*** SUMMARY ***
Total pot $11 | Rake $0.55 
Board [9c Td Qh Ks Qd]
Seat 1: NikoPale folded before Flop (didn't bet)
Seat 2: Emily_GetMan folded before Flop (didn't bet)
Seat 3: Burlica2013 folded before Flop (didn't bet)
Seat 4: Pippa83 (button) folded on the River
Seat 5: shel456 (small blind) collected ($10.45)
Seat 6: Alinyr (big blind) folded before Flop



PokerStars Hand #254186375397:  Hold'em No Limit ($0.50/$1.00 USD) - 2025/01/04 9:42:39 WET [2025/01/04 4:42:39 ET]
Table 'Laertes II' 6-max Seat #5 is the button
Seat 4: Pippa83 ($100 in chips) is sitting out
Seat 1: NikoPale ($100 in chips) 
Seat 2: Emily_GetMan ($121.52 in chips) 
Seat 3: Burlica2013 ($113.50 in chips) 
Seat 5: shel456 ($54.43 in chips) 
Seat 6: Alinyr ($128.31 in chips) 
Alinyr: posts small blind $0.50
NikoPale: posts big blind $1
*** HOLE CARDS ***
Emily_GetMan: folds 
Burlica2013: folds 
shel456: calls $1
Alinyr: folds 
NikoPale: checks 
*** FLOP *** [9c 5h 7d]
NikoPale: checks 
shel456: bets $2.38
NikoPale: calls $2.38
*** TURN *** [9c 5h 7d] [8c]
NikoPale: checks 
shel456: bets $3.45
NikoPale: folds 
Uncalled bet ($3.45) returned to shel456
shel456 collected $6.90 from pot
*** SUMMARY ***
Total pot $7.26 | Rake $0.36 
Board [9c 5h 7d 8c]
Seat 4: Pippa83
Seat 1: NikoPale (big blind) folded on the Turn
Seat 2: Emily_GetMan folded before Flop (didn't bet)
Seat 3: Burlica2013 folded before Flop (didn't bet)
Seat 5: shel456 (button) collected ($6.90)
Seat 6: Alinyr (small blind) folded before Flop



PokerStars Hand #254186380792:  Hold'em No Limit ($0.50/$1.00 USD) - 2025/01/04 9:43:28 WET [2025/01/04 4:43:28 ET]
Table 'Laertes II' 6-max Seat #6 is the button
Seat 4: Pippa83 ($100 in chips) is sitting out
Seat 1: NikoPale ($100 in chips) 
Seat 2: Emily_GetMan ($121.52 in chips) 
Seat 3: Burlica2013 ($113.50 in chips) 
Seat 5: shel456 ($57.95 in chips) 
Seat 6: Alinyr ($127.81 in chips) 
NikoPale: posts small blind $0.50
Emily_GetMan: posts big blind $1
*** HOLE CARDS ***
Burlica2013: raises $1.20 to $2.20
shel456: calls $2.20
Alinyr: folds 
NikoPale: folds 
Emily_GetMan: calls $1.20
*** FLOP *** [8s 9c Ad]
Emily_GetMan: checks 
Burlica2013: checks 
shel456: checks 
*** TURN *** [8s 9c Ad] [7d]
Emily_GetMan: checks 
Burlica2013: bets $5.06
shel456: calls $5.06
Emily_GetMan: calls $5.06
*** RIVER *** [8s 9c Ad 7d] [2s]
Emily_GetMan: checks 
Burlica2013: checks 
shel456: checks 
*** SHOW DOWN ***
Emily_GetMan: shows [As Td] (a pair of Aces)
Burlica2013: mucks hand 
shel456: mucks hand 
Emily_GetMan collected $21.17 from pot
*** SUMMARY ***
Total pot $22.28 | Rake $1.11 
Board [8s 9c Ad 7d 2s]
Seat 4: Pippa83
Seat 1: NikoPale (small blind) folded before Flop
Seat 2: Emily_GetMan (big blind) showed [As Td] and won ($21.17) with a pair of Aces
Seat 3: Burlica2013 mucked
Seat 5: shel456 mucked
Seat 6: Alinyr (button) folded before Flop (didn't bet)



PokerStars Hand #254186388196:  Hold'em No Limit ($0.50/$1.00 USD) - 2025/01/04 9:44:37 WET [2025/01/04 4:44:37 ET]
Table 'Laertes II' 6-max Seat #1 is the button
Seat 4: Pippa83 ($100 in chips) is sitting out
Seat 1: NikoPale ($100 in chips) 
Seat 2: Emily_GetMan ($135.43 in chips) 
Seat 3: Burlica2013 ($106.24 in chips) 
Seat 5: shel456 ($50.69 in chips) 
Seat 6: Alinyr ($127.81 in chips) 
Emily_GetMan: posts small blind $0.50
Burlica2013: posts big blind $1
*** HOLE CARDS ***
shel456: folds 
Alinyr: folds 
NikoPale: raises $1.50 to $2.50
Emily_GetMan: folds 
Burlica2013: calls $1.50
*** FLOP *** [5c 8d Jd]
Burlica2013: checks 
NikoPale: bets $1.72
Burlica2013: calls $1.72
*** TURN *** [5c 8d Jd] [3s]
Burlica2013: checks 
NikoPale: checks 
*** RIVER *** [5c 8d Jd 3s] [7c]
Burlica2013: bets $9.51
NikoPale: calls $9.51
*** SHOW DOWN ***
Burlica2013: shows [7h Jh] (two pair, Jacks and Sevens)
NikoPale: mucks hand 
Burlica2013 collected $26.56 from pot
*** SUMMARY ***
Total pot $27.96 | Rake $1.40 
Board [5c 8d Jd 3s 7c]
Seat 4: Pippa83
Seat 1: NikoPale (button) mucked
Seat 2: Emily_GetMan (small blind) folded before Flop
Seat 3: Burlica2013 (big blind) showed [7h Jh] and won ($26.56) with two pair, Jacks and Sevens
Seat 5: shel456 folded before Flop (didn't bet)
Seat 6: Alinyr folded before Flop (didn't bet)



PokerStars Hand #254186393067:  Hold'em No Limit ($0.50/$1.00 USD) - 2025/01/04 9:45:21 WET [2025/01/04 4:45:21 ET]
Table 'Laertes II' 6-max Seat #2 is the button
Seat 1: NikoPale ($100 in chips) 
Seat 2: Emily_GetMan ($134.93 in chips) 
Seat 3: Burlica2013 ($119.07 in chips) 
Seat 4: Pippa83 ($100 in chips) 
Seat 5: shel456 ($50.69 in chips) 
Seat 6: Alinyr ($127.81 in chips) 
Burlica2013: posts small blind $0.50
Pippa83: posts big blind $1
*** HOLE CARDS ***
shel456: calls $1
Alinyr: folds 
NikoPale: raises $4 to $5
Emily_GetMan: folds 
Burlica2013: folds 
Pippa83: calls $4
shel456: calls $4
*** FLOP *** [5s Ts 3s]
Pippa83: checks 
shel456: checks 
NikoPale: checks 
*** TURN *** [5s Ts 3s] [6h]
Pippa83: bets $2.94
shel456: folds 
NikoPale: folds 
Uncalled bet ($2.94) returned to Pippa83
Pippa83 collected $14.72 from pot
Pippa83: doesn't show hand 
*** SUMMARY ***
Total pot $15.50 | Rake $0.78 
Board [5s Ts 3s 6h]
Seat 1: NikoPale folded on the Turn
Seat 2: Emily_GetMan (button) folded before Flop (didn't bet)
Seat 3: Burlica2013 (small blind) folded before Flop
Seat 4: Pippa83 (big blind) collected ($14.72)
Seat 5: shel456 folded on the Turn
Seat 6: Alinyr folded before Flop (didn't bet)



PokerStars Hand #254186400096:  Hold'em No Limit ($0.50/$1.00 USD) - 2025/01/04 9:46:25 WET [2025/01/04 4:46:25 ET]
Table 'Laertes II' 6-max Seat #3 is the button
Seat 1: NikoPale ($100 in chips) 
Seat 2: Emily_GetMan ($134.93 in chips) 
Seat 3: Burlica2013 ($118.57 in chips) 
Seat 4: Pippa83 ($109.72 in chips) 
Seat 5: shel456 ($45.69 in chips) 
Seat 6: Alinyr ($127.81 in chips) 
Pippa83: posts small blind $0.50
shel456: posts big blind $1
*** HOLE CARDS ***
Alinyr: raises $1.05 to $2.05
NikoPale: raises $5.05 to $7.10
Emily_GetMan: folds 
Burlica2013: folds 
Pippa83: folds 
shel456: folds 
Alinyr: calls $5.05
*** FLOP *** [7d 4s 4d]
Alinyr: checks 
NikoPale: bets $7.46
Alinyr: calls $7.46
*** TURN *** [7d 4s 4d] [9s]
Alinyr: checks 
NikoPale: bets $19.49
shel456 is disconnected 
Alinyr: folds 
Uncalled bet ($19.49) returned to NikoPale
NikoPale collected $29.09 from pot
NikoPale: doesn't show hand 
*** SUMMARY ***
Total pot $30.62 | Rake $1.53 
Board [7d 4s 4d 9s]
Seat 1: NikoPale collected ($29.09)
Seat 2: Emily_GetMan folded before Flop (didn't bet)
Seat 3: Burlica2013 (button) folded before Flop (didn't bet)
Seat 4: Pippa83 (small blind) folded before Flop
Seat 5: shel456 (big blind) folded before Flop
Seat 6: Alinyr folded on the Turn



PokerStars Hand #254186406733:  Hold'em No Limit ($0.50/$1.00 USD) - 2025/01/04 9:47:27 WET [2025/01/04 4:47:27 ET]
Table 'Laertes II' 6-max Seat #4 is the button
Seat 1: NikoPale ($114.53 in chips) 
Seat 2: Emily_GetMan ($134.93 in chips) 
Seat 3: Burlica2013 ($118.57 in chips) 
Seat 4: Pippa83 ($109.22 in chips) 
Seat 5: shel456 ($44.69 in chips) 
Seat 6: Alinyr ($113.25 in chips) 
shel456: posts small blind $0.50
Alinyr: posts big blind $1
*** HOLE CARDS ***
NikoPale: folds 
Emily_GetMan: folds 
Burlica2013: raises $1.25 to $2.25
Pippa83: folds 
shel456: calls $1.75
Alinyr: calls $1.25
*** FLOP *** [2h Ah Td]
shel456: checks 
Alinyr: checks 
Burlica2013: bets $3.21
shel456: folds 
Alinyr: calls $3.21
*** TURN *** [2h Ah Td] [Ks]
Alinyr: checks 
Burlica2013: checks 
*** RIVER *** [2h Ah Td Ks] [Jc]
Alinyr: checks 
Burlica2013: checks 
*** SHOW DOWN ***
Alinyr: shows [Ad 5h] (a pair of Aces)
Burlica2013: shows [Ac 3c] (a pair of Aces)
Alinyr collected $6.26 from pot
Burlica2013 collected $6.25 from pot
*** SUMMARY ***
Total pot $13.17 | Rake $0.66 
Board [2h Ah Td Ks Jc]
Seat 1: NikoPale folded before Flop (didn't bet)
Seat 2: Emily_GetMan folded before Flop (didn't bet)
Seat 3: Burlica2013 showed [Ac 3c] and won ($6.25) with a pair of Aces
Seat 4: Pippa83 (button) folded before Flop (didn't bet)
Seat 5: shel456 (small blind) folded on the Flop
Seat 6: Alinyr (big blind) showed [Ad 5h] and won ($6.26) with a pair of Aces



PokerStars Hand #254186414932:  Hold'em No Limit ($0.50/$1.00 USD) - 2025/01/04 9:48:41 WET [2025/01/04 4:48:41 ET]
Table 'Laertes II' 6-max Seat #5 is the button
Seat 1: NikoPale ($114.53 in chips) 
Seat 2: Emily_GetMan ($134.93 in chips) 
Seat 3: Burlica2013 ($119.36 in chips) 
Seat 4: Pippa83 ($109.22 in chips) 
Seat 5: shel456 ($42.44 in chips) 
Seat 6: Alinyr ($114.05 in chips) 
Alinyr: posts small blind $0.50
NikoPale: posts big blind $1
*** HOLE CARDS ***
Emily_GetMan: folds 
Burlica2013: folds 
Emily_GetMan leaves the table
Pippa83: folds 
shel456: folds 
KeR888 joins the table at seat #2 
Alinyr: raises $2 to $3
NikoPale: folds 
Uncalled bet ($2) returned to Alinyr
Alinyr collected $2 from pot
Alinyr: doesn't show hand 
*** SUMMARY ***
Total pot $2 | Rake $0 
Seat 1: NikoPale (big blind) folded before Flop
Seat 2: Emily_GetMan folded before Flop (didn't bet)
Seat 3: Burlica2013 folded before Flop (didn't bet)
Seat 4: Pippa83 folded before Flop (didn't bet)
Seat 5: shel456 (button) folded before Flop (didn't bet)
Seat 6: Alinyr (small blind) collected ($2)



PokerStars Hand #254186417151:  Hold'em No Limit ($0.50/$1.00 USD) - 2025/01/04 9:49:02 WET [2025/01/04 4:49:02 ET]
Table 'Laertes II' 6-max Seat #6 is the button
Seat 1: NikoPale ($113.53 in chips) 
Seat 2: KeR888 ($100 in chips) 
Seat 3: Burlica2013 ($119.36 in chips) 
Seat 4: Pippa83 ($109.22 in chips) 
Seat 5: shel456 ($42.44 in chips) 
Seat 6: Alinyr ($115.05 in chips) 
NikoPale: posts small blind $0.50
KeR888: posts big blind $1
*** HOLE CARDS ***
Burlica2013: folds 
Pippa83: folds 
shel456: raises $1 to $2
Alinyr: folds 
NikoPale: folds 
KeR888: folds 
Uncalled bet ($1) returned to shel456
shel456 collected $2.50 from pot
*** SUMMARY ***
Total pot $2.50 | Rake $0 
Seat 1: NikoPale (small blind) folded before Flop
Seat 2: KeR888 (big blind) folded before Flop
Seat 3: Burlica2013 folded before Flop (didn't bet)
Seat 4: Pippa83 folded before Flop (didn't bet)
Seat 5: shel456 collected ($2.50)
Seat 6: Alinyr (button) folded before Flop (didn't bet)



PokerStars Hand #254186419321:  Hold'em No Limit ($0.50/$1.00 USD) - 2025/01/04 9:49:22 WET [2025/01/04 4:49:22 ET]
Table 'Laertes II' 6-max Seat #1 is the button
Seat 1: NikoPale ($113.03 in chips) 
Seat 2: KeR888 ($100 in chips) 
Seat 3: Burlica2013 ($119.36 in chips) 
Seat 4: Pippa83 ($109.22 in chips) 
Seat 5: shel456 ($43.94 in chips) 
Seat 6: Alinyr ($115.05 in chips) 
KeR888: posts small blind $0.50
Burlica2013: posts big blind $1
*** HOLE CARDS ***
Pippa83: folds 
shel456: raises $1 to $2
Alinyr: folds 
NikoPale: folds 
KeR888: folds 
Burlica2013: folds 
Uncalled bet ($1) returned to shel456
shel456 collected $2.50 from pot
*** SUMMARY ***
Total pot $2.50 | Rake $0 
Seat 1: NikoPale (button) folded before Flop (didn't bet)
Seat 2: KeR888 (small blind) folded before Flop
Seat 3: Burlica2013 (big blind) folded before Flop
Seat 4: Pippa83 folded before Flop (didn't bet)
Seat 5: shel456 collected ($2.50)
Seat 6: Alinyr folded before Flop (didn't bet)



PokerStars Hand #254186420640:  Hold'em No Limit ($0.50/$1.00 USD) - 2025/01/04 9:49:33 WET [2025/01/04 4:49:33 ET]
Table 'Laertes II' 6-max Seat #2 is the button
Seat 1: NikoPale ($113.03 in chips) 
Seat 2: KeR888 ($100 in chips) 
Seat 3: Burlica2013 ($118.36 in chips) 
Seat 4: Pippa83 ($109.22 in chips) 
Seat 5: shel456 ($45.44 in chips) 
Seat 6: Alinyr ($115.05 in chips) 
Burlica2013: posts small blind $0.50
Pippa83: posts big blind $1
*** HOLE CARDS ***
shel456: raises $1 to $2
Alinyr: folds 
NikoPale: folds 
KeR888: folds 
Burlica2013: folds 
Pippa83: folds 
Uncalled bet ($1) returned to shel456
shel456 collected $2.50 from pot
*** SUMMARY ***
Total pot $2.50 | Rake $0 
Seat 1: NikoPale folded before Flop (didn't bet)
Seat 2: KeR888 (button) folded before Flop (didn't bet)
Seat 3: Burlica2013 (small blind) folded before Flop
Seat 4: Pippa83 (big blind) folded before Flop
Seat 5: shel456 collected ($2.50)
Seat 6: Alinyr folded before Flop (didn't bet)



PokerStars Hand #254186422066:  Hold'em No Limit ($0.50/$1.00 USD) - 2025/01/04 9:49:47 WET [2025/01/04 4:49:47 ET]
Table 'Laertes II' 6-max Seat #3 is the button
Seat 1: NikoPale ($113.03 in chips) 
Seat 2: KeR888 ($100 in chips) 
Seat 3: Burlica2013 ($117.86 in chips) 
Seat 4: Pippa83 ($108.22 in chips) 
Seat 5: shel456 ($46.94 in chips) 
Seat 6: Alinyr ($115.05 in chips) 
Pippa83: posts small blind $0.50
shel456: posts big blind $1
*** HOLE CARDS ***
Alinyr: folds 
NikoPale: folds 
KeR888: folds 
Burlica2013: raises $1.45 to $2.45
Pippa83: folds 
shel456: calls $1.45
*** FLOP *** [6h 8h 3d]
shel456: checks 
Burlica2013: bets $1.69
shel456: calls $1.69
*** TURN *** [6h 8h 3d] [Qc]
shel456: checks 
Burlica2013: bets $6.25
shel456: calls $6.25
*** RIVER *** [6h 8h 3d Qc] [5h]
shel456: bets $36.55 and is all-in
Burlica2013: folds 
Uncalled bet ($36.55) returned to shel456
shel456 collected $20.22 from pot
*** SUMMARY ***
Total pot $21.28 | Rake $1.06 
Board [6h 8h 3d Qc 5h]
Seat 1: NikoPale folded before Flop (didn't bet)
Seat 2: KeR888 folded before Flop (didn't bet)
Seat 3: Burlica2013 (button) folded on the River
Seat 4: Pippa83 (small blind) folded before Flop
Seat 5: shel456 (big blind) collected ($20.22)
Seat 6: Alinyr folded before Flop (didn't bet)



PokerStars Hand #254186428225:  Hold'em No Limit ($0.50/$1.00 USD) - 2025/01/04 9:50:44 WET [2025/01/04 4:50:44 ET]
Table 'Laertes II' 6-max Seat #4 is the button
Seat 1: NikoPale ($113.03 in chips) 
Seat 2: KeR888 ($100 in chips) 
Seat 3: Burlica2013 ($107.47 in chips) 
Seat 4: Pippa83 ($107.72 in chips) 
Seat 5: shel456 ($56.77 in chips) 
Seat 6: Alinyr ($115.05 in chips) 
shel456: posts small blind $0.50
Alinyr: posts big blind $1
*** HOLE CARDS ***
NikoPale: folds 
KeR888: folds 
Burlica2013: folds 
Pippa83: raises $1.50 to $2.50
shel456: calls $2
Alinyr: raises $12.50 to $15
Pippa83: folds 
shel456: calls $12.50
*** FLOP *** [Qd 2s 5d]
shel456: checks 
Alinyr: bets $10.19
shel456: calls $10.19
*** TURN *** [Qd 2s 5d] [Jd]
shel456: bets $31.58 and is all-in
Alinyr: calls $31.58
*** RIVER *** [Qd 2s 5d Jd] [Tc]
*** SHOW DOWN ***
shel456: shows [3s 3c] (a pair of Threes)
Alinyr: shows [As Qc] (a pair of Queens)
Alinyr collected $113.54 from pot
*** SUMMARY ***
Total pot $116.04 | Rake $2.50 
Board [Qd 2s 5d Jd Tc]
Seat 1: NikoPale folded before Flop (didn't bet)
Seat 2: KeR888 folded before Flop (didn't bet)
Seat 3: Burlica2013 folded before Flop (didn't bet)
Seat 4: Pippa83 (button) folded before Flop
Seat 5: shel456 (small blind) showed [3s 3c] and lost with a pair of Threes
Seat 6: Alinyr (big blind) showed [As Qc] and won ($113.54) with a pair of Queens



PokerStars Hand #254186435803:  Hold'em No Limit ($0.50/$1.00 USD) - 2025/01/04 9:51:54 WET [2025/01/04 4:51:54 ET]
Table 'Laertes II' 6-max Seat #6 is the button
Seat 5: shel456 ($0 in chips) is sitting out
Seat 1: NikoPale ($113.03 in chips) 
Seat 2: KeR888 ($100 in chips) 
Seat 3: Burlica2013 ($107.47 in chips) 
Seat 4: Pippa83 ($105.22 in chips) 
Seat 6: Alinyr ($171.82 in chips) 
NikoPale: posts small blind $0.50
KeR888: posts big blind $1
*** HOLE CARDS ***
Burlica2013: folds 
Pippa83: folds 
Alinyr: folds 
shel456 leaves the table
NikoPale: raises $2 to $3
KeR888: calls $2
*** FLOP *** [7h 5h 4h]
NikoPale: checks 
KeR888: bets $2.85
NikoPale: folds 
Uncalled bet ($2.85) returned to KeR888
KeR888 collected $5.70 from pot
KeR888: doesn't show hand 
*** SUMMARY ***
Total pot $6 | Rake $0.30 
Board [7h 5h 4h]
Seat 5: shel456
Seat 1: NikoPale (small blind) folded on the Flop
Seat 2: KeR888 (big blind) collected ($5.70)
Seat 3: Burlica2013 folded before Flop (didn't bet)
Seat 4: Pippa83 folded before Flop (didn't bet)
Seat 6: Alinyr (button) folded before Flop (didn't bet)



PokerStars Hand #254186438975:  Hold'em No Limit ($0.50/$1.00 USD) - 2025/01/04 9:52:22 WET [2025/01/04 4:52:22 ET]
Table 'Laertes II' 6-max Seat #1 is the button
Seat 1: NikoPale ($110.03 in chips) 
Seat 2: KeR888 ($102.70 in chips) 
Seat 3: Burlica2013 ($107.47 in chips) 
Seat 4: Pippa83 ($105.22 in chips) 
Seat 6: Alinyr ($171.82 in chips) 
KeR888: posts small blind $0.50
Burlica2013: posts big blind $1
*** HOLE CARDS ***
Pippa83: folds 
Alinyr: folds 
NikoPale: raises $1.50 to $2.50
Pippa83 leaves the table
KeR888: folds 
Burlica2013: folds 
Uncalled bet ($1.50) returned to NikoPale
NikoPale collected $2.50 from pot
NikoPale: doesn't show hand 
*** SUMMARY ***
Total pot $2.50 | Rake $0 
Seat 1: NikoPale (button) collected ($2.50)
Seat 2: KeR888 (small blind) folded before Flop
Seat 3: Burlica2013 (big blind) folded before Flop
Seat 4: Pippa83 folded before Flop (didn't bet)
Seat 6: Alinyr folded before Flop (didn't bet)



