PokerStars Hand #254200826925:  Hold'em No Limit ($0.50/$1.00 USD) - 2025/01/04 1:09:32 WET [2025/01/04 20:09:32 ET]
Table 'Media' 6-max Seat #1 is the button
Seat 1: XneferX ($100 in chips) 
Seat 2: rao999 ($100 in chips) 
Seat 3: Supermegopro ($100 in chips) 
Seat 6: FredoMessias ($100 in chips) 
rao999: posts small blind $0.50
Supermegopro: posts big blind $1
*** HOLE CARDS ***
FredoMessias: folds 
XneferX: folds 
rao999: raises $1.50 to $2.50
Supermegopro: raises $6.50 to $9
rao999: folds 
Uncalled bet ($6.50) returned to Supermegopro
Supermegopro collected $5 from pot
Supermegopro: doesn't show hand 
*** SUMMARY ***
Total pot $5 | Rake $0 
Seat 1: XneferX (button) folded before Flop (didn't bet)
Seat 2: rao999 (small blind) folded before Flop
Seat 3: Supermegopro (big blind) collected ($5)
Seat 6: FredoMessias folded before Flop (didn't bet)



PokerStars Hand #254200833237:  Hold'em No Limit ($0.50/$1.00 USD) - 2025/01/04 1:10:01 WET [2025/01/04 20:10:01 ET]
Table 'Media' 6-max Seat #2 is the button
Seat 1: XneferX ($100 in chips) 
Seat 2: rao999 ($100 in chips) 
Seat 3: Supermegopro ($102.50 in chips) 
Seat 6: FredoMessias ($100 in chips) 
Supermegopro: posts small blind $0.50
FredoMessias: posts big blind $1
*** HOLE CARDS ***
XneferX: raises $1.20 to $2.20
jock`s 911 joins the table at seat #4 
rao999: folds 
Manifestorr joins the table at seat #5 
Supermegopro: folds 
FredoMessias: calls $1.20
*** FLOP *** [9d Kd 9h]
FredoMessias: checks 
XneferX: checks 
*** TURN *** [9d Kd 9h] [Td]
FredoMessias: checks 
XneferX: checks 
*** RIVER *** [9d Kd 9h Td] [9s]
FredoMessias: checks 
XneferX: checks 
*** SHOW DOWN ***
FredoMessias: shows [7c 8c] (three of a kind, Nines)
XneferX: shows [2h 2c] (a full house, Nines full of Deuces)
XneferX collected $4.66 from pot
*** SUMMARY ***
Total pot $4.90 | Rake $0.24 
Board [9d Kd 9h Td 9s]
Seat 1: XneferX showed [2h 2c] and won ($4.66) with a full house, Nines full of Deuces
Seat 2: rao999 (button) folded before Flop (didn't bet)
Seat 3: Supermegopro (small blind) folded before Flop
Seat 6: FredoMessias (big blind) showed [7c 8c] and lost with three of a kind, Nines



PokerStars Hand #254200845921:  Hold'em No Limit ($0.50/$1.00 USD) - 2025/01/04 1:10:59 WET [2025/01/04 20:10:59 ET]
Table 'Media' 6-max Seat #3 is the button
Seat 1: XneferX ($102.46 in chips) is sitting out
Seat 4: jock`s 911 ($40 in chips) is sitting out
Seat 5: Manifestorr ($100 in chips) is sitting out
Seat 2: rao999 ($100 in chips) 
Seat 3: Supermegopro ($102 in chips) 
Seat 6: FredoMessias ($97.80 in chips) 
FredoMessias: posts small blind $0.50
rao999: posts big blind $1
*** HOLE CARDS ***
Supermegopro: folds 
FredoMessias: calls $0.50
rao999: raises $3 to $4
XneferX leaves the table
FredoMessias: calls $3
*** FLOP *** [2s Ts 6s]
FredoMessias: checks 
rao999: checks 
*** TURN *** [2s Ts 6s] [Ac]
FredoMessias: checks 
rao999: bets $5.02
FredoMessias: raises $5.02 to $10.04
rao999: calls $5.02
*** RIVER *** [2s Ts 6s Ac] [Jc]
FredoMessias: checks 
rao999: bets $26.50
FredoMessias: folds 
Uncalled bet ($26.50) returned to rao999
rao999 collected $27.08 from pot
rao999: doesn't show hand 
*** SUMMARY ***
Total pot $28.08 | Rake $1 
Board [2s Ts 6s Ac Jc]
Seat 1: XneferX
Seat 4: jock`s 911
Seat 5: Manifestorr
Seat 2: rao999 (big blind) collected ($27.08)
Seat 3: Supermegopro (button) folded before Flop (didn't bet)
Seat 6: FredoMessias (small blind) folded on the River



PokerStars Hand #254200866559:  Hold'em No Limit ($0.50/$1.00 USD) - 2025/01/04 1:12:36 WET [2025/01/04 20:12:36 ET]
Table 'Media' 6-max Seat #6 is the button
Seat 5: Manifestorr ($100 in chips) is sitting out
Seat 2: rao999 ($113.04 in chips) 
Seat 3: Supermegopro ($102 in chips) 
Seat 4: jock`s 911 ($40 in chips) 
Seat 6: FredoMessias ($83.76 in chips) 
rao999: posts small blind $0.50
Supermegopro: posts big blind $1
jock`s 911: posts big blind $1
Manifestorr: sits out 
*** HOLE CARDS ***
jock`s 911: checks 
FredoMessias has timed out
FredoMessias: folds 
rao999: folds 
Supermegopro: checks 
*** FLOP *** [Qc Kc 2d]
Supermegopro: checks 
jock`s 911: bets $3
yxo_opka joins the table at seat #1 
Supermegopro: folds 
Uncalled bet ($3) returned to jock`s 911
jock`s 911 collected $2.35 from pot
jock`s 911: doesn't show hand 
*** SUMMARY ***
Total pot $2.50 | Rake $0.15 
Board [Qc Kc 2d]
Seat 5: Manifestorr
Seat 2: rao999 (small blind) folded before Flop
Seat 3: Supermegopro (big blind) folded on the Flop
Seat 4: jock`s 911 collected ($2.35)
Seat 6: FredoMessias (button) folded before Flop (didn't bet)



PokerStars Hand #254200874722:  Hold'em No Limit ($0.50/$1.00 USD) - 2025/01/04 1:13:14 WET [2025/01/04 20:13:14 ET]
Table 'Media' 6-max Seat #2 is the button
Seat 1: yxo_opka ($40 in chips) is sitting out
Seat 5: Manifestorr ($100 in chips) is sitting out
Seat 2: rao999 ($112.54 in chips) 
Seat 3: Supermegopro ($101 in chips) 
Seat 4: jock`s 911 ($41.35 in chips) 
Seat 6: FredoMessias ($100 in chips) 
Supermegopro: posts small blind $0.50
jock`s 911: posts big blind $1
Manifestorr: sits out 
yxo_opka: sits out 
*** HOLE CARDS ***
FredoMessias: raises $2 to $3
rao999: folds 
Supermegopro: folds 
jock`s 911: calls $2
*** FLOP *** [2c 8h As]
jock`s 911: checks 
FredoMessias: bets $3.09
jock`s 911: folds 
Uncalled bet ($3.09) returned to FredoMessias
FredoMessias collected $6.18 from pot
FredoMessias: doesn't show hand 
*** SUMMARY ***
Total pot $6.50 | Rake $0.32 
Board [2c 8h As]
Seat 1: yxo_opka
Seat 5: Manifestorr
Seat 2: rao999 (button) folded before Flop (didn't bet)
Seat 3: Supermegopro (small blind) folded before Flop
Seat 4: jock`s 911 (big blind) folded on the Flop
Seat 6: FredoMessias collected ($6.18)



PokerStars Hand #254200883426:  Hold'em No Limit ($0.50/$1.00 USD) - 2025/01/04 1:13:55 WET [2025/01/04 20:13:55 ET]
Table 'Media' 6-max Seat #3 is the button
Seat 1: yxo_opka ($40 in chips) is sitting out
Seat 2: rao999 ($112.54 in chips) 
Seat 3: Supermegopro ($100.50 in chips) 
Seat 4: jock`s 911 ($38.35 in chips) 
Seat 5: Manifestorr ($100 in chips) 
Seat 6: FredoMessias ($103.18 in chips) 
jock`s 911: posts small blind $0.50
Manifestorr: posts big blind $1
yxo_opka: sits out 
*** HOLE CARDS ***
FredoMessias has timed out
FredoMessias: folds 
rao999: folds 
Supermegopro: folds 
jock`s 911: calls $0.50
Manifestorr: raises $3 to $4
jock`s 911: calls $3
*** FLOP *** [9c 4c Kh]
jock`s 911: bets $5
Manifestorr: calls $5
*** TURN *** [9c 4c Kh] [8h]
jock`s 911: checks 
Manifestorr: bets $23.09
jock`s 911: folds 
Uncalled bet ($23.09) returned to Manifestorr
Manifestorr collected $17.10 from pot
*** SUMMARY ***
Total pot $18 | Rake $0.90 
Board [9c 4c Kh 8h]
Seat 1: yxo_opka
Seat 2: rao999 folded before Flop (didn't bet)
Seat 3: Supermegopro (button) folded before Flop (didn't bet)
Seat 4: jock`s 911 (small blind) folded on the Turn
Seat 5: Manifestorr (big blind) collected ($17.10)
Seat 6: FredoMessias folded before Flop (didn't bet)



PokerStars Hand #254200894336:  Hold'em No Limit ($0.50/$1.00 USD) - 2025/01/04 1:14:46 WET [2025/01/04 20:14:46 ET]
Table 'Media' 6-max Seat #4 is the button
Seat 1: yxo_opka ($40 in chips) is sitting out
Seat 2: rao999 ($112.54 in chips) 
Seat 3: Supermegopro ($100.50 in chips) 
Seat 4: jock`s 911 ($29.35 in chips) 
Seat 5: Manifestorr ($108.10 in chips) 
Seat 6: FredoMessias ($103.18 in chips) 
Manifestorr: posts small blind $0.50
FredoMessias: posts big blind $1
yxo_opka: sits out 
*** HOLE CARDS ***
rao999: folds 
Supermegopro: folds 
jock`s 911: raises $28.35 to $29.35 and is all-in
Manifestorr: folds 
FredoMessias: folds 
Uncalled bet ($28.35) returned to jock`s 911
jock`s 911 collected $2.50 from pot
jock`s 911: doesn't show hand 
*** SUMMARY ***
Total pot $2.50 | Rake $0 
Seat 1: yxo_opka
Seat 2: rao999 folded before Flop (didn't bet)
Seat 3: Supermegopro folded before Flop (didn't bet)
Seat 4: jock`s 911 (button) collected ($2.50)
Seat 5: Manifestorr (small blind) folded before Flop
Seat 6: FredoMessias (big blind) folded before Flop



PokerStars Hand #254200901761:  Hold'em No Limit ($0.50/$1.00 USD) - 2025/01/04 1:15:21 WET [2025/01/04 20:15:21 ET]
Table 'Media' 6-max Seat #5 is the button
Seat 1: yxo_opka ($40 in chips) 
Seat 2: rao999 ($112.54 in chips) 
Seat 3: Supermegopro ($100.50 in chips) 
Seat 4: jock`s 911 ($30.85 in chips) 
Seat 5: Manifestorr ($107.60 in chips) 
Seat 6: FredoMessias ($102.18 in chips) 
FredoMessias: posts small blind $0.50
yxo_opka: posts big blind $1
*** HOLE CARDS ***
rao999: folds 
Supermegopro: raises $1.50 to $2.50
jock`s 911: folds 
Manifestorr: folds 
FredoMessias: calls $2
yxo_opka: folds 
*** FLOP *** [6s 5h Kc]
FredoMessias: checks 
Supermegopro: checks 
*** TURN *** [6s 5h Kc] [Td]
FredoMessias: checks 
Supermegopro: checks 
*** RIVER *** [6s 5h Kc Td] [Ac]
FredoMessias: checks 
Supermegopro: checks 
*** SHOW DOWN ***
FredoMessias: shows [Qs Ts] (a pair of Tens)
Supermegopro: mucks hand 
FredoMessias collected $5.70 from pot
*** SUMMARY ***
Total pot $6 | Rake $0.30 
Board [6s 5h Kc Td Ac]
Seat 1: yxo_opka (big blind) folded before Flop
Seat 2: rao999 folded before Flop (didn't bet)
Seat 3: Supermegopro mucked
Seat 4: jock`s 911 folded before Flop (didn't bet)
Seat 5: Manifestorr (button) folded before Flop (didn't bet)
Seat 6: FredoMessias (small blind) showed [Qs Ts] and won ($5.70) with a pair of Tens



PokerStars Hand #254200913043:  Hold'em No Limit ($0.50/$1.00 USD) - 2025/01/04 1:16:14 WET [2025/01/04 20:16:14 ET]
Table 'Media' 6-max Seat #6 is the button
Seat 1: yxo_opka ($39 in chips) 
Seat 2: rao999 ($112.54 in chips) 
Seat 3: Supermegopro ($100 in chips) 
Seat 4: jock`s 911 ($30.85 in chips) 
Seat 5: Manifestorr ($107.60 in chips) 
Seat 6: FredoMessias ($105.38 in chips) 
yxo_opka: posts small blind $0.50
rao999: posts big blind $1
*** HOLE CARDS ***
Supermegopro: folds 
jock`s 911: calls $1
Manifestorr: folds 
FredoMessias: folds 
yxo_opka: folds 
rao999: checks 
*** FLOP *** [Js Ac 9c]
rao999: checks 
jock`s 911: bets $3
rao999: calls $3
*** TURN *** [Js Ac 9c] [2s]
rao999: checks 
jock`s 911: checks 
*** RIVER *** [Js Ac 9c 2s] [Kd]
rao999: checks 
jock`s 911: checks 
*** SHOW DOWN ***
rao999: shows [2h Jh] (two pair, Jacks and Deuces)
jock`s 911: mucks hand 
rao999 collected $8.08 from pot
*** SUMMARY ***
Total pot $8.50 | Rake $0.42 
Board [Js Ac 9c 2s Kd]
Seat 1: yxo_opka (small blind) folded before Flop
Seat 2: rao999 (big blind) showed [2h Jh] and won ($8.08) with two pair, Jacks and Deuces
Seat 3: Supermegopro folded before Flop (didn't bet)
Seat 4: jock`s 911 mucked
Seat 5: Manifestorr folded before Flop (didn't bet)
Seat 6: FredoMessias (button) folded before Flop (didn't bet)



PokerStars Hand #254200926779:  Hold'em No Limit ($0.50/$1.00 USD) - 2025/01/04 1:17:17 WET [2025/01/04 20:17:17 ET]
Table 'Media' 6-max Seat #1 is the button
Seat 3: Supermegopro ($100 in chips) is sitting out
Seat 1: yxo_opka ($38.50 in chips) 
Seat 2: rao999 ($116.62 in chips) 
Seat 4: jock`s 911 ($26.85 in chips) 
Seat 5: Manifestorr ($107.60 in chips) 
Seat 6: FredoMessias ($105.38 in chips) 
rao999: posts small blind $0.50
Supermegopro: is sitting out 
jock`s 911: posts big blind $1
*** HOLE CARDS ***
Manifestorr: folds 
FredoMessias: raises $2 to $3
yxo_opka: folds 
Supermegopro leaves the table
rao999: folds 
jock`s 911: folds 
Uncalled bet ($2) returned to FredoMessias
FredoMessias collected $2.50 from pot
FredoMessias: doesn't show hand 
*** SUMMARY ***
Total pot $2.50 | Rake $0 
Seat 3: Supermegopro
Seat 1: yxo_opka (button) folded before Flop (didn't bet)
Seat 2: rao999 (small blind) folded before Flop
Seat 4: jock`s 911 (big blind) folded before Flop
Seat 5: Manifestorr folded before Flop (didn't bet)
Seat 6: FredoMessias collected ($2.50)



PokerStars Hand #254200932130:  Hold'em No Limit ($0.50/$1.00 USD) - 2025/01/04 1:17:43 WET [2025/01/04 20:17:43 ET]
Table 'Media' 6-max Seat #2 is the button
Seat 5: Manifestorr ($107.60 in chips) is sitting out
Seat 1: yxo_opka ($38.50 in chips) 
Seat 2: rao999 ($116.12 in chips) 
Seat 4: jock`s 911 ($25.85 in chips) 
Seat 6: FredoMessias ($106.88 in chips) 
jock`s 911: posts small blind $0.50
Manifestorr: is sitting out 
FredoMessias: posts big blind $1
*** HOLE CARDS ***
Manifestorr leaves the table
yxo_opka: folds 
Tariavd joins the table at seat #5 
Tariavd is disconnected 
Adelino75 joins the table at seat #3 
rao999: raises $1.50 to $2.50
jock`s 911: calls $2
FredoMessias: folds 
*** FLOP *** [Qs 7d 4c]
jock`s 911: bets $2
rao999: calls $2
*** TURN *** [Qs 7d 4c] [Qc]
jock`s 911: bets $4
rao999: calls $4
*** RIVER *** [Qs 7d 4c Qc] [Qd]
jock`s 911: bets $6
rao999: raises $101.62 to $107.62 and is all-in
jock`s 911: calls $11.35 and is all-in
Uncalled bet ($90.27) returned to rao999
*** SHOW DOWN ***
rao999: shows [9h Ad] (three of a kind, Queens)
jock`s 911: shows [4d 7h] (a full house, Queens full of Sevens)
jock`s 911 collected $51.45 from pot
*** SUMMARY ***
Total pot $52.70 | Rake $1.25 
Board [Qs 7d 4c Qc Qd]
Seat 5: Manifestorr
Seat 1: yxo_opka folded before Flop (didn't bet)
Seat 2: rao999 (button) showed [9h Ad] and lost with three of a kind, Queens
Seat 4: jock`s 911 (small blind) showed [4d 7h] and won ($51.45) with a full house, Queens full of Sevens
Seat 6: FredoMessias (big blind) folded before Flop



PokerStars Hand #254200951588:  Hold'em No Limit ($0.50/$1.00 USD) - 2025/01/04 1:19:15 WET [2025/01/04 20:19:15 ET]
Table 'Media' 6-max Seat #4 is the button
Seat 5: Tariavd ($40 in chips) is sitting out
Seat 1: yxo_opka ($38.50 in chips) 
Seat 2: rao999 ($100 in chips) 
Seat 3: Adelino75 ($100 in chips) 
Seat 4: jock`s 911 ($51.45 in chips) 
Seat 6: FredoMessias ($105.88 in chips) 
FredoMessias: posts small blind $0.50
yxo_opka: posts big blind $1
Adelino75: posts big blind $1
*** HOLE CARDS ***
rao999: raises $2 to $3
Adelino75: calls $2
jock`s 911: folds 
FredoMessias: calls $2.50
yxo_opka: calls $2
*** FLOP *** [4d 4c 6d]
jock`s 911 leaves the table
FredoMessias: checks 
yxo_opka: checks 
rao999: checks 
Adelino75: checks 
*** TURN *** [4d 4c 6d] [9s]
FredoMessias: bets $5.70
yxo_opka: folds 
rao999: folds 
Adelino75: folds 
Uncalled bet ($5.70) returned to FredoMessias
FredoMessias collected $11.40 from pot
FredoMessias: doesn't show hand 
*** SUMMARY ***
Total pot $12 | Rake $0.60 
Board [4d 4c 6d 9s]
Seat 5: Tariavd
Seat 1: yxo_opka (big blind) folded on the Turn
Seat 2: rao999 folded on the Turn
Seat 3: Adelino75 folded on the Turn
Seat 4: jock`s 911 (button) folded before Flop (didn't bet)
Seat 6: FredoMessias (small blind) collected ($11.40)



PokerStars Hand #254200967558:  Hold'em No Limit ($0.50/$1.00 USD) - 2025/01/04 1:20:32 WET [2025/01/04 20:20:32 ET]
Table 'Media' 6-max Seat #6 is the button
Seat 1: yxo_opka ($35.50 in chips) 
Seat 2: rao999 ($100 in chips) 
Seat 3: Adelino75 ($97 in chips) 
Seat 5: Tariavd ($40 in chips) 
Seat 6: FredoMessias ($114.28 in chips) 
yxo_opka: posts small blind $0.50
rao999: posts big blind $1
Tariavd: posts big blind $1
*** HOLE CARDS ***
Adelino75: folds 
Tariavd: checks 
FredoMessias: raises $2 to $3
yxo_opka: raises $9 to $12
rao999: folds 
Tariavd: folds 
FredoMessias: raises $102.28 to $114.28 and is all-in
yxo_opka: calls $23.50 and is all-in
Uncalled bet ($78.78) returned to FredoMessias
*** FLOP *** [Qh 4c 5d]
*** TURN *** [Qh 4c 5d] [Ad]
*** RIVER *** [Qh 4c 5d Ad] [4h]
*** SHOW DOWN ***
yxo_opka: shows [Kd Js] (a pair of Fours)
FredoMessias: shows [9d Kh] (a pair of Fours)
yxo_opka collected $35.25 from pot
FredoMessias collected $35.25 from pot
*** SUMMARY ***
Total pot $73 | Rake $2.50 
Board [Qh 4c 5d Ad 4h]
Seat 1: yxo_opka (small blind) showed [Kd Js] and won ($35.25) with a pair of Fours
Seat 2: rao999 (big blind) folded before Flop
Seat 3: Adelino75 folded before Flop (didn't bet)
Seat 5: Tariavd folded before Flop (didn't bet)
Seat 6: FredoMessias (button) showed [9d Kh] and won ($35.25) with a pair of Fours



PokerStars Hand #254200981033:  Hold'em No Limit ($0.50/$1.00 USD) - 2025/01/04 1:21:36 WET [2025/01/04 20:21:36 ET]
Table 'Media' 6-max Seat #1 is the button
Seat 1: yxo_opka ($35.25 in chips) 
Seat 2: rao999 ($100 in chips) 
Seat 3: Adelino75 ($97 in chips) 
Seat 5: Tariavd ($39 in chips) 
Seat 6: FredoMessias ($114.03 in chips) 
rao999: posts small blind $0.50
Adelino75: posts big blind $1
*** HOLE CARDS ***
Tariavd: raises $38 to $39 and is all-in
FredoMessias: folds 
yxo_opka: folds 
rao999 has timed out
rao999: folds 
Adelino75: folds 
Uncalled bet ($38) returned to Tariavd
Tariavd collected $2.50 from pot
*** SUMMARY ***
Total pot $2.50 | Rake $0 
Seat 1: yxo_opka (button) folded before Flop (didn't bet)
Seat 2: rao999 (small blind) folded before Flop
Seat 3: Adelino75 (big blind) folded before Flop
Seat 5: Tariavd collected ($2.50)
Seat 6: FredoMessias folded before Flop (didn't bet)



PokerStars Hand #254200989792:  Hold'em No Limit ($0.50/$1.00 USD) - 2025/01/04 1:22:18 WET [2025/01/04 20:22:18 ET]
Table 'Media' 6-max Seat #3 is the button
Seat 2: rao999 ($100 in chips) is sitting out
Seat 1: yxo_opka ($35.25 in chips) 
Seat 3: Adelino75 ($96 in chips) 
Seat 5: Tariavd ($40.50 in chips) 
Seat 6: FredoMessias ($114.03 in chips) 
Tariavd: posts small blind $0.50
FredoMessias: posts big blind $1
*** HOLE CARDS ***
yxo_opka: raises $1.50 to $2.50
Adelino75: folds 
Tariavd: calls $2
FredoMessias: calls $1.50
*** FLOP *** [Jd 5d Ac]
Tariavd: checks 
FredoMessias: checks 
yxo_opka: checks 
*** TURN *** [Jd 5d Ac] [7h]
Tariavd: bets $3.56
FredoMessias: folds 
v1lo4ka joins the table at seat #4 
yxo_opka: calls $3.56
*** RIVER *** [Jd 5d Ac 7h] [3c]
Tariavd: bets $8
yxo_opka: calls $8
*** SHOW DOWN ***
Tariavd: shows [5c 7d] (two pair, Sevens and Fives)
yxo_opka: mucks hand 
Tariavd collected $29.37 from pot
*** SUMMARY ***
Total pot $30.62 | Rake $1.25 
Board [Jd 5d Ac 7h 3c]
Seat 2: rao999
Seat 1: yxo_opka mucked
Seat 3: Adelino75 (button) folded before Flop (didn't bet)
Seat 5: Tariavd (small blind) showed [5c 7d] and won ($29.37) with two pair, Sevens and Fives
Seat 6: FredoMessias (big blind) folded on the Turn



PokerStars Hand #254201006962:  Hold'em No Limit ($0.50/$1.00 USD) - 2025/01/04 1:23:40 WET [2025/01/04 20:23:40 ET]
Table 'Media' 6-max Seat #5 is the button
Seat 4: v1lo4ka ($100 in chips) is sitting out
Seat 1: yxo_opka ($41 in chips) 
Seat 2: rao999 ($100 in chips) 
Seat 3: Adelino75 ($96 in chips) 
Seat 5: Tariavd ($55.81 in chips) 
Seat 6: FredoMessias ($111.53 in chips) 
FredoMessias: posts small blind $0.50
yxo_opka: posts big blind $1
v1lo4ka: sits out 
*** HOLE CARDS ***
rao999: folds 
Adelino75: folds 
Tariavd: folds 
FredoMessias: folds 
Uncalled bet ($0.50) returned to yxo_opka
yxo_opka collected $1 from pot
yxo_opka: doesn't show hand 
*** SUMMARY ***
Total pot $1 | Rake $0 
Seat 4: v1lo4ka
Seat 1: yxo_opka (big blind) collected ($1)
Seat 2: rao999 folded before Flop (didn't bet)
Seat 3: Adelino75 folded before Flop (didn't bet)
Seat 5: Tariavd (button) folded before Flop (didn't bet)
Seat 6: FredoMessias (small blind) folded before Flop



PokerStars Hand #254201012815:  Hold'em No Limit ($0.50/$1.00 USD) - 2025/01/04 1:24:08 WET [2025/01/04 20:24:08 ET]
Table 'Media' 6-max Seat #6 is the button
Seat 4: v1lo4ka ($100 in chips) is sitting out
Seat 1: yxo_opka ($41.50 in chips) 
Seat 2: rao999 ($100 in chips) 
Seat 3: Adelino75 ($96 in chips) 
Seat 5: Tariavd ($55.81 in chips) 
Seat 6: FredoMessias ($111.03 in chips) 
yxo_opka: posts small blind $0.50
rao999: posts big blind $1
v1lo4ka: sits out 
*** HOLE CARDS ***
Adelino75: folds 
Tariavd: calls $1
FredoMessias: folds 
yxo_opka: calls $0.50
rao999: raises $5.50 to $6.50
Tariavd: folds 
yxo_opka: folds 
Uncalled bet ($5.50) returned to rao999
rao999 collected $3 from pot
rao999: doesn't show hand 
*** SUMMARY ***
Total pot $3 | Rake $0 
Seat 4: v1lo4ka
Seat 1: yxo_opka (small blind) folded before Flop
Seat 2: rao999 (big blind) collected ($3)
Seat 3: Adelino75 folded before Flop (didn't bet)
Seat 5: Tariavd folded before Flop
Seat 6: FredoMessias (button) folded before Flop (didn't bet)



PokerStars Hand #254201020435:  Hold'em No Limit ($0.50/$1.00 USD) - 2025/01/04 1:24:44 WET [2025/01/04 20:24:44 ET]
Table 'Media' 6-max Seat #1 is the button
Seat 4: v1lo4ka ($100 in chips) is sitting out
Seat 1: yxo_opka ($40.50 in chips) 
Seat 2: rao999 ($102 in chips) 
Seat 3: Adelino75 ($96 in chips) 
Seat 5: Tariavd ($54.81 in chips) 
Seat 6: FredoMessias ($111.03 in chips) 
rao999: posts small blind $0.50
Adelino75: posts big blind $1
v1lo4ka: sits out 
*** HOLE CARDS ***
Tariavd: folds 
FredoMessias: folds 
yxo_opka: folds 
rao999 has timed out
rao999: folds 
Uncalled bet ($0.50) returned to Adelino75
Adelino75 collected $1 from pot
Adelino75: doesn't show hand 
*** SUMMARY ***
Total pot $1 | Rake $0 
Seat 4: v1lo4ka
Seat 1: yxo_opka (button) folded before Flop (didn't bet)
Seat 2: rao999 (small blind) folded before Flop
Seat 3: Adelino75 (big blind) collected ($1)
Seat 5: Tariavd folded before Flop (didn't bet)
Seat 6: FredoMessias folded before Flop (didn't bet)



PokerStars Hand #254201026617:  Hold'em No Limit ($0.50/$1.00 USD) - 2025/01/04 1:25:13 WET [2025/01/04 20:25:13 ET]
Table 'Media' 6-max Seat #3 is the button
Seat 2: rao999 ($101.50 in chips) is sitting out
Seat 4: v1lo4ka ($100 in chips) is sitting out
Seat 1: yxo_opka ($40.50 in chips) 
Seat 3: Adelino75 ($96.50 in chips) 
Seat 5: Tariavd ($54.81 in chips) 
Seat 6: FredoMessias ($111.03 in chips) 
Tariavd: posts small blind $0.50
FredoMessias: posts big blind $1
*** HOLE CARDS ***
yxo_opka: folds 
Adelino75: raises $2 to $3
Tariavd: calls $2.50
FredoMessias: calls $2
*** FLOP *** [8c As 4c]
Tariavd: checks 
FredoMessias: checks 
Adelino75: bets $4.28
Tariavd: folds 
FredoMessias: calls $4.28
*** TURN *** [8c As 4c] [Jd]
FredoMessias: checks 
Adelino75: bets $8.34
FredoMessias: folds 
Uncalled bet ($8.34) returned to Adelino75
Adelino75 collected $16.68 from pot
Adelino75: doesn't show hand 
*** SUMMARY ***
Total pot $17.56 | Rake $0.88 
Board [8c As 4c Jd]
Seat 2: rao999
Seat 4: v1lo4ka
Seat 1: yxo_opka folded before Flop (didn't bet)
Seat 3: Adelino75 (button) collected ($16.68)
Seat 5: Tariavd (small blind) folded on the Flop
Seat 6: FredoMessias (big blind) folded on the Turn



PokerStars Hand #254201040676:  Hold'em No Limit ($0.50/$1.00 USD) - 2025/01/04 1:26:19 WET [2025/01/04 20:26:19 ET]
Table 'Media' 6-max Seat #5 is the button
Seat 4: v1lo4ka ($100 in chips) is sitting out
Seat 1: yxo_opka ($40.50 in chips) 
Seat 2: rao999 ($101.50 in chips) 
Seat 3: Adelino75 ($105.90 in chips) 
Seat 5: Tariavd ($51.81 in chips) 
Seat 6: FredoMessias ($103.75 in chips) 
FredoMessias: posts small blind $0.50
yxo_opka: posts big blind $1
v1lo4ka: sits out 
*** HOLE CARDS ***
rao999: folds 
Adelino75: folds 
Tariavd: folds 
FredoMessias: raises $2 to $3
yxo_opka: calls $2
*** FLOP *** [5c 2s 9s]
FredoMessias: checks 
yxo_opka: checks 
*** TURN *** [5c 2s 9s] [As]
FredoMessias: checks 
yxo_opka: checks 
*** RIVER *** [5c 2s 9s As] [Jd]
FredoMessias: checks 
yxo_opka: checks 
*** SHOW DOWN ***
FredoMessias: shows [Kh Ah] (a pair of Aces)
yxo_opka: mucks hand 
FredoMessias collected $5.70 from pot
*** SUMMARY ***
Total pot $6 | Rake $0.30 
Board [5c 2s 9s As Jd]
Seat 4: v1lo4ka
Seat 1: yxo_opka (big blind) mucked
Seat 2: rao999 folded before Flop (didn't bet)
Seat 3: Adelino75 folded before Flop (didn't bet)
Seat 5: Tariavd (button) folded before Flop (didn't bet)
Seat 6: FredoMessias (small blind) showed [Kh Ah] and won ($5.70) with a pair of Aces



PokerStars Hand #254201050130:  Hold'em No Limit ($0.50/$1.00 USD) - 2025/01/04 1:27:04 WET [2025/01/04 20:27:04 ET]
Table 'Media' 6-max Seat #6 is the button
Seat 4: v1lo4ka ($100 in chips) is sitting out
Seat 1: yxo_opka ($37.50 in chips) 
Seat 2: rao999 ($101.50 in chips) 
Seat 3: Adelino75 ($105.90 in chips) 
Seat 5: Tariavd ($51.81 in chips) 
Seat 6: FredoMessias ($106.45 in chips) 
yxo_opka: posts small blind $0.50
rao999: posts big blind $1
v1lo4ka: sits out 
*** HOLE CARDS ***
Adelino75: folds 
Tariavd: folds 
FredoMessias: folds 
yxo_opka: calls $0.50
rao999: checks 
*** FLOP *** [Kh 7s Js]
yxo_opka: checks 
rao999: checks 
*** TURN *** [Kh 7s Js] [Kc]
yxo_opka: bets $1.27
rao999: calls $1.27
*** RIVER *** [Kh 7s Js Kc] [Ad]
yxo_opka: checks 
rao999: checks 
*** SHOW DOWN ***
yxo_opka: shows [7c As] (two pair, Aces and Kings)
rao999: mucks hand 
yxo_opka collected $4.31 from pot
*** SUMMARY ***
Total pot $4.54 | Rake $0.23 
Board [Kh 7s Js Kc Ad]
Seat 4: v1lo4ka
Seat 1: yxo_opka (small blind) showed [7c As] and won ($4.31) with two pair, Aces and Kings
Seat 2: rao999 (big blind) mucked
Seat 3: Adelino75 folded before Flop (didn't bet)
Seat 5: Tariavd folded before Flop (didn't bet)
Seat 6: FredoMessias (button) folded before Flop (didn't bet)



PokerStars Hand #254201063469:  Hold'em No Limit ($0.50/$1.00 USD) - 2025/01/04 1:28:07 WET [2025/01/04 20:28:07 ET]
Table 'Media' 6-max Seat #1 is the button
Seat 4: v1lo4ka ($100 in chips) is sitting out
Seat 1: yxo_opka ($39.54 in chips) 
Seat 2: rao999 ($100 in chips) 
Seat 3: Adelino75 ($105.90 in chips) 
Seat 5: Tariavd ($51.81 in chips) 
Seat 6: FredoMessias ($106.45 in chips) 
rao999: posts small blind $0.50
Adelino75: posts big blind $1
v1lo4ka: sits out 
*** HOLE CARDS ***
Tariavd: calls $1
FredoMessias: folds 
yxo_opka: calls $1
rao999: folds 
Adelino75: checks 
*** FLOP *** [2h 6d 8d]
Adelino75: checks 
Tariavd: bets $2
yxo_opka: calls $2
Adelino75: folds 
*** TURN *** [2h 6d 8d] [5s]
Tariavd: bets $4
yxo_opka: calls $4
*** RIVER *** [2h 6d 8d 5s] [9c]
Tariavd: checks 
yxo_opka: checks 
*** SHOW DOWN ***
Tariavd: shows [8s 7c] (a straight, Five to Nine)
yxo_opka: mucks hand 
Tariavd collected $14.52 from pot
*** SUMMARY ***
Total pot $15.50 | Rake $0.98 
Board [2h 6d 8d 5s 9c]
Seat 4: v1lo4ka
Seat 1: yxo_opka (button) mucked
Seat 2: rao999 (small blind) folded before Flop
Seat 3: Adelino75 (big blind) folded on the Flop
Seat 5: Tariavd showed [8s 7c] and won ($14.52) with a straight, Five to Nine
Seat 6: FredoMessias folded before Flop (didn't bet)



PokerStars Hand #254201080479:  Hold'em No Limit ($0.50/$1.00 USD) - 2025/01/04 1:29:27 WET [2025/01/04 20:29:27 ET]
Table 'Media' 6-max Seat #2 is the button
Seat 1: yxo_opka ($32.54 in chips) 
Seat 2: rao999 ($100 in chips) 
Seat 3: Adelino75 ($104.90 in chips) 
Seat 4: v1lo4ka ($100 in chips) 
Seat 5: Tariavd ($59.33 in chips) 
Seat 6: FredoMessias ($106.45 in chips) 
Adelino75: posts small blind $0.50
v1lo4ka: posts big blind $1
*** HOLE CARDS ***
Tariavd: calls $1
FredoMessias has timed out
FredoMessias: folds 
yxo_opka: folds 
rao999: raises $2 to $3
Adelino75: folds 
v1lo4ka: raises $9 to $12
Tariavd: folds 
rao999: folds 
Uncalled bet ($9) returned to v1lo4ka
v1lo4ka collected $7.50 from pot
v1lo4ka: doesn't show hand 
*** SUMMARY ***
Total pot $7.50 | Rake $0 
Seat 1: yxo_opka folded before Flop (didn't bet)
Seat 2: rao999 (button) folded before Flop
Seat 3: Adelino75 (small blind) folded before Flop
Seat 4: v1lo4ka (big blind) collected ($7.50)
Seat 5: Tariavd folded before Flop
Seat 6: FredoMessias folded before Flop (didn't bet)



PokerStars Hand #254201089922:  Hold'em No Limit ($0.50/$1.00 USD) - 2025/01/04 1:30:11 WET [2025/01/04 20:30:11 ET]
Table 'Media' 6-max Seat #3 is the button
Seat 6: FredoMessias ($106.45 in chips) is sitting out
Seat 1: yxo_opka ($32.54 in chips) 
Seat 2: rao999 ($100 in chips) 
Seat 3: Adelino75 ($104.40 in chips) 
Seat 4: v1lo4ka ($104.50 in chips) 
Seat 5: Tariavd ($58.33 in chips) 
v1lo4ka: posts small blind $0.50
Tariavd: posts big blind $1
*** HOLE CARDS ***
yxo_opka: folds 
rao999: folds 
Adelino75: folds 
v1lo4ka: raises $2 to $3
Tariavd: calls $2
*** FLOP *** [3s 8h 4d]
v1lo4ka: bets $1.88
Tariavd: calls $1.88
*** TURN *** [3s 8h 4d] [2d]
v1lo4ka: bets $6.21
Tariavd: folds 
Uncalled bet ($6.21) returned to v1lo4ka
v1lo4ka collected $9.27 from pot
v1lo4ka: doesn't show hand 
*** SUMMARY ***
Total pot $9.76 | Rake $0.49 
Board [3s 8h 4d 2d]
Seat 6: FredoMessias
Seat 1: yxo_opka folded before Flop (didn't bet)
Seat 2: rao999 folded before Flop (didn't bet)
Seat 3: Adelino75 (button) folded before Flop (didn't bet)
Seat 4: v1lo4ka (small blind) collected ($9.27)
Seat 5: Tariavd (big blind) folded on the Turn



PokerStars Hand #254201099836:  Hold'em No Limit ($0.50/$1.00 USD) - 2025/01/04 1:30:58 WET [2025/01/04 20:30:58 ET]
Table 'Media' 6-max Seat #4 is the button
Seat 1: yxo_opka ($32.54 in chips) 
Seat 2: rao999 ($100 in chips) 
Seat 3: Adelino75 ($104.40 in chips) 
Seat 4: v1lo4ka ($108.89 in chips) 
Seat 5: Tariavd ($53.45 in chips) 
Seat 6: FredoMessias ($106.45 in chips) 
Tariavd: posts small blind $0.50
FredoMessias: posts big blind $1
*** HOLE CARDS ***
yxo_opka: folds 
rao999: folds 
Adelino75: folds 
v1lo4ka: folds 
Tariavd: calls $0.50
FredoMessias: raises $2 to $3
Tariavd: folds 
Uncalled bet ($2) returned to FredoMessias
FredoMessias collected $2 from pot
FredoMessias: doesn't show hand 
*** SUMMARY ***
Total pot $2 | Rake $0 
Seat 1: yxo_opka folded before Flop (didn't bet)
Seat 2: rao999 folded before Flop (didn't bet)
Seat 3: Adelino75 folded before Flop (didn't bet)
Seat 4: v1lo4ka (button) folded before Flop (didn't bet)
Seat 5: Tariavd (small blind) folded before Flop
Seat 6: FredoMessias (big blind) collected ($2)



PokerStars Hand #254201106515:  Hold'em No Limit ($0.50/$1.00 USD) - 2025/01/04 1:31:30 WET [2025/01/04 20:31:30 ET]
Table 'Media' 6-max Seat #5 is the button
Seat 1: yxo_opka ($32.54 in chips) 
Seat 2: rao999 ($100 in chips) 
Seat 3: Adelino75 ($104.40 in chips) 
Seat 4: v1lo4ka ($108.89 in chips) 
Seat 5: Tariavd ($52.45 in chips) 
Seat 6: FredoMessias ($107.45 in chips) 
FredoMessias: posts small blind $0.50
yxo_opka: posts big blind $1
*** HOLE CARDS ***
rao999: raises $1.50 to $2.50
Adelino75: folds 
v1lo4ka: folds 
Tariavd: folds 
FredoMessias: folds 
yxo_opka: folds 
Uncalled bet ($1.50) returned to rao999
rao999 collected $2.50 from pot
rao999: doesn't show hand 
*** SUMMARY ***
Total pot $2.50 | Rake $0 
Seat 1: yxo_opka (big blind) folded before Flop
Seat 2: rao999 collected ($2.50)
Seat 3: Adelino75 folded before Flop (didn't bet)
Seat 4: v1lo4ka folded before Flop (didn't bet)
Seat 5: Tariavd (button) folded before Flop (didn't bet)
Seat 6: FredoMessias (small blind) folded before Flop



PokerStars Hand #254201110355:  Hold'em No Limit ($0.50/$1.00 USD) - 2025/01/04 1:31:48 WET [2025/01/04 20:31:48 ET]
Table 'Media' 6-max Seat #6 is the button
Seat 1: yxo_opka ($41 in chips) 
Seat 2: rao999 ($101.50 in chips) 
Seat 3: Adelino75 ($104.40 in chips) 
Seat 4: v1lo4ka ($108.89 in chips) 
Seat 5: Tariavd ($52.45 in chips) 
Seat 6: FredoMessias ($106.95 in chips) 
yxo_opka: posts small blind $0.50
rao999: posts big blind $1
*** HOLE CARDS ***
Adelino75: raises $2.50 to $3.50
v1lo4ka: folds 
Tariavd: folds 
FredoMessias: folds 
FredoMessias leaves the table
yxo_opka: folds 
rao999: folds 
Uncalled bet ($2.50) returned to Adelino75
Adelino75 collected $2.50 from pot
Adelino75: doesn't show hand 
*** SUMMARY ***
Total pot $2.50 | Rake $0 
Seat 1: yxo_opka (small blind) folded before Flop
Seat 2: rao999 (big blind) folded before Flop
Seat 3: Adelino75 collected ($2.50)
Seat 4: v1lo4ka folded before Flop (didn't bet)
Seat 5: Tariavd folded before Flop (didn't bet)
Seat 6: FredoMessias (button) folded before Flop (didn't bet)



PokerStars Hand #254201115258:  Hold'em No Limit ($0.50/$1.00 USD) - 2025/01/04 1:32:12 WET [2025/01/04 20:32:12 ET]
Table 'Media' 6-max Seat #1 is the button
Seat 1: yxo_opka ($40.50 in chips) 
Seat 2: rao999 ($100.50 in chips) 
Seat 3: Adelino75 ($105.90 in chips) 
Seat 4: v1lo4ka ($108.89 in chips) 
Seat 5: Tariavd ($52.45 in chips) 
rao999: posts small blind $0.50
Adelino75: posts big blind $1
*** HOLE CARDS ***
G.Andrei95 joins the table at seat #6 
v1lo4ka: folds 
Tariavd: calls $1
yxo_opka: folds 
rao999: calls $0.50
Adelino75: raises $3 to $4
Tariavd: calls $3
rao999: folds 
*** FLOP *** [3s Ks Qc]
Adelino75: bets $8.55
Tariavd: folds 
Uncalled bet ($8.55) returned to Adelino75
Adelino75 collected $8.55 from pot
Adelino75: doesn't show hand 
*** SUMMARY ***
Total pot $9 | Rake $0.45 
Board [3s Ks Qc]
Seat 1: yxo_opka (button) folded before Flop (didn't bet)
Seat 2: rao999 (small blind) folded before Flop
Seat 3: Adelino75 (big blind) collected ($8.55)
Seat 4: v1lo4ka folded before Flop (didn't bet)
Seat 5: Tariavd folded on the Flop



PokerStars Hand #254201124418:  Hold'em No Limit ($0.50/$1.00 USD) - 2025/01/04 1:32:56 WET [2025/01/04 20:32:56 ET]
Table 'Media' 6-max Seat #2 is the button
Seat 6: G.Andrei95 ($100 in chips) is sitting out
Seat 1: yxo_opka ($40.50 in chips) 
Seat 2: rao999 ($100 in chips) 
Seat 3: Adelino75 ($110.45 in chips) 
Seat 4: v1lo4ka ($108.89 in chips) 
Seat 5: Tariavd ($48.45 in chips) 
Adelino75: posts small blind $0.50
v1lo4ka: posts big blind $1
G.Andrei95: sits out 
*** HOLE CARDS ***
Tariavd: folds 
yxo_opka: folds 
rao999: folds 
Adelino75: folds 
Uncalled bet ($0.50) returned to v1lo4ka
v1lo4ka collected $1 from pot
v1lo4ka: doesn't show hand 
*** SUMMARY ***
Total pot $1 | Rake $0 
Seat 6: G.Andrei95
Seat 1: yxo_opka folded before Flop (didn't bet)
Seat 2: rao999 (button) folded before Flop (didn't bet)
Seat 3: Adelino75 (small blind) folded before Flop
Seat 4: v1lo4ka (big blind) collected ($1)
Seat 5: Tariavd folded before Flop (didn't bet)



PokerStars Hand #254201128410:  Hold'em No Limit ($0.50/$1.00 USD) - 2025/01/04 1:33:15 WET [2025/01/04 20:33:15 ET]
Table 'Media' 6-max Seat #3 is the button
Seat 6: G.Andrei95 ($100 in chips) is sitting out
Seat 1: yxo_opka ($40.50 in chips) 
Seat 2: rao999 ($100 in chips) 
Seat 3: Adelino75 ($109.95 in chips) 
Seat 4: v1lo4ka ($109.39 in chips) 
Seat 5: Tariavd ($48.45 in chips) 
v1lo4ka: posts small blind $0.50
Tariavd: posts big blind $1
G.Andrei95: sits out 
*** HOLE CARDS ***
yxo_opka: raises $1.50 to $2.50
rao999 has timed out
rao999: folds 
Adelino75: folds 
v1lo4ka: folds 
Tariavd: folds 
Uncalled bet ($1.50) returned to yxo_opka
yxo_opka collected $2.50 from pot
yxo_opka: doesn't show hand 
*** SUMMARY ***
Total pot $2.50 | Rake $0 
Seat 6: G.Andrei95
Seat 1: yxo_opka collected ($2.50)
Seat 2: rao999 folded before Flop (didn't bet)
Seat 3: Adelino75 (button) folded before Flop (didn't bet)
Seat 4: v1lo4ka (small blind) folded before Flop
Seat 5: Tariavd (big blind) folded before Flop



PokerStars Hand #254201134716:  Hold'em No Limit ($0.50/$1.00 USD) - 2025/01/04 1:33:45 WET [2025/01/04 20:33:45 ET]
Table 'Media' 6-max Seat #4 is the button
Seat 2: rao999 ($100 in chips) is sitting out
Seat 1: yxo_opka ($42 in chips) 
Seat 3: Adelino75 ($109.95 in chips) 
Seat 4: v1lo4ka ($108.89 in chips) 
Seat 5: Tariavd ($47.45 in chips) 
Seat 6: G.Andrei95 ($100 in chips) 
Tariavd: posts small blind $0.50
G.Andrei95: posts big blind $1
*** HOLE CARDS ***
yxo_opka: folds 
Adelino75: folds 
v1lo4ka: folds 
Tariavd: raises $2 to $3
G.Andrei95: folds 
Uncalled bet ($2) returned to Tariavd
Tariavd collected $2 from pot
*** SUMMARY ***
Total pot $2 | Rake $0 
Seat 2: rao999
Seat 1: yxo_opka folded before Flop (didn't bet)
Seat 3: Adelino75 folded before Flop (didn't bet)
Seat 4: v1lo4ka (button) folded before Flop (didn't bet)
Seat 5: Tariavd (small blind) collected ($2)
Seat 6: G.Andrei95 (big blind) folded before Flop



PokerStars Hand #254201138400:  Hold'em No Limit ($0.50/$1.00 USD) - 2025/01/04 1:34:03 WET [2025/01/04 20:34:03 ET]
Table 'Media' 6-max Seat #5 is the button
Seat 2: rao999 ($100 in chips) is sitting out
Seat 1: yxo_opka ($42 in chips) 
Seat 3: Adelino75 ($109.95 in chips) 
Seat 4: v1lo4ka ($108.89 in chips) 
Seat 5: Tariavd ($48.45 in chips) 
Seat 6: G.Andrei95 ($100 in chips) 
G.Andrei95: posts small blind $0.50
yxo_opka: posts big blind $1
*** HOLE CARDS ***
Adelino75: folds 
v1lo4ka: folds 
Tariavd: folds 
G.Andrei95: raises $2 to $3
yxo_opka: folds 
Uncalled bet ($2) returned to G.Andrei95
G.Andrei95 collected $2 from pot
G.Andrei95: doesn't show hand 
*** SUMMARY ***
Total pot $2 | Rake $0 
Seat 2: rao999
Seat 1: yxo_opka (big blind) folded before Flop
Seat 3: Adelino75 folded before Flop (didn't bet)
Seat 4: v1lo4ka folded before Flop (didn't bet)
Seat 5: Tariavd (button) folded before Flop (didn't bet)
Seat 6: G.Andrei95 (small blind) collected ($2)



PokerStars Hand #254201141831:  Hold'em No Limit ($0.50/$1.00 USD) - 2025/01/04 1:34:20 WET [2025/01/04 20:34:20 ET]
Table 'Media' 6-max Seat #6 is the button
Seat 1: yxo_opka ($41 in chips) 
Seat 2: rao999 ($100 in chips) 
Seat 3: Adelino75 ($109.95 in chips) 
Seat 4: v1lo4ka ($108.89 in chips) 
Seat 5: Tariavd ($48.45 in chips) 
Seat 6: G.Andrei95 ($101 in chips) 
yxo_opka: posts small blind $0.50
rao999: posts big blind $1
*** HOLE CARDS ***
Adelino75: folds 
v1lo4ka: folds 
Tariavd: calls $1
G.Andrei95: folds 
yxo_opka: raises $4 to $5
rao999: folds 
Tariavd: calls $4
*** FLOP *** [2d 6c Kh]
yxo_opka: bets $7.84
Tariavd: raises $35.61 to $43.45 and is all-in
yxo_opka: calls $28.16 and is all-in
Uncalled bet ($7.45) returned to Tariavd
*** TURN *** [2d 6c Kh] [Ts]
*** RIVER *** [2d 6c Kh Ts] [7h]
*** SHOW DOWN ***
yxo_opka: shows [Kd Ad] (a pair of Kings)
Tariavd: shows [3c Kc] (a pair of Kings - lower kicker)
yxo_opka collected $80.50 from pot
*** SUMMARY ***
Total pot $83 | Rake $2.50 
Board [2d 6c Kh Ts 7h]
Seat 1: yxo_opka (small blind) showed [Kd Ad] and won ($80.50) with a pair of Kings
Seat 2: rao999 (big blind) folded before Flop
Seat 3: Adelino75 folded before Flop (didn't bet)
Seat 4: v1lo4ka folded before Flop (didn't bet)
Seat 5: Tariavd showed [3c Kc] and lost with a pair of Kings
Seat 6: G.Andrei95 (button) folded before Flop (didn't bet)



PokerStars Hand #254201156392:  Hold'em No Limit ($0.50/$1.00 USD) - 2025/01/04 1:35:29 WET [2025/01/04 20:35:29 ET]
Table 'Media' 6-max Seat #1 is the button
Seat 1: yxo_opka ($80.50 in chips) 
Seat 2: rao999 ($100 in chips) 
Seat 3: Adelino75 ($109.95 in chips) 
Seat 4: v1lo4ka ($108.89 in chips) 
Seat 5: Tariavd ($7.45 in chips) 
Seat 6: G.Andrei95 ($101 in chips) 
rao999: posts small blind $0.50
Adelino75: posts big blind $1
*** HOLE CARDS ***
v1lo4ka: folds 
Tariavd: raises $6.45 to $7.45 and is all-in
G.Andrei95: calls $7.45
yxo_opka: folds 
rao999: folds 
Adelino75: folds 
*** FLOP *** [Qd 8d 2c]
*** TURN *** [Qd 8d 2c] [4c]
*** RIVER *** [Qd 8d 2c 4c] [Td]
*** SHOW DOWN ***
Tariavd: shows [5h Ac] (high card Ace)
G.Andrei95: shows [Kh Qc] (a pair of Queens)
G.Andrei95 collected $15.58 from pot
*** SUMMARY ***
Total pot $16.40 | Rake $0.82 
Board [Qd 8d 2c 4c Td]
Seat 1: yxo_opka (button) folded before Flop (didn't bet)
Seat 2: rao999 (small blind) folded before Flop
Seat 3: Adelino75 (big blind) folded before Flop
Seat 4: v1lo4ka folded before Flop (didn't bet)
Seat 5: Tariavd showed [5h Ac] and lost with high card Ace
Seat 6: G.Andrei95 showed [Kh Qc] and won ($15.58) with a pair of Queens



PokerStars Hand #254201163100:  Hold'em No Limit ($0.50/$1.00 USD) - 2025/01/04 1:36:02 WET [2025/01/04 20:36:02 ET]
Table 'Media' 6-max Seat #2 is the button
Seat 5: Tariavd ($0 in chips) is sitting out
Seat 1: yxo_opka ($80.50 in chips) 
Seat 2: rao999 ($100 in chips) 
Seat 3: Adelino75 ($108.95 in chips) 
Seat 4: v1lo4ka ($108.89 in chips) 
Seat 6: G.Andrei95 ($109.13 in chips) 
Adelino75: posts small blind $0.50
v1lo4ka: posts big blind $1
*** HOLE CARDS ***
G.Andrei95: folds 
yxo_opka: folds 
Tariavd leaves the table
rao999: folds 
Adelino75: folds 
Uncalled bet ($0.50) returned to v1lo4ka
v1lo4ka collected $1 from pot
v1lo4ka: doesn't show hand 
*** SUMMARY ***
Total pot $1 | Rake $0 
Seat 5: Tariavd
Seat 1: yxo_opka folded before Flop (didn't bet)
Seat 2: rao999 (button) folded before Flop (didn't bet)
Seat 3: Adelino75 (small blind) folded before Flop
Seat 4: v1lo4ka (big blind) collected ($1)
Seat 6: G.Andrei95 folded before Flop (didn't bet)



PokerStars Hand #254201165779:  Hold'em No Limit ($0.50/$1.00 USD) - 2025/01/04 1:36:15 WET [2025/01/04 20:36:15 ET]
Table 'Media' 6-max Seat #3 is the button
Seat 1: yxo_opka ($80.50 in chips) 
Seat 2: rao999 ($100 in chips) 
Seat 3: Adelino75 ($108.45 in chips) 
Seat 6: G.Andrei95 ($109.13 in chips) 
G.Andrei95: posts small blind $0.50
yxo_opka: posts big blind $1
*** HOLE CARDS ***
rao999: raises $1.50 to $2.50
Adelino75: folds 
G.Andrei95: folds 
yxo_opka: folds 
Uncalled bet ($1.50) returned to rao999
rao999 collected $2.50 from pot
rao999: doesn't show hand 
*** SUMMARY ***
Total pot $2.50 | Rake $0 
Seat 1: yxo_opka (big blind) folded before Flop
Seat 2: rao999 collected ($2.50)
Seat 3: Adelino75 (button) folded before Flop (didn't bet)
Seat 6: G.Andrei95 (small blind) folded before Flop



PokerStars Hand #254201169895:  Hold'em No Limit ($0.50/$1.00 USD) - 2025/01/04 1:36:35 WET [2025/01/04 20:36:35 ET]
Table 'Media' 6-max Seat #6 is the button
Seat 2: rao999 ($101.50 in chips) is sitting out
Seat 1: yxo_opka ($79.50 in chips) 
Seat 3: Adelino75 ($108.45 in chips) 
Seat 6: G.Andrei95 ($108.63 in chips) 
yxo_opka: posts small blind $0.50
rao999: is sitting out 
Adelino75: posts big blind $1
*** HOLE CARDS ***
G.Andrei95: folds 
yxo_opka: folds 
Uncalled bet ($0.50) returned to Adelino75
Adelino75 collected $1 from pot
Adelino75: doesn't show hand 
*** SUMMARY ***
Total pot $1 | Rake $0 
Seat 2: rao999
Seat 1: yxo_opka (small blind) folded before Flop
Seat 3: Adelino75 (big blind) collected ($1)
Seat 6: G.Andrei95 (button) folded before Flop (didn't bet)



PokerStars Hand #254201172196:  Hold'em No Limit ($0.50/$1.00 USD) - 2025/01/04 1:36:46 WET [2025/01/04 20:36:46 ET]
Table 'Media' 6-max Seat #1 is the button
Seat 2: rao999 ($101.50 in chips) is sitting out
Seat 1: yxo_opka ($79 in chips) 
Seat 3: Adelino75 ($108.95 in chips) 
Seat 6: G.Andrei95 ($108.63 in chips) 
Adelino75: posts small blind $0.50
G.Andrei95: posts big blind $1
*** HOLE CARDS ***
yxo_opka: folds 
Adelino75: folds 
Uncalled bet ($0.50) returned to G.Andrei95
BumHuntKing joins the table at seat #4 
G.Andrei95 collected $1 from pot
G.Andrei95: doesn't show hand 
*** SUMMARY ***
Total pot $1 | Rake $0 
Seat 2: rao999
Seat 1: yxo_opka (button) folded before Flop (didn't bet)
Seat 3: Adelino75 (small blind) folded before Flop
Seat 6: G.Andrei95 (big blind) collected ($1)



PokerStars Hand #254201174220:  Hold'em No Limit ($0.50/$1.00 USD) - 2025/01/04 1:36:55 WET [2025/01/04 20:36:55 ET]
Table 'Media' 6-max Seat #3 is the button
Seat 2: rao999 ($101.50 in chips) is sitting out
Seat 4: BumHuntKing ($100 in chips) is sitting out
Seat 1: yxo_opka ($79 in chips) 
Seat 3: Adelino75 ($108.45 in chips) 
Seat 6: G.Andrei95 ($109.13 in chips) 
G.Andrei95: posts small blind $0.50
yxo_opka: posts big blind $1
*** HOLE CARDS ***
Adelino75: folds 
G.Andrei95: raises $2 to $3
yxo_opka: folds 
Uncalled bet ($2) returned to G.Andrei95
G.Andrei95 collected $2 from pot
G.Andrei95: doesn't show hand 
*** SUMMARY ***
Total pot $2 | Rake $0 
Seat 2: rao999
Seat 4: BumHuntKing
Seat 1: yxo_opka (big blind) folded before Flop
Seat 3: Adelino75 (button) folded before Flop (didn't bet)
Seat 6: G.Andrei95 (small blind) collected ($2)



PokerStars Hand #254201176978:  Hold'em No Limit ($0.50/$1.00 USD) - 2025/01/04 1:37:08 WET [2025/01/04 20:37:08 ET]
Table 'Media' 6-max Seat #6 is the button
Seat 2: rao999 ($101.50 in chips) is sitting out
Seat 4: BumHuntKing ($100 in chips) is sitting out
Seat 1: yxo_opka ($78 in chips) 
Seat 3: Adelino75 ($108.45 in chips) 
Seat 6: G.Andrei95 ($110.13 in chips) 
yxo_opka: posts small blind $0.50
Adelino75: posts big blind $1
BumHuntKing: sits out 
*** HOLE CARDS ***
G.Andrei95: raises $1.50 to $2.50
yxo_opka: folds 
Adelino75: calls $1.50
*** FLOP *** [As Th Kd]
Adelino75: checks 
G.Andrei95: bets $1.15
Adelino75: calls $1.15
*** TURN *** [As Th Kd] [2s]
Adelino75: checks 
G.Andrei95: checks 
*** RIVER *** [As Th Kd 2s] [6d]
Adelino75: checks 
G.Andrei95: bets $1.63
Adelino75: folds 
Uncalled bet ($1.63) returned to G.Andrei95
G.Andrei95 collected $7.41 from pot
G.Andrei95: doesn't show hand 
*** SUMMARY ***
Total pot $7.80 | Rake $0.39 
Board [As Th Kd 2s 6d]
Seat 2: rao999
Seat 4: BumHuntKing
Seat 1: yxo_opka (small blind) folded before Flop
Seat 3: Adelino75 (big blind) folded on the River
Seat 6: G.Andrei95 (button) collected ($7.41)



PokerStars Hand #254201188240:  Hold'em No Limit ($0.50/$1.00 USD) - 2025/01/04 1:38:02 WET [2025/01/04 20:38:02 ET]
Table 'Media' 6-max Seat #1 is the button
Seat 2: rao999 ($101.50 in chips) is sitting out
Seat 1: yxo_opka ($77.50 in chips) 
Seat 3: Adelino75 ($104.80 in chips) 
Seat 4: BumHuntKing ($100 in chips) 
Seat 6: G.Andrei95 ($113.89 in chips) 
Adelino75: posts small blind $0.50
BumHuntKing: posts big blind $1
*** HOLE CARDS ***
G.Andrei95: raises $1.50 to $2.50
yxo_opka: folds 
Adelino75: folds 
BumHuntKing: folds 
Uncalled bet ($1.50) returned to G.Andrei95
G.Andrei95 collected $2.50 from pot
G.Andrei95: doesn't show hand 
*** SUMMARY ***
Total pot $2.50 | Rake $0 
Seat 2: rao999
Seat 1: yxo_opka (button) folded before Flop (didn't bet)
Seat 3: Adelino75 (small blind) folded before Flop
Seat 4: BumHuntKing (big blind) folded before Flop
Seat 6: G.Andrei95 collected ($2.50)



PokerStars Hand #254201192139:  Hold'em No Limit ($0.50/$1.00 USD) - 2025/01/04 1:38:20 WET [2025/01/04 20:38:20 ET]
Table 'Media' 6-max Seat #4 is the button
Seat 1: yxo_opka ($77.50 in chips) is sitting out
Seat 2: rao999 ($101.50 in chips) is sitting out
Seat 6: G.Andrei95 ($115.39 in chips) is sitting out
Seat 3: Adelino75 ($104.30 in chips) 
Seat 4: BumHuntKing ($100 in chips) 
BumHuntKing: posts small blind $0.50
G.Andrei95: is sitting out 
yxo_opka: is sitting out 
Adelino75: posts big blind $1
*** HOLE CARDS ***
G.Andrei95 leaves the table
BumHuntKing: folds 
Uncalled bet ($0.50) returned to Adelino75
Adelino75 collected $1 from pot
Adelino75: doesn't show hand 
*** SUMMARY ***
Total pot $1 | Rake $0 
Seat 1: yxo_opka
Seat 2: rao999
Seat 6: G.Andrei95
Seat 3: Adelino75 (big blind) collected ($1)
Seat 4: BumHuntKing (button) (small blind) folded before Flop



PokerStars Hand #254201193655:  Hold'em No Limit ($0.50/$1.00 USD) - 2025/01/04 1:38:27 WET [2025/01/04 20:38:27 ET]
Table 'Media' 6-max Seat #3 is the button
Seat 1: yxo_opka ($77.50 in chips) is sitting out
Seat 2: rao999 ($101.50 in chips) is sitting out
Seat 3: Adelino75 ($104.80 in chips) 
Seat 4: BumHuntKing ($100 in chips) 
Adelino75: posts small blind $0.50
BumHuntKing: posts big blind $1
*** HOLE CARDS ***
yxo_opka leaves the table
Adelino75: folds 
Uncalled bet ($0.50) returned to BumHuntKing
BumHuntKing collected $1 from pot
BumHuntKing: doesn't show hand 
*** SUMMARY ***
Total pot $1 | Rake $0 
Seat 1: yxo_opka
Seat 2: rao999
Seat 3: Adelino75 (button) (small blind) folded before Flop
Seat 4: BumHuntKing (big blind) collected ($1)



PokerStars Hand #254201195063:  Hold'em No Limit ($0.50/$1.00 USD) - 2025/01/04 1:38:34 WET [2025/01/04 20:38:34 ET]
Table 'Media' 6-max Seat #4 is the button
Seat 2: rao999 ($101.50 in chips) is sitting out
Seat 3: Adelino75 ($104.30 in chips) 
Seat 4: BumHuntKing ($100.50 in chips) 
BumHuntKing: posts small blind $0.50
Adelino75: posts big blind $1
*** HOLE CARDS ***
BumHuntKing: raises $1.50 to $2.50
Adelino75: folds 
Uncalled bet ($1.50) returned to BumHuntKing
BumHuntKing collected $2 from pot
BumHuntKing: doesn't show hand 
*** SUMMARY ***
Total pot $2 | Rake $0 
Seat 2: rao999
Seat 3: Adelino75 (big blind) folded before Flop
Seat 4: BumHuntKing (button) (small blind) collected ($2)



