PokerStars Hand #254185813677:  Hold'em No Limit ($0.50/$1.00 USD) - 2025/01/04 8:00:31 WET [2025/01/04 3:00:31 ET]
Table 'Phecda' 6-max Seat #1 is the button
Seat 4: Pigness80 ($104.50 in chips) is sitting out
Seat 1: shootingGRID ($100 in chips) 
Seat 2: Quahrino ($100 in chips) 
shootingGRID: posts small blind $0.50
Quahrino: posts big blind $1
*** HOLE CARDS ***
shootingGRID: folds 
Uncalled bet ($0.50) returned to Quahrino
Quahrino collected $1 from pot
Quahrino: doesn't show hand 
*** SUMMARY ***
Total pot $1 | Rake $0 
Seat 4: Pigness80
Seat 1: shootingGRID (button) (small blind) folded before Flop
Seat 2: Quahrino (big blind) collected ($1)



PokerStars Hand #254185814070:  Hold'em No Limit ($0.50/$1.00 USD) - 2025/01/04 8:00:36 WET [2025/01/04 3:00:36 ET]
Table 'Phecda' 6-max Seat #2 is the button
Seat 4: Pigness80 ($104.50 in chips) is sitting out
Seat 1: shootingGRID ($100 in chips) 
Seat 2: Quahrino ($100.50 in chips) 
Quahrino: posts small blind $0.50
shootingGRID: posts big blind $1
*** HOLE CARDS ***
Quahrino: raises $1.50 to $2.50
shootingGRID: folds 
Uncalled bet ($1.50) returned to Quahrino
Quahrino collected $2 from pot
Quahrino: doesn't show hand 
*** SUMMARY ***
Total pot $2 | Rake $0 
Seat 4: Pigness80
Seat 1: shootingGRID (big blind) folded before Flop
Seat 2: Quahrino (button) (small blind) collected ($2)



PokerStars Hand #254185814905:  Hold'em No Limit ($0.50/$1.00 USD) - 2025/01/04 8:00:47 WET [2025/01/04 3:00:47 ET]
Table 'Phecda' 6-max Seat #1 is the button
Seat 1: shootingGRID ($100 in chips) 
Seat 2: Quahrino ($101.50 in chips) 
Seat 4: Pigness80 ($104.50 in chips) 
Quahrino: posts small blind $0.50
Pigness80: posts big blind $1
*** HOLE CARDS ***
shootingGRID: raises $1.25 to $2.25
Quahrino: folds 
Pigness80: folds 
Uncalled bet ($1.25) returned to shootingGRID
shootingGRID collected $2.50 from pot
*** SUMMARY ***
Total pot $2.50 | Rake $0 
Seat 1: shootingGRID (button) collected ($2.50)
Seat 2: Quahrino (small blind) folded before Flop
Seat 4: Pigness80 (big blind) folded before Flop



PokerStars Hand #254185815829:  Hold'em No Limit ($0.50/$1.00 USD) - 2025/01/04 8:00:58 WET [2025/01/04 3:00:58 ET]
Table 'Phecda' 6-max Seat #2 is the button
Seat 1: shootingGRID ($101.50 in chips) 
Seat 2: Quahrino ($101 in chips) 
Seat 4: Pigness80 ($103.50 in chips) 
Pigness80: posts small blind $0.50
shootingGRID: posts big blind $1
*** HOLE CARDS ***
Quahrino: folds 
Pigness80: raises $2 to $3
shootingGRID: raises $6 to $9
Pigness80: raises $13 to $22
shootingGRID: raises $79.50 to $101.50 and is all-in
Pigness80: folds 
Uncalled bet ($79.50) returned to shootingGRID
shootingGRID collected $44 from pot
*** SUMMARY ***
Total pot $44 | Rake $0 
Seat 1: shootingGRID (big blind) collected ($44)
Seat 2: Quahrino (button) folded before Flop (didn't bet)
Seat 4: Pigness80 (small blind) folded before Flop



PokerStars Hand #254185818499:  Hold'em No Limit ($0.50/$1.00 USD) - 2025/01/04 8:01:30 WET [2025/01/04 3:01:30 ET]
Table 'Phecda' 6-max Seat #4 is the button
Seat 1: shootingGRID ($123.50 in chips) 
Seat 2: Quahrino ($101 in chips) 
Seat 4: Pigness80 ($100 in chips) 
shootingGRID: posts small blind $0.50
Quahrino: posts big blind $1
*** HOLE CARDS ***
Pigness80: folds 
shootingGRID: folds 
Uncalled bet ($0.50) returned to Quahrino
Quahrino collected $1 from pot
Quahrino: doesn't show hand 
*** SUMMARY ***
Total pot $1 | Rake $0 
Seat 1: shootingGRID (small blind) folded before Flop
Seat 2: Quahrino (big blind) collected ($1)
Seat 4: Pigness80 (button) folded before Flop (didn't bet)



PokerStars Hand #254185818964:  Hold'em No Limit ($0.50/$1.00 USD) - 2025/01/04 8:01:37 WET [2025/01/04 3:01:37 ET]
Table 'Phecda' 6-max Seat #1 is the button
Seat 1: shootingGRID ($123 in chips) 
Seat 2: Quahrino ($101.50 in chips) 
Seat 4: Pigness80 ($100 in chips) 
Quahrino: posts small blind $0.50
Pigness80: posts big blind $1
*** HOLE CARDS ***
shootingGRID: folds 
Quahrino: folds 
Uncalled bet ($0.50) returned to Pigness80
Pigness80 collected $1 from pot
Pigness80: doesn't show hand 
*** SUMMARY ***
Total pot $1 | Rake $0 
Seat 1: shootingGRID (button) folded before Flop (didn't bet)
Seat 2: Quahrino (small blind) folded before Flop
Seat 4: Pigness80 (big blind) collected ($1)



PokerStars Hand #254185819541:  Hold'em No Limit ($0.50/$1.00 USD) - 2025/01/04 8:01:43 WET [2025/01/04 3:01:43 ET]
Table 'Phecda' 6-max Seat #2 is the button
Seat 1: shootingGRID ($123 in chips) 
Seat 2: Quahrino ($101 in chips) 
Seat 4: Pigness80 ($100.50 in chips) 
Pigness80: posts small blind $0.50
shootingGRID: posts big blind $1
*** HOLE CARDS ***
Quahrino: folds 
Pigness80: folds 
Uncalled bet ($0.50) returned to shootingGRID
shootingGRID collected $1 from pot
*** SUMMARY ***
Total pot $1 | Rake $0 
Seat 1: shootingGRID (big blind) collected ($1)
Seat 2: Quahrino (button) folded before Flop (didn't bet)
Seat 4: Pigness80 (small blind) folded before Flop



PokerStars Hand #254185820107:  Hold'em No Limit ($0.50/$1.00 USD) - 2025/01/04 8:01:50 WET [2025/01/04 3:01:50 ET]
Table 'Phecda' 6-max Seat #4 is the button
Seat 1: shootingGRID ($123.50 in chips) 
Seat 2: Quahrino ($101 in chips) 
Seat 4: Pigness80 ($100 in chips) 
shootingGRID: posts small blind $0.50
Quahrino: posts big blind $1
*** HOLE CARDS ***
Pigness80: folds 
shootingGRID: folds 
Uncalled bet ($0.50) returned to Quahrino
Quahrino collected $1 from pot
Quahrino: doesn't show hand 
*** SUMMARY ***
Total pot $1 | Rake $0 
Seat 1: shootingGRID (small blind) folded before Flop
Seat 2: Quahrino (big blind) collected ($1)
Seat 4: Pigness80 (button) folded before Flop (didn't bet)



PokerStars Hand #254185820574:  Hold'em No Limit ($0.50/$1.00 USD) - 2025/01/04 8:01:56 WET [2025/01/04 3:01:56 ET]
Table 'Phecda' 6-max Seat #2 is the button
Seat 4: Pigness80 ($100 in chips) is sitting out
Seat 1: shootingGRID ($123 in chips) 
Seat 2: Quahrino ($101.50 in chips) 
Quahrino: posts small blind $0.50
Pigness80: is sitting out 
shootingGRID: posts big blind $1
*** HOLE CARDS ***
Pigness80 leaves the table
Quahrino: raises $1.50 to $2.50
shootingGRID: folds 
Uncalled bet ($1.50) returned to Quahrino
Quahrino collected $2 from pot
Quahrino: doesn't show hand 
*** SUMMARY ***
Total pot $2 | Rake $0 
Seat 4: Pigness80
Seat 1: shootingGRID (big blind) folded before Flop
Seat 2: Quahrino (button) (small blind) collected ($2)



PokerStars Hand #254185821361:  Hold'em No Limit ($0.50/$1.00 USD) - 2025/01/04 8:02:06 WET [2025/01/04 3:02:06 ET]
Table 'Phecda' 6-max Seat #1 is the button
Seat 1: shootingGRID ($122 in chips) 
Seat 2: Quahrino ($102.50 in chips) 
shootingGRID: posts small blind $0.50
Quahrino: posts big blind $1
*** HOLE CARDS ***
shootingGRID: raises $1.25 to $2.25
Quahrino: raises $7.75 to $10
shootingGRID: folds 
Uncalled bet ($7.75) returned to Quahrino
Quahrino collected $4.50 from pot
Quahrino: doesn't show hand 
*** SUMMARY ***
Total pot $4.50 | Rake $0 
Seat 1: shootingGRID (button) (small blind) folded before Flop
Seat 2: Quahrino (big blind) collected ($4.50)



PokerStars Hand #254186027596:  Hold'em No Limit ($0.50/$1.00 USD) - 2025/01/04 8:42:19 WET [2025/01/04 3:42:19 ET]
Table 'Phecda' 6-max Seat #2 is the button
Seat 1: sutata ($100 in chips) 
Seat 2: blistein ($100 in chips) 
Seat 6: Plutsch ($100 in chips) 
Plutsch: posts small blind $0.50
sutata: posts big blind $1
*** HOLE CARDS ***
blistein: raises $1.50 to $2.50
Plutsch: folds 
sutata: calls $1.50
*** FLOP *** [Jc Jd Jh]
sutata: checks 
blistein: bets $1.77
sutata: calls $1.77
*** TURN *** [Jc Jd Jh] [Ac]
sutata: checks 
blistein: checks 
*** RIVER *** [Jc Jd Jh Ac] [3d]
sutata: checks 
blistein: bets $15.03
sutata: folds 
Uncalled bet ($15.03) returned to blistein
blistein collected $8.59 from pot
blistein: doesn't show hand 
*** SUMMARY ***
Total pot $9.04 | Rake $0.45 
Board [Jc Jd Jh Ac 3d]
Seat 1: sutata (big blind) folded on the River
Seat 2: blistein (button) collected ($8.59)
Seat 6: Plutsch (small blind) folded before Flop



PokerStars Hand #254186033033:  Hold'em No Limit ($0.50/$1.00 USD) - 2025/01/04 8:43:20 WET [2025/01/04 3:43:20 ET]
Table 'Phecda' 6-max Seat #6 is the button
Seat 1: sutata ($100 in chips) 
Seat 2: blistein ($104.32 in chips) 
Seat 6: Plutsch ($100 in chips) 
sutata: posts small blind $0.50
blistein: posts big blind $1
*** HOLE CARDS ***
Plutsch: folds 
sutata: raises $2 to $3
blistein: raises $7 to $10
sutata: folds 
Uncalled bet ($7) returned to blistein
blistein collected $6 from pot
blistein: doesn't show hand 
*** SUMMARY ***
Total pot $6 | Rake $0 
Seat 1: sutata (small blind) folded before Flop
Seat 2: blistein (big blind) collected ($6)
Seat 6: Plutsch (button) folded before Flop (didn't bet)



PokerStars Hand #254186034895:  Hold'em No Limit ($0.50/$1.00 USD) - 2025/01/04 8:43:40 WET [2025/01/04 3:43:40 ET]
Table 'Phecda' 6-max Seat #1 is the button
Seat 1: sutata ($100 in chips) 
Seat 2: blistein ($107.32 in chips) 
Seat 6: Plutsch ($100 in chips) 
blistein: posts small blind $0.50
Plutsch: posts big blind $1
*** HOLE CARDS ***
sutata: raises $2 to $3
blistein: folds 
Plutsch: raises $9 to $12
sutata: folds 
Uncalled bet ($9) returned to Plutsch
Plutsch collected $6.50 from pot
Plutsch: doesn't show hand 
*** SUMMARY ***
Total pot $6.50 | Rake $0 
Seat 1: sutata (button) folded before Flop
Seat 2: blistein (small blind) folded before Flop
Seat 6: Plutsch (big blind) collected ($6.50)



