PokerStars Hand #254188792459:  Hold'em No Limit ($0.50/$1.00 USD) - 2025/01/04 13:27:49 WET [2025/01/04 8:27:49 ET]
Table 'Aletheia II' 6-max Seat #2 is the button
Seat 2: Unipoker11 ($100 in chips) 
Seat 5: shave_mustache ($100 in chips) 
Unipoker11: posts small blind $0.50
shave_mustache: posts big blind $1
*** HOLE CARDS ***
Unipoker11: raises $1.50 to $2.50
shave_mustache: folds 
Uncalled bet ($1.50) returned to Unipoker11
c131poker joins the table at seat #1 
Unipoker11 collected $2 from pot
Unipoker11: doesn't show hand 
*** SUMMARY ***
Total pot $2 | Rake $0 
Seat 2: Unipoker11 (button) (small blind) collected ($2)
Seat 5: shave_mustache (big blind) folded before Flop



PokerStars Hand #254188794030:  Hold'em No Limit ($0.50/$1.00 USD) - 2025/01/04 13:27:58 WET [2025/01/04 8:27:58 ET]
Table 'Aletheia II' 6-max Seat #2 is the button
Seat 1: c131poker ($100 in chips) 
Seat 2: Unipoker11 ($101 in chips) 
Seat 5: shave_mustache ($100 in chips) 
shave_mustache: posts small blind $0.50
c131poker: posts big blind $1
*** HOLE CARDS ***
Unipoker11: raises $1.50 to $2.50
shave_mustache: folds 
c131poker: folds 
Uncalled bet ($1.50) returned to Unipoker11
Unipoker11 collected $2.50 from pot
Unipoker11: doesn't show hand 
*** SUMMARY ***
Total pot $2.50 | Rake $0 
Seat 1: c131poker (big blind) folded before Flop
Seat 2: Unipoker11 (button) collected ($2.50)
Seat 5: shave_mustache (small blind) folded before Flop



PokerStars Hand #254188796638:  Hold'em No Limit ($0.50/$1.00 USD) - 2025/01/04 13:28:11 WET [2025/01/04 8:28:11 ET]
Table 'Aletheia II' 6-max Seat #5 is the button
Seat 1: c131poker ($99 in chips) 
Seat 2: Unipoker11 ($102.50 in chips) 
Seat 5: shave_mustache ($100 in chips) 
c131poker: posts small blind $0.50
Unipoker11: posts big blind $1
*** HOLE CARDS ***
shave_mustache: raises $1.50 to $2.50
c131poker: folds 
Unipoker11: calls $1.50
*** FLOP *** [5c 2s 6s]
Aescul@pius joins the table at seat #4 
Unipoker11: checks 
Dante21b joins the table at seat #3 
shave_mustache: checks 
*** TURN *** [5c 2s 6s] [Jd]
Pippa83 joins the table at seat #6 
Unipoker11: bets $1.72
shave_mustache: folds 
Uncalled bet ($1.72) returned to Unipoker11
Unipoker11 collected $5.22 from pot
Unipoker11: doesn't show hand 
*** SUMMARY ***
Total pot $5.50 | Rake $0.28 
Board [5c 2s 6s Jd]
Seat 1: c131poker (small blind) folded before Flop
Seat 2: Unipoker11 (big blind) collected ($5.22)
Seat 5: shave_mustache (button) folded on the Turn



PokerStars Hand #254188805095:  Hold'em No Limit ($0.50/$1.00 USD) - 2025/01/04 13:28:57 WET [2025/01/04 8:28:57 ET]
Table 'Aletheia II' 6-max Seat #1 is the button
Seat 4: Aescul@pius ($100 in chips) is sitting out
Seat 6: Pippa83 ($100 in chips) is sitting out
Seat 1: c131poker ($98.50 in chips) 
Seat 2: Unipoker11 ($105.22 in chips) 
Seat 3: Dante21b ($100 in chips) 
Seat 5: shave_mustache ($100 in chips) 
Unipoker11: posts small blind $0.50
Dante21b: posts big blind $1
Aescul@pius: sits out 
Pippa83: sits out 
*** HOLE CARDS ***
shave_mustache: raises $1.50 to $2.50
c131poker: raises $3 to $5.50
Unipoker11: folds 
Dante21b: folds 
shave_mustache: calls $3
*** FLOP *** [3s Ad Kh]
shave_mustache: checks 
c131poker: bets $7
shave_mustache: calls $7
*** TURN *** [3s Ad Kh] [4d]
shave_mustache: checks 
c131poker: bets $17
shave_mustache: folds 
Uncalled bet ($17) returned to c131poker
c131poker collected $25.50 from pot
c131poker: doesn't show hand 
*** SUMMARY ***
Total pot $26.50 | Rake $1 
Board [3s Ad Kh 4d]
Seat 4: Aescul@pius
Seat 6: Pippa83
Seat 1: c131poker (button) collected ($25.50)
Seat 2: Unipoker11 (small blind) folded before Flop
Seat 3: Dante21b (big blind) folded before Flop
Seat 5: shave_mustache folded on the Turn



PokerStars Hand #254188813927:  Hold'em No Limit ($0.50/$1.00 USD) - 2025/01/04 13:29:44 WET [2025/01/04 8:29:44 ET]
Table 'Aletheia II' 6-max Seat #2 is the button
Seat 6: Pippa83 ($100 in chips) is sitting out
Seat 1: c131poker ($111.50 in chips) 
Seat 2: Unipoker11 ($104.72 in chips) 
Seat 3: Dante21b ($99 in chips) 
Seat 4: Aescul@pius ($100 in chips) 
Seat 5: shave_mustache ($100 in chips) 
Dante21b: posts small blind $0.50
Aescul@pius: posts big blind $1
Pippa83: sits out 
*** HOLE CARDS ***
Pippa83 leaves the table
shave_mustache: folds 
c131poker: raises $1.50 to $2.50
Unipoker11: folds 
Dante21b: folds 
Aescul@pius: folds 
Uncalled bet ($1.50) returned to c131poker
c131poker collected $2.50 from pot
c131poker: doesn't show hand 
*** SUMMARY ***
Total pot $2.50 | Rake $0 
Seat 6: Pippa83
Seat 1: c131poker collected ($2.50)
Seat 2: Unipoker11 (button) folded before Flop (didn't bet)
Seat 3: Dante21b (small blind) folded before Flop
Seat 4: Aescul@pius (big blind) folded before Flop
Seat 5: shave_mustache folded before Flop (didn't bet)



PokerStars Hand #254188818197:  Hold'em No Limit ($0.50/$1.00 USD) - 2025/01/04 13:30:06 WET [2025/01/04 8:30:06 ET]
Table 'Aletheia II' 6-max Seat #3 is the button
Seat 5: shave_mustache ($100 in chips) is sitting out
Seat 1: c131poker ($113 in chips) 
Seat 2: Unipoker11 ($104.72 in chips) 
Seat 3: Dante21b ($98.50 in chips) 
Seat 4: Aescul@pius ($100 in chips) 
Aescul@pius: posts small blind $0.50
shave_mustache: is sitting out 
c131poker: posts big blind $1
*** HOLE CARDS ***
Unipoker11: folds 
Dante21b: folds 
Aescul@pius: folds 
Uncalled bet ($0.50) returned to c131poker
tfrench15 joins the table at seat #6 
tfrench15 is disconnected 
c131poker collected $1 from pot
c131poker: doesn't show hand 
*** SUMMARY ***
Total pot $1 | Rake $0 
Seat 5: shave_mustache
Seat 1: c131poker (big blind) collected ($1)
Seat 2: Unipoker11 folded before Flop (didn't bet)
Seat 3: Dante21b (button) folded before Flop (didn't bet)
Seat 4: Aescul@pius (small blind) folded before Flop



PokerStars Hand #254188819830:  Hold'em No Limit ($0.50/$1.00 USD) - 2025/01/04 13:30:14 WET [2025/01/04 8:30:14 ET]
Table 'Aletheia II' 6-max Seat #4 is the button
Seat 5: shave_mustache ($100 in chips) is sitting out
Seat 6: tfrench15 ($60.21 in chips) is sitting out
Seat 1: c131poker ($113.50 in chips) 
Seat 2: Unipoker11 ($104.72 in chips) 
Seat 3: Dante21b ($98.50 in chips) 
Seat 4: Aescul@pius ($100 in chips) 
c131poker: posts small blind $0.50
Unipoker11: posts big blind $1
*** HOLE CARDS ***
Dante21b: raises $1.50 to $2.50
Aescul@pius: folds 
c131poker: folds 
Unipoker11: calls $1.50
*** FLOP *** [3s 2c 9h]
Unipoker11: checks 
Dante21b: bets $1.72
Unipoker11: calls $1.72
*** TURN *** [3s 2c 9h] [5h]
Unipoker11: checks 
Dante21b: checks 
*** RIVER *** [3s 2c 9h 5h] [Jd]
Unipoker11: checks 
Dante21b: checks 
*** SHOW DOWN ***
Unipoker11: shows [4h 3h] (a pair of Threes)
Dante21b: shows [9s Ts] (a pair of Nines)
Dante21b collected $8.49 from pot
*** SUMMARY ***
Total pot $8.94 | Rake $0.45 
Board [3s 2c 9h 5h Jd]
Seat 5: shave_mustache
Seat 6: tfrench15
Seat 1: c131poker (small blind) folded before Flop
Seat 2: Unipoker11 (big blind) showed [4h 3h] and lost with a pair of Threes
Seat 3: Dante21b showed [9s Ts] and won ($8.49) with a pair of Nines
Seat 4: Aescul@pius (button) folded before Flop (didn't bet)



PokerStars Hand #254188838489:  Hold'em No Limit ($0.50/$1.00 USD) - 2025/01/04 13:31:49 WET [2025/01/04 8:31:49 ET]
Table 'Aletheia II' 6-max Seat #1 is the button
Seat 5: shave_mustache ($100 in chips) is sitting out
Seat 1: c131poker ($113 in chips) 
Seat 2: Unipoker11 ($100.50 in chips) 
Seat 3: Dante21b ($102.77 in chips) 
Seat 4: Aescul@pius ($100 in chips) 
Seat 6: tfrench15 ($60.21 in chips) 
Unipoker11: posts small blind $0.50
Dante21b: posts big blind $1
shave_mustache: sits out 
tfrench15: posts big blind $1
*** HOLE CARDS ***
Aescul@pius: raises $1.20 to $2.20
tfrench15: folds 
c131poker: folds 
Unipoker11: folds 
Dante21b: calls $1.20
*** FLOP *** [Qd 8s 4s]
Dante21b: checks 
Aescul@pius: bets $2.80
Dante21b: calls $2.80
*** TURN *** [Qd 8s 4s] [2c]
Dante21b: checks 
Aescul@pius: checks 
*** RIVER *** [Qd 8s 4s 2c] [2d]
Dante21b: checks 
Aescul@pius: checks 
*** SHOW DOWN ***
Dante21b: shows [4h Ah] (two pair, Fours and Deuces)
Aescul@pius: mucks hand 
Dante21b collected $10.92 from pot
*** SUMMARY ***
Total pot $11.50 | Rake $0.58 
Board [Qd 8s 4s 2c 2d]
Seat 5: shave_mustache
Seat 1: c131poker (button) folded before Flop (didn't bet)
Seat 2: Unipoker11 (small blind) folded before Flop
Seat 3: Dante21b (big blind) showed [4h Ah] and won ($10.92) with two pair, Fours and Deuces
Seat 4: Aescul@pius mucked
Seat 6: tfrench15 folded before Flop (didn't bet)



PokerStars Hand #254188852105:  Hold'em No Limit ($0.50/$1.00 USD) - 2025/01/04 13:32:59 WET [2025/01/04 8:32:59 ET]
Table 'Aletheia II' 6-max Seat #2 is the button
Seat 5: shave_mustache ($100 in chips) is sitting out
Seat 1: c131poker ($113 in chips) 
Seat 2: Unipoker11 ($100 in chips) 
Seat 3: Dante21b ($108.69 in chips) 
Seat 4: Aescul@pius ($100 in chips) 
Seat 6: tfrench15 ($59.21 in chips) 
Dante21b: posts small blind $0.50
Aescul@pius: posts big blind $1
shave_mustache: sits out 
*** HOLE CARDS ***
tfrench15: calls $1
c131poker: folds 
Unipoker11: folds 
Dante21b: folds 
Aescul@pius: checks 
*** FLOP *** [9h 3h 9d]
Aescul@pius: checks 
tfrench15: checks 
*** TURN *** [9h 3h 9d] [Kd]
Aescul@pius: checks 
tfrench15: checks 
*** RIVER *** [9h 3h 9d Kd] [3d]
Aescul@pius: checks 
tfrench15: checks 
*** SHOW DOWN ***
Aescul@pius: shows [6s 8c] (two pair, Nines and Threes)
tfrench15: shows [Tc As] (two pair, Nines and Threes - Ace kicker)
tfrench15 collected $2.38 from pot
*** SUMMARY ***
Total pot $2.50 | Rake $0.12 
Board [9h 3h 9d Kd 3d]
Seat 5: shave_mustache
Seat 1: c131poker folded before Flop (didn't bet)
Seat 2: Unipoker11 (button) folded before Flop (didn't bet)
Seat 3: Dante21b (small blind) folded before Flop
Seat 4: Aescul@pius (big blind) showed [6s 8c] and lost with two pair, Nines and Threes
Seat 6: tfrench15 showed [Tc As] and won ($2.38) with two pair, Nines and Threes



PokerStars Hand #254188858648:  Hold'em No Limit ($0.50/$1.00 USD) - 2025/01/04 13:33:33 WET [2025/01/04 8:33:33 ET]
Table 'Aletheia II' 6-max Seat #3 is the button
Seat 1: c131poker ($113 in chips) 
Seat 2: Unipoker11 ($100 in chips) 
Seat 3: Dante21b ($108.19 in chips) 
Seat 4: Aescul@pius ($100 in chips) 
Seat 5: shave_mustache ($100 in chips) 
Seat 6: tfrench15 ($60.59 in chips) 
Aescul@pius: posts small blind $0.50
shave_mustache: posts big blind $1
*** HOLE CARDS ***
tfrench15: calls $1
c131poker: folds 
Unipoker11: folds 
Dante21b: folds 
Aescul@pius: folds 
shave_mustache: checks 
*** FLOP *** [8d Tc 6s]
shave_mustache: checks 
tfrench15: checks 
*** TURN *** [8d Tc 6s] [Kc]
shave_mustache: checks 
tfrench15: checks 
*** RIVER *** [8d Tc 6s Kc] [Ad]
shave_mustache: checks 
tfrench15: checks 
*** SHOW DOWN ***
shave_mustache: shows [Jh 5h] (high card Ace)
tfrench15: shows [9d Td] (a pair of Tens)
tfrench15 collected $2.38 from pot
*** SUMMARY ***
Total pot $2.50 | Rake $0.12 
Board [8d Tc 6s Kc Ad]
Seat 1: c131poker folded before Flop (didn't bet)
Seat 2: Unipoker11 folded before Flop (didn't bet)
Seat 3: Dante21b (button) folded before Flop (didn't bet)
Seat 4: Aescul@pius (small blind) folded before Flop
Seat 5: shave_mustache (big blind) showed [Jh 5h] and lost with high card Ace
Seat 6: tfrench15 showed [9d Td] and won ($2.38) with a pair of Tens



PokerStars Hand #254188866410:  Hold'em No Limit ($0.50/$1.00 USD) - 2025/01/04 13:34:12 WET [2025/01/04 8:34:12 ET]
Table 'Aletheia II' 6-max Seat #4 is the button
Seat 1: c131poker ($113 in chips) 
Seat 2: Unipoker11 ($100 in chips) 
Seat 3: Dante21b ($108.19 in chips) 
Seat 4: Aescul@pius ($100 in chips) 
Seat 5: shave_mustache ($100 in chips) 
Seat 6: tfrench15 ($61.97 in chips) 
shave_mustache: posts small blind $0.50
tfrench15: posts big blind $1
*** HOLE CARDS ***
c131poker: folds 
Unipoker11: raises $1 to $2
Dante21b: folds 
Aescul@pius: folds 
c131poker leaves the table
shave_mustache: folds 
AlexPinsk1 joins the table at seat #1 
tfrench15: calls $1
*** FLOP *** [Ad Jh 5d]
tfrench15: checks 
Unipoker11: bets $1.07
tfrench15: folds 
Uncalled bet ($1.07) returned to Unipoker11
Unipoker11 collected $4.28 from pot
Unipoker11: doesn't show hand 
*** SUMMARY ***
Total pot $4.50 | Rake $0.22 
Board [Ad Jh 5d]
Seat 1: c131poker folded before Flop (didn't bet)
Seat 2: Unipoker11 collected ($4.28)
Seat 3: Dante21b folded before Flop (didn't bet)
Seat 4: Aescul@pius (button) folded before Flop (didn't bet)
Seat 5: shave_mustache (small blind) folded before Flop
Seat 6: tfrench15 (big blind) folded on the Flop



PokerStars Hand #254188871556:  Hold'em No Limit ($0.50/$1.00 USD) - 2025/01/04 13:34:39 WET [2025/01/04 8:34:39 ET]
Table 'Aletheia II' 6-max Seat #5 is the button
Seat 1: AlexPinsk1 ($100 in chips) 
Seat 2: Unipoker11 ($102.28 in chips) 
Seat 3: Dante21b ($108.19 in chips) 
Seat 4: Aescul@pius ($100 in chips) 
Seat 5: shave_mustache ($100 in chips) 
Seat 6: tfrench15 ($59.97 in chips) 
tfrench15: posts small blind $0.50
AlexPinsk1: posts big blind $1
*** HOLE CARDS ***
Unipoker11: folds 
Dante21b: folds 
Aescul@pius: folds 
shave_mustache: folds 
tfrench15: calls $0.50
AlexPinsk1: checks 
*** FLOP *** [6s Jc Ts]
tfrench15: checks 
AlexPinsk1: checks 
*** TURN *** [6s Jc Ts] [Ah]
tfrench15: bets $1
AlexPinsk1: calls $1
*** RIVER *** [6s Jc Ts Ah] [7s]
tfrench15: bets $1
AlexPinsk1: folds 
Uncalled bet ($1) returned to tfrench15
tfrench15 collected $3.80 from pot
*** SUMMARY ***
Total pot $4 | Rake $0.20 
Board [6s Jc Ts Ah 7s]
Seat 1: AlexPinsk1 (big blind) folded on the River
Seat 2: Unipoker11 folded before Flop (didn't bet)
Seat 3: Dante21b folded before Flop (didn't bet)
Seat 4: Aescul@pius folded before Flop (didn't bet)
Seat 5: shave_mustache (button) folded before Flop (didn't bet)
Seat 6: tfrench15 (small blind) collected ($3.80)



PokerStars Hand #254188880866:  Hold'em No Limit ($0.50/$1.00 USD) - 2025/01/04 13:35:26 WET [2025/01/04 8:35:26 ET]
Table 'Aletheia II' 6-max Seat #6 is the button
Seat 1: AlexPinsk1 ($100 in chips) 
Seat 2: Unipoker11 ($102.28 in chips) 
Seat 3: Dante21b ($108.19 in chips) 
Seat 4: Aescul@pius ($100 in chips) 
Seat 5: shave_mustache ($100 in chips) 
Seat 6: tfrench15 ($61.77 in chips) 
AlexPinsk1: posts small blind $0.50
Unipoker11: posts big blind $1
*** HOLE CARDS ***
Dante21b: folds 
Aescul@pius: raises $1.20 to $2.20
shave_mustache: folds 
tfrench15: folds 
AlexPinsk1: folds 
Unipoker11: folds 
Uncalled bet ($1.20) returned to Aescul@pius
Aescul@pius collected $2.50 from pot
Aescul@pius: doesn't show hand 
*** SUMMARY ***
Total pot $2.50 | Rake $0 
Seat 1: AlexPinsk1 (small blind) folded before Flop
Seat 2: Unipoker11 (big blind) folded before Flop
Seat 3: Dante21b folded before Flop (didn't bet)
Seat 4: Aescul@pius collected ($2.50)
Seat 5: shave_mustache folded before Flop (didn't bet)
Seat 6: tfrench15 (button) folded before Flop (didn't bet)



PokerStars Hand #254188885256:  Hold'em No Limit ($0.50/$1.00 USD) - 2025/01/04 13:35:49 WET [2025/01/04 8:35:49 ET]
Table 'Aletheia II' 6-max Seat #1 is the button
Seat 1: AlexPinsk1 ($100 in chips) 
Seat 2: Unipoker11 ($101.28 in chips) 
Seat 3: Dante21b ($108.19 in chips) 
Seat 4: Aescul@pius ($101.50 in chips) 
Seat 5: shave_mustache ($100 in chips) 
Seat 6: tfrench15 ($61.77 in chips) 
Unipoker11: posts small blind $0.50
Dante21b: posts big blind $1
*** HOLE CARDS ***
Aescul@pius: folds 
shave_mustache: folds 
tfrench15: folds 
AlexPinsk1: folds 
Unipoker11: folds 
Uncalled bet ($0.50) returned to Dante21b
Dante21b collected $1 from pot
Dante21b: doesn't show hand 
*** SUMMARY ***
Total pot $1 | Rake $0 
Seat 1: AlexPinsk1 (button) folded before Flop (didn't bet)
Seat 2: Unipoker11 (small blind) folded before Flop
Seat 3: Dante21b (big blind) collected ($1)
Seat 4: Aescul@pius folded before Flop (didn't bet)
Seat 5: shave_mustache folded before Flop (didn't bet)
Seat 6: tfrench15 folded before Flop (didn't bet)



PokerStars Hand #254188889366:  Hold'em No Limit ($0.50/$1.00 USD) - 2025/01/04 13:36:10 WET [2025/01/04 8:36:10 ET]
Table 'Aletheia II' 6-max Seat #2 is the button
Seat 1: AlexPinsk1 ($100 in chips) 
Seat 2: Unipoker11 ($100.78 in chips) 
Seat 3: Dante21b ($108.69 in chips) 
Seat 4: Aescul@pius ($101.50 in chips) 
Seat 5: shave_mustache ($100 in chips) 
Seat 6: tfrench15 ($61.77 in chips) 
Dante21b: posts small blind $0.50
Aescul@pius: posts big blind $1
*** HOLE CARDS ***
shave_mustache: raises $1.50 to $2.50
tfrench15: folds 
AlexPinsk1: folds 
Unipoker11: folds 
Dante21b: folds 
Aescul@pius: raises $8.50 to $11
shave_mustache: calls $8.50
*** FLOP *** [2h 7d 2c]
Aescul@pius: checks 
shave_mustache: checks 
*** TURN *** [2h 7d 2c] [8s]
Aescul@pius: bets $7.06
shave_mustache: folds 
Uncalled bet ($7.06) returned to Aescul@pius
Aescul@pius collected $21.38 from pot
Aescul@pius: doesn't show hand 
*** SUMMARY ***
Total pot $22.50 | Rake $1.12 
Board [2h 7d 2c 8s]
Seat 1: AlexPinsk1 folded before Flop (didn't bet)
Seat 2: Unipoker11 (button) folded before Flop (didn't bet)
Seat 3: Dante21b (small blind) folded before Flop
Seat 4: Aescul@pius (big blind) collected ($21.38)
Seat 5: shave_mustache folded on the Turn
Seat 6: tfrench15 folded before Flop (didn't bet)



PokerStars Hand #254188909316:  Hold'em No Limit ($0.50/$1.00 USD) - 2025/01/04 13:37:52 WET [2025/01/04 8:37:52 ET]
Table 'Aletheia II' 6-max Seat #3 is the button
Seat 1: AlexPinsk1 ($100 in chips) 
Seat 2: Unipoker11 ($100.78 in chips) 
Seat 3: Dante21b ($108.19 in chips) 
Seat 4: Aescul@pius ($111.88 in chips) 
Seat 5: shave_mustache ($100 in chips) 
Seat 6: tfrench15 ($61.77 in chips) 
Aescul@pius: posts small blind $0.50
shave_mustache: posts big blind $1
*** HOLE CARDS ***
tfrench15: calls $1
AlexPinsk1: raises $3 to $4
Unipoker11: folds 
Dante21b: folds 
Aescul@pius: folds 
shave_mustache: folds 
tfrench15: calls $3
*** FLOP *** [Td 5s 8d]
tfrench15: checks 
AlexPinsk1: bets $9
tfrench15: calls $9
*** TURN *** [Td 5s 8d] [9c]
tfrench15: checks 
AlexPinsk1: bets $87 and is all-in
tfrench15: calls $48.77 and is all-in
Uncalled bet ($38.23) returned to AlexPinsk1
*** RIVER *** [Td 5s 8d 9c] [4c]
*** SHOW DOWN ***
tfrench15: shows [7c Jh] (a straight, Seven to Jack)
AlexPinsk1: shows [Qh Qs] (a pair of Queens)
tfrench15 collected $122.54 from pot
*** SUMMARY ***
Total pot $125.04 | Rake $2.50 
Board [Td 5s 8d 9c 4c]
Seat 1: AlexPinsk1 showed [Qh Qs] and lost with a pair of Queens
Seat 2: Unipoker11 folded before Flop (didn't bet)
Seat 3: Dante21b (button) folded before Flop (didn't bet)
Seat 4: Aescul@pius (small blind) folded before Flop
Seat 5: shave_mustache (big blind) folded before Flop
Seat 6: tfrench15 showed [7c Jh] and won ($122.54) with a straight, Seven to Jack



PokerStars Hand #254188926444:  Hold'em No Limit ($0.50/$1.00 USD) - 2025/01/04 13:39:18 WET [2025/01/04 8:39:18 ET]
Table 'Aletheia II' 6-max Seat #4 is the button
Seat 1: AlexPinsk1 ($100 in chips) 
Seat 2: Unipoker11 ($100.78 in chips) 
Seat 3: Dante21b ($108.19 in chips) 
Seat 4: Aescul@pius ($111.38 in chips) 
Seat 5: shave_mustache ($100 in chips) 
Seat 6: tfrench15 ($122.54 in chips) 
shave_mustache: posts small blind $0.50
tfrench15: posts big blind $1
*** HOLE CARDS ***
AlexPinsk1: folds 
Unipoker11: folds 
Dante21b has timed out
Dante21b: folds 
Aescul@pius: raises $1.20 to $2.20
shave_mustache: raises $8.80 to $11
tfrench15: folds 
Aescul@pius: folds 
Uncalled bet ($8.80) returned to shave_mustache
shave_mustache collected $5.40 from pot
shave_mustache: doesn't show hand 
*** SUMMARY ***
Total pot $5.40 | Rake $0 
Seat 1: AlexPinsk1 folded before Flop (didn't bet)
Seat 2: Unipoker11 folded before Flop (didn't bet)
Seat 3: Dante21b folded before Flop (didn't bet)
Seat 4: Aescul@pius (button) folded before Flop
Seat 5: shave_mustache (small blind) collected ($5.40)
Seat 6: tfrench15 (big blind) folded before Flop



PokerStars Hand #254188934042:  Hold'em No Limit ($0.50/$1.00 USD) - 2025/01/04 13:39:56 WET [2025/01/04 8:39:56 ET]
Table 'Aletheia II' 6-max Seat #5 is the button
Seat 1: AlexPinsk1 ($100 in chips) 
Seat 2: Unipoker11 ($100.78 in chips) 
Seat 3: Dante21b ($108.19 in chips) 
Seat 4: Aescul@pius ($109.18 in chips) 
Seat 5: shave_mustache ($103.20 in chips) 
Seat 6: tfrench15 ($121.54 in chips) 
tfrench15: posts small blind $0.50
AlexPinsk1: posts big blind $1
*** HOLE CARDS ***
Unipoker11: folds 
Dante21b: folds 
Aescul@pius: raises $1.20 to $2.20
shave_mustache: folds 
tfrench15: calls $1.70
AlexPinsk1: folds 
*** FLOP *** [7h Qs Kd]
tfrench15: checks 
Aescul@pius: bets $1.69
tfrench15: calls $1.69
*** TURN *** [7h Qs Kd] [7s]
tfrench15: checks 
Aescul@pius: checks 
*** RIVER *** [7h Qs Kd 7s] [Th]
tfrench15: checks 
Aescul@pius: checks 
*** SHOW DOWN ***
tfrench15: shows [5d Kh] (two pair, Kings and Sevens)
Aescul@pius: mucks hand 
tfrench15 collected $8.34 from pot
*** SUMMARY ***
Total pot $8.78 | Rake $0.44 
Board [7h Qs Kd 7s Th]
Seat 1: AlexPinsk1 (big blind) folded before Flop
Seat 2: Unipoker11 folded before Flop (didn't bet)
Seat 3: Dante21b folded before Flop (didn't bet)
Seat 4: Aescul@pius mucked
Seat 5: shave_mustache (button) folded before Flop (didn't bet)
Seat 6: tfrench15 (small blind) showed [5d Kh] and won ($8.34) with two pair, Kings and Sevens



PokerStars Hand #254188942020:  Hold'em No Limit ($0.50/$1.00 USD) - 2025/01/04 13:40:36 WET [2025/01/04 8:40:36 ET]
Table 'Aletheia II' 6-max Seat #6 is the button
Seat 1: AlexPinsk1 ($100 in chips) 
Seat 2: Unipoker11 ($100.78 in chips) 
Seat 3: Dante21b ($108.19 in chips) 
Seat 4: Aescul@pius ($105.29 in chips) 
Seat 5: shave_mustache ($103.20 in chips) 
Seat 6: tfrench15 ($125.99 in chips) 
AlexPinsk1: posts small blind $0.50
Unipoker11: posts big blind $1
*** HOLE CARDS ***
Dante21b: folds 
Aescul@pius: folds 
shave_mustache: folds 
tfrench15: calls $1
AlexPinsk1: folds 
Unipoker11: checks 
*** FLOP *** [9s 9h Ah]
Unipoker11: checks 
tfrench15: checks 
*** TURN *** [9s 9h Ah] [Kc]
Unipoker11: bets $3.57
tfrench15: calls $3.57
*** RIVER *** [9s 9h Ah Kc] [4d]
Unipoker11: bets $16.03
tfrench15: calls $16.03
*** SHOW DOWN ***
Unipoker11: shows [2c 9d] (three of a kind, Nines)
tfrench15: mucks hand 
Unipoker11 collected $39.62 from pot
*** SUMMARY ***
Total pot $41.70 | Rake $2.08 
Board [9s 9h Ah Kc 4d]
Seat 1: AlexPinsk1 (small blind) folded before Flop
Seat 2: Unipoker11 (big blind) showed [2c 9d] and won ($39.62) with three of a kind, Nines
Seat 3: Dante21b folded before Flop (didn't bet)
Seat 4: Aescul@pius folded before Flop (didn't bet)
Seat 5: shave_mustache folded before Flop (didn't bet)
Seat 6: tfrench15 (button) mucked



PokerStars Hand #254188950965:  Hold'em No Limit ($0.50/$1.00 USD) - 2025/01/04 13:41:21 WET [2025/01/04 8:41:21 ET]
Table 'Aletheia II' 6-max Seat #1 is the button
Seat 1: AlexPinsk1 ($100 in chips) 
Seat 2: Unipoker11 ($119.80 in chips) 
Seat 3: Dante21b ($108.19 in chips) 
Seat 4: Aescul@pius ($105.29 in chips) 
Seat 5: shave_mustache ($103.20 in chips) 
Seat 6: tfrench15 ($105.39 in chips) 
Unipoker11: posts small blind $0.50
Dante21b: posts big blind $1
*** HOLE CARDS ***
Aescul@pius: folds 
shave_mustache: folds 
tfrench15: folds 
AlexPinsk1: folds 
Unipoker11: folds 
Uncalled bet ($0.50) returned to Dante21b
Dante21b collected $1 from pot
Dante21b: doesn't show hand 
*** SUMMARY ***
Total pot $1 | Rake $0 
Seat 1: AlexPinsk1 (button) folded before Flop (didn't bet)
Seat 2: Unipoker11 (small blind) folded before Flop
Seat 3: Dante21b (big blind) collected ($1)
Seat 4: Aescul@pius folded before Flop (didn't bet)
Seat 5: shave_mustache folded before Flop (didn't bet)
Seat 6: tfrench15 folded before Flop (didn't bet)



PokerStars Hand #254188954906:  Hold'em No Limit ($0.50/$1.00 USD) - 2025/01/04 13:41:41 WET [2025/01/04 8:41:41 ET]
Table 'Aletheia II' 6-max Seat #2 is the button
Seat 1: AlexPinsk1 ($100 in chips) 
Seat 2: Unipoker11 ($119.30 in chips) 
Seat 3: Dante21b ($108.69 in chips) 
Seat 4: Aescul@pius ($105.29 in chips) 
Seat 5: shave_mustache ($103.20 in chips) 
Seat 6: tfrench15 ($105.39 in chips) 
Dante21b: posts small blind $0.50
Aescul@pius: posts big blind $1
*** HOLE CARDS ***
shave_mustache: folds 
tfrench15: calls $1
AlexPinsk1: folds 
Unipoker11: folds 
Dante21b: raises $5 to $6
Aescul@pius: folds 
tfrench15: calls $5
*** FLOP *** [Qs Tc Qc]
Dante21b: bets $7
tfrench15: folds 
Uncalled bet ($7) returned to Dante21b
Dante21b collected $12.35 from pot
Dante21b: doesn't show hand 
*** SUMMARY ***
Total pot $13 | Rake $0.65 
Board [Qs Tc Qc]
Seat 1: AlexPinsk1 folded before Flop (didn't bet)
Seat 2: Unipoker11 (button) folded before Flop (didn't bet)
Seat 3: Dante21b (small blind) collected ($12.35)
Seat 4: Aescul@pius (big blind) folded before Flop
Seat 5: shave_mustache folded before Flop (didn't bet)
Seat 6: tfrench15 folded on the Flop



PokerStars Hand #254188960971:  Hold'em No Limit ($0.50/$1.00 USD) - 2025/01/04 13:42:11 WET [2025/01/04 8:42:11 ET]
Table 'Aletheia II' 6-max Seat #3 is the button
Seat 1: AlexPinsk1 ($100 in chips) 
Seat 2: Unipoker11 ($119.30 in chips) 
Seat 3: Dante21b ($115.04 in chips) 
Seat 4: Aescul@pius ($104.29 in chips) 
Seat 5: shave_mustache ($103.20 in chips) 
Seat 6: tfrench15 ($99.39 in chips) 
Aescul@pius: posts small blind $0.50
shave_mustache: posts big blind $1
*** HOLE CARDS ***
tfrench15: folds 
AlexPinsk1: folds 
Unipoker11: folds 
Dante21b: folds 
Aescul@pius: raises $2 to $3
shave_mustache: calls $2
*** FLOP *** [9s Th 8c]
Aescul@pius: checks 
shave_mustache: bets $1.88
Aescul@pius: calls $1.88
*** TURN *** [9s Th 8c] [Kh]
Aescul@pius: checks 
shave_mustache: checks 
*** RIVER *** [9s Th 8c Kh] [9d]
Aescul@pius: bets $6.26
shave_mustache: folds 
Uncalled bet ($6.26) returned to Aescul@pius
Aescul@pius collected $9.27 from pot
Aescul@pius: doesn't show hand 
*** SUMMARY ***
Total pot $9.76 | Rake $0.49 
Board [9s Th 8c Kh 9d]
Seat 1: AlexPinsk1 folded before Flop (didn't bet)
Seat 2: Unipoker11 folded before Flop (didn't bet)
Seat 3: Dante21b (button) folded before Flop (didn't bet)
Seat 4: Aescul@pius (small blind) collected ($9.27)
Seat 5: shave_mustache (big blind) folded on the River
Seat 6: tfrench15 folded before Flop (didn't bet)



PokerStars Hand #254188979464:  Hold'em No Limit ($0.50/$1.00 USD) - 2025/01/04 13:43:44 WET [2025/01/04 8:43:44 ET]
Table 'Aletheia II' 6-max Seat #4 is the button
Seat 1: AlexPinsk1 ($100 in chips) 
Seat 2: Unipoker11 ($119.30 in chips) 
Seat 3: Dante21b ($115.04 in chips) 
Seat 4: Aescul@pius ($108.68 in chips) 
Seat 5: shave_mustache ($100 in chips) 
Seat 6: tfrench15 ($99.39 in chips) 
shave_mustache: posts small blind $0.50
tfrench15: posts big blind $1
*** HOLE CARDS ***
AlexPinsk1: folds 
Unipoker11: folds 
Dante21b: folds 
Aescul@pius: folds 
shave_mustache: raises $2 to $3
tfrench15: calls $2
*** FLOP *** [6s Js 2s]
shave_mustache: checks 
tfrench15: bets $4
shave_mustache: folds 
Uncalled bet ($4) returned to tfrench15
tfrench15 collected $5.70 from pot
*** SUMMARY ***
Total pot $6 | Rake $0.30 
Board [6s Js 2s]
Seat 1: AlexPinsk1 folded before Flop (didn't bet)
Seat 2: Unipoker11 folded before Flop (didn't bet)
Seat 3: Dante21b folded before Flop (didn't bet)
Seat 4: Aescul@pius (button) folded before Flop (didn't bet)
Seat 5: shave_mustache (small blind) folded on the Flop
Seat 6: tfrench15 (big blind) collected ($5.70)



PokerStars Hand #254188985404:  Hold'em No Limit ($0.50/$1.00 USD) - 2025/01/04 13:44:14 WET [2025/01/04 8:44:14 ET]
Table 'Aletheia II' 6-max Seat #5 is the button
Seat 1: AlexPinsk1 ($100 in chips) 
Seat 2: Unipoker11 ($119.30 in chips) 
Seat 3: Dante21b ($115.04 in chips) 
Seat 4: Aescul@pius ($108.68 in chips) 
Seat 5: shave_mustache ($100 in chips) 
Seat 6: tfrench15 ($102.09 in chips) 
tfrench15: posts small blind $0.50
AlexPinsk1: posts big blind $1
*** HOLE CARDS ***
Unipoker11: raises $1 to $2
Dante21b: raises $5.50 to $7.50
Aescul@pius: folds 
shave_mustache: folds 
tfrench15: calls $7
AlexPinsk1: folds 
Unipoker11: folds 
*** FLOP *** [9d Qh 4h]
tfrench15: checks 
Dante21b: bets $17.10
tfrench15: calls $17.10
*** TURN *** [9d Qh 4h] [Td]
tfrench15: checks 
Dante21b: checks 
*** RIVER *** [9d Qh 4h Td] [5s]
Aescul@pius leaves the table
tfrench15: bets $24.85
Dante21b: calls $24.85
*** SHOW DOWN ***
tfrench15: shows [Qs Jh] (a pair of Queens)
Dante21b: shows [Ah Ad] (a pair of Aces)
Dante21b collected $99.40 from pot
*** SUMMARY ***
Total pot $101.90 | Rake $2.50 
Board [9d Qh 4h Td 5s]
Seat 1: AlexPinsk1 (big blind) folded before Flop
Seat 2: Unipoker11 folded before Flop
Seat 3: Dante21b showed [Ah Ad] and won ($99.40) with a pair of Aces
Seat 4: Aescul@pius folded before Flop (didn't bet)
Seat 5: shave_mustache (button) folded before Flop (didn't bet)
Seat 6: tfrench15 (small blind) showed [Qs Jh] and lost with a pair of Queens



PokerStars Hand #254188998496:  Hold'em No Limit ($0.50/$1.00 USD) - 2025/01/04 13:45:19 WET [2025/01/04 8:45:19 ET]
Table 'Aletheia II' 6-max Seat #6 is the button
Seat 1: AlexPinsk1 ($100 in chips) 
Seat 2: Unipoker11 ($117.30 in chips) 
Seat 3: Dante21b ($164.99 in chips) 
Seat 5: shave_mustache ($100 in chips) 
Seat 6: tfrench15 ($52.64 in chips) 
AlexPinsk1: posts small blind $0.50
Unipoker11: posts big blind $1
*** HOLE CARDS ***
Dante21b: folds 
shave_mustache: folds 
tfrench15: calls $1
AlexPinsk1: raises $3.50 to $4.50
Unipoker11: folds 
tfrench15: calls $3.50
*** FLOP *** [8s Th 9c]
AlexPinsk1: checks 
tfrench15: checks 
*** TURN *** [8s Th 9c] [8h]
AlexPinsk1: checks 
tfrench15: checks 
*** RIVER *** [8s Th 9c 8h] [9h]
AlexPinsk1: checks 
tfrench15: checks 
*** SHOW DOWN ***
AlexPinsk1: shows [Kh Qd] (two pair, Nines and Eights)
tfrench15: mucks hand 
G.HANSEN333 joins the table at seat #4 
AlexPinsk1 collected $9.50 from pot
*** SUMMARY ***
Total pot $10 | Rake $0.50 
Board [8s Th 9c 8h 9h]
Seat 1: AlexPinsk1 (small blind) showed [Kh Qd] and won ($9.50) with two pair, Nines and Eights
Seat 2: Unipoker11 (big blind) folded before Flop
Seat 3: Dante21b folded before Flop (didn't bet)
Seat 5: shave_mustache folded before Flop (didn't bet)
Seat 6: tfrench15 (button) mucked



PokerStars Hand #254189009032:  Hold'em No Limit ($0.50/$1.00 USD) - 2025/01/04 13:46:12 WET [2025/01/04 8:46:12 ET]
Table 'Aletheia II' 6-max Seat #1 is the button
Seat 4: G.HANSEN333 ($100 in chips) is sitting out
Seat 1: AlexPinsk1 ($105 in chips) 
Seat 2: Unipoker11 ($116.30 in chips) 
Seat 3: Dante21b ($164.99 in chips) 
Seat 5: shave_mustache ($100 in chips) 
Seat 6: tfrench15 ($48.14 in chips) 
Unipoker11: posts small blind $0.50
Dante21b: posts big blind $1
G.HANSEN333: sits out 
*** HOLE CARDS ***
shave_mustache: raises $1.50 to $2.50
tfrench15: calls $2.50
AlexPinsk1: folds 
Unipoker11: raises $11.50 to $14
Dante21b: folds 
shave_mustache: folds 
tfrench15: folds 
Uncalled bet ($11.50) returned to Unipoker11
Unipoker11 collected $8.50 from pot
Unipoker11: doesn't show hand 
*** SUMMARY ***
Total pot $8.50 | Rake $0 
Seat 4: G.HANSEN333
Seat 1: AlexPinsk1 (button) folded before Flop (didn't bet)
Seat 2: Unipoker11 (small blind) collected ($8.50)
Seat 3: Dante21b (big blind) folded before Flop
Seat 5: shave_mustache folded before Flop
Seat 6: tfrench15 folded before Flop



PokerStars Hand #254189015378:  Hold'em No Limit ($0.50/$1.00 USD) - 2025/01/04 13:46:43 WET [2025/01/04 8:46:43 ET]
Table 'Aletheia II' 6-max Seat #2 is the button
Seat 1: AlexPinsk1 ($105 in chips) 
Seat 2: Unipoker11 ($122.30 in chips) 
Seat 3: Dante21b ($163.99 in chips) 
Seat 4: G.HANSEN333 ($100 in chips) 
Seat 5: shave_mustache ($100 in chips) 
Seat 6: tfrench15 ($45.64 in chips) 
Dante21b: posts small blind $0.50
G.HANSEN333: posts big blind $1
*** HOLE CARDS ***
shave_mustache: folds 
tfrench15: calls $1
AlexPinsk1: folds 
Unipoker11: folds 
Dante21b: raises $4 to $5
G.HANSEN333: folds 
tfrench15: calls $4
*** FLOP *** [Kd Ac Qd]
Dante21b: bets $3.45
tfrench15: calls $3.45
*** TURN *** [Kd Ac Qd] [3h]
Dante21b: checks 
tfrench15: checks 
*** RIVER *** [Kd Ac Qd 3h] [4d]
Dante21b: checks 
tfrench15: bets $37.19 and is all-in
Dante21b: folds 
Uncalled bet ($37.19) returned to tfrench15
tfrench15 collected $17 from pot
*** SUMMARY ***
Total pot $17.90 | Rake $0.90 
Board [Kd Ac Qd 3h 4d]
Seat 1: AlexPinsk1 folded before Flop (didn't bet)
Seat 2: Unipoker11 (button) folded before Flop (didn't bet)
Seat 3: Dante21b (small blind) folded on the River
Seat 4: G.HANSEN333 (big blind) folded before Flop
Seat 5: shave_mustache folded before Flop (didn't bet)
Seat 6: tfrench15 collected ($17)



PokerStars Hand #254189027925:  Hold'em No Limit ($0.50/$1.00 USD) - 2025/01/04 13:47:45 WET [2025/01/04 8:47:45 ET]
Table 'Aletheia II' 6-max Seat #3 is the button
Seat 1: AlexPinsk1 ($105 in chips) 
Seat 2: Unipoker11 ($122.30 in chips) 
Seat 3: Dante21b ($155.54 in chips) 
Seat 4: G.HANSEN333 ($100 in chips) 
Seat 5: shave_mustache ($100 in chips) 
Seat 6: tfrench15 ($54.19 in chips) 
G.HANSEN333: posts small blind $0.50
shave_mustache: posts big blind $1
*** HOLE CARDS ***
tfrench15: folds 
AlexPinsk1: folds 
Unipoker11: raises $1.30 to $2.30
Dante21b: folds 
G.HANSEN333: folds 
shave_mustache: folds 
Uncalled bet ($1.30) returned to Unipoker11
Unipoker11 collected $2.50 from pot
Unipoker11: doesn't show hand 
*** SUMMARY ***
Total pot $2.50 | Rake $0 
Seat 1: AlexPinsk1 folded before Flop (didn't bet)
Seat 2: Unipoker11 collected ($2.50)
Seat 3: Dante21b (button) folded before Flop (didn't bet)
Seat 4: G.HANSEN333 (small blind) folded before Flop
Seat 5: shave_mustache (big blind) folded before Flop
Seat 6: tfrench15 folded before Flop (didn't bet)



PokerStars Hand #254189031917:  Hold'em No Limit ($0.50/$1.00 USD) - 2025/01/04 13:48:05 WET [2025/01/04 8:48:05 ET]
Table 'Aletheia II' 6-max Seat #4 is the button
Seat 6: tfrench15 ($54.19 in chips) is sitting out
Seat 1: AlexPinsk1 ($105 in chips) 
Seat 2: Unipoker11 ($123.80 in chips) 
Seat 3: Dante21b ($155.54 in chips) 
Seat 4: G.HANSEN333 ($100 in chips) 
Seat 5: shave_mustache ($100 in chips) 
shave_mustache: posts small blind $0.50
tfrench15 has timed out
tfrench15: is sitting out 
AlexPinsk1: posts big blind $1
*** HOLE CARDS ***
Unipoker11: folds 
Dante21b: folds 
G.HANSEN333: folds 
tfrench15 is disconnected 
shave_mustache: folds 
Uncalled bet ($0.50) returned to AlexPinsk1
AlexPinsk1 collected $1 from pot
AlexPinsk1: doesn't show hand 
*** SUMMARY ***
Total pot $1 | Rake $0 
Seat 6: tfrench15
Seat 1: AlexPinsk1 (big blind) collected ($1)
Seat 2: Unipoker11 folded before Flop (didn't bet)
Seat 3: Dante21b folded before Flop (didn't bet)
Seat 4: G.HANSEN333 (button) folded before Flop (didn't bet)
Seat 5: shave_mustache (small blind) folded before Flop



PokerStars Hand #254189038582:  Hold'em No Limit ($0.50/$1.00 USD) - 2025/01/04 13:48:38 WET [2025/01/04 8:48:38 ET]
Table 'Aletheia II' 6-max Seat #5 is the button
Seat 6: tfrench15 ($54.19 in chips) is sitting out
Seat 1: AlexPinsk1 ($105.50 in chips) 
Seat 2: Unipoker11 ($123.80 in chips) 
Seat 3: Dante21b ($155.54 in chips) 
Seat 4: G.HANSEN333 ($100 in chips) 
Seat 5: shave_mustache ($100 in chips) 
AlexPinsk1: posts small blind $0.50
Unipoker11: posts big blind $1
*** HOLE CARDS ***
Dante21b: folds 
G.HANSEN333: folds 
shave_mustache: raises $1.50 to $2.50
tfrench15 leaves the table
AlexPinsk1: raises $7.50 to $10
whitecillar3 joins the table at seat #6 
Unipoker11: folds 
shave_mustache: raises $12 to $22
AlexPinsk1: raises $83.50 to $105.50 and is all-in
shave_mustache: folds 
Uncalled bet ($83.50) returned to AlexPinsk1
AlexPinsk1 collected $45 from pot
AlexPinsk1: doesn't show hand 
*** SUMMARY ***
Total pot $45 | Rake $0 
Seat 6: tfrench15
Seat 1: AlexPinsk1 (small blind) collected ($45)
Seat 2: Unipoker11 (big blind) folded before Flop
Seat 3: Dante21b folded before Flop (didn't bet)
Seat 4: G.HANSEN333 folded before Flop (didn't bet)
Seat 5: shave_mustache (button) folded before Flop



PokerStars Hand #254189050834:  Hold'em No Limit ($0.50/$1.00 USD) - 2025/01/04 13:49:39 WET [2025/01/04 8:49:39 ET]
Table 'Aletheia II' 6-max Seat #1 is the button
Seat 6: whitecillar3 ($100 in chips) is sitting out
Seat 1: AlexPinsk1 ($128.50 in chips) 
Seat 2: Unipoker11 ($122.80 in chips) 
Seat 3: Dante21b ($155.54 in chips) 
Seat 4: G.HANSEN333 ($100 in chips) 
Seat 5: shave_mustache ($100 in chips) 
Unipoker11: posts small blind $0.50
Dante21b: posts big blind $1
whitecillar3: sits out 
*** HOLE CARDS ***
G.HANSEN333: folds 
shave_mustache: folds 
AlexPinsk1: folds 
Unipoker11: folds 
Uncalled bet ($0.50) returned to Dante21b
Dante21b collected $1 from pot
Dante21b: doesn't show hand 
*** SUMMARY ***
Total pot $1 | Rake $0 
Seat 6: whitecillar3
Seat 1: AlexPinsk1 (button) folded before Flop (didn't bet)
Seat 2: Unipoker11 (small blind) folded before Flop
Seat 3: Dante21b (big blind) collected ($1)
Seat 4: G.HANSEN333 folded before Flop (didn't bet)
Seat 5: shave_mustache folded before Flop (didn't bet)



PokerStars Hand #254189052739:  Hold'em No Limit ($0.50/$1.00 USD) - 2025/01/04 13:49:48 WET [2025/01/04 8:49:48 ET]
Table 'Aletheia II' 6-max Seat #2 is the button
Seat 6: whitecillar3 ($100 in chips) is sitting out
Seat 1: AlexPinsk1 ($128.50 in chips) 
Seat 2: Unipoker11 ($122.30 in chips) 
Seat 3: Dante21b ($156.04 in chips) 
Seat 4: G.HANSEN333 ($100 in chips) 
Seat 5: shave_mustache ($100 in chips) 
Dante21b: posts small blind $0.50
G.HANSEN333: posts big blind $1
whitecillar3: sits out 
*** HOLE CARDS ***
shave_mustache: folds 
AlexPinsk1: folds 
Unipoker11: raises $1.50 to $2.50
Dante21b: folds 
G.HANSEN333: raises $8.50 to $11
Unipoker11: folds 
Uncalled bet ($8.50) returned to G.HANSEN333
G.HANSEN333 collected $5.50 from pot
G.HANSEN333: doesn't show hand 
*** SUMMARY ***
Total pot $5.50 | Rake $0 
Seat 6: whitecillar3
Seat 1: AlexPinsk1 folded before Flop (didn't bet)
Seat 2: Unipoker11 (button) folded before Flop
Seat 3: Dante21b (small blind) folded before Flop
Seat 4: G.HANSEN333 (big blind) collected ($5.50)
Seat 5: shave_mustache folded before Flop (didn't bet)



PokerStars Hand #254189056874:  Hold'em No Limit ($0.50/$1.00 USD) - 2025/01/04 13:50:09 WET [2025/01/04 8:50:09 ET]
Table 'Aletheia II' 6-max Seat #3 is the button
Seat 6: whitecillar3 ($100 in chips) is sitting out
Seat 1: AlexPinsk1 ($128.50 in chips) 
Seat 2: Unipoker11 ($119.80 in chips) 
Seat 3: Dante21b ($155.54 in chips) 
Seat 4: G.HANSEN333 ($103 in chips) 
Seat 5: shave_mustache ($100 in chips) 
G.HANSEN333: posts small blind $0.50
shave_mustache: posts big blind $1
whitecillar3: sits out 
*** HOLE CARDS ***
AlexPinsk1: folds 
Unipoker11: raises $1.30 to $2.30
Dante21b: folds 
G.HANSEN333: folds 
shave_mustache: calls $1.30
*** FLOP *** [Jd 6c As]
shave_mustache: checks 
Unipoker11: bets $1.21
shave_mustache: calls $1.21
*** TURN *** [Jd 6c As] [3h]
shave_mustache: checks 
Unipoker11: checks 
*** RIVER *** [Jd 6c As 3h] [Kc]
shave_mustache: bets $1.79
Unipoker11: calls $1.79
*** SHOW DOWN ***
shave_mustache: shows [7c Ad] (a pair of Aces)
Unipoker11: mucks hand 
shave_mustache collected $10.54 from pot
*** SUMMARY ***
Total pot $11.10 | Rake $0.56 
Board [Jd 6c As 3h Kc]
Seat 6: whitecillar3
Seat 1: AlexPinsk1 folded before Flop (didn't bet)
Seat 2: Unipoker11 mucked
Seat 3: Dante21b (button) folded before Flop (didn't bet)
Seat 4: G.HANSEN333 (small blind) folded before Flop
Seat 5: shave_mustache (big blind) showed [7c Ad] and won ($10.54) with a pair of Aces



PokerStars Hand #254189075869:  Hold'em No Limit ($0.50/$1.00 USD) - 2025/01/04 13:51:43 WET [2025/01/04 8:51:43 ET]
Table 'Aletheia II' 6-max Seat #4 is the button
Seat 1: AlexPinsk1 ($128.50 in chips) 
Seat 2: Unipoker11 ($114.50 in chips) 
Seat 3: Dante21b ($155.54 in chips) 
Seat 4: G.HANSEN333 ($102.50 in chips) 
Seat 5: shave_mustache ($105.24 in chips) 
Seat 6: whitecillar3 ($100 in chips) 
shave_mustache: posts small blind $0.50
whitecillar3: posts big blind $1
*** HOLE CARDS ***
AlexPinsk1: folds 
Unipoker11: folds 
Dante21b: folds 
G.HANSEN333: raises $1.50 to $2.50
shave_mustache: folds 
whitecillar3: raises $9.50 to $12
G.HANSEN333: calls $9.50
*** FLOP *** [5d Ts 9s]
whitecillar3: checks 
G.HANSEN333: checks 
*** TURN *** [5d Ts 9s] [As]
whitecillar3: checks 
G.HANSEN333: checks 
*** RIVER *** [5d Ts 9s As] [Jh]
whitecillar3: bets $17.69
G.HANSEN333: folds 
Uncalled bet ($17.69) returned to whitecillar3
whitecillar3 collected $23.28 from pot
*** SUMMARY ***
Total pot $24.50 | Rake $1.22 
Board [5d Ts 9s As Jh]
Seat 1: AlexPinsk1 folded before Flop (didn't bet)
Seat 2: Unipoker11 folded before Flop (didn't bet)
Seat 3: Dante21b folded before Flop (didn't bet)
Seat 4: G.HANSEN333 (button) folded on the River
Seat 5: shave_mustache (small blind) folded before Flop
Seat 6: whitecillar3 (big blind) collected ($23.28)



PokerStars Hand #254189088019:  Hold'em No Limit ($0.50/$1.00 USD) - 2025/01/04 13:52:44 WET [2025/01/04 8:52:44 ET]
Table 'Aletheia II' 6-max Seat #5 is the button
Seat 1: AlexPinsk1 ($128.50 in chips) is sitting out
Seat 2: Unipoker11 ($114.50 in chips) 
Seat 3: Dante21b ($155.54 in chips) 
Seat 4: G.HANSEN333 ($100 in chips) 
Seat 5: shave_mustache ($104.74 in chips) 
Seat 6: whitecillar3 ($111.28 in chips) 
whitecillar3: posts small blind $0.50
AlexPinsk1: is sitting out 
Unipoker11: posts big blind $1
*** HOLE CARDS ***
AlexPinsk1 leaves the table
Dante21b: folds 
G.HANSEN333: raises $1.50 to $2.50
shave_mustache: folds 
whitecillar3: folds 
Unipoker11: folds 
Uncalled bet ($1.50) returned to G.HANSEN333
G.HANSEN333 collected $2.50 from pot
G.HANSEN333: doesn't show hand 
*** SUMMARY ***
Total pot $2.50 | Rake $0 
Seat 1: AlexPinsk1
Seat 2: Unipoker11 (big blind) folded before Flop
Seat 3: Dante21b folded before Flop (didn't bet)
Seat 4: G.HANSEN333 collected ($2.50)
Seat 5: shave_mustache (button) folded before Flop (didn't bet)
Seat 6: whitecillar3 (small blind) folded before Flop



PokerStars Hand #254189093083:  Hold'em No Limit ($0.50/$1.00 USD) - 2025/01/04 13:53:09 WET [2025/01/04 8:53:09 ET]
Table 'Aletheia II' 6-max Seat #6 is the button
Seat 2: Unipoker11 ($113.50 in chips) 
Seat 3: Dante21b ($155.54 in chips) 
Seat 4: G.HANSEN333 ($101.50 in chips) 
Seat 5: shave_mustache ($104.74 in chips) 
Seat 6: whitecillar3 ($110.78 in chips) 
Unipoker11: posts small blind $0.50
Dante21b: posts big blind $1
*** HOLE CARDS ***
G.HANSEN333: folds 
shave_mustache: raises $1.50 to $2.50
whitecillar3: folds 
Unipoker11: folds 
Dante21b: raises $8.50 to $11
shave_mustache: folds 
Uncalled bet ($8.50) returned to Dante21b
Dante21b collected $5.50 from pot
Dante21b: doesn't show hand 
*** SUMMARY ***
Total pot $5.50 | Rake $0 
Seat 2: Unipoker11 (small blind) folded before Flop
Seat 3: Dante21b (big blind) collected ($5.50)
Seat 4: G.HANSEN333 folded before Flop (didn't bet)
Seat 5: shave_mustache folded before Flop
Seat 6: whitecillar3 (button) folded before Flop (didn't bet)



PokerStars Hand #254189097952:  Hold'em No Limit ($0.50/$1.00 USD) - 2025/01/04 13:53:33 WET [2025/01/04 8:53:33 ET]
Table 'Aletheia II' 6-max Seat #2 is the button
Seat 2: Unipoker11 ($113 in chips) 
Seat 3: Dante21b ($158.54 in chips) 
Seat 4: G.HANSEN333 ($101.50 in chips) 
Seat 5: shave_mustache ($102.24 in chips) 
Seat 6: whitecillar3 ($110.78 in chips) 
Dante21b: posts small blind $0.50
G.HANSEN333: posts big blind $1
*** HOLE CARDS ***
shave_mustache: folds 
whitecillar3: folds 
shave_mustache leaves the table
Unipoker11: folds 
Dante21b: raises $2 to $3
G.HANSEN333: folds 
Uncalled bet ($2) returned to Dante21b
Dante21b collected $2 from pot
Dante21b: doesn't show hand 
*** SUMMARY ***
Total pot $2 | Rake $0 
Seat 2: Unipoker11 (button) folded before Flop (didn't bet)
Seat 3: Dante21b (small blind) collected ($2)
Seat 4: G.HANSEN333 (big blind) folded before Flop
Seat 5: shave_mustache folded before Flop (didn't bet)
Seat 6: whitecillar3 folded before Flop (didn't bet)



PokerStars Hand #254189100925:  Hold'em No Limit ($0.50/$1.00 USD) - 2025/01/04 13:53:48 WET [2025/01/04 8:53:48 ET]
Table 'Aletheia II' 6-max Seat #3 is the button
Seat 2: Unipoker11 ($113 in chips) 
Seat 3: Dante21b ($159.54 in chips) 
Seat 4: G.HANSEN333 ($100.50 in chips) 
Seat 6: whitecillar3 ($110.78 in chips) 
G.HANSEN333: posts small blind $0.50
whitecillar3: posts big blind $1
*** HOLE CARDS ***
Unipoker11: folds 
Dante21b: folds 
G.HANSEN333: raises $2 to $3
whitecillar3: folds 
Uncalled bet ($2) returned to G.HANSEN333
G.HANSEN333 collected $2 from pot
G.HANSEN333: doesn't show hand 
*** SUMMARY ***
Total pot $2 | Rake $0 
Seat 2: Unipoker11 folded before Flop (didn't bet)
Seat 3: Dante21b (button) folded before Flop (didn't bet)
Seat 4: G.HANSEN333 (small blind) collected ($2)
Seat 6: whitecillar3 (big blind) folded before Flop



PokerStars Hand #254189104076:  Hold'em No Limit ($0.50/$1.00 USD) - 2025/01/04 13:54:04 WET [2025/01/04 8:54:04 ET]
Table 'Aletheia II' 6-max Seat #4 is the button
Seat 2: Unipoker11 ($113 in chips) 
Seat 3: Dante21b ($159.54 in chips) 
Seat 4: G.HANSEN333 ($101.50 in chips) 
Seat 6: whitecillar3 ($109.78 in chips) 
whitecillar3: posts small blind $0.50
Unipoker11: posts big blind $1
*** HOLE CARDS ***
Dante21b: folds 
G.HANSEN333: raises $1.50 to $2.50
whitecillar3: folds 
Unipoker11: folds 
Uncalled bet ($1.50) returned to G.HANSEN333
G.HANSEN333 collected $2.50 from pot
G.HANSEN333: doesn't show hand 
*** SUMMARY ***
Total pot $2.50 | Rake $0 
Seat 2: Unipoker11 (big blind) folded before Flop
Seat 3: Dante21b folded before Flop (didn't bet)
Seat 4: G.HANSEN333 (button) collected ($2.50)
Seat 6: whitecillar3 (small blind) folded before Flop



PokerStars Hand #254189107180:  Hold'em No Limit ($0.50/$1.00 USD) - 2025/01/04 13:54:20 WET [2025/01/04 8:54:20 ET]
Table 'Aletheia II' 6-max Seat #6 is the button
Seat 2: Unipoker11 ($112 in chips) 
Seat 3: Dante21b ($159.54 in chips) 
Seat 4: G.HANSEN333 ($103 in chips) 
Seat 6: whitecillar3 ($109.28 in chips) 
Unipoker11: posts small blind $0.50
Dante21b: posts big blind $1
*** HOLE CARDS ***
G.HANSEN333: folds 
whitecillar3: folds 
Unipoker11: raises $2 to $3
Dante21b: folds 
Uncalled bet ($2) returned to Unipoker11
Unipoker11 collected $2 from pot
Unipoker11: doesn't show hand 
*** SUMMARY ***
Total pot $2 | Rake $0 
Seat 2: Unipoker11 (small blind) collected ($2)
Seat 3: Dante21b (big blind) folded before Flop
Seat 4: G.HANSEN333 folded before Flop (didn't bet)
Seat 6: whitecillar3 (button) folded before Flop (didn't bet)



PokerStars Hand #254189114855:  Hold'em No Limit ($0.50/$1.00 USD) - 2025/01/04 13:54:57 WET [2025/01/04 8:54:57 ET]
Table 'Aletheia II' 6-max Seat #2 is the button
Seat 2: Unipoker11 ($113 in chips) 
Seat 3: Dante21b ($158.54 in chips) 
Seat 4: G.HANSEN333 ($103 in chips) 
Seat 6: whitecillar3 ($109.28 in chips) 
Dante21b: posts small blind $0.50
G.HANSEN333: posts big blind $1
*** HOLE CARDS ***
whitecillar3: raises $1.50 to $2.50
Unipoker11: folds 
Dante21b: folds 
G.HANSEN333: folds 
Uncalled bet ($1.50) returned to whitecillar3
whitecillar3 collected $2.50 from pot
Dante21b leaves the table
*** SUMMARY ***
Total pot $2.50 | Rake $0 
Seat 2: Unipoker11 (button) folded before Flop (didn't bet)
Seat 3: Dante21b (small blind) folded before Flop
Seat 4: G.HANSEN333 (big blind) folded before Flop
Seat 6: whitecillar3 collected ($2.50)



PokerStars Hand #254189118176:  Hold'em No Limit ($0.50/$1.00 USD) - 2025/01/04 13:55:14 WET [2025/01/04 8:55:14 ET]
Table 'Aletheia II' 6-max Seat #4 is the button
Seat 2: Unipoker11 ($113 in chips) 
Seat 4: G.HANSEN333 ($102 in chips) 
Seat 6: whitecillar3 ($110.78 in chips) 
whitecillar3: posts small blind $0.50
Unipoker11: posts big blind $1
*** HOLE CARDS ***
G.HANSEN333: folds 
whitecillar3: raises $2 to $3
Unipoker11: folds 
Uncalled bet ($2) returned to whitecillar3
whitecillar3 collected $2 from pot
*** SUMMARY ***
Total pot $2 | Rake $0 
Seat 2: Unipoker11 (big blind) folded before Flop
Seat 4: G.HANSEN333 (button) folded before Flop (didn't bet)
Seat 6: whitecillar3 (small blind) collected ($2)



PokerStars Hand #254189119640:  Hold'em No Limit ($0.50/$1.00 USD) - 2025/01/04 13:55:23 WET [2025/01/04 8:55:23 ET]
Table 'Aletheia II' 6-max Seat #6 is the button
Seat 2: Unipoker11 ($112 in chips) 
Seat 4: G.HANSEN333 ($102 in chips) 
Seat 6: whitecillar3 ($111.78 in chips) 
Unipoker11: posts small blind $0.50
G.HANSEN333: posts big blind $1
*** HOLE CARDS ***
whitecillar3: folds 
Unipoker11: folds 
Uncalled bet ($0.50) returned to G.HANSEN333
G.HANSEN333 collected $1 from pot
G.HANSEN333: doesn't show hand 
*** SUMMARY ***
Total pot $1 | Rake $0 
Seat 2: Unipoker11 (small blind) folded before Flop
Seat 4: G.HANSEN333 (big blind) collected ($1)
Seat 6: whitecillar3 (button) folded before Flop (didn't bet)



PokerStars Hand #254189121394:  Hold'em No Limit ($0.50/$1.00 USD) - 2025/01/04 13:55:34 WET [2025/01/04 8:55:34 ET]
Table 'Aletheia II' 6-max Seat #2 is the button
Seat 2: Unipoker11 ($111.50 in chips) 
Seat 4: G.HANSEN333 ($102.50 in chips) 
Seat 6: whitecillar3 ($111.78 in chips) 
G.HANSEN333: posts small blind $0.50
whitecillar3: posts big blind $1
*** HOLE CARDS ***
Unipoker11: folds 
G.HANSEN333: raises $2 to $3
whitecillar3: folds 
Uncalled bet ($2) returned to G.HANSEN333
G.HANSEN333 collected $2 from pot
G.HANSEN333: doesn't show hand 
*** SUMMARY ***
Total pot $2 | Rake $0 
Seat 2: Unipoker11 (button) folded before Flop (didn't bet)
Seat 4: G.HANSEN333 (small blind) collected ($2)
Seat 6: whitecillar3 (big blind) folded before Flop



PokerStars Hand #254189122992:  Hold'em No Limit ($0.50/$1.00 USD) - 2025/01/04 13:55:43 WET [2025/01/04 8:55:43 ET]
Table 'Aletheia II' 6-max Seat #4 is the button
Seat 2: Unipoker11 ($111.50 in chips) 
Seat 4: G.HANSEN333 ($103.50 in chips) 
Seat 6: whitecillar3 ($110.78 in chips) 
whitecillar3: posts small blind $0.50
Unipoker11: posts big blind $1
*** HOLE CARDS ***
G.HANSEN333: folds 
whitecillar3: folds 
Uncalled bet ($0.50) returned to Unipoker11
Unipoker11 collected $1 from pot
Unipoker11: doesn't show hand 
*** SUMMARY ***
Total pot $1 | Rake $0 
Seat 2: Unipoker11 (big blind) collected ($1)
Seat 4: G.HANSEN333 (button) folded before Flop (didn't bet)
Seat 6: whitecillar3 (small blind) folded before Flop



PokerStars Hand #254189124039:  Hold'em No Limit ($0.50/$1.00 USD) - 2025/01/04 13:55:50 WET [2025/01/04 8:55:50 ET]
Table 'Aletheia II' 6-max Seat #6 is the button
Seat 2: Unipoker11 ($112 in chips) 
Seat 4: G.HANSEN333 ($103.50 in chips) 
Seat 6: whitecillar3 ($110.28 in chips) 
Unipoker11: posts small blind $0.50
G.HANSEN333: posts big blind $1
*** HOLE CARDS ***
whitecillar3: raises $1.50 to $2.50
Unipoker11: raises $8.50 to $11
G.HANSEN333: folds 
whitecillar3: folds 
Uncalled bet ($8.50) returned to Unipoker11
Unipoker11 collected $6 from pot
Unipoker11: doesn't show hand 
*** SUMMARY ***
Total pot $6 | Rake $0 
Seat 2: Unipoker11 (small blind) collected ($6)
Seat 4: G.HANSEN333 (big blind) folded before Flop
Seat 6: whitecillar3 (button) folded before Flop



PokerStars Hand #254189126328:  Hold'em No Limit ($0.50/$1.00 USD) - 2025/01/04 13:56:05 WET [2025/01/04 8:56:05 ET]
Table 'Aletheia II' 6-max Seat #2 is the button
Seat 2: Unipoker11 ($115.50 in chips) 
Seat 4: G.HANSEN333 ($102.50 in chips) 
Seat 6: whitecillar3 ($107.78 in chips) 
G.HANSEN333: posts small blind $0.50
whitecillar3: posts big blind $1
*** HOLE CARDS ***
Unipoker11: folds 
G.HANSEN333: folds 
Uncalled bet ($0.50) returned to whitecillar3
whitecillar3 collected $1 from pot
*** SUMMARY ***
Total pot $1 | Rake $0 
Seat 2: Unipoker11 (button) folded before Flop (didn't bet)
Seat 4: G.HANSEN333 (small blind) folded before Flop
Seat 6: whitecillar3 (big blind) collected ($1)



PokerStars Hand #254189128731:  Hold'em No Limit ($0.50/$1.00 USD) - 2025/01/04 13:56:20 WET [2025/01/04 8:56:20 ET]
Table 'Aletheia II' 6-max Seat #4 is the button
Seat 2: Unipoker11 ($115.50 in chips) 
Seat 4: G.HANSEN333 ($102 in chips) 
Seat 6: whitecillar3 ($108.28 in chips) 
whitecillar3: posts small blind $0.50
Unipoker11: posts big blind $1
*** HOLE CARDS ***
G.HANSEN333: folds 
whitecillar3: folds 
Uncalled bet ($0.50) returned to Unipoker11
Unipoker11 collected $1 from pot
Unipoker11: doesn't show hand 
*** SUMMARY ***
Total pot $1 | Rake $0 
Seat 2: Unipoker11 (big blind) collected ($1)
Seat 4: G.HANSEN333 (button) folded before Flop (didn't bet)
Seat 6: whitecillar3 (small blind) folded before Flop



PokerStars Hand #254189131771:  Hold'em No Limit ($0.50/$1.00 USD) - 2025/01/04 13:56:39 WET [2025/01/04 8:56:39 ET]
Table 'Aletheia II' 6-max Seat #6 is the button
Seat 2: Unipoker11 ($116 in chips) 
Seat 4: G.HANSEN333 ($102 in chips) 
Seat 6: whitecillar3 ($107.78 in chips) 
Unipoker11: posts small blind $0.50
G.HANSEN333: posts big blind $1
*** HOLE CARDS ***
whitecillar3: raises $1.50 to $2.50
Unipoker11: folds 
G.HANSEN333: folds 
Uncalled bet ($1.50) returned to whitecillar3
whitecillar3 collected $2.50 from pot
*** SUMMARY ***
Total pot $2.50 | Rake $0 
Seat 2: Unipoker11 (small blind) folded before Flop
Seat 4: G.HANSEN333 (big blind) folded before Flop
Seat 6: whitecillar3 (button) collected ($2.50)



PokerStars Hand #254189133302:  Hold'em No Limit ($0.50/$1.00 USD) - 2025/01/04 13:56:49 WET [2025/01/04 8:56:49 ET]
Table 'Aletheia II' 6-max Seat #4 is the button
Seat 6: whitecillar3 ($109.28 in chips) is sitting out
Seat 2: Unipoker11 ($115.50 in chips) 
Seat 4: G.HANSEN333 ($101 in chips) 
G.HANSEN333: posts small blind $0.50
whitecillar3: is sitting out 
Unipoker11: posts big blind $1
*** HOLE CARDS ***
G.HANSEN333: folds 
Uncalled bet ($0.50) returned to Unipoker11
whitecillar3 leaves the table
Unipoker11 collected $1 from pot
Unipoker11: doesn't show hand 
*** SUMMARY ***
Total pot $1 | Rake $0 
Seat 6: whitecillar3
Seat 2: Unipoker11 (big blind) collected ($1)
Seat 4: G.HANSEN333 (button) (small blind) folded before Flop



PokerStars Hand #254189134319:  Hold'em No Limit ($0.50/$1.00 USD) - 2025/01/04 13:56:55 WET [2025/01/04 8:56:55 ET]
Table 'Aletheia II' 6-max Seat #2 is the button
Seat 2: Unipoker11 ($116 in chips) 
Seat 4: G.HANSEN333 ($100.50 in chips) 
Unipoker11: posts small blind $0.50
G.HANSEN333: posts big blind $1
*** HOLE CARDS ***
Unipoker11: raises $1.50 to $2.50
BenCampbel10 joins the table at seat #1 
G.HANSEN333: calls $1.50
*** FLOP *** [3s Ac 6d]
G.HANSEN333: checks 
Unipoker11: bets $1.19
G.HANSEN333: folds 
Uncalled bet ($1.19) returned to Unipoker11
Unipoker11 collected $4.75 from pot
Unipoker11: doesn't show hand 
*** SUMMARY ***
Total pot $5 | Rake $0.25 
Board [3s Ac 6d]
Seat 2: Unipoker11 (button) (small blind) collected ($4.75)
Seat 4: G.HANSEN333 (big blind) folded on the Flop



PokerStars Hand #254189137111:  Hold'em No Limit ($0.50/$1.00 USD) - 2025/01/04 13:57:12 WET [2025/01/04 8:57:12 ET]
Table 'Aletheia II' 6-max Seat #2 is the button
Seat 1: BenCampbel10 ($100 in chips) 
Seat 2: Unipoker11 ($118.25 in chips) 
Seat 4: G.HANSEN333 ($100 in chips) 
G.HANSEN333: posts small blind $0.50
BenCampbel10: posts big blind $1
*** HOLE CARDS ***
Unipoker11: folds 
G.HANSEN333: folds 
Uncalled bet ($0.50) returned to BenCampbel10
BenCampbel10 collected $1 from pot
BenCampbel10: doesn't show hand 
*** SUMMARY ***
Total pot $1 | Rake $0 
Seat 1: BenCampbel10 (big blind) collected ($1)
Seat 2: Unipoker11 (button) folded before Flop (didn't bet)
Seat 4: G.HANSEN333 (small blind) folded before Flop



PokerStars Hand #254189138115:  Hold'em No Limit ($0.50/$1.00 USD) - 2025/01/04 13:57:18 WET [2025/01/04 8:57:18 ET]
Table 'Aletheia II' 6-max Seat #4 is the button
Seat 1: BenCampbel10 ($100.50 in chips) 
Seat 2: Unipoker11 ($118.25 in chips) 
Seat 4: G.HANSEN333 ($100 in chips) 
BenCampbel10: posts small blind $0.50
Unipoker11: posts big blind $1
*** HOLE CARDS ***
G.HANSEN333: raises $1.50 to $2.50
BenCampbel10: folds 
Unipoker11: calls $1.50
*** FLOP *** [2s Qh 6d]
Unipoker11: checks 
G.HANSEN333: bets $3.39
Unipoker11: calls $3.39
*** TURN *** [2s Qh 6d] [Qd]
Unipoker11: checks 
G.HANSEN333: checks 
*** RIVER *** [2s Qh 6d Qd] [8d]
Unipoker11: checks 
G.HANSEN333: checks 
*** SHOW DOWN ***
Unipoker11: shows [Ah 8h] (two pair, Queens and Eights)
G.HANSEN333: mucks hand 
Unipoker11 collected $11.67 from pot
*** SUMMARY ***
Total pot $12.28 | Rake $0.61 
Board [2s Qh 6d Qd 8d]
Seat 1: BenCampbel10 (small blind) folded before Flop
Seat 2: Unipoker11 (big blind) showed [Ah 8h] and won ($11.67) with two pair, Queens and Eights
Seat 4: G.HANSEN333 (button) mucked



PokerStars Hand #254189144151:  Hold'em No Limit ($0.50/$1.00 USD) - 2025/01/04 13:57:56 WET [2025/01/04 8:57:56 ET]
Table 'Aletheia II' 6-max Seat #1 is the button
Seat 1: BenCampbel10 ($100 in chips) 
Seat 2: Unipoker11 ($124.03 in chips) 
Seat 4: G.HANSEN333 ($100 in chips) 
Unipoker11: posts small blind $0.50
G.HANSEN333: posts big blind $1
*** HOLE CARDS ***
BenCampbel10: folds 
Unipoker11: raises $2 to $3
G.HANSEN333: folds 
Uncalled bet ($2) returned to Unipoker11
Unipoker11 collected $2 from pot
Unipoker11: doesn't show hand 
*** SUMMARY ***
Total pot $2 | Rake $0 
Seat 1: BenCampbel10 (button) folded before Flop (didn't bet)
Seat 2: Unipoker11 (small blind) collected ($2)
Seat 4: G.HANSEN333 (big blind) folded before Flop



PokerStars Hand #254189146422:  Hold'em No Limit ($0.50/$1.00 USD) - 2025/01/04 13:58:10 WET [2025/01/04 8:58:10 ET]
Table 'Aletheia II' 6-max Seat #2 is the button
Seat 1: BenCampbel10 ($100 in chips) 
Seat 2: Unipoker11 ($125.03 in chips) 
Seat 4: G.HANSEN333 ($100 in chips) 
G.HANSEN333: posts small blind $0.50
BenCampbel10: posts big blind $1
*** HOLE CARDS ***
Unipoker11: raises $1.50 to $2.50
G.HANSEN333: folds 
BenCampbel10: raises $9 to $11.50
Unipoker11: folds 
Uncalled bet ($9) returned to BenCampbel10
BenCampbel10 collected $5.50 from pot
BenCampbel10: doesn't show hand 
*** SUMMARY ***
Total pot $5.50 | Rake $0 
Seat 1: BenCampbel10 (big blind) collected ($5.50)
Seat 2: Unipoker11 (button) folded before Flop
Seat 4: G.HANSEN333 (small blind) folded before Flop



PokerStars Hand #254189149456:  Hold'em No Limit ($0.50/$1.00 USD) - 2025/01/04 13:58:29 WET [2025/01/04 8:58:29 ET]
Table 'Aletheia II' 6-max Seat #1 is the button
Seat 2: Unipoker11 ($122.53 in chips) is sitting out
Seat 1: BenCampbel10 ($103 in chips) 
Seat 4: G.HANSEN333 ($100 in chips) 
BenCampbel10: posts small blind $0.50
Unipoker11: is sitting out 
G.HANSEN333: posts big blind $1
*** HOLE CARDS ***
Unipoker11 leaves the table
BenCampbel10: raises $1 to $2
G.HANSEN333: raises $7.50 to $9.50
BenCampbel10: folds 
Uncalled bet ($7.50) returned to G.HANSEN333
G.HANSEN333 collected $4 from pot
G.HANSEN333: doesn't show hand 
*** SUMMARY ***
Total pot $4 | Rake $0 
Seat 2: Unipoker11
Seat 1: BenCampbel10 (button) (small blind) folded before Flop
Seat 4: G.HANSEN333 (big blind) collected ($4)



PokerStars Hand #254189151490:  Hold'em No Limit ($0.50/$1.00 USD) - 2025/01/04 13:58:42 WET [2025/01/04 8:58:42 ET]
Table 'Aletheia II' 6-max Seat #4 is the button
Seat 1: BenCampbel10 ($101 in chips) 
Seat 4: G.HANSEN333 ($102 in chips) 
G.HANSEN333: posts small blind $0.50
BenCampbel10: posts big blind $1
*** HOLE CARDS ***
G.HANSEN333: raises $2 to $3
BenCampbel10: folds 
Uncalled bet ($2) returned to G.HANSEN333
G.HANSEN333 collected $2 from pot
G.HANSEN333: doesn't show hand 
*** SUMMARY ***
Total pot $2 | Rake $0 
Seat 1: BenCampbel10 (big blind) folded before Flop
Seat 4: G.HANSEN333 (button) (small blind) collected ($2)



