PokerStars Hand #254200685773:  Hold'em No Limit ($0.50/$1.00 USD) - 2025/01/04 0:58:25 WET [2025/01/04 19:58:25 ET]
Table 'Klotho II' 6-max Seat #1 is the button
Seat 4: dmitrii0908 ($100 in chips) is sitting out
Seat 1: stevoooo34 ($10.42 in chips) 
Seat 2: Swedster456 ($16.15 in chips) 
Seat 3: m0nTTu ($10 in chips) 
Swedster456: posts small blind $0.50
m0nTTu: posts big blind $1
dmitrii0908: sits out 
*** HOLE CARDS ***
stevoooo34: folds 
Swedster456: folds 
Uncalled bet ($0.50) returned to m0nTTu
m0nTTu collected $1 from pot
m0nTTu: doesn't show hand 
*** SUMMARY ***
Total pot $1 | Rake $0 
Seat 4: dmitrii0908
Seat 1: stevoooo34 (button) folded before Flop (didn't bet)
Seat 2: Swedster456 (small blind) folded before Flop
Seat 3: m0nTTu (big blind) collected ($1)



PokerStars Hand #254200688406:  Hold'em No Limit ($0.50/$1.00 USD) - 2025/01/04 0:58:39 WET [2025/01/04 19:58:39 ET]
Table 'Klotho II' 6-max Seat #2 is the button
Seat 1: stevoooo34 ($10.42 in chips) 
Seat 2: Swedster456 ($15.65 in chips) 
Seat 3: m0nTTu ($10.50 in chips) 
Seat 4: dmitrii0908 ($100 in chips) 
m0nTTu: posts small blind $0.50
dmitrii0908: posts big blind $1
*** HOLE CARDS ***
stevoooo34: folds 
Swedster456: raises $1 to $2
m0nTTu: folds 
dmitrii0908: calls $1
*** FLOP *** [5s 5d 2c]
dmitrii0908: checks 
Swedster456: bets $13.65 and is all-in
dmitrii0908: folds 
Uncalled bet ($13.65) returned to Swedster456
Swedster456 collected $4.28 from pot
*** SUMMARY ***
Total pot $4.50 | Rake $0.22 
Board [5s 5d 2c]
Seat 1: stevoooo34 folded before Flop (didn't bet)
Seat 2: Swedster456 (button) collected ($4.28)
Seat 3: m0nTTu (small blind) folded before Flop
Seat 4: dmitrii0908 (big blind) folded on the Flop



PokerStars Hand #254200694286:  Hold'em No Limit ($0.50/$1.00 USD) - 2025/01/04 0:59:11 WET [2025/01/04 19:59:11 ET]
Table 'Klotho II' 6-max Seat #3 is the button
Seat 1: stevoooo34 ($10.42 in chips) 
Seat 2: Swedster456 ($17.93 in chips) 
Seat 3: m0nTTu ($10 in chips) 
Seat 4: dmitrii0908 ($100 in chips) 
dmitrii0908: posts small blind $0.50
stevoooo34: posts big blind $1
*** HOLE CARDS ***
Swedster456: folds 
m0nTTu: folds 
dmitrii0908: folds 
Uncalled bet ($0.50) returned to stevoooo34
stevoooo34 collected $1 from pot
*** SUMMARY ***
Total pot $1 | Rake $0 
Seat 1: stevoooo34 (big blind) collected ($1)
Seat 2: Swedster456 folded before Flop (didn't bet)
Seat 3: m0nTTu (button) folded before Flop (didn't bet)
Seat 4: dmitrii0908 (small blind) folded before Flop



PokerStars Hand #254200696012:  Hold'em No Limit ($0.50/$1.00 USD) - 2025/01/04 0:59:21 WET [2025/01/04 19:59:21 ET]
Table 'Klotho II' 6-max Seat #4 is the button
Seat 1: stevoooo34 ($10.92 in chips) 
Seat 2: Swedster456 ($17.93 in chips) 
Seat 3: m0nTTu ($10 in chips) 
Seat 4: dmitrii0908 ($100 in chips) 
stevoooo34: posts small blind $0.50
Swedster456: posts big blind $1
*** HOLE CARDS ***
m0nTTu: folds 
dmitrii0908: raises $1.50 to $2.50
stevoooo34: folds 
Swedster456: calls $1.50
*** FLOP *** [5h Ad 6s]
Swedster456: checks 
dmitrii0908: bets $1.72
Swedster456: calls $1.72
*** TURN *** [5h Ad 6s] [2c]
Swedster456: checks 
dmitrii0908: checks 
*** RIVER *** [5h Ad 6s 2c] [4c]
Swedster456: checks 
dmitrii0908: checks 
*** SHOW DOWN ***
Swedster456: shows [5c 8c] (a pair of Fives)
dmitrii0908: mucks hand 
Swedster456 collected $8.49 from pot
*** SUMMARY ***
Total pot $8.94 | Rake $0.45 
Board [5h Ad 6s 2c 4c]
Seat 1: stevoooo34 (small blind) folded before Flop
Seat 2: Swedster456 (big blind) showed [5c 8c] and won ($8.49) with a pair of Fives
Seat 3: m0nTTu folded before Flop (didn't bet)
Seat 4: dmitrii0908 (button) mucked



PokerStars Hand #254200701886:  Hold'em No Limit ($0.50/$1.00 USD) - 2025/01/04 0:59:53 WET [2025/01/04 19:59:53 ET]
Table 'Klotho II' 6-max Seat #1 is the button
Seat 1: stevoooo34 ($10.42 in chips) 
Seat 2: Swedster456 ($22.20 in chips) 
Seat 3: m0nTTu ($10 in chips) 
Seat 4: dmitrii0908 ($100 in chips) 
Swedster456: posts small blind $0.50
m0nTTu: posts big blind $1
*** HOLE CARDS ***
dmitrii0908: folds 
stevoooo34: folds 
Swedster456: folds 
Uncalled bet ($0.50) returned to m0nTTu
m0nTTu collected $1 from pot
m0nTTu: doesn't show hand 
*** SUMMARY ***
Total pot $1 | Rake $0 
Seat 1: stevoooo34 (button) folded before Flop (didn't bet)
Seat 2: Swedster456 (small blind) folded before Flop
Seat 3: m0nTTu (big blind) collected ($1)
Seat 4: dmitrii0908 folded before Flop (didn't bet)



PokerStars Hand #254200703717:  Hold'em No Limit ($0.50/$1.00 USD) - 2025/01/04 1:00:02 WET [2025/01/04 20:00:02 ET]
Table 'Klotho II' 6-max Seat #2 is the button
Seat 1: stevoooo34 ($10.42 in chips) 
Seat 2: Swedster456 ($21.70 in chips) 
Seat 3: m0nTTu ($10.50 in chips) 
Seat 4: dmitrii0908 ($100 in chips) 
m0nTTu: posts small blind $0.50
dmitrii0908: posts big blind $1
*** HOLE CARDS ***
stevoooo34: folds 
Swedster456: folds 
m0nTTu: raises $9.50 to $10.50 and is all-in
dmitrii0908: folds 
Uncalled bet ($9.50) returned to m0nTTu
m0nTTu collected $2 from pot
m0nTTu: doesn't show hand 
Swedster456 leaves the table
*** SUMMARY ***
Total pot $2 | Rake $0 
Seat 1: stevoooo34 folded before Flop (didn't bet)
Seat 2: Swedster456 (button) folded before Flop (didn't bet)
Seat 3: m0nTTu (small blind) collected ($2)
Seat 4: dmitrii0908 (big blind) folded before Flop



PokerStars Hand #254200705735:  Hold'em No Limit ($0.50/$1.00 USD) - 2025/01/04 1:00:14 WET [2025/01/04 20:00:14 ET]
Table 'Klotho II' 6-max Seat #3 is the button
Seat 1: stevoooo34 ($10.42 in chips) 
Seat 3: m0nTTu ($11.50 in chips) 
Seat 4: dmitrii0908 ($100 in chips) 
dmitrii0908: posts small blind $0.50
stevoooo34: posts big blind $1
*** HOLE CARDS ***
m0nTTu: raises $10.50 to $11.50 and is all-in
dmitrii0908: folds 
stevoooo34: calls $9.42 and is all-in
Uncalled bet ($1.08) returned to m0nTTu
*** FLOP *** [3c 6h Jh]
*** TURN *** [3c 6h Jh] [Qc]
*** RIVER *** [3c 6h Jh Qc] [5c]
*** SHOW DOWN ***
stevoooo34: shows [Ks Qh] (a pair of Queens)
m0nTTu: shows [As 6d] (a pair of Sixes)
stevoooo34 collected $20.34 from pot
*** SUMMARY ***
Total pot $21.34 | Rake $1 
Board [3c 6h Jh Qc 5c]
Seat 1: stevoooo34 (big blind) showed [Ks Qh] and won ($20.34) with a pair of Queens
Seat 3: m0nTTu (button) showed [As 6d] and lost with a pair of Sixes
Seat 4: dmitrii0908 (small blind) folded before Flop



PokerStars Hand #254200714178:  Hold'em No Limit ($0.50/$1.00 USD) - 2025/01/04 1:00:56 WET [2025/01/04 20:00:56 ET]
Table 'Klotho II' 6-max Seat #1 is the button
Seat 1: stevoooo34 ($20.34 in chips) 
Seat 2: m0nTTu ($10 in chips) 
stevoooo34: posts small blind $0.50
m0nTTu: posts big blind $1
*** HOLE CARDS ***
stevoooo34: calls $0.50
m0nTTu: checks 
*** FLOP *** [8s 4h 6s]
m0nTTu: checks 
stevoooo34: checks 
*** TURN *** [8s 4h 6s] [Jh]
m0nTTu: checks 
stevoooo34: checks 
*** RIVER *** [8s 4h 6s Jh] [Kd]
m0nTTu: checks 
stevoooo34: checks 
*** SHOW DOWN ***
m0nTTu: shows [4d 3s] (a pair of Fours)
stevoooo34: shows [6c Ad] (a pair of Sixes)
stevoooo34 collected $1.90 from pot
*** SUMMARY ***
Total pot $2 | Rake $0.10 
Board [8s 4h 6s Jh Kd]
Seat 1: stevoooo34 (button) (small blind) showed [6c Ad] and won ($1.90) with a pair of Sixes
Seat 2: m0nTTu (big blind) showed [4d 3s] and lost with a pair of Fours



PokerStars Hand #254200718604:  Hold'em No Limit ($0.50/$1.00 USD) - 2025/01/04 1:01:17 WET [2025/01/04 20:01:17 ET]
Table 'Klotho II' 6-max Seat #2 is the button
Seat 1: stevoooo34 ($21.24 in chips) 
Seat 2: m0nTTu ($10 in chips) 
m0nTTu: posts small blind $0.50
stevoooo34: posts big blind $1
*** HOLE CARDS ***
m0nTTu: raises $9 to $10 and is all-in
stevoooo34: folds 
Uncalled bet ($9) returned to m0nTTu
m0nTTu collected $2 from pot
m0nTTu: doesn't show hand 
*** SUMMARY ***
Total pot $2 | Rake $0 
Seat 1: stevoooo34 (big blind) folded before Flop
Seat 2: m0nTTu (button) (small blind) collected ($2)



PokerStars Hand #254200720611:  Hold'em No Limit ($0.50/$1.00 USD) - 2025/01/04 1:01:27 WET [2025/01/04 20:01:27 ET]
Table 'Klotho II' 6-max Seat #1 is the button
Seat 1: stevoooo34 ($20.24 in chips) 
Seat 2: m0nTTu ($11 in chips) 
stevoooo34: posts small blind $0.50
m0nTTu: posts big blind $1
*** HOLE CARDS ***
stevoooo34: folds 
Uncalled bet ($0.50) returned to m0nTTu
m0nTTu collected $1 from pot
m0nTTu: doesn't show hand 
*** SUMMARY ***
Total pot $1 | Rake $0 
Seat 1: stevoooo34 (button) (small blind) folded before Flop
Seat 2: m0nTTu (big blind) collected ($1)



PokerStars Hand #254200721890:  Hold'em No Limit ($0.50/$1.00 USD) - 2025/01/04 1:01:33 WET [2025/01/04 20:01:33 ET]
Table 'Klotho II' 6-max Seat #2 is the button
Seat 1: stevoooo34 ($19.74 in chips) 
Seat 2: m0nTTu ($11.50 in chips) 
m0nTTu: posts small blind $0.50
stevoooo34: posts big blind $1
*** HOLE CARDS ***
m0nTTu: calls $0.50
stevoooo34: checks 
*** FLOP *** [9d Ah 3c]
stevoooo34: checks 
m0nTTu: bets $1
stevoooo34: calls $1
*** TURN *** [9d Ah 3c] [5s]
stevoooo34: checks 
m0nTTu: bets $2.85
stevoooo34: folds 
Uncalled bet ($2.85) returned to m0nTTu
m0nTTu collected $3.80 from pot
m0nTTu: doesn't show hand 
*** SUMMARY ***
Total pot $4 | Rake $0.20 
Board [9d Ah 3c 5s]
Seat 1: stevoooo34 (big blind) folded on the Turn
Seat 2: m0nTTu (button) (small blind) collected ($3.80)



PokerStars Hand #254200729310:  Hold'em No Limit ($0.50/$1.00 USD) - 2025/01/04 1:02:07 WET [2025/01/04 20:02:07 ET]
Table 'Klotho II' 6-max Seat #1 is the button
Seat 1: stevoooo34 ($17.74 in chips) 
Seat 2: m0nTTu ($13.30 in chips) 
stevoooo34: posts small blind $0.50
m0nTTu: posts big blind $1
*** HOLE CARDS ***
stevoooo34: folds 
Uncalled bet ($0.50) returned to m0nTTu
m0nTTu collected $1 from pot
m0nTTu: doesn't show hand 
*** SUMMARY ***
Total pot $1 | Rake $0 
Seat 1: stevoooo34 (button) (small blind) folded before Flop
Seat 2: m0nTTu (big blind) collected ($1)



PokerStars Hand #254200730727:  Hold'em No Limit ($0.50/$1.00 USD) - 2025/01/04 1:02:13 WET [2025/01/04 20:02:13 ET]
Table 'Klotho II' 6-max Seat #2 is the button
Seat 1: stevoooo34 ($17.24 in chips) 
Seat 2: m0nTTu ($13.80 in chips) 
m0nTTu: posts small blind $0.50
stevoooo34: posts big blind $1
*** HOLE CARDS ***
m0nTTu: folds 
Uncalled bet ($0.50) returned to stevoooo34
stevoooo34 collected $1 from pot
*** SUMMARY ***
Total pot $1 | Rake $0 
Seat 1: stevoooo34 (big blind) collected ($1)
Seat 2: m0nTTu (button) (small blind) folded before Flop



PokerStars Hand #254200732031:  Hold'em No Limit ($0.50/$1.00 USD) - 2025/01/04 1:02:20 WET [2025/01/04 20:02:20 ET]
Table 'Klotho II' 6-max Seat #1 is the button
Seat 1: stevoooo34 ($17.74 in chips) 
Seat 2: m0nTTu ($13.30 in chips) 
stevoooo34: posts small blind $0.50
m0nTTu: posts big blind $1
*** HOLE CARDS ***
stevoooo34: calls $0.50
m0nTTu: checks 
*** FLOP *** [Td Kh 3c]
m0nTTu: checks 
stevoooo34: checks 
*** TURN *** [Td Kh 3c] [Kc]
m0nTTu: checks 
stevoooo34: checks 
*** RIVER *** [Td Kh 3c Kc] [Tc]
m0nTTu: checks 
stevoooo34: bets $1.90
classifyed92 joins the table at seat #5 
classifyed92 is disconnected 
G.Andrei95 joins the table at seat #6 
m0nTTu: folds 
Uncalled bet ($1.90) returned to stevoooo34
stevoooo34 collected $1.90 from pot
*** SUMMARY ***
Total pot $2 | Rake $0.10 
Board [Td Kh 3c Kc Tc]
Seat 1: stevoooo34 (button) (small blind) collected ($1.90)
Seat 2: m0nTTu (big blind) folded on the River



PokerStars Hand #254200740387:  Hold'em No Limit ($0.50/$1.00 USD) - 2025/01/04 1:02:58 WET [2025/01/04 20:02:58 ET]
Table 'Klotho II' 6-max Seat #1 is the button
Seat 6: G.Andrei95 ($100 in chips) is sitting out
Seat 1: stevoooo34 ($18.64 in chips) 
Seat 2: m0nTTu ($12.30 in chips) 
Seat 5: classifyed92 ($100 in chips) 
m0nTTu: posts small blind $0.50
classifyed92: posts big blind $1
G.Andrei95: sits out 
*** HOLE CARDS ***
stevoooo34: folds 
m0nTTu: folds 
Uncalled bet ($0.50) returned to classifyed92
classifyed92 collected $1 from pot
classifyed92: doesn't show hand 
*** SUMMARY ***
Total pot $1 | Rake $0 
Seat 6: G.Andrei95
Seat 1: stevoooo34 (button) folded before Flop (didn't bet)
Seat 2: m0nTTu (small blind) folded before Flop
Seat 5: classifyed92 (big blind) collected ($1)



PokerStars Hand #254200744242:  Hold'em No Limit ($0.50/$1.00 USD) - 2025/01/04 1:03:15 WET [2025/01/04 20:03:15 ET]
Table 'Klotho II' 6-max Seat #2 is the button
Seat 1: stevoooo34 ($18.64 in chips) 
Seat 2: m0nTTu ($11.80 in chips) 
Seat 5: classifyed92 ($100.50 in chips) 
Seat 6: G.Andrei95 ($100 in chips) 
classifyed92: posts small blind $0.50
G.Andrei95: posts big blind $1
*** HOLE CARDS ***
stevoooo34: calls $1
m0nTTu: folds 
classifyed92: folds 
G.Andrei95: raises $4 to $5
Supermegopro joins the table at seat #3 
stevoooo34: folds 
Uncalled bet ($4) returned to G.Andrei95
G.Andrei95 collected $2.50 from pot
G.Andrei95: doesn't show hand 
*** SUMMARY ***
Total pot $2.50 | Rake $0 
Seat 1: stevoooo34 folded before Flop
Seat 2: m0nTTu (button) folded before Flop (didn't bet)
Seat 5: classifyed92 (small blind) folded before Flop
Seat 6: G.Andrei95 (big blind) collected ($2.50)



PokerStars Hand #254200748231:  Hold'em No Limit ($0.50/$1.00 USD) - 2025/01/04 1:03:33 WET [2025/01/04 20:03:33 ET]
Table 'Klotho II' 6-max Seat #5 is the button
Seat 3: Supermegopro ($100 in chips) is sitting out
Seat 1: stevoooo34 ($17.64 in chips) 
Seat 2: m0nTTu ($11.80 in chips) 
Seat 5: classifyed92 ($100 in chips) 
Seat 6: G.Andrei95 ($101.50 in chips) 
G.Andrei95: posts small blind $0.50
stevoooo34: posts big blind $1
Supermegopro: sits out 
*** HOLE CARDS ***
m0nTTu: folds 
classifyed92: folds 
G.Andrei95: folds 
Uncalled bet ($0.50) returned to stevoooo34
stevoooo34 collected $1 from pot
*** SUMMARY ***
Total pot $1 | Rake $0 
Seat 3: Supermegopro
Seat 1: stevoooo34 (big blind) collected ($1)
Seat 2: m0nTTu folded before Flop (didn't bet)
Seat 5: classifyed92 (button) folded before Flop (didn't bet)
Seat 6: G.Andrei95 (small blind) folded before Flop



PokerStars Hand #254200750748:  Hold'em No Limit ($0.50/$1.00 USD) - 2025/01/04 1:03:44 WET [2025/01/04 20:03:44 ET]
Table 'Klotho II' 6-max Seat #6 is the button
Seat 3: Supermegopro ($100 in chips) is sitting out
Seat 1: stevoooo34 ($18.14 in chips) 
Seat 2: m0nTTu ($11.80 in chips) 
Seat 5: classifyed92 ($100 in chips) 
Seat 6: G.Andrei95 ($101 in chips) 
stevoooo34: posts small blind $0.50
m0nTTu: posts big blind $1
Supermegopro: sits out 
*** HOLE CARDS ***
classifyed92: folds 
G.Andrei95: raises $1.50 to $2.50
stevoooo34: calls $2
m0nTTu: calls $1.50
*** FLOP *** [Ac 8c Ah]
stevoooo34: checks 
m0nTTu: checks 
G.Andrei95: checks 
*** TURN *** [Ac 8c Ah] [5h]
stevoooo34: bets $3.56
m0nTTu: folds 
G.Andrei95: calls $3.56
*** RIVER *** [Ac 8c Ah 5h] [5s]
stevoooo34: checks 
G.Andrei95: checks 
*** SHOW DOWN ***
stevoooo34: shows [4c 4d] (two pair, Aces and Fives)
G.Andrei95: shows [Jh Kh] (two pair, Aces and Fives - King kicker)
G.Andrei95 collected $13.89 from pot
*** SUMMARY ***
Total pot $14.62 | Rake $0.73 
Board [Ac 8c Ah 5h 5s]
Seat 3: Supermegopro
Seat 1: stevoooo34 (small blind) showed [4c 4d] and lost with two pair, Aces and Fives
Seat 2: m0nTTu (big blind) folded on the Turn
Seat 5: classifyed92 folded before Flop (didn't bet)
Seat 6: G.Andrei95 (button) showed [Jh Kh] and won ($13.89) with two pair, Aces and Fives



PokerStars Hand #254200764151:  Hold'em No Limit ($0.50/$1.00 USD) - 2025/01/04 1:04:45 WET [2025/01/04 20:04:45 ET]
Table 'Klotho II' 6-max Seat #1 is the button
Seat 6: G.Andrei95 ($108.83 in chips) is sitting out
Seat 1: stevoooo34 ($12.08 in chips) 
Seat 2: m0nTTu ($10 in chips) 
Seat 3: Supermegopro ($100 in chips) 
Seat 5: classifyed92 ($100 in chips) 
m0nTTu: posts small blind $0.50
Supermegopro: posts big blind $1
*** HOLE CARDS ***
G.Andrei95 leaves the table
classifyed92: raises $1.50 to $2.50
stevoooo34: folds 
m0nTTu: raises $7.50 to $10 and is all-in
Supermegopro: folds 
G.Andrei95 joins the table at seat #6 
G.Andrei95 leaves the table
classifyed92: calls $7.50
*** FLOP *** [Kd 8s 6s]
*** TURN *** [Kd 8s 6s] [7s]
*** RIVER *** [Kd 8s 6s 7s] [Td]
*** SHOW DOWN ***
m0nTTu: shows [Qh Qc] (a pair of Queens)
classifyed92: shows [Ad 8d] (a pair of Eights)
m0nTTu collected $20 from pot
*** SUMMARY ***
Total pot $21 | Rake $1 
Board [Kd 8s 6s 7s Td]
Seat 6: G.Andrei95
Seat 1: stevoooo34 (button) folded before Flop (didn't bet)
Seat 2: m0nTTu (small blind) showed [Qh Qc] and won ($20) with a pair of Queens
Seat 3: Supermegopro (big blind) folded before Flop
Seat 5: classifyed92 showed [Ad 8d] and lost with a pair of Eights



PokerStars Hand #254200775358:  Hold'em No Limit ($0.50/$1.00 USD) - 2025/01/04 1:05:35 WET [2025/01/04 20:05:35 ET]
Table 'Klotho II' 6-max Seat #2 is the button
Seat 1: stevoooo34 ($12.08 in chips) 
Seat 2: m0nTTu ($20 in chips) 
Seat 3: Supermegopro ($100 in chips) 
Seat 5: classifyed92 ($100 in chips) 
Supermegopro: posts small blind $0.50
classifyed92: posts big blind $1
*** HOLE CARDS ***
stevoooo34: folds 
m0nTTu: raises $19 to $20 and is all-in
Supermegopro: folds 
classifyed92: folds 
Uncalled bet ($19) returned to m0nTTu
m0nTTu collected $2.50 from pot
m0nTTu: doesn't show hand 
Mconsto71 joins the table at seat #4 
Mconsto71 is disconnected 
*** SUMMARY ***
Total pot $2.50 | Rake $0 
Seat 1: stevoooo34 folded before Flop (didn't bet)
Seat 2: m0nTTu (button) collected ($2.50)
Seat 3: Supermegopro (small blind) folded before Flop
Seat 5: classifyed92 (big blind) folded before Flop



PokerStars Hand #254200780977:  Hold'em No Limit ($0.50/$1.00 USD) - 2025/01/04 1:06:01 WET [2025/01/04 20:06:01 ET]
Table 'Klotho II' 6-max Seat #3 is the button
Seat 4: Mconsto71 ($86.69 in chips) is sitting out
Seat 1: stevoooo34 ($12.08 in chips) 
Seat 2: m0nTTu ($21.50 in chips) 
Seat 3: Supermegopro ($100 in chips) 
Seat 5: classifyed92 ($100 in chips) 
classifyed92: posts small blind $0.50
stevoooo34: posts big blind $1
*** HOLE CARDS ***
Bejondeiala joins the table at seat #6 
m0nTTu: raises $1 to $2
Supermegopro: folds 
classifyed92: folds 
stevoooo34: calls $1
*** FLOP *** [6c 6h 2d]
stevoooo34: checks 
m0nTTu: checks 
*** TURN *** [6c 6h 2d] [Kd]
stevoooo34: checks 
m0nTTu: bets $10.50
stevoooo34: folds 
Uncalled bet ($10.50) returned to m0nTTu
m0nTTu collected $4.28 from pot
m0nTTu: doesn't show hand 
*** SUMMARY ***
Total pot $4.50 | Rake $0.22 
Board [6c 6h 2d Kd]
Seat 4: Mconsto71
Seat 1: stevoooo34 (big blind) folded on the Turn
Seat 2: m0nTTu collected ($4.28)
Seat 3: Supermegopro (button) folded before Flop (didn't bet)
Seat 5: classifyed92 (small blind) folded before Flop



PokerStars Hand #254200790096:  Hold'em No Limit ($0.50/$1.00 USD) - 2025/01/04 1:06:42 WET [2025/01/04 20:06:42 ET]
Table 'Klotho II' 6-max Seat #5 is the button
Seat 4: Mconsto71 ($86.69 in chips) is sitting out
Seat 6: Bejondeiala ($100 in chips) is sitting out
Seat 1: stevoooo34 ($10.08 in chips) 
Seat 2: m0nTTu ($23.78 in chips) 
Seat 3: Supermegopro ($100 in chips) 
Seat 5: classifyed92 ($100 in chips) 
stevoooo34: posts small blind $0.50
m0nTTu: posts big blind $1
Mconsto71: sits out 
*** HOLE CARDS ***
Supermegopro: folds 
classifyed92: folds 
stevoooo34: folds 
Uncalled bet ($0.50) returned to m0nTTu
m0nTTu collected $1 from pot
m0nTTu: doesn't show hand 
*** SUMMARY ***
Total pot $1 | Rake $0 
Seat 4: Mconsto71
Seat 6: Bejondeiala
Seat 1: stevoooo34 (small blind) folded before Flop
Seat 2: m0nTTu (big blind) collected ($1)
Seat 3: Supermegopro folded before Flop (didn't bet)
Seat 5: classifyed92 (button) folded before Flop (didn't bet)



PokerStars Hand #254200792094:  Hold'em No Limit ($0.50/$1.00 USD) - 2025/01/04 1:06:52 WET [2025/01/04 20:06:52 ET]
Table 'Klotho II' 6-max Seat #1 is the button
Seat 6: Bejondeiala ($100 in chips) is sitting out
Seat 1: stevoooo34 ($9.58 in chips) 
Seat 2: m0nTTu ($24.28 in chips) 
Seat 3: Supermegopro ($100 in chips) 
Seat 4: Mconsto71 ($86.69 in chips) 
Seat 5: classifyed92 ($100 in chips) 
m0nTTu: posts small blind $0.50
Supermegopro: posts big blind $1
Mconsto71: posts big blind $1
Bejondeiala: sits out 
*** HOLE CARDS ***
Mconsto71: checks 
classifyed92: folds 
stevoooo34: calls $1
m0nTTu: calls $0.50
Supermegopro: checks 
*** FLOP *** [7s 5d 7d]
m0nTTu: checks 
Supermegopro: checks 
Mconsto71: checks 
stevoooo34: checks 
*** TURN *** [7s 5d 7d] [As]
m0nTTu: checks 
Supermegopro: checks 
Mconsto71: checks 
stevoooo34: bets $3.80
m0nTTu: folds 
Supermegopro: folds 
Mconsto71: folds 
Uncalled bet ($3.80) returned to stevoooo34
stevoooo34 collected $3.80 from pot
*** SUMMARY ***
Total pot $4 | Rake $0.20 
Board [7s 5d 7d As]
Seat 6: Bejondeiala
Seat 1: stevoooo34 (button) collected ($3.80)
Seat 2: m0nTTu (small blind) folded on the Turn
Seat 3: Supermegopro (big blind) folded on the Turn
Seat 4: Mconsto71 folded on the Turn (didn't bet)
Seat 5: classifyed92 folded before Flop (didn't bet)



PokerStars Hand #254200803030:  Hold'em No Limit ($0.50/$1.00 USD) - 2025/01/04 1:07:42 WET [2025/01/04 20:07:42 ET]
Table 'Klotho II' 6-max Seat #2 is the button
Seat 6: Bejondeiala ($100 in chips) is sitting out
Seat 1: stevoooo34 ($12.38 in chips) 
Seat 2: m0nTTu ($23.28 in chips) 
Seat 3: Supermegopro ($100 in chips) 
Seat 4: Mconsto71 ($85.69 in chips) 
Seat 5: classifyed92 ($100 in chips) 
Supermegopro: posts small blind $0.50
Mconsto71: posts big blind $1
Bejondeiala: sits out 
*** HOLE CARDS ***
classifyed92: folds 
stevoooo34: folds 
m0nTTu: raises $1 to $2
Supermegopro: folds 
Mconsto71: calls $1
*** FLOP *** [5d 7h 2s]
Mconsto71: checks 
m0nTTu: bets $3.21
Mconsto71: folds 
Uncalled bet ($3.21) returned to m0nTTu
m0nTTu collected $4.28 from pot
m0nTTu: doesn't show hand 
*** SUMMARY ***
Total pot $4.50 | Rake $0.22 
Board [5d 7h 2s]
Seat 6: Bejondeiala
Seat 1: stevoooo34 folded before Flop (didn't bet)
Seat 2: m0nTTu (button) collected ($4.28)
Seat 3: Supermegopro (small blind) folded before Flop
Seat 4: Mconsto71 (big blind) folded on the Flop
Seat 5: classifyed92 folded before Flop (didn't bet)



PokerStars Hand #254200810330:  Hold'em No Limit ($0.50/$1.00 USD) - 2025/01/04 1:08:16 WET [2025/01/04 20:08:16 ET]
Table 'Klotho II' 6-max Seat #3 is the button
Seat 6: Bejondeiala ($100 in chips) is sitting out
Seat 1: stevoooo34 ($12.38 in chips) 
Seat 2: m0nTTu ($25.56 in chips) 
Seat 3: Supermegopro ($100 in chips) 
Seat 4: Mconsto71 ($83.69 in chips) 
Seat 5: classifyed92 ($100 in chips) 
Mconsto71: posts small blind $0.50
classifyed92: posts big blind $1
Bejondeiala: sits out 
*** HOLE CARDS ***
stevoooo34: folds 
m0nTTu: folds 
Supermegopro: folds 
Mconsto71: calls $0.50
classifyed92: checks 
*** FLOP *** [Qs 7c Kc]
Mconsto71: checks 
classifyed92: bets $1.37
Mconsto71: folds 
Uncalled bet ($1.37) returned to classifyed92
classifyed92 collected $1.90 from pot
classifyed92: doesn't show hand 
*** SUMMARY ***
Total pot $2 | Rake $0.10 
Board [Qs 7c Kc]
Seat 6: Bejondeiala
Seat 1: stevoooo34 folded before Flop (didn't bet)
Seat 2: m0nTTu folded before Flop (didn't bet)
Seat 3: Supermegopro (button) folded before Flop (didn't bet)
Seat 4: Mconsto71 (small blind) folded on the Flop
Seat 5: classifyed92 (big blind) collected ($1.90)



PokerStars Hand #254200818295:  Hold'em No Limit ($0.50/$1.00 USD) - 2025/01/04 1:08:52 WET [2025/01/04 20:08:52 ET]
Table 'Klotho II' 6-max Seat #4 is the button
Seat 1: stevoooo34 ($12.38 in chips) 
Seat 2: m0nTTu ($25.56 in chips) 
Seat 3: Supermegopro ($100 in chips) 
Seat 4: Mconsto71 ($82.69 in chips) 
Seat 5: classifyed92 ($100.90 in chips) 
Seat 6: Bejondeiala ($100 in chips) 
classifyed92: posts small blind $0.50
Bejondeiala: posts big blind $1
*** HOLE CARDS ***
stevoooo34: folds 
m0nTTu: folds 
Supermegopro: folds 
Mconsto71: folds 
classifyed92: folds 
Uncalled bet ($0.50) returned to Bejondeiala
Bejondeiala collected $1 from pot
Bejondeiala: doesn't show hand 
*** SUMMARY ***
Total pot $1 | Rake $0 
Seat 1: stevoooo34 folded before Flop (didn't bet)
Seat 2: m0nTTu folded before Flop (didn't bet)
Seat 3: Supermegopro folded before Flop (didn't bet)
Seat 4: Mconsto71 (button) folded before Flop (didn't bet)
Seat 5: classifyed92 (small blind) folded before Flop
Seat 6: Bejondeiala (big blind) collected ($1)



PokerStars Hand #254200820660:  Hold'em No Limit ($0.50/$1.00 USD) - 2025/01/04 1:09:03 WET [2025/01/04 20:09:03 ET]
Table 'Klotho II' 6-max Seat #5 is the button
Seat 1: stevoooo34 ($12.38 in chips) 
Seat 2: m0nTTu ($25.56 in chips) 
Seat 3: Supermegopro ($100 in chips) 
Seat 4: Mconsto71 ($82.69 in chips) 
Seat 5: classifyed92 ($100.40 in chips) 
Seat 6: Bejondeiala ($100.50 in chips) 
Bejondeiala: posts small blind $0.50
stevoooo34: posts big blind $1
*** HOLE CARDS ***
m0nTTu: folds 
Supermegopro: folds 
Mconsto71: folds 
classifyed92: folds 
Bejondeiala: raises $2 to $3
stevoooo34: folds 
Uncalled bet ($2) returned to Bejondeiala
Bejondeiala collected $2 from pot
Bejondeiala: doesn't show hand 
*** SUMMARY ***
Total pot $2 | Rake $0 
Seat 1: stevoooo34 (big blind) folded before Flop
Seat 2: m0nTTu folded before Flop (didn't bet)
Seat 3: Supermegopro folded before Flop (didn't bet)
Seat 4: Mconsto71 folded before Flop (didn't bet)
Seat 5: classifyed92 (button) folded before Flop (didn't bet)
Seat 6: Bejondeiala (small blind) collected ($2)



PokerStars Hand #254200825837:  Hold'em No Limit ($0.50/$1.00 USD) - 2025/01/04 1:09:27 WET [2025/01/04 20:09:27 ET]
Table 'Klotho II' 6-max Seat #6 is the button
Seat 1: stevoooo34 ($11.38 in chips) 
Seat 2: m0nTTu ($25.56 in chips) 
Seat 3: Supermegopro ($100 in chips) 
Seat 4: Mconsto71 ($82.69 in chips) 
Seat 5: classifyed92 ($100.40 in chips) 
Seat 6: Bejondeiala ($101.50 in chips) 
stevoooo34: posts small blind $0.50
m0nTTu: posts big blind $1
*** HOLE CARDS ***
Supermegopro: folds 
Mconsto71: folds 
classifyed92: raises $1.50 to $2.50
Bejondeiala: folds 
stevoooo34: folds 
m0nTTu: raises $23.06 to $25.56 and is all-in
classifyed92: calls $23.06
*** FLOP *** [3c 2d 6h]
*** TURN *** [3c 2d 6h] [Js]
*** RIVER *** [3c 2d 6h Js] [Th]
*** SHOW DOWN ***
m0nTTu: shows [Ad Qd] (high card Ace)
classifyed92: shows [Tc Jc] (two pair, Jacks and Tens)
classifyed92 collected $49.12 from pot
*** SUMMARY ***
Total pot $51.62 | Rake $2.50 
Board [3c 2d 6h Js Th]
Seat 1: stevoooo34 (small blind) folded before Flop
Seat 2: m0nTTu (big blind) showed [Ad Qd] and lost with high card Ace
Seat 3: Supermegopro folded before Flop (didn't bet)
Seat 4: Mconsto71 folded before Flop (didn't bet)
Seat 5: classifyed92 showed [Tc Jc] and won ($49.12) with two pair, Jacks and Tens
Seat 6: Bejondeiala (button) folded before Flop (didn't bet)



PokerStars Hand #254200835582:  Hold'em No Limit ($0.50/$1.00 USD) - 2025/01/04 1:10:12 WET [2025/01/04 20:10:12 ET]
Table 'Klotho II' 6-max Seat #1 is the button
Seat 1: stevoooo34 ($10.88 in chips) 
Seat 2: m0nTTu ($10 in chips) 
Seat 3: Supermegopro ($100 in chips) 
Seat 4: Mconsto71 ($82.69 in chips) 
Seat 5: classifyed92 ($123.96 in chips) 
Seat 6: Bejondeiala ($101.50 in chips) 
m0nTTu: posts small blind $0.50
Supermegopro: posts big blind $1
*** HOLE CARDS ***
Mconsto71: folds 
classifyed92: raises $1.50 to $2.50
Bejondeiala: folds 
stevoooo34: raises $8.38 to $10.88 and is all-in
m0nTTu: folds 
Supermegopro: folds 
classifyed92: calls $8.38
*** FLOP *** [3c Ac Kd]
*** TURN *** [3c Ac Kd] [2s]
*** RIVER *** [3c Ac Kd 2s] [Ah]
*** SHOW DOWN ***
classifyed92: shows [Qc Qs] (two pair, Aces and Queens)
stevoooo34: shows [As Kc] (a full house, Aces full of Kings)
stevoooo34 collected $22.10 from pot
*** SUMMARY ***
Total pot $23.26 | Rake $1.16 
Board [3c Ac Kd 2s Ah]
Seat 1: stevoooo34 (button) showed [As Kc] and won ($22.10) with a full house, Aces full of Kings
Seat 2: m0nTTu (small blind) folded before Flop
Seat 3: Supermegopro (big blind) folded before Flop
Seat 4: Mconsto71 folded before Flop (didn't bet)
Seat 5: classifyed92 showed [Qc Qs] and lost with two pair, Aces and Queens
Seat 6: Bejondeiala folded before Flop (didn't bet)



PokerStars Hand #254200845628:  Hold'em No Limit ($0.50/$1.00 USD) - 2025/01/04 1:10:58 WET [2025/01/04 20:10:58 ET]
Table 'Klotho II' 6-max Seat #2 is the button
Seat 1: stevoooo34 ($22.10 in chips) 
Seat 2: m0nTTu ($10 in chips) 
Seat 3: Supermegopro ($100 in chips) 
Seat 4: Mconsto71 ($82.69 in chips) 
Seat 5: classifyed92 ($113.08 in chips) 
Seat 6: Bejondeiala ($101.50 in chips) 
Supermegopro: posts small blind $0.50
Mconsto71: posts big blind $1
*** HOLE CARDS ***
classifyed92: folds 
Bejondeiala: folds 
stevoooo34: folds 
m0nTTu: folds 
Supermegopro: raises $2 to $3
Mconsto71: folds 
Uncalled bet ($2) returned to Supermegopro
Supermegopro collected $2 from pot
Supermegopro: doesn't show hand 
*** SUMMARY ***
Total pot $2 | Rake $0 
Seat 1: stevoooo34 folded before Flop (didn't bet)
Seat 2: m0nTTu (button) folded before Flop (didn't bet)
Seat 3: Supermegopro (small blind) collected ($2)
Seat 4: Mconsto71 (big blind) folded before Flop
Seat 5: classifyed92 folded before Flop (didn't bet)
Seat 6: Bejondeiala folded before Flop (didn't bet)



PokerStars Hand #254200851159:  Hold'em No Limit ($0.50/$1.00 USD) - 2025/01/04 1:11:24 WET [2025/01/04 20:11:24 ET]
Table 'Klotho II' 6-max Seat #3 is the button
Seat 1: stevoooo34 ($22.10 in chips) 
Seat 2: m0nTTu ($10 in chips) 
Seat 3: Supermegopro ($101 in chips) 
Seat 4: Mconsto71 ($81.69 in chips) 
Seat 5: classifyed92 ($113.08 in chips) 
Seat 6: Bejondeiala ($101.50 in chips) 
Mconsto71: posts small blind $0.50
classifyed92: posts big blind $1
*** HOLE CARDS ***
Bejondeiala: folds 
stevoooo34: folds 
m0nTTu: folds 
Supermegopro: raises $1.50 to $2.50
Mconsto71: calls $2
classifyed92: folds 
*** FLOP *** [Ad 2h 2c]
Mconsto71: bets $2.85
Supermegopro: folds 
Uncalled bet ($2.85) returned to Mconsto71
Mconsto71 collected $5.70 from pot
*** SUMMARY ***
Total pot $6 | Rake $0.30 
Board [Ad 2h 2c]
Seat 1: stevoooo34 folded before Flop (didn't bet)
Seat 2: m0nTTu folded before Flop (didn't bet)
Seat 3: Supermegopro (button) folded on the Flop
Seat 4: Mconsto71 (small blind) collected ($5.70)
Seat 5: classifyed92 (big blind) folded before Flop
Seat 6: Bejondeiala folded before Flop (didn't bet)



PokerStars Hand #254200858696:  Hold'em No Limit ($0.50/$1.00 USD) - 2025/01/04 1:11:59 WET [2025/01/04 20:11:59 ET]
Table 'Klotho II' 6-max Seat #4 is the button
Seat 1: stevoooo34 ($22.10 in chips) 
Seat 2: m0nTTu ($10 in chips) 
Seat 3: Supermegopro ($100 in chips) 
Seat 4: Mconsto71 ($84.89 in chips) 
Seat 5: classifyed92 ($112.08 in chips) 
Seat 6: Bejondeiala ($101.50 in chips) 
classifyed92: posts small blind $0.50
Bejondeiala: posts big blind $1
*** HOLE CARDS ***
stevoooo34: folds 
m0nTTu: folds 
Supermegopro: folds 
Mconsto71: folds 
classifyed92: raises $1.50 to $2.50
Bejondeiala: folds 
Uncalled bet ($1.50) returned to classifyed92
classifyed92 collected $2 from pot
classifyed92: doesn't show hand 
*** SUMMARY ***
Total pot $2 | Rake $0 
Seat 1: stevoooo34 folded before Flop (didn't bet)
Seat 2: m0nTTu folded before Flop (didn't bet)
Seat 3: Supermegopro folded before Flop (didn't bet)
Seat 4: Mconsto71 (button) folded before Flop (didn't bet)
Seat 5: classifyed92 (small blind) collected ($2)
Seat 6: Bejondeiala (big blind) folded before Flop



PokerStars Hand #254200864035:  Hold'em No Limit ($0.50/$1.00 USD) - 2025/01/04 1:12:24 WET [2025/01/04 20:12:24 ET]
Table 'Klotho II' 6-max Seat #5 is the button
Seat 1: stevoooo34 ($22.10 in chips) 
Seat 2: m0nTTu ($10 in chips) 
Seat 3: Supermegopro ($100 in chips) 
Seat 4: Mconsto71 ($84.89 in chips) 
Seat 5: classifyed92 ($113.08 in chips) 
Seat 6: Bejondeiala ($100.50 in chips) 
Bejondeiala: posts small blind $0.50
stevoooo34: posts big blind $1
*** HOLE CARDS ***
m0nTTu: folds 
Supermegopro: folds 
Mconsto71: folds 
classifyed92: raises $1.50 to $2.50
Mconsto71 leaves the table
Bejondeiala: folds 
stevoooo34: calls $1.50
*** FLOP *** [2d Qh 5d]
stevoooo34: checks 
classifyed92: checks 
*** TURN *** [2d Qh 5d] [3h]
stevoooo34: bets $3
classifyed92: raises $17.92 to $20.92
stevoooo34: calls $16.60 and is all-in
Uncalled bet ($1.32) returned to classifyed92
*** RIVER *** [2d Qh 5d 3h] [6c]
v1lo4ka joins the table at seat #4 
*** SHOW DOWN ***
stevoooo34: shows [3d 3s] (three of a kind, Threes)
classifyed92: shows [Qd Kd] (a pair of Queens)
stevoooo34 cashed out the hand for $34.05 | Cash Out Fee $0.70
*** SUMMARY ***
Total pot $44.70 | Rake $2.24 
Board [2d Qh 5d 3h 6c]
Seat 1: stevoooo34 (big blind) showed [3d 3s] and won ($42.46) with three of a kind, Threes (pot not awarded as player cashed out)
Seat 2: m0nTTu folded before Flop (didn't bet)
Seat 3: Supermegopro folded before Flop (didn't bet)
Seat 4: Mconsto71 folded before Flop (didn't bet)
Seat 5: classifyed92 (button) showed [Qd Kd] and lost with a pair of Queens
Seat 6: Bejondeiala (small blind) folded before Flop



PokerStars Hand #254200880582:  Hold'em No Limit ($0.50/$1.00 USD) - 2025/01/04 1:13:42 WET [2025/01/04 20:13:42 ET]
Table 'Klotho II' 6-max Seat #6 is the button
Seat 4: v1lo4ka ($100 in chips) is sitting out
Seat 1: stevoooo34 ($34.05 in chips) 
Seat 2: m0nTTu ($10 in chips) 
Seat 3: Supermegopro ($100 in chips) 
Seat 5: classifyed92 ($100 in chips) 
Seat 6: Bejondeiala ($100 in chips) 
stevoooo34: posts small blind $0.50
m0nTTu: posts big blind $1
v1lo4ka: sits out 
*** HOLE CARDS ***
Supermegopro: folds 
classifyed92: folds 
Supermegopro leaves the table
Bejondeiala: raises $1.50 to $2.50
stevoooo34: folds 
m0nTTu: folds 
Uncalled bet ($1.50) returned to Bejondeiala
Bejondeiala collected $2.50 from pot
Bejondeiala: doesn't show hand 
*** SUMMARY ***
Total pot $2.50 | Rake $0 
Seat 4: v1lo4ka
Seat 1: stevoooo34 (small blind) folded before Flop
Seat 2: m0nTTu (big blind) folded before Flop
Seat 3: Supermegopro folded before Flop (didn't bet)
Seat 5: classifyed92 folded before Flop (didn't bet)
Seat 6: Bejondeiala (button) collected ($2.50)



PokerStars Hand #254200883812:  Hold'em No Limit ($0.50/$1.00 USD) - 2025/01/04 1:13:57 WET [2025/01/04 20:13:57 ET]
Table 'Klotho II' 6-max Seat #1 is the button
Seat 1: stevoooo34 ($33.55 in chips) 
Seat 2: m0nTTu ($10 in chips) 
Seat 4: v1lo4ka ($100 in chips) 
Seat 5: classifyed92 ($100 in chips) 
Seat 6: Bejondeiala ($101.50 in chips) 
m0nTTu: posts small blind $0.50
v1lo4ka: posts big blind $1
*** HOLE CARDS ***
classifyed92: folds 
Bejondeiala: folds 
stevoooo34: folds 
m0nTTu: folds 
Uncalled bet ($0.50) returned to v1lo4ka
v1lo4ka collected $1 from pot
v1lo4ka: doesn't show hand 
*** SUMMARY ***
Total pot $1 | Rake $0 
Seat 1: stevoooo34 (button) folded before Flop (didn't bet)
Seat 2: m0nTTu (small blind) folded before Flop
Seat 4: v1lo4ka (big blind) collected ($1)
Seat 5: classifyed92 folded before Flop (didn't bet)
Seat 6: Bejondeiala folded before Flop (didn't bet)



PokerStars Hand #254200886590:  Hold'em No Limit ($0.50/$1.00 USD) - 2025/01/04 1:14:10 WET [2025/01/04 20:14:10 ET]
Table 'Klotho II' 6-max Seat #2 is the button
Seat 1: stevoooo34 ($33.55 in chips) 
Seat 2: m0nTTu ($10 in chips) 
Seat 4: v1lo4ka ($100.50 in chips) 
Seat 5: classifyed92 ($100 in chips) 
Seat 6: Bejondeiala ($101.50 in chips) 
v1lo4ka: posts small blind $0.50
classifyed92: posts big blind $1
*** HOLE CARDS ***
Bejondeiala: folds 
stevoooo34: calls $1
m0nTTu: folds 
v1lo4ka: folds 
classifyed92: checks 
*** FLOP *** [Ts 7h Qh]
classifyed92: checks 
stevoooo34: checks 
*** TURN *** [Ts 7h Qh] [5s]
classifyed92: checks 
stevoooo34: bets $1
classifyed92: calls $1
*** RIVER *** [Ts 7h Qh 5s] [9h]
classifyed92: checks 
stevoooo34: bets $4.28
classifyed92: folds 
Uncalled bet ($4.28) returned to stevoooo34
stevoooo34 collected $4.28 from pot
*** SUMMARY ***
Total pot $4.50 | Rake $0.22 
Board [Ts 7h Qh 5s 9h]
Seat 1: stevoooo34 collected ($4.28)
Seat 2: m0nTTu (button) folded before Flop (didn't bet)
Seat 4: v1lo4ka (small blind) folded before Flop
Seat 5: classifyed92 (big blind) folded on the River
Seat 6: Bejondeiala folded before Flop (didn't bet)



PokerStars Hand #254200896979:  Hold'em No Limit ($0.50/$1.00 USD) - 2025/01/04 1:14:59 WET [2025/01/04 20:14:59 ET]
Table 'Klotho II' 6-max Seat #4 is the button
Seat 1: stevoooo34 ($35.83 in chips) 
Seat 2: m0nTTu ($10 in chips) 
Seat 4: v1lo4ka ($100 in chips) 
Seat 5: classifyed92 ($100 in chips) 
Seat 6: Bejondeiala ($101.50 in chips) 
classifyed92: posts small blind $0.50
Bejondeiala: posts big blind $1
*** HOLE CARDS ***
stevoooo34: folds 
m0nTTu: folds 
v1lo4ka: raises $1.20 to $2.20
classifyed92: folds 
Bejondeiala: folds 
Uncalled bet ($1.20) returned to v1lo4ka
v1lo4ka collected $2.50 from pot
v1lo4ka: doesn't show hand 
*** SUMMARY ***
Total pot $2.50 | Rake $0 
Seat 1: stevoooo34 folded before Flop (didn't bet)
Seat 2: m0nTTu folded before Flop (didn't bet)
Seat 4: v1lo4ka (button) collected ($2.50)
Seat 5: classifyed92 (small blind) folded before Flop
Seat 6: Bejondeiala (big blind) folded before Flop



PokerStars Hand #254200899960:  Hold'em No Limit ($0.50/$1.00 USD) - 2025/01/04 1:15:12 WET [2025/01/04 20:15:12 ET]
Table 'Klotho II' 6-max Seat #5 is the button
Seat 1: stevoooo34 ($35.83 in chips) 
Seat 2: m0nTTu ($10 in chips) 
Seat 4: v1lo4ka ($101.50 in chips) 
Seat 5: classifyed92 ($100 in chips) 
Seat 6: Bejondeiala ($100.50 in chips) 
Bejondeiala: posts small blind $0.50
stevoooo34: posts big blind $1
*** HOLE CARDS ***
m0nTTu: raises $9 to $10 and is all-in
v1lo4ka: folds 
classifyed92: raises $17 to $27
Bejondeiala: folds 
stevoooo34: folds 
Uncalled bet ($17) returned to classifyed92
*** FLOP *** [Jh 9c Th]
*** TURN *** [Jh 9c Th] [7s]
*** RIVER *** [Jh 9c Th 7s] [9s]
*** SHOW DOWN ***
m0nTTu: shows [Kc Qc] (a straight, Nine to King)
classifyed92: shows [Kd Ah] (a pair of Nines)
m0nTTu collected $20.42 from pot
*** SUMMARY ***
Total pot $21.50 | Rake $1.08 
Board [Jh 9c Th 7s 9s]
Seat 1: stevoooo34 (big blind) folded before Flop
Seat 2: m0nTTu showed [Kc Qc] and won ($20.42) with a straight, Nine to King
Seat 4: v1lo4ka folded before Flop (didn't bet)
Seat 5: classifyed92 (button) showed [Kd Ah] and lost with a pair of Nines
Seat 6: Bejondeiala (small blind) folded before Flop



PokerStars Hand #254200906853:  Hold'em No Limit ($0.50/$1.00 USD) - 2025/01/04 1:15:45 WET [2025/01/04 20:15:45 ET]
Table 'Klotho II' 6-max Seat #6 is the button
Seat 2: m0nTTu ($20.42 in chips) is sitting out
Seat 4: v1lo4ka ($101.50 in chips) is sitting out
Seat 1: stevoooo34 ($34.83 in chips) 
Seat 5: classifyed92 ($100 in chips) 
Seat 6: Bejondeiala ($100 in chips) 
stevoooo34: posts small blind $0.50
m0nTTu: is sitting out 
v1lo4ka: is sitting out 
classifyed92: posts big blind $1
*** HOLE CARDS ***
m0nTTu leaves the table
Bejondeiala: raises $1.50 to $2.50
stevoooo34: folds 
classifyed92: folds 
Uncalled bet ($1.50) returned to Bejondeiala
Bejondeiala collected $2.50 from pot
Bejondeiala: doesn't show hand 
*** SUMMARY ***
Total pot $2.50 | Rake $0 
Seat 2: m0nTTu
Seat 4: v1lo4ka
Seat 1: stevoooo34 (small blind) folded before Flop
Seat 5: classifyed92 (big blind) folded before Flop
Seat 6: Bejondeiala (button) collected ($2.50)



PokerStars Hand #254200910005:  Hold'em No Limit ($0.50/$1.00 USD) - 2025/01/04 1:16:00 WET [2025/01/04 20:16:00 ET]
Table 'Klotho II' 6-max Seat #1 is the button
Seat 4: v1lo4ka ($101.50 in chips) is sitting out
Seat 1: stevoooo34 ($34.33 in chips) 
Seat 5: classifyed92 ($100 in chips) 
Seat 6: Bejondeiala ($101.50 in chips) 
classifyed92: posts small blind $0.50
Bejondeiala: posts big blind $1
*** HOLE CARDS ***
stevoooo34: calls $1
classifyed92: calls $0.50
Bejondeiala: checks 
*** FLOP *** [6d 4d 7c]
classifyed92: checks 
Bejondeiala: checks 
stevoooo34: bets $2.85
Jessiebes275 joins the table at seat #2 
Jessiebes275 is disconnected 
pr0tecto joins the table at seat #3 
classifyed92: folds 
Bejondeiala: folds 
Uncalled bet ($2.85) returned to stevoooo34
stevoooo34 collected $2.85 from pot
v1lo4ka leaves the table
*** SUMMARY ***
Total pot $3 | Rake $0.15 
Board [6d 4d 7c]
Seat 4: v1lo4ka
Seat 1: stevoooo34 (button) collected ($2.85)
Seat 5: classifyed92 (small blind) folded on the Flop
Seat 6: Bejondeiala (big blind) folded on the Flop



PokerStars Hand #254200916498:  Hold'em No Limit ($0.50/$1.00 USD) - 2025/01/04 1:16:29 WET [2025/01/04 20:16:29 ET]
Table 'Klotho II' 6-max Seat #5 is the button
Seat 3: pr0tecto ($100 in chips) is sitting out
Seat 1: stevoooo34 ($36.18 in chips) 
Seat 2: Jessiebes275 ($25.03 in chips) 
Seat 5: classifyed92 ($100 in chips) 
Seat 6: Bejondeiala ($100.50 in chips) 
Bejondeiala: posts small blind $0.50
stevoooo34: posts big blind $1
Jessiebes275: posts big blind $1
pr0tecto: sits out 
*** HOLE CARDS ***
Jessiebes275: checks 
classifyed92: folds 
Bejondeiala: folds 
stevoooo34: raises $2 to $3
Jessiebes275: calls $2
*** FLOP *** [5d 9c 7s]
itaba joins the table at seat #4 
stevoooo34: bets $3.09
Jessiebes275: calls $3.09
*** TURN *** [5d 9c 7s] [Jc]
stevoooo34: bets $6.03
Jessiebes275: calls $6.03
*** RIVER *** [5d 9c 7s Jc] [6c]
stevoooo34: checks 
Jessiebes275: checks 
*** SHOW DOWN ***
stevoooo34: shows [Qd Qc] (a pair of Queens)
Jessiebes275: mucks hand 
stevoooo34 collected $23.74 from pot
*** SUMMARY ***
Total pot $24.74 | Rake $1 
Board [5d 9c 7s Jc 6c]
Seat 3: pr0tecto
Seat 1: stevoooo34 (big blind) showed [Qd Qc] and won ($23.74) with a pair of Queens
Seat 2: Jessiebes275 mucked
Seat 5: classifyed92 (button) folded before Flop (didn't bet)
Seat 6: Bejondeiala (small blind) folded before Flop



PokerStars Hand #254200924424:  Hold'em No Limit ($0.50/$1.00 USD) - 2025/01/04 1:17:06 WET [2025/01/04 20:17:06 ET]
Table 'Klotho II' 6-max Seat #6 is the button
Seat 3: pr0tecto ($100 in chips) is sitting out
Seat 4: itaba ($18 in chips) is sitting out
Seat 1: stevoooo34 ($47.80 in chips) 
Seat 2: Jessiebes275 ($12.91 in chips) 
Seat 5: classifyed92 ($100 in chips) 
Seat 6: Bejondeiala ($100 in chips) 
stevoooo34: posts small blind $0.50
Jessiebes275: posts big blind $1
pr0tecto: sits out 
itaba: sits out 
*** HOLE CARDS ***
classifyed92: folds 
Bejondeiala: raises $1.50 to $2.50
stevoooo34: folds 
Jessiebes275: folds 
Uncalled bet ($1.50) returned to Bejondeiala
Bejondeiala collected $2.50 from pot
Bejondeiala: doesn't show hand 
*** SUMMARY ***
Total pot $2.50 | Rake $0 
Seat 3: pr0tecto
Seat 4: itaba
Seat 1: stevoooo34 (small blind) folded before Flop
Seat 2: Jessiebes275 (big blind) folded before Flop
Seat 5: classifyed92 folded before Flop (didn't bet)
Seat 6: Bejondeiala (button) collected ($2.50)



PokerStars Hand #254200929103:  Hold'em No Limit ($0.50/$1.00 USD) - 2025/01/04 1:17:28 WET [2025/01/04 20:17:28 ET]
Table 'Klotho II' 6-max Seat #1 is the button
Seat 4: itaba ($18 in chips) is sitting out
Seat 1: stevoooo34 ($47.30 in chips) 
Seat 2: Jessiebes275 ($11.91 in chips) 
Seat 3: pr0tecto ($100 in chips) 
Seat 5: classifyed92 ($100 in chips) 
Seat 6: Bejondeiala ($101.50 in chips) 
Jessiebes275: posts small blind $0.50
pr0tecto: posts big blind $1
itaba: sits out 
*** HOLE CARDS ***
classifyed92: raises $1.50 to $2.50
Bejondeiala: folds 
stevoooo34: calls $2.50
Jessiebes275: folds 
pr0tecto: folds 
*** FLOP *** [Th As 8s]
classifyed92: bets $4.45
stevoooo34: calls $4.45
*** TURN *** [Th As 8s] [4s]
classifyed92: checks 
stevoooo34: checks 
*** RIVER *** [Th As 8s 4s] [Qh]
classifyed92: bets $4.54
stevoooo34: calls $4.54
*** SHOW DOWN ***
classifyed92: shows [Js Ac] (a pair of Aces)
stevoooo34: shows [Ah 8h] (two pair, Aces and Eights)
stevoooo34 collected $23.26 from pot
*** SUMMARY ***
Total pot $24.48 | Rake $1.22 
Board [Th As 8s 4s Qh]
Seat 4: itaba
Seat 1: stevoooo34 (button) showed [Ah 8h] and won ($23.26) with two pair, Aces and Eights
Seat 2: Jessiebes275 (small blind) folded before Flop
Seat 3: pr0tecto (big blind) folded before Flop
Seat 5: classifyed92 showed [Js Ac] and lost with a pair of Aces
Seat 6: Bejondeiala folded before Flop (didn't bet)



PokerStars Hand #254200937970:  Hold'em No Limit ($0.50/$1.00 USD) - 2025/01/04 1:18:11 WET [2025/01/04 20:18:11 ET]
Table 'Klotho II' 6-max Seat #2 is the button
Seat 1: stevoooo34 ($59.07 in chips) 
Seat 2: Jessiebes275 ($11.41 in chips) 
Seat 3: pr0tecto ($99 in chips) 
Seat 4: itaba ($18 in chips) 
Seat 5: classifyed92 ($95.25 in chips) 
Seat 6: Bejondeiala ($101.50 in chips) 
pr0tecto: posts small blind $0.50
itaba: posts big blind $1
*** HOLE CARDS ***
classifyed92: raises $1.50 to $2.50
Bejondeiala: folds 
stevoooo34: calls $2.50
Jessiebes275: folds 
pr0tecto: folds 
itaba: folds 
*** FLOP *** [7c 6s 9c]
classifyed92: checks 
stevoooo34: checks 
*** TURN *** [7c 6s 9c] [Jh]
classifyed92: bets $4.45
stevoooo34: calls $4.45
*** RIVER *** [7c 6s 9c Jh] [Ks]
classifyed92: bets $88.30 and is all-in
stevoooo34: folds 
Uncalled bet ($88.30) returned to classifyed92
classifyed92 collected $14.63 from pot
classifyed92: doesn't show hand 
*** SUMMARY ***
Total pot $15.40 | Rake $0.77 
Board [7c 6s 9c Jh Ks]
Seat 1: stevoooo34 folded on the River
Seat 2: Jessiebes275 (button) folded before Flop (didn't bet)
Seat 3: pr0tecto (small blind) folded before Flop
Seat 4: itaba (big blind) folded before Flop
Seat 5: classifyed92 collected ($14.63)
Seat 6: Bejondeiala folded before Flop (didn't bet)



PokerStars Hand #254200951200:  Hold'em No Limit ($0.50/$1.00 USD) - 2025/01/04 1:19:13 WET [2025/01/04 20:19:13 ET]
Table 'Klotho II' 6-max Seat #3 is the button
Seat 5: classifyed92 ($102.93 in chips) is sitting out
Seat 1: stevoooo34 ($52.12 in chips) 
Seat 2: Jessiebes275 ($11.41 in chips) 
Seat 3: pr0tecto ($100 in chips) 
Seat 4: itaba ($17 in chips) 
Seat 6: Bejondeiala ($101.50 in chips) 
itaba: posts small blind $0.50
Bejondeiala: posts big blind $1
*** HOLE CARDS ***
stevoooo34: folds 
Jessiebes275: raises $1 to $2
pr0tecto: folds 
itaba: folds 
Bejondeiala: raises $3 to $5
Jessiebes275: calls $3
*** FLOP *** [Js 8s 3s]
classifyed92 leaves the table
Bejondeiala: checks 
Jessiebes275: bets $6.41 and is all-in
Bejondeiala: calls $6.41
*** TURN *** [Js 8s 3s] [As]
*** RIVER *** [Js 8s 3s As] [Qh]
*** SHOW DOWN ***
Bejondeiala: shows [Ks Kd] (a flush, Ace high)
Jessiebes275: shows [3d 8d] (two pair, Eights and Threes)
Bejondeiala cashed out the hand for $11.05 | Cash Out Fee $0.23
*** SUMMARY ***
Total pot $23.32 | Rake $1.17 
Board [Js 8s 3s As Qh]
Seat 5: classifyed92
Seat 1: stevoooo34 folded before Flop (didn't bet)
Seat 2: Jessiebes275 showed [3d 8d] and lost with two pair, Eights and Threes
Seat 3: pr0tecto (button) folded before Flop (didn't bet)
Seat 4: itaba (small blind) folded before Flop
Seat 6: Bejondeiala (big blind) showed [Ks Kd] and won ($22.15) with a flush, Ace high (pot not awarded as player cashed out)



PokerStars Hand #254200961541:  Hold'em No Limit ($0.50/$1.00 USD) - 2025/01/04 1:20:02 WET [2025/01/04 20:20:02 ET]
Table 'Klotho II' 6-max Seat #4 is the button
Seat 2: Jessiebes275 ($0 in chips) is sitting out
Seat 1: stevoooo34 ($52.12 in chips) 
Seat 3: pr0tecto ($100 in chips) 
Seat 4: itaba ($18.50 in chips) 
Seat 6: Bejondeiala ($101.14 in chips) 
Bejondeiala: posts small blind $0.50
stevoooo34: posts big blind $1
*** HOLE CARDS ***
pr0tecto: folds 
itaba: raises $1 to $2
Jessiebes275 is disconnected 
Bejondeiala: folds 
stevoooo34: folds 
Uncalled bet ($1) returned to itaba
itaba collected $2.50 from pot
itaba: doesn't show hand 
*** SUMMARY ***
Total pot $2.50 | Rake $0 
Seat 2: Jessiebes275
Seat 1: stevoooo34 (big blind) folded before Flop
Seat 3: pr0tecto folded before Flop (didn't bet)
Seat 4: itaba (button) collected ($2.50)
Seat 6: Bejondeiala (small blind) folded before Flop



PokerStars Hand #254200966624:  Hold'em No Limit ($0.50/$1.00 USD) - 2025/01/04 1:20:28 WET [2025/01/04 20:20:28 ET]
Table 'Klotho II' 6-max Seat #6 is the button
Seat 2: Jessiebes275 ($0 in chips) is sitting out
Seat 1: stevoooo34 ($51.12 in chips) 
Seat 3: pr0tecto ($100 in chips) 
Seat 4: itaba ($20 in chips) 
Seat 6: Bejondeiala ($100.64 in chips) 
stevoooo34: posts small blind $0.50
pr0tecto: posts big blind $1
*** HOLE CARDS ***
itaba: folds 
Jessiebes275 leaves the table
Bejondeiala: raises $1.50 to $2.50
stevoooo34: folds 
pr0tecto: folds 
Uncalled bet ($1.50) returned to Bejondeiala
Bejondeiala collected $2.50 from pot
Bejondeiala: doesn't show hand 
m0nTTu joins the table at seat #5 
*** SUMMARY ***
Total pot $2.50 | Rake $0 
Seat 2: Jessiebes275
Seat 1: stevoooo34 (small blind) folded before Flop
Seat 3: pr0tecto (big blind) folded before Flop
Seat 4: itaba folded before Flop (didn't bet)
Seat 6: Bejondeiala (button) collected ($2.50)



PokerStars Hand #254200970235:  Hold'em No Limit ($0.50/$1.00 USD) - 2025/01/04 1:20:44 WET [2025/01/04 20:20:44 ET]
Table 'Klotho II' 6-max Seat #1 is the button
Seat 4: itaba ($20 in chips) is sitting out
Seat 1: stevoooo34 ($50.62 in chips) 
Seat 3: pr0tecto ($99 in chips) 
Seat 5: m0nTTu ($20.42 in chips) 
Seat 6: Bejondeiala ($102.14 in chips) 
pr0tecto: posts small blind $0.50
itaba: is sitting out 
m0nTTu: posts big blind $1
*** HOLE CARDS ***
Bejondeiala: folds 
stevoooo34: folds 
itaba leaves the table
pr0tecto: raises $1.24 to $2.24
m0nTTu: raises $18.18 to $20.42 and is all-in
pr0tecto: folds 
Uncalled bet ($18.18) returned to m0nTTu
m0nTTu collected $4.48 from pot
m0nTTu: doesn't show hand 
*** SUMMARY ***
Total pot $4.48 | Rake $0 
Seat 4: itaba
Seat 1: stevoooo34 (button) folded before Flop (didn't bet)
Seat 3: pr0tecto (small blind) folded before Flop
Seat 5: m0nTTu (big blind) collected ($4.48)
Seat 6: Bejondeiala folded before Flop (didn't bet)



PokerStars Hand #254200974097:  Hold'em No Limit ($0.50/$1.00 USD) - 2025/01/04 1:21:03 WET [2025/01/04 20:21:03 ET]
Table 'Klotho II' 6-max Seat #3 is the button
Seat 1: stevoooo34 ($50.62 in chips) 
Seat 3: pr0tecto ($100 in chips) 
Seat 5: m0nTTu ($22.66 in chips) 
Seat 6: Bejondeiala ($102.14 in chips) 
m0nTTu: posts small blind $0.50
Bejondeiala: posts big blind $1
*** HOLE CARDS ***
stevoooo34: folds 
pr0tecto: folds 
m0nTTu: folds 
Uncalled bet ($0.50) returned to Bejondeiala
Bejondeiala collected $1 from pot
Bejondeiala: doesn't show hand 
*** SUMMARY ***
Total pot $1 | Rake $0 
Seat 1: stevoooo34 folded before Flop (didn't bet)
Seat 3: pr0tecto (button) folded before Flop (didn't bet)
Seat 5: m0nTTu (small blind) folded before Flop
Seat 6: Bejondeiala (big blind) collected ($1)



PokerStars Hand #254200976483:  Hold'em No Limit ($0.50/$1.00 USD) - 2025/01/04 1:21:14 WET [2025/01/04 20:21:14 ET]
Table 'Klotho II' 6-max Seat #5 is the button
Seat 1: stevoooo34 ($50.62 in chips) 
Seat 3: pr0tecto ($100 in chips) 
Seat 5: m0nTTu ($22.16 in chips) 
Seat 6: Bejondeiala ($102.64 in chips) 
Bejondeiala: posts small blind $0.50
stevoooo34: posts big blind $1
*** HOLE CARDS ***
pr0tecto: folds 
m0nTTu: raises $1 to $2
Bejondeiala: folds 
stevoooo34: calls $1
*** FLOP *** [Jh Jd 4d]
stevoooo34: checks 
m0nTTu: bets $1.41
stevoooo34: calls $1.41
*** TURN *** [Jh Jd 4d] [Th]
stevoooo34: checks 
m0nTTu: checks 
*** RIVER *** [Jh Jd 4d Th] [Ad]
stevoooo34: bets $6.95
m0nTTu: calls $6.95
*** SHOW DOWN ***
stevoooo34: shows [Jc Tc] (a full house, Jacks full of Tens)
m0nTTu: mucks hand 
stevoooo34 collected $20.22 from pot
*** SUMMARY ***
Total pot $21.22 | Rake $1 
Board [Jh Jd 4d Th Ad]
Seat 1: stevoooo34 (big blind) showed [Jc Tc] and won ($20.22) with a full house, Jacks full of Tens
Seat 3: pr0tecto folded before Flop (didn't bet)
Seat 5: m0nTTu (button) mucked
Seat 6: Bejondeiala (small blind) folded before Flop



PokerStars Hand #254200988676:  Hold'em No Limit ($0.50/$1.00 USD) - 2025/01/04 1:22:12 WET [2025/01/04 20:22:12 ET]
Table 'Klotho II' 6-max Seat #1 is the button
Seat 3: pr0tecto ($100 in chips) is sitting out
Seat 5: m0nTTu ($11.80 in chips) is sitting out
Seat 1: stevoooo34 ($60.48 in chips) 
Seat 6: Bejondeiala ($102.14 in chips) 
stevoooo34: posts small blind $0.50
pr0tecto: is sitting out 
m0nTTu: is sitting out 
Bejondeiala: posts big blind $1
*** HOLE CARDS ***
pr0tecto leaves the table
m0nTTu leaves the table
stevoooo34: calls $0.50
Bejondeiala: checks 
*** FLOP *** [7d Kc Th]
Bejondeiala: checks 
stevoooo34: checks 
*** TURN *** [7d Kc Th] [4c]
Bejondeiala: bets $1.43
stevoooo34: folds 
Uncalled bet ($1.43) returned to Bejondeiala
Bejondeiala collected $1.90 from pot
Bejondeiala: doesn't show hand 
*** SUMMARY ***
Total pot $2 | Rake $0.10 
Board [7d Kc Th 4c]
Seat 3: pr0tecto
Seat 5: m0nTTu
Seat 1: stevoooo34 (button) (small blind) folded on the Turn
Seat 6: Bejondeiala (big blind) collected ($1.90)



PokerStars Hand #254200994841:  Hold'em No Limit ($0.50/$1.00 USD) - 2025/01/04 1:22:42 WET [2025/01/04 20:22:42 ET]
Table 'Klotho II' 6-max Seat #6 is the button
Seat 1: stevoooo34 ($59.48 in chips) 
Seat 6: Bejondeiala ($103.04 in chips) 
Bejondeiala: posts small blind $0.50
stevoooo34: posts big blind $1
*** HOLE CARDS ***
Bejondeiala: raises $1 to $2
stevoooo34: calls $1
*** FLOP *** [2h Th Td]
stevoooo34: checks 
Bejondeiala: checks 
*** TURN *** [2h Th Td] [As]
stevoooo34: bets $1
Bejondeiala: calls $1
*** RIVER *** [2h Th Td As] [Qs]
stevoooo34: checks 
active27 joins the table at seat #3 
active27 is disconnected 
andutu34 joins the table at seat #4 
Bejondeiala: bets $4.28
stevoooo34: folds 
Uncalled bet ($4.28) returned to Bejondeiala
Bejondeiala collected $5.70 from pot
Bejondeiala: doesn't show hand 
*** SUMMARY ***
Total pot $6 | Rake $0.30 
Board [2h Th Td As Qs]
Seat 1: stevoooo34 (big blind) folded on the River
Seat 6: Bejondeiala (button) (small blind) collected ($5.70)



PokerStars Hand #254201003106:  Hold'em No Limit ($0.50/$1.00 USD) - 2025/01/04 1:23:22 WET [2025/01/04 20:23:22 ET]
Table 'Klotho II' 6-max Seat #6 is the button
Seat 4: andutu34 ($100 in chips) is sitting out
Seat 1: stevoooo34 ($56.48 in chips) 
Seat 3: active27 ($100 in chips) 
Seat 6: Bejondeiala ($105.74 in chips) 
stevoooo34: posts small blind $0.50
active27: posts big blind $1
andutu34: sits out 
*** HOLE CARDS ***
Bejondeiala: folds 
stevoooo34: folds 
Uncalled bet ($0.50) returned to active27
active27 collected $1 from pot
*** SUMMARY ***
Total pot $1 | Rake $0 
Seat 4: andutu34
Seat 1: stevoooo34 (small blind) folded before Flop
Seat 3: active27 (big blind) collected ($1)
Seat 6: Bejondeiala (button) folded before Flop (didn't bet)



PokerStars Hand #254201005086:  Hold'em No Limit ($0.50/$1.00 USD) - 2025/01/04 1:23:31 WET [2025/01/04 20:23:31 ET]
Table 'Klotho II' 6-max Seat #1 is the button
Seat 1: stevoooo34 ($55.98 in chips) 
Seat 3: active27 ($100.50 in chips) 
Seat 4: andutu34 ($100 in chips) 
Seat 6: Bejondeiala ($105.74 in chips) 
active27: posts small blind $0.50
andutu34: posts big blind $1
*** HOLE CARDS ***
Bejondeiala: folds 
stevoooo34: folds 
active27: raises $2 to $3
andutu34: folds 
Uncalled bet ($2) returned to active27
active27 collected $2 from pot
*** SUMMARY ***
Total pot $2 | Rake $0 
Seat 1: stevoooo34 (button) folded before Flop (didn't bet)
Seat 3: active27 (small blind) collected ($2)
Seat 4: andutu34 (big blind) folded before Flop
Seat 6: Bejondeiala folded before Flop (didn't bet)



PokerStars Hand #254201009469:  Hold'em No Limit ($0.50/$1.00 USD) - 2025/01/04 1:23:52 WET [2025/01/04 20:23:52 ET]
Table 'Klotho II' 6-max Seat #3 is the button
Seat 1: stevoooo34 ($55.98 in chips) 
Seat 3: active27 ($101.50 in chips) 
Seat 4: andutu34 ($100 in chips) 
Seat 6: Bejondeiala ($105.74 in chips) 
andutu34: posts small blind $0.50
Bejondeiala: posts big blind $1
*** HOLE CARDS ***
stevoooo34: folds 
active27: folds 
andutu34: raises $2 to $3
Bejondeiala: raises $6 to $9
andutu34: folds 
Uncalled bet ($6) returned to Bejondeiala
Bejondeiala collected $6 from pot
Bejondeiala: doesn't show hand 
*** SUMMARY ***
Total pot $6 | Rake $0 
Seat 1: stevoooo34 folded before Flop (didn't bet)
Seat 3: active27 (button) folded before Flop (didn't bet)
Seat 4: andutu34 (small blind) folded before Flop
Seat 6: Bejondeiala (big blind) collected ($6)



PokerStars Hand #254201015514:  Hold'em No Limit ($0.50/$1.00 USD) - 2025/01/04 1:24:20 WET [2025/01/04 20:24:20 ET]
Table 'Klotho II' 6-max Seat #4 is the button
Seat 1: stevoooo34 ($55.98 in chips) 
Seat 3: active27 ($101.50 in chips) 
Seat 4: andutu34 ($100 in chips) 
Seat 6: Bejondeiala ($108.74 in chips) 
Bejondeiala: posts small blind $0.50
stevoooo34: posts big blind $1
*** HOLE CARDS ***
active27: folds 
andutu34: raises $1.49 to $2.49
Bejondeiala: folds 
stevoooo34: folds 
Uncalled bet ($1.49) returned to andutu34
andutu34 collected $2.50 from pot
andutu34: doesn't show hand 
*** SUMMARY ***
Total pot $2.50 | Rake $0 
Seat 1: stevoooo34 (big blind) folded before Flop
Seat 3: active27 folded before Flop (didn't bet)
Seat 4: andutu34 (button) collected ($2.50)
Seat 6: Bejondeiala (small blind) folded before Flop



PokerStars Hand #254201019690:  Hold'em No Limit ($0.50/$1.00 USD) - 2025/01/04 1:24:40 WET [2025/01/04 20:24:40 ET]
Table 'Klotho II' 6-max Seat #6 is the button
Seat 1: stevoooo34 ($54.98 in chips) 
Seat 3: active27 ($101.50 in chips) 
Seat 4: andutu34 ($101.50 in chips) 
Seat 6: Bejondeiala ($108.24 in chips) 
stevoooo34: posts small blind $0.50
active27: posts big blind $1
*** HOLE CARDS ***
andutu34: raises $1.30 to $2.30
Bejondeiala: folds 
stevoooo34: folds 
active27: folds 
Uncalled bet ($1.30) returned to andutu34
andutu34 collected $2.50 from pot
andutu34: doesn't show hand 
*** SUMMARY ***
Total pot $2.50 | Rake $0 
Seat 1: stevoooo34 (small blind) folded before Flop
Seat 3: active27 (big blind) folded before Flop
Seat 4: andutu34 collected ($2.50)
Seat 6: Bejondeiala (button) folded before Flop (didn't bet)



PokerStars Hand #254201022432:  Hold'em No Limit ($0.50/$1.00 USD) - 2025/01/04 1:24:53 WET [2025/01/04 20:24:53 ET]
Table 'Klotho II' 6-max Seat #1 is the button
Seat 4: andutu34 ($103 in chips) is sitting out
Seat 1: stevoooo34 ($54.48 in chips) 
Seat 3: active27 ($100.50 in chips) 
Seat 6: Bejondeiala ($108.24 in chips) 
active27: posts small blind $0.50
andutu34: is sitting out 
Bejondeiala: posts big blind $1
*** HOLE CARDS ***
stevoooo34: calls $1
andutu34 leaves the table
active27: calls $0.50
Bejondeiala: checks 
*** FLOP *** [Jd Kh Ah]
active27: checks 
Bejondeiala: checks 
stevoooo34: bets $2.85
active27: folds 
Bejondeiala: folds 
Uncalled bet ($2.85) returned to stevoooo34
stevoooo34 collected $2.85 from pot
*** SUMMARY ***
Total pot $3 | Rake $0.15 
Board [Jd Kh Ah]
Seat 4: andutu34
Seat 1: stevoooo34 (button) collected ($2.85)
Seat 3: active27 (small blind) folded on the Flop
Seat 6: Bejondeiala (big blind) folded on the Flop



PokerStars Hand #254201031104:  Hold'em No Limit ($0.50/$1.00 USD) - 2025/01/04 1:25:34 WET [2025/01/04 20:25:34 ET]
Table 'Klotho II' 6-max Seat #3 is the button
Seat 1: stevoooo34 ($56.33 in chips) 
Seat 3: active27 ($99.50 in chips) 
Seat 6: Bejondeiala ($107.24 in chips) 
Bejondeiala: posts small blind $0.50
stevoooo34: posts big blind $1
*** HOLE CARDS ***
active27: folds 
Bejondeiala: raises $2 to $3
stevoooo34: folds 
Uncalled bet ($2) returned to Bejondeiala
Bejondeiala collected $2 from pot
Bejondeiala: doesn't show hand 
*** SUMMARY ***
Total pot $2 | Rake $0 
Seat 1: stevoooo34 (big blind) folded before Flop
Seat 3: active27 (button) folded before Flop (didn't bet)
Seat 6: Bejondeiala (small blind) collected ($2)



PokerStars Hand #254201034583:  Hold'em No Limit ($0.50/$1.00 USD) - 2025/01/04 1:25:50 WET [2025/01/04 20:25:50 ET]
Table 'Klotho II' 6-max Seat #6 is the button
Seat 1: stevoooo34 ($55.33 in chips) 
Seat 3: active27 ($99.50 in chips) 
Seat 6: Bejondeiala ($108.24 in chips) 
stevoooo34: posts small blind $0.50
active27: posts big blind $1
*** HOLE CARDS ***
Bejondeiala: folds 
stevoooo34: raises $2 to $3
drburner503 joins the table at seat #2 
active27: calls $2
*** FLOP *** [Qh 9c 3c]
stevoooo34: bets $5.85
Manifestorr joins the table at seat #4 
active27: folds 
Uncalled bet ($5.85) returned to stevoooo34
stevoooo34 collected $5.70 from pot
*** SUMMARY ***
Total pot $6 | Rake $0.30 
Board [Qh 9c 3c]
Seat 1: stevoooo34 (small blind) collected ($5.70)
Seat 3: active27 (big blind) folded on the Flop
Seat 6: Bejondeiala (button) folded before Flop (didn't bet)



PokerStars Hand #254201042680:  Hold'em No Limit ($0.50/$1.00 USD) - 2025/01/04 1:26:29 WET [2025/01/04 20:26:29 ET]
Table 'Klotho II' 6-max Seat #1 is the button
Seat 2: drburner503 ($90 in chips) is sitting out
Seat 1: stevoooo34 ($58.03 in chips) 
Seat 3: active27 ($96.50 in chips) 
Seat 4: Manifestorr ($101.50 in chips) 
Seat 6: Bejondeiala ($108.24 in chips) 
active27: posts small blind $0.50
Manifestorr: posts big blind $1
*** HOLE CARDS ***
Bejondeiala: folds 
stevoooo34: calls $1
active27: folds 
Manifestorr: checks 
*** FLOP *** [Ks Qs 5s]
v1lo4ka joins the table at seat #5 
Manifestorr: bets $1
stevoooo34: calls $1
*** TURN *** [Ks Qs 5s] [Kc]
Manifestorr: bets $6.28
stevoooo34: calls $6.28
*** RIVER *** [Ks Qs 5s Kc] [Qd]
Manifestorr: checks 
stevoooo34: checks 
*** SHOW DOWN ***
Manifestorr: shows [5h 5c] (a full house, Fives full of Kings)
stevoooo34: mucks hand 
Manifestorr collected $16.21 from pot
*** SUMMARY ***
Total pot $17.06 | Rake $0.85 
Board [Ks Qs 5s Kc Qd]
Seat 2: drburner503
Seat 1: stevoooo34 (button) mucked
Seat 3: active27 (small blind) folded before Flop
Seat 4: Manifestorr (big blind) showed [5h 5c] and won ($16.21) with a full house, Fives full of Kings
Seat 6: Bejondeiala folded before Flop (didn't bet)



PokerStars Hand #254201051876:  Hold'em No Limit ($0.50/$1.00 USD) - 2025/01/04 1:27:12 WET [2025/01/04 20:27:12 ET]
Table 'Klotho II' 6-max Seat #3 is the button
Seat 1: stevoooo34 ($49.75 in chips) 
Seat 2: drburner503 ($90 in chips) 
Seat 3: active27 ($96 in chips) 
Seat 4: Manifestorr ($109.43 in chips) 
Seat 5: v1lo4ka ($101.50 in chips) 
Seat 6: Bejondeiala ($108.24 in chips) 
Manifestorr: posts small blind $0.50
v1lo4ka: posts big blind $1
drburner503: posts big blind $1
*** HOLE CARDS ***
Bejondeiala: folds 
stevoooo34: raises $2 to $3
drburner503: calls $2
active27: folds 
Manifestorr: folds 
v1lo4ka: folds 
*** FLOP *** [4c 9d Ah]
stevoooo34: bets $4.56
drburner503: calls $4.56
*** TURN *** [4c 9d Ah] [5h]
stevoooo34: checks 
drburner503: bets $7
stevoooo34: folds 
Uncalled bet ($7) returned to drburner503
drburner503 collected $15.79 from pot
drburner503: doesn't show hand 
*** SUMMARY ***
Total pot $16.62 | Rake $0.83 
Board [4c 9d Ah 5h]
Seat 1: stevoooo34 folded on the Turn
Seat 2: drburner503 collected ($15.79)
Seat 3: active27 (button) folded before Flop (didn't bet)
Seat 4: Manifestorr (small blind) folded before Flop
Seat 5: v1lo4ka (big blind) folded before Flop
Seat 6: Bejondeiala folded before Flop (didn't bet)



PokerStars Hand #254201060556:  Hold'em No Limit ($0.50/$1.00 USD) - 2025/01/04 1:27:53 WET [2025/01/04 20:27:53 ET]
Table 'Klotho II' 6-max Seat #4 is the button
Seat 1: stevoooo34 ($42.19 in chips) 
Seat 2: drburner503 ($98.23 in chips) 
Seat 3: active27 ($96 in chips) 
Seat 4: Manifestorr ($108.93 in chips) 
Seat 5: v1lo4ka ($100.50 in chips) 
Seat 6: Bejondeiala ($108.24 in chips) 
v1lo4ka: posts small blind $0.50
Bejondeiala: posts big blind $1
*** HOLE CARDS ***
stevoooo34: calls $1
drburner503: folds 
active27: folds 
Manifestorr: folds 
v1lo4ka: folds 
Bejondeiala: checks 
*** FLOP *** [4s 2d 6c]
Bejondeiala: checks 
stevoooo34: bets $1
Bejondeiala: folds 
Uncalled bet ($1) returned to stevoooo34
stevoooo34 collected $2.38 from pot
*** SUMMARY ***
Total pot $2.50 | Rake $0.12 
Board [4s 2d 6c]
Seat 1: stevoooo34 collected ($2.38)
Seat 2: drburner503 folded before Flop (didn't bet)
Seat 3: active27 folded before Flop (didn't bet)
Seat 4: Manifestorr (button) folded before Flop (didn't bet)
Seat 5: v1lo4ka (small blind) folded before Flop
Seat 6: Bejondeiala (big blind) folded on the Flop



PokerStars Hand #254201067471:  Hold'em No Limit ($0.50/$1.00 USD) - 2025/01/04 1:28:26 WET [2025/01/04 20:28:26 ET]
Table 'Klotho II' 6-max Seat #5 is the button
Seat 1: stevoooo34 ($43.57 in chips) 
Seat 2: drburner503 ($98.23 in chips) 
Seat 3: active27 ($96 in chips) 
Seat 4: Manifestorr ($108.93 in chips) 
Seat 5: v1lo4ka ($100 in chips) 
Seat 6: Bejondeiala ($107.24 in chips) 
Bejondeiala: posts small blind $0.50
stevoooo34: posts big blind $1
*** HOLE CARDS ***
drburner503: folds 
active27: folds 
Manifestorr: raises $1.20 to $2.20
v1lo4ka: raises $5.80 to $8
Bejondeiala: folds 
stevoooo34: folds 
Manifestorr: folds 
Uncalled bet ($5.80) returned to v1lo4ka
v1lo4ka collected $5.90 from pot
v1lo4ka: doesn't show hand 
*** SUMMARY ***
Total pot $5.90 | Rake $0 
Seat 1: stevoooo34 (big blind) folded before Flop
Seat 2: drburner503 folded before Flop (didn't bet)
Seat 3: active27 folded before Flop (didn't bet)
Seat 4: Manifestorr folded before Flop
Seat 5: v1lo4ka (button) collected ($5.90)
Seat 6: Bejondeiala (small blind) folded before Flop



PokerStars Hand #254201073955:  Hold'em No Limit ($0.50/$1.00 USD) - 2025/01/04 1:28:57 WET [2025/01/04 20:28:57 ET]
Table 'Klotho II' 6-max Seat #6 is the button
Seat 1: stevoooo34 ($42.57 in chips) 
Seat 2: drburner503 ($98.23 in chips) 
Seat 3: active27 ($96 in chips) 
Seat 4: Manifestorr ($106.73 in chips) 
Seat 5: v1lo4ka ($103.70 in chips) 
Seat 6: Bejondeiala ($106.74 in chips) 
stevoooo34: posts small blind $0.50
drburner503: posts big blind $1
*** HOLE CARDS ***
active27: folds 
Manifestorr: folds 
v1lo4ka: folds 
Bejondeiala: folds 
stevoooo34: folds 
Uncalled bet ($0.50) returned to drburner503
drburner503 collected $1 from pot
drburner503: doesn't show hand 
*** SUMMARY ***
Total pot $1 | Rake $0 
Seat 1: stevoooo34 (small blind) folded before Flop
Seat 2: drburner503 (big blind) collected ($1)
Seat 3: active27 folded before Flop (didn't bet)
Seat 4: Manifestorr folded before Flop (didn't bet)
Seat 5: v1lo4ka folded before Flop (didn't bet)
Seat 6: Bejondeiala (button) folded before Flop (didn't bet)



PokerStars Hand #254201078351:  Hold'em No Limit ($0.50/$1.00 USD) - 2025/01/04 1:29:17 WET [2025/01/04 20:29:17 ET]
Table 'Klotho II' 6-max Seat #1 is the button
Seat 1: stevoooo34 ($42.07 in chips) 
Seat 2: drburner503 ($98.73 in chips) 
Seat 3: active27 ($96 in chips) 
Seat 4: Manifestorr ($106.73 in chips) 
Seat 5: v1lo4ka ($103.70 in chips) 
Seat 6: Bejondeiala ($106.74 in chips) 
drburner503: posts small blind $0.50
active27: posts big blind $1
*** HOLE CARDS ***
Manifestorr: raises $1.20 to $2.20
v1lo4ka: folds 
Bejondeiala: folds 
stevoooo34: folds 
drburner503: calls $1.70
active27: raises $3.70 to $5.90
Manifestorr: calls $3.70
drburner503: folds 
*** FLOP *** [3s 5c Ts]
active27: bets $6.59
Manifestorr: calls $6.59
*** TURN *** [3s 5c Ts] [2h]
active27: bets $12
Manifestorr: raises $18 to $30
active27: folds 
Uncalled bet ($18) returned to Manifestorr
Manifestorr collected $48.68 from pot
*** SUMMARY ***
Total pot $51.18 | Rake $2.50 
Board [3s 5c Ts 2h]
Seat 1: stevoooo34 (button) folded before Flop (didn't bet)
Seat 2: drburner503 (small blind) folded before Flop
Seat 3: active27 (big blind) folded on the Turn
Seat 4: Manifestorr collected ($48.68)
Seat 5: v1lo4ka folded before Flop (didn't bet)
Seat 6: Bejondeiala folded before Flop (didn't bet)



PokerStars Hand #254201097335:  Hold'em No Limit ($0.50/$1.00 USD) - 2025/01/04 1:30:46 WET [2025/01/04 20:30:46 ET]
Table 'Klotho II' 6-max Seat #2 is the button
Seat 1: stevoooo34 ($42.07 in chips) 
Seat 2: drburner503 ($96.53 in chips) 
Seat 3: active27 ($71.51 in chips) 
Seat 4: Manifestorr ($130.92 in chips) 
Seat 5: v1lo4ka ($103.70 in chips) 
Seat 6: Bejondeiala ($106.74 in chips) 
active27: posts small blind $0.50
Manifestorr: posts big blind $1
*** HOLE CARDS ***
v1lo4ka: raises $1.50 to $2.50
Bejondeiala: folds 
stevoooo34: folds 
drburner503: calls $2.50
active27: folds 
Manifestorr: calls $1.50
*** FLOP *** [4d Ac 3d]
Manifestorr: checks 
v1lo4ka: checks 
drburner503: checks 
*** TURN *** [4d Ac 3d] [6d]
Manifestorr: checks 
v1lo4ka: checks 
drburner503: bets $3
Manifestorr: folds 
v1lo4ka: folds 
Uncalled bet ($3) returned to drburner503
drburner503 collected $7.60 from pot
drburner503: doesn't show hand 
*** SUMMARY ***
Total pot $8 | Rake $0.40 
Board [4d Ac 3d 6d]
Seat 1: stevoooo34 folded before Flop (didn't bet)
Seat 2: drburner503 (button) collected ($7.60)
Seat 3: active27 (small blind) folded before Flop
Seat 4: Manifestorr (big blind) folded on the Turn
Seat 5: v1lo4ka folded on the Turn
Seat 6: Bejondeiala folded before Flop (didn't bet)



PokerStars Hand #254201106761:  Hold'em No Limit ($0.50/$1.00 USD) - 2025/01/04 1:31:31 WET [2025/01/04 20:31:31 ET]
Table 'Klotho II' 6-max Seat #3 is the button
Seat 1: stevoooo34 ($42.07 in chips) 
Seat 2: drburner503 ($101.63 in chips) 
Seat 3: active27 ($71.01 in chips) 
Seat 4: Manifestorr ($128.42 in chips) 
Seat 5: v1lo4ka ($101.20 in chips) 
Seat 6: Bejondeiala ($106.74 in chips) 
Manifestorr: posts small blind $0.50
v1lo4ka: posts big blind $1
*** HOLE CARDS ***
Bejondeiala: folds 
stevoooo34: folds 
drburner503: folds 
active27: folds 
Manifestorr: folds 
Uncalled bet ($0.50) returned to v1lo4ka
v1lo4ka collected $1 from pot
v1lo4ka: doesn't show hand 
*** SUMMARY ***
Total pot $1 | Rake $0 
Seat 1: stevoooo34 folded before Flop (didn't bet)
Seat 2: drburner503 folded before Flop (didn't bet)
Seat 3: active27 (button) folded before Flop (didn't bet)
Seat 4: Manifestorr (small blind) folded before Flop
Seat 5: v1lo4ka (big blind) collected ($1)
Seat 6: Bejondeiala folded before Flop (didn't bet)



PokerStars Hand #254201109663:  Hold'em No Limit ($0.50/$1.00 USD) - 2025/01/04 1:31:45 WET [2025/01/04 20:31:45 ET]
Table 'Klotho II' 6-max Seat #4 is the button
Seat 1: stevoooo34 ($42.07 in chips) 
Seat 2: drburner503 ($101.63 in chips) 
Seat 3: active27 ($71.01 in chips) 
Seat 4: Manifestorr ($127.92 in chips) 
Seat 5: v1lo4ka ($101.70 in chips) 
Seat 6: Bejondeiala ($106.74 in chips) 
v1lo4ka: posts small blind $0.50
Bejondeiala: posts big blind $1
*** HOLE CARDS ***
stevoooo34: folds 
drburner503: folds 
active27: raises $2 to $3
Manifestorr: folds 
v1lo4ka: folds 
Bejondeiala: calls $2
*** FLOP *** [7h Jc 6s]
Bejondeiala: checks 
active27: checks 
*** TURN *** [7h Jc 6s] [5d]
Bejondeiala: checks 
active27: checks 
*** RIVER *** [7h Jc 6s 5d] [3d]
Bejondeiala: checks 
active27: checks 
*** SHOW DOWN ***
Bejondeiala: shows [Ad 6d] (a pair of Sixes)
active27: mucks hand 
Bejondeiala collected $6.18 from pot
*** SUMMARY ***
Total pot $6.50 | Rake $0.32 
Board [7h Jc 6s 5d 3d]
Seat 1: stevoooo34 folded before Flop (didn't bet)
Seat 2: drburner503 folded before Flop (didn't bet)
Seat 3: active27 mucked
Seat 4: Manifestorr (button) folded before Flop (didn't bet)
Seat 5: v1lo4ka (small blind) folded before Flop
Seat 6: Bejondeiala (big blind) showed [Ad 6d] and won ($6.18) with a pair of Sixes



PokerStars Hand #254201122101:  Hold'em No Limit ($0.50/$1.00 USD) - 2025/01/04 1:32:45 WET [2025/01/04 20:32:45 ET]
Table 'Klotho II' 6-max Seat #5 is the button
Seat 1: stevoooo34 ($42.07 in chips) 
Seat 2: drburner503 ($101.63 in chips) 
Seat 3: active27 ($80.59 in chips) 
Seat 4: Manifestorr ($127.92 in chips) 
Seat 5: v1lo4ka ($101.20 in chips) 
Seat 6: Bejondeiala ($109.92 in chips) 
Bejondeiala: posts small blind $0.50
stevoooo34: posts big blind $1
*** HOLE CARDS ***
drburner503: calls $1
active27: folds 
Manifestorr: folds 
v1lo4ka: raises $3 to $4
Bejondeiala: folds 
stevoooo34: calls $3
drburner503: calls $3
*** FLOP *** [6d Kh Jd]
stevoooo34: checks 
drburner503: checks 
v1lo4ka: checks 
*** TURN *** [6d Kh Jd] [Td]
stevoooo34: bets $5.94
drburner503: folds 
v1lo4ka: folds 
Uncalled bet ($5.94) returned to stevoooo34
stevoooo34 collected $11.88 from pot
*** SUMMARY ***
Total pot $12.50 | Rake $0.62 
Board [6d Kh Jd Td]
Seat 1: stevoooo34 (big blind) collected ($11.88)
Seat 2: drburner503 folded on the Turn
Seat 3: active27 folded before Flop (didn't bet)
Seat 4: Manifestorr folded before Flop (didn't bet)
Seat 5: v1lo4ka (button) folded on the Turn
Seat 6: Bejondeiala (small blind) folded before Flop



PokerStars Hand #254201128750:  Hold'em No Limit ($0.50/$1.00 USD) - 2025/01/04 1:33:17 WET [2025/01/04 20:33:17 ET]
Table 'Klotho II' 6-max Seat #6 is the button
Seat 1: stevoooo34 ($49.95 in chips) 
Seat 2: drburner503 ($97.63 in chips) 
Seat 3: active27 ($80.59 in chips) 
Seat 4: Manifestorr ($127.92 in chips) 
Seat 5: v1lo4ka ($100 in chips) 
Seat 6: Bejondeiala ($109.42 in chips) 
stevoooo34: posts small blind $0.50
drburner503: posts big blind $1
*** HOLE CARDS ***
active27: folds 
Manifestorr: raises $1.20 to $2.20
v1lo4ka: folds 
Bejondeiala: folds 
stevoooo34: folds 
drburner503: calls $1.20
*** FLOP *** [3h 7h Qc]
drburner503: bets $2
Manifestorr: raises $4 to $6
drburner503: calls $4
*** TURN *** [3h 7h Qc] [4s]
drburner503: bets $8.03
Manifestorr: raises $16.97 to $25
drburner503: folds 
Uncalled bet ($16.97) returned to Manifestorr
Manifestorr collected $31.31 from pot
*** SUMMARY ***
Total pot $32.96 | Rake $1.65 
Board [3h 7h Qc 4s]
Seat 1: stevoooo34 (small blind) folded before Flop
Seat 2: drburner503 (big blind) folded on the Turn
Seat 3: active27 folded before Flop (didn't bet)
Seat 4: Manifestorr collected ($31.31)
Seat 5: v1lo4ka folded before Flop (didn't bet)
Seat 6: Bejondeiala (button) folded before Flop (didn't bet)



PokerStars Hand #254201143329:  Hold'em No Limit ($0.50/$1.00 USD) - 2025/01/04 1:34:27 WET [2025/01/04 20:34:27 ET]
Table 'Klotho II' 6-max Seat #1 is the button
Seat 1: stevoooo34 ($49.45 in chips) 
Seat 2: drburner503 ($81.40 in chips) 
Seat 3: active27 ($80.59 in chips) 
Seat 4: Manifestorr ($143 in chips) 
Seat 5: v1lo4ka ($100 in chips) 
Seat 6: Bejondeiala ($109.42 in chips) 
drburner503: posts small blind $0.50
active27: posts big blind $1
*** HOLE CARDS ***
Manifestorr: folds 
v1lo4ka: folds 
Bejondeiala: raises $1.10 to $2.10
stevoooo34: folds 
drburner503: calls $1.60
active27: folds 
*** FLOP *** [7h 4h Kd]
drburner503: checks 
Bejondeiala: bets $1.73
drburner503: calls $1.73
*** TURN *** [7h 4h Kd] [9h]
drburner503: bets $4.12
Bejondeiala: calls $4.12
*** RIVER *** [7h 4h Kd 9h] [7d]
drburner503: bets $8.03
Bejondeiala: calls $8.03
*** SHOW DOWN ***
drburner503: shows [8h Jh] (a flush, Jack high)
Bejondeiala: mucks hand 
drburner503 collected $31.31 from pot
*** SUMMARY ***
Total pot $32.96 | Rake $1.65 
Board [7h 4h Kd 9h 7d]
Seat 1: stevoooo34 (button) folded before Flop (didn't bet)
Seat 2: drburner503 (small blind) showed [8h Jh] and won ($31.31) with a flush, Jack high
Seat 3: active27 (big blind) folded before Flop
Seat 4: Manifestorr folded before Flop (didn't bet)
Seat 5: v1lo4ka folded before Flop (didn't bet)
Seat 6: Bejondeiala mucked



PokerStars Hand #254201158462:  Hold'em No Limit ($0.50/$1.00 USD) - 2025/01/04 1:35:39 WET [2025/01/04 20:35:39 ET]
Table 'Klotho II' 6-max Seat #2 is the button
Seat 1: stevoooo34 ($49.45 in chips) 
Seat 2: drburner503 ($96.73 in chips) 
Seat 3: active27 ($79.59 in chips) 
Seat 4: Manifestorr ($143 in chips) 
Seat 5: v1lo4ka ($100 in chips) 
Seat 6: Bejondeiala ($100 in chips) 
active27: posts small blind $0.50
Manifestorr: posts big blind $1
*** HOLE CARDS ***
v1lo4ka: folds 
Bejondeiala: folds 
stevoooo34: folds 
drburner503: raises $1 to $2
active27: folds 
Manifestorr: folds 
Uncalled bet ($1) returned to drburner503
drburner503 collected $2.50 from pot
drburner503: doesn't show hand 
*** SUMMARY ***
Total pot $2.50 | Rake $0 
Seat 1: stevoooo34 folded before Flop (didn't bet)
Seat 2: drburner503 (button) collected ($2.50)
Seat 3: active27 (small blind) folded before Flop
Seat 4: Manifestorr (big blind) folded before Flop
Seat 5: v1lo4ka folded before Flop (didn't bet)
Seat 6: Bejondeiala folded before Flop (didn't bet)



PokerStars Hand #254201164579:  Hold'em No Limit ($0.50/$1.00 USD) - 2025/01/04 1:36:09 WET [2025/01/04 20:36:09 ET]
Table 'Klotho II' 6-max Seat #3 is the button
Seat 1: stevoooo34 ($49.45 in chips) 
Seat 2: drburner503 ($98.23 in chips) 
Seat 3: active27 ($79.09 in chips) 
Seat 4: Manifestorr ($142 in chips) 
Seat 5: v1lo4ka ($100 in chips) 
Seat 6: Bejondeiala ($100 in chips) 
Manifestorr: posts small blind $0.50
v1lo4ka: posts big blind $1
*** HOLE CARDS ***
Bejondeiala: raises $1.10 to $2.10
stevoooo34: folds 
drburner503: folds 
active27: folds 
Manifestorr: folds 
v1lo4ka: folds 
Uncalled bet ($1.10) returned to Bejondeiala
Bejondeiala collected $2.50 from pot
Bejondeiala: doesn't show hand 
*** SUMMARY ***
Total pot $2.50 | Rake $0 
Seat 1: stevoooo34 folded before Flop (didn't bet)
Seat 2: drburner503 folded before Flop (didn't bet)
Seat 3: active27 (button) folded before Flop (didn't bet)
Seat 4: Manifestorr (small blind) folded before Flop
Seat 5: v1lo4ka (big blind) folded before Flop
Seat 6: Bejondeiala collected ($2.50)



PokerStars Hand #254201169280:  Hold'em No Limit ($0.50/$1.00 USD) - 2025/01/04 1:36:32 WET [2025/01/04 20:36:32 ET]
Table 'Klotho II' 6-max Seat #4 is the button
Seat 1: stevoooo34 ($49.45 in chips) 
Seat 2: drburner503 ($98.23 in chips) 
Seat 3: active27 ($79.09 in chips) 
Seat 4: Manifestorr ($141.50 in chips) 
Seat 5: v1lo4ka ($100 in chips) 
Seat 6: Bejondeiala ($101.50 in chips) 
v1lo4ka: posts small blind $0.50
Bejondeiala: posts big blind $1
*** HOLE CARDS ***
stevoooo34: raises $1 to $2
drburner503: folds 
active27: calls $2
Manifestorr: folds 
v1lo4ka: folds 
Bejondeiala: folds 
*** FLOP *** [Kd 7d Ks]
stevoooo34: bets $2
active27: folds 
Uncalled bet ($2) returned to stevoooo34
stevoooo34 collected $5.22 from pot
*** SUMMARY ***
Total pot $5.50 | Rake $0.28 
Board [Kd 7d Ks]
Seat 1: stevoooo34 collected ($5.22)
Seat 2: drburner503 folded before Flop (didn't bet)
Seat 3: active27 folded on the Flop
Seat 4: Manifestorr (button) folded before Flop (didn't bet)
Seat 5: v1lo4ka (small blind) folded before Flop
Seat 6: Bejondeiala (big blind) folded before Flop



PokerStars Hand #254201177420:  Hold'em No Limit ($0.50/$1.00 USD) - 2025/01/04 1:37:10 WET [2025/01/04 20:37:10 ET]
Table 'Klotho II' 6-max Seat #5 is the button
Seat 1: stevoooo34 ($52.67 in chips) 
Seat 2: drburner503 ($98.23 in chips) 
Seat 3: active27 ($77.09 in chips) 
Seat 4: Manifestorr ($141.50 in chips) 
Seat 5: v1lo4ka ($100 in chips) 
Seat 6: Bejondeiala ($100.50 in chips) 
Bejondeiala: posts small blind $0.50
stevoooo34: posts big blind $1
*** HOLE CARDS ***
drburner503: folds 
active27: folds 
Manifestorr: raises $1.20 to $2.20
v1lo4ka: folds 
Bejondeiala: folds 
stevoooo34: folds 
Uncalled bet ($1.20) returned to Manifestorr
Manifestorr collected $2.50 from pot
*** SUMMARY ***
Total pot $2.50 | Rake $0 
Seat 1: stevoooo34 (big blind) folded before Flop
Seat 2: drburner503 folded before Flop (didn't bet)
Seat 3: active27 folded before Flop (didn't bet)
Seat 4: Manifestorr collected ($2.50)
Seat 5: v1lo4ka (button) folded before Flop (didn't bet)
Seat 6: Bejondeiala (small blind) folded before Flop



PokerStars Hand #254201183256:  Hold'em No Limit ($0.50/$1.00 USD) - 2025/01/04 1:37:38 WET [2025/01/04 20:37:38 ET]
Table 'Klotho II' 6-max Seat #6 is the button
Seat 1: stevoooo34 ($51.67 in chips) 
Seat 2: drburner503 ($98.23 in chips) 
Seat 3: active27 ($77.09 in chips) 
Seat 4: Manifestorr ($143 in chips) 
Seat 5: v1lo4ka ($100 in chips) 
Seat 6: Bejondeiala ($100 in chips) 
stevoooo34: posts small blind $0.50
drburner503: posts big blind $1
*** HOLE CARDS ***
active27: folds 
Manifestorr: folds 
v1lo4ka: folds 
Bejondeiala: folds 
stevoooo34: calls $0.50
drburner503: checks 
*** FLOP *** [Ac 4h Kh]
stevoooo34: checks 
drburner503: bets $1
stevoooo34: calls $1
*** TURN *** [Ac 4h Kh] [3c]
stevoooo34: checks 
drburner503: bets $2
stevoooo34: calls $2
*** RIVER *** [Ac 4h Kh 3c] [Js]
stevoooo34: checks 
drburner503: bets $3
stevoooo34: calls $3
*** SHOW DOWN ***
drburner503: shows [4s 3s] (two pair, Fours and Threes)
stevoooo34: mucks hand 
drburner503 collected $13.30 from pot
*** SUMMARY ***
Total pot $14 | Rake $0.70 
Board [Ac 4h Kh 3c Js]
Seat 1: stevoooo34 (small blind) mucked
Seat 2: drburner503 (big blind) showed [4s 3s] and won ($13.30) with two pair, Fours and Threes
Seat 3: active27 folded before Flop (didn't bet)
Seat 4: Manifestorr folded before Flop (didn't bet)
Seat 5: v1lo4ka folded before Flop (didn't bet)
Seat 6: Bejondeiala (button) folded before Flop (didn't bet)



PokerStars Hand #254201192367:  Hold'em No Limit ($0.50/$1.00 USD) - 2025/01/04 1:38:21 WET [2025/01/04 20:38:21 ET]
Table 'Klotho II' 6-max Seat #1 is the button
Seat 1: stevoooo34 ($44.67 in chips) 
Seat 2: drburner503 ($104.53 in chips) 
Seat 3: active27 ($77.09 in chips) 
Seat 4: Manifestorr ($143 in chips) 
Seat 5: v1lo4ka ($100 in chips) 
Seat 6: Bejondeiala ($100 in chips) 
drburner503: posts small blind $0.50
active27: posts big blind $1
*** HOLE CARDS ***
Manifestorr: folds 
v1lo4ka: folds 
Bejondeiala: raises $1.10 to $2.10
stevoooo34: folds 
drburner503: folds 
active27: folds 
Uncalled bet ($1.10) returned to Bejondeiala
Bejondeiala collected $2.50 from pot
Bejondeiala: doesn't show hand 
*** SUMMARY ***
Total pot $2.50 | Rake $0 
Seat 1: stevoooo34 (button) folded before Flop (didn't bet)
Seat 2: drburner503 (small blind) folded before Flop
Seat 3: active27 (big blind) folded before Flop
Seat 4: Manifestorr folded before Flop (didn't bet)
Seat 5: v1lo4ka folded before Flop (didn't bet)
Seat 6: Bejondeiala collected ($2.50)



PokerStars Hand #254201196649:  Hold'em No Limit ($0.50/$1.00 USD) - 2025/01/04 1:38:42 WET [2025/01/04 20:38:42 ET]
Table 'Klotho II' 6-max Seat #2 is the button
Seat 1: stevoooo34 ($44.67 in chips) 
Seat 2: drburner503 ($104.03 in chips) 
Seat 3: active27 ($76.09 in chips) 
Seat 4: Manifestorr ($143 in chips) 
Seat 5: v1lo4ka ($100 in chips) 
Seat 6: Bejondeiala ($101.50 in chips) 
active27: posts small blind $0.50
Manifestorr: posts big blind $1
*** HOLE CARDS ***
v1lo4ka: raises $1.50 to $2.50
Bejondeiala: folds 
stevoooo34: folds 
drburner503: calls $2.50
active27: raises $8.50 to $11
Manifestorr: folds 
v1lo4ka: folds 
drburner503: calls $8.50
*** FLOP *** [As Td 2d]
active27: bets $11
drburner503: folds 
Uncalled bet ($11) returned to active27
active27 collected $24.22 from pot
*** SUMMARY ***
Total pot $25.50 | Rake $1.28 
Board [As Td 2d]
Seat 1: stevoooo34 folded before Flop (didn't bet)
Seat 2: drburner503 (button) folded on the Flop
Seat 3: active27 (small blind) collected ($24.22)
Seat 4: Manifestorr (big blind) folded before Flop
Seat 5: v1lo4ka folded before Flop
Seat 6: Bejondeiala folded before Flop (didn't bet)



PokerStars Hand #254201208965:  Hold'em No Limit ($0.50/$1.00 USD) - 2025/01/04 1:39:40 WET [2025/01/04 20:39:40 ET]
Table 'Klotho II' 6-max Seat #3 is the button
Seat 1: stevoooo34 ($44.67 in chips) 
Seat 2: drburner503 ($93.03 in chips) 
Seat 3: active27 ($89.31 in chips) 
Seat 4: Manifestorr ($142 in chips) 
Seat 5: v1lo4ka ($100 in chips) 
Seat 6: Bejondeiala ($101.50 in chips) 
Manifestorr: posts small blind $0.50
v1lo4ka: posts big blind $1
*** HOLE CARDS ***
Bejondeiala: folds 
stevoooo34: folds 
drburner503: folds 
active27: folds 
Manifestorr: folds 
Uncalled bet ($0.50) returned to v1lo4ka
v1lo4ka collected $1 from pot
v1lo4ka: doesn't show hand 
*** SUMMARY ***
Total pot $1 | Rake $0 
Seat 1: stevoooo34 folded before Flop (didn't bet)
Seat 2: drburner503 folded before Flop (didn't bet)
Seat 3: active27 (button) folded before Flop (didn't bet)
Seat 4: Manifestorr (small blind) folded before Flop
Seat 5: v1lo4ka (big blind) collected ($1)
Seat 6: Bejondeiala folded before Flop (didn't bet)



PokerStars Hand #254201214468:  Hold'em No Limit ($0.50/$1.00 USD) - 2025/01/04 1:40:07 WET [2025/01/04 20:40:07 ET]
Table 'Klotho II' 6-max Seat #4 is the button
Seat 1: stevoooo34 ($44.67 in chips) 
Seat 2: drburner503 ($93.03 in chips) 
Seat 3: active27 ($89.31 in chips) 
Seat 4: Manifestorr ($141.50 in chips) 
Seat 5: v1lo4ka ($100.50 in chips) 
Seat 6: Bejondeiala ($101.50 in chips) 
v1lo4ka: posts small blind $0.50
Bejondeiala: posts big blind $1
*** HOLE CARDS ***
stevoooo34: folds 
drburner503: folds 
active27: raises $2 to $3
Manifestorr: folds 
v1lo4ka: folds 
Bejondeiala: folds 
Uncalled bet ($2) returned to active27
active27 collected $2.50 from pot
*** SUMMARY ***
Total pot $2.50 | Rake $0 
Seat 1: stevoooo34 folded before Flop (didn't bet)
Seat 2: drburner503 folded before Flop (didn't bet)
Seat 3: active27 collected ($2.50)
Seat 4: Manifestorr (button) folded before Flop (didn't bet)
Seat 5: v1lo4ka (small blind) folded before Flop
Seat 6: Bejondeiala (big blind) folded before Flop



PokerStars Hand #254201219115:  Hold'em No Limit ($0.50/$1.00 USD) - 2025/01/04 1:40:29 WET [2025/01/04 20:40:29 ET]
Table 'Klotho II' 6-max Seat #5 is the button
Seat 1: stevoooo34 ($44.67 in chips) 
Seat 2: drburner503 ($93.03 in chips) 
Seat 3: active27 ($90.81 in chips) 
Seat 4: Manifestorr ($141.50 in chips) 
Seat 5: v1lo4ka ($100 in chips) 
Seat 6: Bejondeiala ($100.50 in chips) 
Bejondeiala: posts small blind $0.50
stevoooo34: posts big blind $1
*** HOLE CARDS ***
drburner503: folds 
active27: raises $2 to $3
Manifestorr: folds 
v1lo4ka: folds 
Bejondeiala: folds 
stevoooo34: folds 
Uncalled bet ($2) returned to active27
active27 collected $2.50 from pot
*** SUMMARY ***
Total pot $2.50 | Rake $0 
Seat 1: stevoooo34 (big blind) folded before Flop
Seat 2: drburner503 folded before Flop (didn't bet)
Seat 3: active27 collected ($2.50)
Seat 4: Manifestorr folded before Flop (didn't bet)
Seat 5: v1lo4ka (button) folded before Flop (didn't bet)
Seat 6: Bejondeiala (small blind) folded before Flop



PokerStars Hand #254201223112:  Hold'em No Limit ($0.50/$1.00 USD) - 2025/01/04 1:40:48 WET [2025/01/04 20:40:48 ET]
Table 'Klotho II' 6-max Seat #6 is the button
Seat 1: stevoooo34 ($43.67 in chips) 
Seat 2: drburner503 ($93.03 in chips) 
Seat 3: active27 ($92.31 in chips) 
Seat 4: Manifestorr ($141.50 in chips) 
Seat 5: v1lo4ka ($100 in chips) 
Seat 6: Bejondeiala ($100 in chips) 
stevoooo34: posts small blind $0.50
drburner503: posts big blind $1
*** HOLE CARDS ***
active27: raises $2 to $3
Manifestorr: folds 
v1lo4ka: folds 
Bejondeiala: folds 
stevoooo34: calls $2.50
drburner503: folds 
*** FLOP *** [4s 4d 4h]
stevoooo34: checks 
active27: checks 
*** TURN *** [4s 4d 4h] [3d]
stevoooo34: bets $6.65
active27: folds 
Uncalled bet ($6.65) returned to stevoooo34
stevoooo34 collected $6.65 from pot
*** SUMMARY ***
Total pot $7 | Rake $0.35 
Board [4s 4d 4h 3d]
Seat 1: stevoooo34 (small blind) collected ($6.65)
Seat 2: drburner503 (big blind) folded before Flop
Seat 3: active27 folded on the Turn
Seat 4: Manifestorr folded before Flop (didn't bet)
Seat 5: v1lo4ka folded before Flop (didn't bet)
Seat 6: Bejondeiala (button) folded before Flop (didn't bet)



PokerStars Hand #254201235283:  Hold'em No Limit ($0.50/$1.00 USD) - 2025/01/04 1:41:47 WET [2025/01/04 20:41:47 ET]
Table 'Klotho II' 6-max Seat #1 is the button
Seat 1: stevoooo34 ($47.32 in chips) 
Seat 2: drburner503 ($92.03 in chips) 
Seat 3: active27 ($89.31 in chips) 
Seat 4: Manifestorr ($141.50 in chips) 
Seat 5: v1lo4ka ($100 in chips) 
Seat 6: Bejondeiala ($100 in chips) 
drburner503: posts small blind $0.50
active27: posts big blind $1
*** HOLE CARDS ***
Manifestorr: folds 
v1lo4ka: folds 
Bejondeiala: folds 
stevoooo34: folds 
drburner503: raises $2 to $3
active27: folds 
Uncalled bet ($2) returned to drburner503
drburner503 collected $2 from pot
drburner503: doesn't show hand 
*** SUMMARY ***
Total pot $2 | Rake $0 
Seat 1: stevoooo34 (button) folded before Flop (didn't bet)
Seat 2: drburner503 (small blind) collected ($2)
Seat 3: active27 (big blind) folded before Flop
Seat 4: Manifestorr folded before Flop (didn't bet)
Seat 5: v1lo4ka folded before Flop (didn't bet)
Seat 6: Bejondeiala folded before Flop (didn't bet)



PokerStars Hand #254201240029:  Hold'em No Limit ($0.50/$1.00 USD) - 2025/01/04 1:42:10 WET [2025/01/04 20:42:10 ET]
Table 'Klotho II' 6-max Seat #2 is the button
Seat 1: stevoooo34 ($47.32 in chips) 
Seat 2: drburner503 ($93.03 in chips) 
Seat 3: active27 ($88.31 in chips) 
Seat 4: Manifestorr ($141.50 in chips) 
Seat 5: v1lo4ka ($100 in chips) 
Seat 6: Bejondeiala ($100 in chips) 
active27: posts small blind $0.50
Manifestorr: posts big blind $1
*** HOLE CARDS ***
v1lo4ka: folds 
Bejondeiala: folds 
stevoooo34: folds 
drburner503: calls $1
active27: folds 
Manifestorr: checks 
*** FLOP *** [9s 4h Kh]
Manifestorr: checks 
drburner503: checks 
*** TURN *** [9s 4h Kh] [6h]
Manifestorr: checks 
drburner503: bets $1
Manifestorr: folds 
Uncalled bet ($1) returned to drburner503
drburner503 collected $2.38 from pot
drburner503: doesn't show hand 
*** SUMMARY ***
Total pot $2.50 | Rake $0.12 
Board [9s 4h Kh 6h]
Seat 1: stevoooo34 folded before Flop (didn't bet)
Seat 2: drburner503 (button) collected ($2.38)
Seat 3: active27 (small blind) folded before Flop
Seat 4: Manifestorr (big blind) folded on the Turn
Seat 5: v1lo4ka folded before Flop (didn't bet)
Seat 6: Bejondeiala folded before Flop (didn't bet)



PokerStars Hand #254201245305:  Hold'em No Limit ($0.50/$1.00 USD) - 2025/01/04 1:42:36 WET [2025/01/04 20:42:36 ET]
Table 'Klotho II' 6-max Seat #3 is the button
Seat 1: stevoooo34 ($47.32 in chips) 
Seat 2: drburner503 ($94.41 in chips) 
Seat 3: active27 ($87.81 in chips) 
Seat 4: Manifestorr ($140.50 in chips) 
Seat 5: v1lo4ka ($100 in chips) 
Seat 6: Bejondeiala ($100 in chips) 
Manifestorr: posts small blind $0.50
v1lo4ka: posts big blind $1
*** HOLE CARDS ***
Bejondeiala: folds 
stevoooo34: folds 
drburner503: calls $1
active27: calls $1
Manifestorr: folds 
v1lo4ka: checks 
*** FLOP *** [9h Js 7h]
v1lo4ka: checks 
drburner503: bets $1
active27: calls $1
v1lo4ka: calls $1
*** TURN *** [9h Js 7h] [8h]
v1lo4ka: checks 
drburner503: bets $3
active27: calls $3
v1lo4ka: folds 
*** RIVER *** [9h Js 7h 8h] [Ts]
drburner503: bets $4
active27: calls $4
*** SHOW DOWN ***
drburner503: shows [Qs 9s] (a straight, Eight to Queen)
active27: shows [8c Qh] (a straight, Eight to Queen)
drburner503 collected $9.74 from pot
active27 collected $9.74 from pot
*** SUMMARY ***
Total pot $20.50 | Rake $1.02 
Board [9h Js 7h 8h Ts]
Seat 1: stevoooo34 folded before Flop (didn't bet)
Seat 2: drburner503 showed [Qs 9s] and won ($9.74) with a straight, Eight to Queen
Seat 3: active27 (button) showed [8c Qh] and won ($9.74) with a straight, Eight to Queen
Seat 4: Manifestorr (small blind) folded before Flop
Seat 5: v1lo4ka (big blind) folded on the Turn
Seat 6: Bejondeiala folded before Flop (didn't bet)



PokerStars Hand #254201257388:  Hold'em No Limit ($0.50/$1.00 USD) - 2025/01/04 1:43:34 WET [2025/01/04 20:43:34 ET]
Table 'Klotho II' 6-max Seat #4 is the button
Seat 1: stevoooo34 ($47.32 in chips) 
Seat 2: drburner503 ($95.15 in chips) 
Seat 3: active27 ($88.55 in chips) 
Seat 4: Manifestorr ($140 in chips) 
Seat 5: v1lo4ka ($100 in chips) 
Seat 6: Bejondeiala ($100 in chips) 
v1lo4ka: posts small blind $0.50
Bejondeiala: posts big blind $1
*** HOLE CARDS ***
stevoooo34: folds 
drburner503: raises $2 to $3
active27: folds 
Manifestorr: raises $6 to $9
v1lo4ka: folds 
Bejondeiala: folds 
drburner503: calls $6
*** FLOP *** [Js Kd 6h]
drburner503: bets $7
Manifestorr: calls $7
*** TURN *** [Js Kd 6h] [2s]
drburner503: bets $16
Manifestorr: folds 
Uncalled bet ($16) returned to drburner503
drburner503 collected $31.82 from pot
drburner503: doesn't show hand 
*** SUMMARY ***
Total pot $33.50 | Rake $1.68 
Board [Js Kd 6h 2s]
Seat 1: stevoooo34 folded before Flop (didn't bet)
Seat 2: drburner503 collected ($31.82)
Seat 3: active27 folded before Flop (didn't bet)
Seat 4: Manifestorr (button) folded on the Turn
Seat 5: v1lo4ka (small blind) folded before Flop
Seat 6: Bejondeiala (big blind) folded before Flop



PokerStars Hand #254201269476:  Hold'em No Limit ($0.50/$1.00 USD) - 2025/01/04 1:44:34 WET [2025/01/04 20:44:34 ET]
Table 'Klotho II' 6-max Seat #5 is the button
Seat 1: stevoooo34 ($47.32 in chips) 
Seat 2: drburner503 ($110.97 in chips) 
Seat 3: active27 ($88.55 in chips) 
Seat 4: Manifestorr ($124 in chips) 
Seat 5: v1lo4ka ($100 in chips) 
Seat 6: Bejondeiala ($100 in chips) 
Bejondeiala: posts small blind $0.50
stevoooo34: posts big blind $1
*** HOLE CARDS ***
drburner503: raises $2 to $3
active27: calls $3
Manifestorr: folds 
v1lo4ka: folds 
Bejondeiala: folds 
stevoooo34: folds 
*** FLOP *** [Qs Qc 4d]
drburner503: bets $3
active27: calls $3
*** TURN *** [Qs Qc 4d] [3d]
drburner503: bets $5
active27: calls $5
*** RIVER *** [Qs Qc 4d 3d] [Qh]
drburner503: bets $9
active27: calls $9
*** SHOW DOWN ***
drburner503: shows [Kh Kd] (a full house, Queens full of Kings)
active27: mucks hand 
drburner503 collected $39.42 from pot
*** SUMMARY ***
Total pot $41.50 | Rake $2.08 
Board [Qs Qc 4d 3d Qh]
Seat 1: stevoooo34 (big blind) folded before Flop
Seat 2: drburner503 showed [Kh Kd] and won ($39.42) with a full house, Queens full of Kings
Seat 3: active27 mucked
Seat 4: Manifestorr folded before Flop (didn't bet)
Seat 5: v1lo4ka (button) folded before Flop (didn't bet)
Seat 6: Bejondeiala (small blind) folded before Flop



PokerStars Hand #254201283319:  Hold'em No Limit ($0.50/$1.00 USD) - 2025/01/04 1:45:42 WET [2025/01/04 20:45:42 ET]
Table 'Klotho II' 6-max Seat #6 is the button
Seat 1: stevoooo34 ($46.32 in chips) 
Seat 2: drburner503 ($130.39 in chips) 
Seat 3: active27 ($68.55 in chips) 
Seat 4: Manifestorr ($124 in chips) 
Seat 5: v1lo4ka ($100 in chips) 
Seat 6: Bejondeiala ($100 in chips) 
stevoooo34: posts small blind $0.50
drburner503: posts big blind $1
*** HOLE CARDS ***
active27: folds 
Manifestorr: folds 
v1lo4ka: raises $1.50 to $2.50
Bejondeiala: calls $2.50
stevoooo34: calls $2
drburner503: folds 
*** FLOP *** [7h Qd Ac]
stevoooo34: checks 
v1lo4ka: bets $4.12
Bejondeiala: raises $9.16 to $13.28
stevoooo34: folds 
v1lo4ka: folds 
Uncalled bet ($9.16) returned to Bejondeiala
Bejondeiala collected $15.90 from pot
Bejondeiala: doesn't show hand 
*** SUMMARY ***
Total pot $16.74 | Rake $0.84 
Board [7h Qd Ac]
Seat 1: stevoooo34 (small blind) folded on the Flop
Seat 2: drburner503 (big blind) folded before Flop
Seat 3: active27 folded before Flop (didn't bet)
Seat 4: Manifestorr folded before Flop (didn't bet)
Seat 5: v1lo4ka folded on the Flop
Seat 6: Bejondeiala (button) collected ($15.90)



PokerStars Hand #254201295920:  Hold'em No Limit ($0.50/$1.00 USD) - 2025/01/04 1:46:45 WET [2025/01/04 20:46:45 ET]
Table 'Klotho II' 6-max Seat #1 is the button
Seat 1: stevoooo34 ($43.82 in chips) 
Seat 2: drburner503 ($129.39 in chips) 
Seat 3: active27 ($68.55 in chips) 
Seat 4: Manifestorr ($124 in chips) 
Seat 5: v1lo4ka ($100 in chips) 
Seat 6: Bejondeiala ($109.28 in chips) 
drburner503: posts small blind $0.50
active27: posts big blind $1
*** HOLE CARDS ***
Manifestorr: folds 
v1lo4ka: folds 
Bejondeiala: folds 
stevoooo34: folds 
drburner503: raises $1 to $2
active27: raises $4 to $6
drburner503: calls $4
*** FLOP *** [8h 7d Jd]
drburner503: checks 
active27: bets $5.86
drburner503: folds 
Uncalled bet ($5.86) returned to active27
active27 collected $11.40 from pot
*** SUMMARY ***
Total pot $12 | Rake $0.60 
Board [8h 7d Jd]
Seat 1: stevoooo34 (button) folded before Flop (didn't bet)
Seat 2: drburner503 (small blind) folded on the Flop
Seat 3: active27 (big blind) collected ($11.40)
Seat 4: Manifestorr folded before Flop (didn't bet)
Seat 5: v1lo4ka folded before Flop (didn't bet)
Seat 6: Bejondeiala folded before Flop (didn't bet)



PokerStars Hand #254201306364:  Hold'em No Limit ($0.50/$1.00 USD) - 2025/01/04 1:47:38 WET [2025/01/04 20:47:38 ET]
Table 'Klotho II' 6-max Seat #2 is the button
Seat 1: stevoooo34 ($43.82 in chips) 
Seat 2: drburner503 ($123.39 in chips) 
Seat 3: active27 ($73.95 in chips) 
Seat 4: Manifestorr ($124 in chips) 
Seat 5: v1lo4ka ($100 in chips) 
Seat 6: Bejondeiala ($109.28 in chips) 
active27: posts small blind $0.50
Manifestorr: posts big blind $1
*** HOLE CARDS ***
v1lo4ka: folds 
Bejondeiala: folds 
stevoooo34: folds 
drburner503: calls $1
active27: raises $2 to $3
Manifestorr: folds 
drburner503: calls $2
*** FLOP *** [6c 2h Ks]
active27: checks 
drburner503: checks 
*** TURN *** [6c 2h Ks] [8h]
active27: checks 
drburner503: checks 
*** RIVER *** [6c 2h Ks 8h] [7c]
active27: checks 
drburner503: bets $3
active27: folds 
Uncalled bet ($3) returned to drburner503
drburner503 collected $6.65 from pot
drburner503: doesn't show hand 
*** SUMMARY ***
Total pot $7 | Rake $0.35 
Board [6c 2h Ks 8h 7c]
Seat 1: stevoooo34 folded before Flop (didn't bet)
Seat 2: drburner503 (button) collected ($6.65)
Seat 3: active27 (small blind) folded on the River
Seat 4: Manifestorr (big blind) folded before Flop
Seat 5: v1lo4ka folded before Flop (didn't bet)
Seat 6: Bejondeiala folded before Flop (didn't bet)



PokerStars Hand #254201315084:  Hold'em No Limit ($0.50/$1.00 USD) - 2025/01/04 1:48:21 WET [2025/01/04 20:48:21 ET]
Table 'Klotho II' 6-max Seat #3 is the button
Seat 1: stevoooo34 ($43.82 in chips) 
Seat 2: drburner503 ($127.04 in chips) 
Seat 3: active27 ($70.95 in chips) 
Seat 4: Manifestorr ($123 in chips) 
Seat 5: v1lo4ka ($100 in chips) 
Seat 6: Bejondeiala ($109.28 in chips) 
Manifestorr: posts small blind $0.50
v1lo4ka: posts big blind $1
*** HOLE CARDS ***
Bejondeiala: folds 
stevoooo34: calls $1
drburner503: calls $1
active27: folds 
Manifestorr: raises $6 to $7
v1lo4ka: calls $6
stevoooo34: calls $6
drburner503: folds 
*** FLOP *** [5s 9s Th]
Manifestorr: checks 
v1lo4ka: bets $11.50
stevoooo34: folds 
Manifestorr: calls $11.50
*** TURN *** [5s 9s Th] [Ts]
Manifestorr: checks 
v1lo4ka: checks 
*** RIVER *** [5s 9s Th Ts] [9h]
Manifestorr: checks 
v1lo4ka: checks 
*** SHOW DOWN ***
Manifestorr: shows [Kh Ah] (two pair, Tens and Nines)
v1lo4ka: shows [Qs Qc] (two pair, Queens and Tens)
v1lo4ka collected $42.75 from pot
*** SUMMARY ***
Total pot $45 | Rake $2.25 
Board [5s 9s Th Ts 9h]
Seat 1: stevoooo34 folded on the Flop
Seat 2: drburner503 folded before Flop
Seat 3: active27 (button) folded before Flop (didn't bet)
Seat 4: Manifestorr (small blind) showed [Kh Ah] and lost with two pair, Tens and Nines
Seat 5: v1lo4ka (big blind) showed [Qs Qc] and won ($42.75) with two pair, Queens and Tens
Seat 6: Bejondeiala folded before Flop (didn't bet)



PokerStars Hand #254201332040:  Hold'em No Limit ($0.50/$1.00 USD) - 2025/01/04 1:49:46 WET [2025/01/04 20:49:46 ET]
Table 'Klotho II' 6-max Seat #4 is the button
Seat 1: stevoooo34 ($36.82 in chips) 
Seat 2: drburner503 ($126.04 in chips) 
Seat 3: active27 ($70.95 in chips) 
Seat 4: Manifestorr ($104.50 in chips) 
Seat 5: v1lo4ka ($124.25 in chips) 
Seat 6: Bejondeiala ($109.28 in chips) 
v1lo4ka: posts small blind $0.50
Bejondeiala: posts big blind $1
*** HOLE CARDS ***
stevoooo34: folds 
drburner503: folds 
active27: folds 
Manifestorr: folds 
v1lo4ka: raises $2 to $3
Bejondeiala: raises $6 to $9
v1lo4ka: raises $115.25 to $124.25 and is all-in
Bejondeiala: calls $100.28 and is all-in
Uncalled bet ($14.97) returned to v1lo4ka
*** FLOP *** [9c 8h 4s]
*** TURN *** [9c 8h 4s] [3c]
*** RIVER *** [9c 8h 4s 3c] [Tc]
*** SHOW DOWN ***
v1lo4ka: shows [Ac 9h] (a pair of Nines)
Bejondeiala: shows [Ad As] (a pair of Aces)
Bejondeiala cashed out the hand for $197.30 | Cash Out Fee $4.03
*** SUMMARY ***
Total pot $218.56 | Rake $2.50 
Board [9c 8h 4s 3c Tc]
Seat 1: stevoooo34 folded before Flop (didn't bet)
Seat 2: drburner503 folded before Flop (didn't bet)
Seat 3: active27 folded before Flop (didn't bet)
Seat 4: Manifestorr (button) folded before Flop (didn't bet)
Seat 5: v1lo4ka (small blind) showed [Ac 9h] and lost with a pair of Nines
Seat 6: Bejondeiala (big blind) showed [Ad As] and won ($216.06) with a pair of Aces (pot not awarded as player cashed out)



PokerStars Hand #254201340603:  Hold'em No Limit ($0.50/$1.00 USD) - 2025/01/04 1:50:28 WET [2025/01/04 20:50:28 ET]
Table 'Klotho II' 6-max Seat #5 is the button
Seat 1: stevoooo34 ($36.82 in chips) 
Seat 2: drburner503 ($126.04 in chips) 
Seat 3: active27 ($70.95 in chips) 
Seat 4: Manifestorr ($104.50 in chips) 
Seat 5: v1lo4ka ($100 in chips) 
Seat 6: Bejondeiala ($197.30 in chips) 
Bejondeiala: posts small blind $0.50
stevoooo34: posts big blind $1
*** HOLE CARDS ***
drburner503: folds 
active27: folds 
Manifestorr: raises $1.20 to $2.20
v1lo4ka: folds 
Bejondeiala: folds 
stevoooo34: calls $1.20
*** FLOP *** [8c 5h Kd]
stevoooo34: checks 
Manifestorr: checks 
*** TURN *** [8c 5h Kd] [Ts]
stevoooo34: checks 
Manifestorr: bets $1.54
stevoooo34: raises $4.54 to $6.08
Manifestorr: folds 
Uncalled bet ($4.54) returned to stevoooo34
stevoooo34 collected $7.58 from pot
*** SUMMARY ***
Total pot $7.98 | Rake $0.40 
Board [8c 5h Kd Ts]
Seat 1: stevoooo34 (big blind) collected ($7.58)
Seat 2: drburner503 folded before Flop (didn't bet)
Seat 3: active27 folded before Flop (didn't bet)
Seat 4: Manifestorr folded on the Turn
Seat 5: v1lo4ka (button) folded before Flop (didn't bet)
Seat 6: Bejondeiala (small blind) folded before Flop



PokerStars Hand #254201350662:  Hold'em No Limit ($0.50/$1.00 USD) - 2025/01/04 1:51:19 WET [2025/01/04 20:51:19 ET]
Table 'Klotho II' 6-max Seat #6 is the button
Seat 1: stevoooo34 ($40.66 in chips) 
Seat 2: drburner503 ($126.04 in chips) 
Seat 3: active27 ($70.95 in chips) 
Seat 4: Manifestorr ($100.76 in chips) 
Seat 5: v1lo4ka ($100 in chips) 
Seat 6: Bejondeiala ($196.80 in chips) 
stevoooo34: posts small blind $0.50
drburner503: posts big blind $1
*** HOLE CARDS ***
active27: folds 
Manifestorr: folds 
v1lo4ka: folds 
Bejondeiala: raises $1.50 to $2.50
stevoooo34: folds 
drburner503: folds 
Uncalled bet ($1.50) returned to Bejondeiala
Bejondeiala collected $2.50 from pot
Bejondeiala: doesn't show hand 
*** SUMMARY ***
Total pot $2.50 | Rake $0 
Seat 1: stevoooo34 (small blind) folded before Flop
Seat 2: drburner503 (big blind) folded before Flop
Seat 3: active27 folded before Flop (didn't bet)
Seat 4: Manifestorr folded before Flop (didn't bet)
Seat 5: v1lo4ka folded before Flop (didn't bet)
Seat 6: Bejondeiala (button) collected ($2.50)



PokerStars Hand #254201354508:  Hold'em No Limit ($0.50/$1.00 USD) - 2025/01/04 1:51:38 WET [2025/01/04 20:51:38 ET]
Table 'Klotho II' 6-max Seat #1 is the button
Seat 1: stevoooo34 ($40.16 in chips) 
Seat 2: drburner503 ($125.04 in chips) 
Seat 3: active27 ($70.95 in chips) 
Seat 4: Manifestorr ($100.76 in chips) 
Seat 5: v1lo4ka ($100 in chips) 
Seat 6: Bejondeiala ($198.30 in chips) 
drburner503: posts small blind $0.50
active27: posts big blind $1
*** HOLE CARDS ***
Manifestorr: folds 
v1lo4ka: folds 
Bejondeiala: folds 
stevoooo34: calls $1
drburner503: folds 
active27: checks 
*** FLOP *** [4c Ad 2h]
active27: checks 
stevoooo34: checks 
*** TURN *** [4c Ad 2h] [Td]
active27: checks 
stevoooo34: bets $3.38
active27: folds 
Uncalled bet ($3.38) returned to stevoooo34
stevoooo34 collected $2.38 from pot
*** SUMMARY ***
Total pot $2.50 | Rake $0.12 
Board [4c Ad 2h Td]
Seat 1: stevoooo34 (button) collected ($2.38)
Seat 2: drburner503 (small blind) folded before Flop
Seat 3: active27 (big blind) folded on the Turn
Seat 4: Manifestorr folded before Flop (didn't bet)
Seat 5: v1lo4ka folded before Flop (didn't bet)
Seat 6: Bejondeiala folded before Flop (didn't bet)



PokerStars Hand #254201360541:  Hold'em No Limit ($0.50/$1.00 USD) - 2025/01/04 1:52:09 WET [2025/01/04 20:52:09 ET]
Table 'Klotho II' 6-max Seat #2 is the button
Seat 1: stevoooo34 ($41.54 in chips) 
Seat 2: drburner503 ($124.54 in chips) 
Seat 3: active27 ($69.95 in chips) 
Seat 4: Manifestorr ($100.76 in chips) 
Seat 5: v1lo4ka ($100 in chips) 
Seat 6: Bejondeiala ($198.30 in chips) 
active27: posts small blind $0.50
Manifestorr: posts big blind $1
*** HOLE CARDS ***
v1lo4ka: raises $1.50 to $2.50
Bejondeiala: folds 
stevoooo34: folds 
drburner503: calls $2.50
active27: folds 
Manifestorr: folds 
*** FLOP *** [9s Ad Jh]
v1lo4ka: bets $2.04
drburner503: calls $2.04
*** TURN *** [9s Ad Jh] [3d]
v1lo4ka: bets $6.73
drburner503: calls $6.73
*** RIVER *** [9s Ad Jh 3d] [Jd]
v1lo4ka: checks 
drburner503: bets $7
v1lo4ka: calls $7
*** SHOW DOWN ***
drburner503: shows [Td 8d] (a flush, Ace high)
v1lo4ka: mucks hand 
drburner503 collected $36.14 from pot
*** SUMMARY ***
Total pot $38.04 | Rake $1.90 
Board [9s Ad Jh 3d Jd]
Seat 1: stevoooo34 folded before Flop (didn't bet)
Seat 2: drburner503 (button) showed [Td 8d] and won ($36.14) with a flush, Ace high
Seat 3: active27 (small blind) folded before Flop
Seat 4: Manifestorr (big blind) folded before Flop
Seat 5: v1lo4ka mucked
Seat 6: Bejondeiala folded before Flop (didn't bet)



PokerStars Hand #254201367471:  Hold'em No Limit ($0.50/$1.00 USD) - 2025/01/04 1:52:44 WET [2025/01/04 20:52:44 ET]
Table 'Klotho II' 6-max Seat #3 is the button
Seat 1: stevoooo34 ($41.54 in chips) 
Seat 2: drburner503 ($142.41 in chips) 
Seat 3: active27 ($69.45 in chips) 
Seat 4: Manifestorr ($100 in chips) 
Seat 5: v1lo4ka ($100 in chips) 
Seat 6: Bejondeiala ($198.30 in chips) 
Manifestorr: posts small blind $0.50
v1lo4ka: posts big blind $1
*** HOLE CARDS ***
Bejondeiala: folds 
stevoooo34: folds 
drburner503: calls $1
active27: folds 
Manifestorr: raises $5 to $6
v1lo4ka: folds 
drburner503: folds 
Uncalled bet ($5) returned to Manifestorr
Manifestorr collected $3 from pot
*** SUMMARY ***
Total pot $3 | Rake $0 
Seat 1: stevoooo34 folded before Flop (didn't bet)
Seat 2: drburner503 folded before Flop
Seat 3: active27 (button) folded before Flop (didn't bet)
Seat 4: Manifestorr (small blind) collected ($3)
Seat 5: v1lo4ka (big blind) folded before Flop
Seat 6: Bejondeiala folded before Flop (didn't bet)



PokerStars Hand #254201371085:  Hold'em No Limit ($0.50/$1.00 USD) - 2025/01/04 1:53:03 WET [2025/01/04 20:53:03 ET]
Table 'Klotho II' 6-max Seat #4 is the button
Seat 1: stevoooo34 ($41.54 in chips) 
Seat 2: drburner503 ($141.41 in chips) 
Seat 3: active27 ($69.45 in chips) 
Seat 4: Manifestorr ($102 in chips) 
Seat 5: v1lo4ka ($100 in chips) 
Seat 6: Bejondeiala ($198.30 in chips) 
v1lo4ka: posts small blind $0.50
Bejondeiala: posts big blind $1
*** HOLE CARDS ***
stevoooo34: folds 
drburner503: raises $1 to $2
active27: folds 
Manifestorr: folds 
v1lo4ka: folds 
Bejondeiala: folds 
Uncalled bet ($1) returned to drburner503
drburner503 collected $2.50 from pot
drburner503: doesn't show hand 
*** SUMMARY ***
Total pot $2.50 | Rake $0 
Seat 1: stevoooo34 folded before Flop (didn't bet)
Seat 2: drburner503 collected ($2.50)
Seat 3: active27 folded before Flop (didn't bet)
Seat 4: Manifestorr (button) folded before Flop (didn't bet)
Seat 5: v1lo4ka (small blind) folded before Flop
Seat 6: Bejondeiala (big blind) folded before Flop



PokerStars Hand #254201374843:  Hold'em No Limit ($0.50/$1.00 USD) - 2025/01/04 1:53:22 WET [2025/01/04 20:53:22 ET]
Table 'Klotho II' 6-max Seat #5 is the button
Seat 1: stevoooo34 ($41.54 in chips) 
Seat 2: drburner503 ($142.91 in chips) 
Seat 3: active27 ($69.45 in chips) 
Seat 4: Manifestorr ($102 in chips) 
Seat 5: v1lo4ka ($100 in chips) 
Seat 6: Bejondeiala ($197.30 in chips) 
Bejondeiala: posts small blind $0.50
stevoooo34: posts big blind $1
*** HOLE CARDS ***
drburner503: folds 
active27: folds 
Manifestorr: folds 
v1lo4ka: folds 
Bejondeiala: folds 
Uncalled bet ($0.50) returned to stevoooo34
stevoooo34 collected $1 from pot
*** SUMMARY ***
Total pot $1 | Rake $0 
Seat 1: stevoooo34 (big blind) collected ($1)
Seat 2: drburner503 folded before Flop (didn't bet)
Seat 3: active27 folded before Flop (didn't bet)
Seat 4: Manifestorr folded before Flop (didn't bet)
Seat 5: v1lo4ka (button) folded before Flop (didn't bet)
Seat 6: Bejondeiala (small blind) folded before Flop



PokerStars Hand #254201378137:  Hold'em No Limit ($0.50/$1.00 USD) - 2025/01/04 1:53:38 WET [2025/01/04 20:53:38 ET]
Table 'Klotho II' 6-max Seat #6 is the button
Seat 1: stevoooo34 ($42.04 in chips) 
Seat 2: drburner503 ($142.91 in chips) 
Seat 3: active27 ($69.45 in chips) 
Seat 4: Manifestorr ($102 in chips) 
Seat 5: v1lo4ka ($100 in chips) 
Seat 6: Bejondeiala ($196.80 in chips) 
stevoooo34: posts small blind $0.50
drburner503: posts big blind $1
*** HOLE CARDS ***
active27: folds 
Manifestorr: raises $1.20 to $2.20
v1lo4ka: folds 
Bejondeiala: folds 
stevoooo34: folds 
drburner503: calls $1.20
*** FLOP *** [7h 8c Ah]
drburner503: checks 
Manifestorr: bets $4.19
drburner503: calls $4.19
*** TURN *** [7h 8c Ah] [Tc]
drburner503: checks 
Manifestorr: bets $17.04
drburner503: folds 
Uncalled bet ($17.04) returned to Manifestorr
Manifestorr collected $12.62 from pot
*** SUMMARY ***
Total pot $13.28 | Rake $0.66 
Board [7h 8c Ah Tc]
Seat 1: stevoooo34 (small blind) folded before Flop
Seat 2: drburner503 (big blind) folded on the Turn
Seat 3: active27 folded before Flop (didn't bet)
Seat 4: Manifestorr collected ($12.62)
Seat 5: v1lo4ka folded before Flop (didn't bet)
Seat 6: Bejondeiala (button) folded before Flop (didn't bet)



PokerStars Hand #254201388590:  Hold'em No Limit ($0.50/$1.00 USD) - 2025/01/04 1:54:31 WET [2025/01/04 20:54:31 ET]
Table 'Klotho II' 6-max Seat #1 is the button
Seat 1: stevoooo34 ($41.54 in chips) 
Seat 2: drburner503 ($136.52 in chips) 
Seat 3: active27 ($69.45 in chips) 
Seat 4: Manifestorr ($108.23 in chips) 
Seat 5: v1lo4ka ($100 in chips) 
Seat 6: Bejondeiala ($196.80 in chips) 
drburner503: posts small blind $0.50
active27: posts big blind $1
*** HOLE CARDS ***
Manifestorr: raises $1.20 to $2.20
v1lo4ka: folds 
Bejondeiala: folds 
stevoooo34: folds 
drburner503: calls $1.70
active27: folds 
*** FLOP *** [5h 8c 4s]
drburner503: bets $3
Manifestorr: folds 
Uncalled bet ($3) returned to drburner503
drburner503 collected $5.13 from pot
drburner503: doesn't show hand 
*** SUMMARY ***
Total pot $5.40 | Rake $0.27 
Board [5h 8c 4s]
Seat 1: stevoooo34 (button) folded before Flop (didn't bet)
Seat 2: drburner503 (small blind) collected ($5.13)
Seat 3: active27 (big blind) folded before Flop
Seat 4: Manifestorr folded on the Flop
Seat 5: v1lo4ka folded before Flop (didn't bet)
Seat 6: Bejondeiala folded before Flop (didn't bet)



PokerStars Hand #254201393009:  Hold'em No Limit ($0.50/$1.00 USD) - 2025/01/04 1:54:54 WET [2025/01/04 20:54:54 ET]
Table 'Klotho II' 6-max Seat #2 is the button
Seat 1: stevoooo34 ($41.54 in chips) 
Seat 2: drburner503 ($139.45 in chips) 
Seat 3: active27 ($68.45 in chips) 
Seat 4: Manifestorr ($106.03 in chips) 
Seat 5: v1lo4ka ($100 in chips) 
Seat 6: Bejondeiala ($196.80 in chips) 
active27: posts small blind $0.50
Manifestorr: posts big blind $1
*** HOLE CARDS ***
v1lo4ka: raises $1.50 to $2.50
Bejondeiala: folds 
stevoooo34: folds 
drburner503: calls $2.50
active27: folds 
Manifestorr: folds 
*** FLOP *** [8d Js 6s]
v1lo4ka: checks 
drburner503: bets $3
v1lo4ka: folds 
Uncalled bet ($3) returned to drburner503
drburner503 collected $6.18 from pot
drburner503: doesn't show hand 
*** SUMMARY ***
Total pot $6.50 | Rake $0.32 
Board [8d Js 6s]
Seat 1: stevoooo34 folded before Flop (didn't bet)
Seat 2: drburner503 (button) collected ($6.18)
Seat 3: active27 (small blind) folded before Flop
Seat 4: Manifestorr (big blind) folded before Flop
Seat 5: v1lo4ka folded on the Flop
Seat 6: Bejondeiala folded before Flop (didn't bet)



PokerStars Hand #254201397700:  Hold'em No Limit ($0.50/$1.00 USD) - 2025/01/04 1:55:19 WET [2025/01/04 20:55:19 ET]
Table 'Klotho II' 6-max Seat #3 is the button
Seat 1: stevoooo34 ($41.54 in chips) 
Seat 2: drburner503 ($143.13 in chips) 
Seat 3: active27 ($67.95 in chips) 
Seat 4: Manifestorr ($105.03 in chips) 
Seat 5: v1lo4ka ($100 in chips) 
Seat 6: Bejondeiala ($196.80 in chips) 
Manifestorr: posts small blind $0.50
v1lo4ka: posts big blind $1
*** HOLE CARDS ***
Bejondeiala: folds 
stevoooo34: folds 
drburner503: folds 
active27: raises $2 to $3
Manifestorr: folds 
v1lo4ka: calls $2
*** FLOP *** [Kc Qc Td]
v1lo4ka: checks 
active27: checks 
*** TURN *** [Kc Qc Td] [Tc]
v1lo4ka: checks 
active27: checks 
*** RIVER *** [Kc Qc Td Tc] [Ad]
v1lo4ka: bets $5.19
active27: folds 
Uncalled bet ($5.19) returned to v1lo4ka
v1lo4ka collected $6.18 from pot
v1lo4ka: doesn't show hand 
*** SUMMARY ***
Total pot $6.50 | Rake $0.32 
Board [Kc Qc Td Tc Ad]
Seat 1: stevoooo34 folded before Flop (didn't bet)
Seat 2: drburner503 folded before Flop (didn't bet)
Seat 3: active27 (button) folded on the River
Seat 4: Manifestorr (small blind) folded before Flop
Seat 5: v1lo4ka (big blind) collected ($6.18)
Seat 6: Bejondeiala folded before Flop (didn't bet)



PokerStars Hand #254201404814:  Hold'em No Limit ($0.50/$1.00 USD) - 2025/01/04 1:56:04 WET [2025/01/04 20:56:04 ET]
Table 'Klotho II' 6-max Seat #4 is the button
Seat 1: stevoooo34 ($41.54 in chips) 
Seat 2: drburner503 ($143.13 in chips) 
Seat 3: active27 ($64.95 in chips) 
Seat 4: Manifestorr ($104.53 in chips) 
Seat 5: v1lo4ka ($103.18 in chips) 
Seat 6: Bejondeiala ($196.80 in chips) 
v1lo4ka: posts small blind $0.50
Bejondeiala: posts big blind $1
*** HOLE CARDS ***
stevoooo34: folds 
drburner503: folds 
active27: raises $2 to $3
Manifestorr: folds 
v1lo4ka: folds 
Bejondeiala: folds 
Uncalled bet ($2) returned to active27
active27 collected $2.50 from pot
*** SUMMARY ***
Total pot $2.50 | Rake $0 
Seat 1: stevoooo34 folded before Flop (didn't bet)
Seat 2: drburner503 folded before Flop (didn't bet)
Seat 3: active27 collected ($2.50)
Seat 4: Manifestorr (button) folded before Flop (didn't bet)
Seat 5: v1lo4ka (small blind) folded before Flop
Seat 6: Bejondeiala (big blind) folded before Flop



PokerStars Hand #254201408607:  Hold'em No Limit ($0.50/$1.00 USD) - 2025/01/04 1:56:28 WET [2025/01/04 20:56:28 ET]
Table 'Klotho II' 6-max Seat #5 is the button
Seat 1: stevoooo34 ($41.54 in chips) 
Seat 2: drburner503 ($143.13 in chips) 
Seat 3: active27 ($66.45 in chips) 
Seat 4: Manifestorr ($104.53 in chips) 
Seat 5: v1lo4ka ($102.68 in chips) 
Seat 6: Bejondeiala ($195.80 in chips) 
Bejondeiala: posts small blind $0.50
stevoooo34: posts big blind $1
*** HOLE CARDS ***
drburner503: folds 
active27: folds 
Manifestorr: raises $1.20 to $2.20
v1lo4ka: folds 
Bejondeiala: folds 
stevoooo34: folds 
Uncalled bet ($1.20) returned to Manifestorr
Manifestorr collected $2.50 from pot
*** SUMMARY ***
Total pot $2.50 | Rake $0 
Seat 1: stevoooo34 (big blind) folded before Flop
Seat 2: drburner503 folded before Flop (didn't bet)
Seat 3: active27 folded before Flop (didn't bet)
Seat 4: Manifestorr collected ($2.50)
Seat 5: v1lo4ka (button) folded before Flop (didn't bet)
Seat 6: Bejondeiala (small blind) folded before Flop



PokerStars Hand #254201412285:  Hold'em No Limit ($0.50/$1.00 USD) - 2025/01/04 1:56:52 WET [2025/01/04 20:56:52 ET]
Table 'Klotho II' 6-max Seat #6 is the button
Seat 1: stevoooo34 ($40.54 in chips) 
Seat 2: drburner503 ($143.13 in chips) 
Seat 3: active27 ($66.45 in chips) 
Seat 4: Manifestorr ($106.03 in chips) 
Seat 5: v1lo4ka ($102.68 in chips) 
Seat 6: Bejondeiala ($195.30 in chips) 
stevoooo34: posts small blind $0.50
drburner503: posts big blind $1
*** HOLE CARDS ***
active27: folds 
Manifestorr: folds 
v1lo4ka: folds 
Bejondeiala: folds 
stevoooo34: folds 
Uncalled bet ($0.50) returned to drburner503
drburner503 collected $1 from pot
drburner503: doesn't show hand 
*** SUMMARY ***
Total pot $1 | Rake $0 
Seat 1: stevoooo34 (small blind) folded before Flop
Seat 2: drburner503 (big blind) collected ($1)
Seat 3: active27 folded before Flop (didn't bet)
Seat 4: Manifestorr folded before Flop (didn't bet)
Seat 5: v1lo4ka folded before Flop (didn't bet)
Seat 6: Bejondeiala (button) folded before Flop (didn't bet)



PokerStars Hand #254201415018:  Hold'em No Limit ($0.50/$1.00 USD) - 2025/01/04 1:57:09 WET [2025/01/04 20:57:09 ET]
Table 'Klotho II' 6-max Seat #1 is the button
Seat 1: stevoooo34 ($40.04 in chips) 
Seat 2: drburner503 ($143.63 in chips) 
Seat 3: active27 ($66.45 in chips) 
Seat 4: Manifestorr ($106.03 in chips) 
Seat 5: v1lo4ka ($102.68 in chips) 
Seat 6: Bejondeiala ($195.30 in chips) 
drburner503: posts small blind $0.50
active27: posts big blind $1
*** HOLE CARDS ***
Manifestorr: folds 
v1lo4ka: raises $1.50 to $2.50
Bejondeiala: folds 
stevoooo34: calls $2.50
drburner503: folds 
active27: folds 
*** FLOP *** [9d Js 7d]
v1lo4ka: checks 
stevoooo34: bets $6.18
v1lo4ka: folds 
Uncalled bet ($6.18) returned to stevoooo34
stevoooo34 collected $6.18 from pot
*** SUMMARY ***
Total pot $6.50 | Rake $0.32 
Board [9d Js 7d]
Seat 1: stevoooo34 (button) collected ($6.18)
Seat 2: drburner503 (small blind) folded before Flop
Seat 3: active27 (big blind) folded before Flop
Seat 4: Manifestorr folded before Flop (didn't bet)
Seat 5: v1lo4ka folded on the Flop
Seat 6: Bejondeiala folded before Flop (didn't bet)



PokerStars Hand #254201422274:  Hold'em No Limit ($0.50/$1.00 USD) - 2025/01/04 1:57:55 WET [2025/01/04 20:57:55 ET]
Table 'Klotho II' 6-max Seat #2 is the button
Seat 1: stevoooo34 ($43.72 in chips) 
Seat 2: drburner503 ($143.13 in chips) 
Seat 3: active27 ($65.45 in chips) 
Seat 4: Manifestorr ($106.03 in chips) 
Seat 5: v1lo4ka ($100.18 in chips) 
Seat 6: Bejondeiala ($195.30 in chips) 
active27: posts small blind $0.50
Manifestorr: posts big blind $1
*** HOLE CARDS ***
v1lo4ka: folds 
v1lo4ka leaves the table
Bejondeiala: folds 
stevoooo34: folds 
drburner503: calls $1
active27: calls $0.50
Manifestorr: raises $6 to $7
drburner503: folds 
active27: folds 
Uncalled bet ($6) returned to Manifestorr
Manifestorr collected $3 from pot
*** SUMMARY ***
Total pot $3 | Rake $0 
Seat 1: stevoooo34 folded before Flop (didn't bet)
Seat 2: drburner503 (button) folded before Flop
Seat 3: active27 (small blind) folded before Flop
Seat 4: Manifestorr (big blind) collected ($3)
Seat 5: v1lo4ka folded before Flop (didn't bet)
Seat 6: Bejondeiala folded before Flop (didn't bet)



PokerStars Hand #254201426984:  Hold'em No Limit ($0.50/$1.00 USD) - 2025/01/04 1:58:26 WET [2025/01/04 20:58:26 ET]
Table 'Klotho II' 6-max Seat #3 is the button
Seat 1: stevoooo34 ($43.72 in chips) 
Seat 2: drburner503 ($142.13 in chips) 
Seat 3: active27 ($64.45 in chips) 
Seat 4: Manifestorr ($108.03 in chips) 
Seat 6: Bejondeiala ($195.30 in chips) 
Manifestorr: posts small blind $0.50
Bejondeiala: posts big blind $1
*** HOLE CARDS ***
stevoooo34: folds 
drburner503: calls $1
active27: folds 
Manifestorr: folds 
Bejondeiala: checks 
*** FLOP *** [8c Jh Kd]
Bejondeiala: checks 
drburner503: checks 
*** TURN *** [8c Jh Kd] [9c]
Bejondeiala: bets $1.79
drburner503: calls $1.79
*** RIVER *** [8c Jh Kd 9c] [9h]
BumHuntKing joins the table at seat #5 
Bejondeiala: bets $4.34
drburner503: calls $4.34
*** SHOW DOWN ***
Bejondeiala: shows [4d Kc] (two pair, Kings and Nines)
drburner503: shows [Ah 9s] (three of a kind, Nines)
drburner503 collected $14.02 from pot
*** SUMMARY ***
Total pot $14.76 | Rake $0.74 
Board [8c Jh Kd 9c 9h]
Seat 1: stevoooo34 folded before Flop (didn't bet)
Seat 2: drburner503 showed [Ah 9s] and won ($14.02) with three of a kind, Nines
Seat 3: active27 (button) folded before Flop (didn't bet)
Seat 4: Manifestorr (small blind) folded before Flop
Seat 6: Bejondeiala (big blind) showed [4d Kc] and lost with two pair, Kings and Nines



PokerStars Hand #254201435651:  Hold'em No Limit ($0.50/$1.00 USD) - 2025/01/04 1:59:21 WET [2025/01/04 20:59:21 ET]
Table 'Klotho II' 6-max Seat #4 is the button
Seat 5: BumHuntKing ($100 in chips) is sitting out
Seat 1: stevoooo34 ($43.72 in chips) 
Seat 2: drburner503 ($149.02 in chips) 
Seat 3: active27 ($64.45 in chips) 
Seat 4: Manifestorr ($107.53 in chips) 
Seat 6: Bejondeiala ($188.17 in chips) 
Bejondeiala: posts small blind $0.50
stevoooo34: posts big blind $1
*** HOLE CARDS ***
drburner503: calls $1
active27: raises $2 to $3
Manifestorr: raises $11 to $14
Bejondeiala: folds 
stevoooo34: folds 
drburner503: folds 
active27: folds 
Uncalled bet ($11) returned to Manifestorr
Manifestorr collected $8.50 from pot
*** SUMMARY ***
Total pot $8.50 | Rake $0 
Seat 5: BumHuntKing
Seat 1: stevoooo34 (big blind) folded before Flop
Seat 2: drburner503 folded before Flop
Seat 3: active27 folded before Flop
Seat 4: Manifestorr (button) collected ($8.50)
Seat 6: Bejondeiala (small blind) folded before Flop



PokerStars Hand #254201440088:  Hold'em No Limit ($0.50/$1.00 USD) - 2025/01/04 1:59:49 WET [2025/01/04 20:59:49 ET]
Table 'Klotho II' 6-max Seat #6 is the button
Seat 5: BumHuntKing ($100 in chips) is sitting out
Seat 1: stevoooo34 ($42.72 in chips) 
Seat 2: drburner503 ($148.02 in chips) 
Seat 3: active27 ($61.45 in chips) 
Seat 4: Manifestorr ($113.03 in chips) 
Seat 6: Bejondeiala ($187.67 in chips) 
stevoooo34: posts small blind $0.50
drburner503: posts big blind $1
BumHuntKing: sits out 
*** HOLE CARDS ***
active27: folds 
Manifestorr: folds 
Bejondeiala: folds 
stevoooo34: calls $0.50
drburner503: checks 
*** FLOP *** [2s 8c Qs]
stevoooo34: checks 
drburner503: bets $1
stevoooo34: calls $1
*** TURN *** [2s 8c Qs] [5h]
stevoooo34: checks 
drburner503: bets $2
stevoooo34: folds 
Uncalled bet ($2) returned to drburner503
drburner503 collected $3.80 from pot
drburner503: doesn't show hand 
*** SUMMARY ***
Total pot $4 | Rake $0.20 
Board [2s 8c Qs 5h]
Seat 5: BumHuntKing
Seat 1: stevoooo34 (small blind) folded on the Turn
Seat 2: drburner503 (big blind) collected ($3.80)
Seat 3: active27 folded before Flop (didn't bet)
Seat 4: Manifestorr folded before Flop (didn't bet)
Seat 6: Bejondeiala (button) folded before Flop (didn't bet)



PokerStars Hand #254201447282:  Hold'em No Limit ($0.50/$1.00 USD) - 2025/01/04 2:00:34 WET [2025/01/04 21:00:34 ET]
Table 'Klotho II' 6-max Seat #1 is the button
Seat 5: BumHuntKing ($100 in chips) is sitting out
Seat 1: stevoooo34 ($40.72 in chips) 
Seat 2: drburner503 ($149.82 in chips) 
Seat 3: active27 ($61.45 in chips) 
Seat 4: Manifestorr ($113.03 in chips) 
Seat 6: Bejondeiala ($187.67 in chips) 
drburner503: posts small blind $0.50
active27: posts big blind $1
BumHuntKing: sits out 
*** HOLE CARDS ***
Manifestorr: raises $1.20 to $2.20
Bejondeiala: folds 
stevoooo34: folds 
drburner503: calls $1.70
active27: calls $1.20
*** FLOP *** [Ts 5s 7c]
drburner503: checks 
active27: checks 
Manifestorr: checks 
*** TURN *** [Ts 5s 7c] [Td]
drburner503: bets $3
active27: folds 
Manifestorr: calls $3
*** RIVER *** [Ts 5s 7c Td] [As]
drburner503: bets $3
Manifestorr: folds 
Uncalled bet ($3) returned to drburner503
drburner503 collected $11.97 from pot
drburner503: doesn't show hand 
*** SUMMARY ***
Total pot $12.60 | Rake $0.63 
Board [Ts 5s 7c Td As]
Seat 5: BumHuntKing
Seat 1: stevoooo34 (button) folded before Flop (didn't bet)
Seat 2: drburner503 (small blind) collected ($11.97)
Seat 3: active27 (big blind) folded on the Turn
Seat 4: Manifestorr folded on the River
Seat 6: Bejondeiala folded before Flop (didn't bet)



PokerStars Hand #254201454291:  Hold'em No Limit ($0.50/$1.00 USD) - 2025/01/04 2:01:13 WET [2025/01/04 21:01:13 ET]
Table 'Klotho II' 6-max Seat #2 is the button
Seat 5: BumHuntKing ($100 in chips) is sitting out
Seat 1: stevoooo34 ($40.72 in chips) 
Seat 2: drburner503 ($156.59 in chips) 
Seat 3: active27 ($59.25 in chips) 
Seat 4: Manifestorr ($107.83 in chips) 
Seat 6: Bejondeiala ($187.67 in chips) 
active27: posts small blind $0.50
Manifestorr: posts big blind $1
BumHuntKing: sits out 
*** HOLE CARDS ***
Bejondeiala: raises $1.10 to $2.10
stevoooo34: folds 
drburner503: folds 
active27: folds 
Manifestorr: folds 
Uncalled bet ($1.10) returned to Bejondeiala
Bejondeiala collected $2.50 from pot
Bejondeiala: doesn't show hand 
*** SUMMARY ***
Total pot $2.50 | Rake $0 
Seat 5: BumHuntKing
Seat 1: stevoooo34 folded before Flop (didn't bet)
Seat 2: drburner503 (button) folded before Flop (didn't bet)
Seat 3: active27 (small blind) folded before Flop
Seat 4: Manifestorr (big blind) folded before Flop
Seat 6: Bejondeiala collected ($2.50)



PokerStars Hand #254201456185:  Hold'em No Limit ($0.50/$1.00 USD) - 2025/01/04 2:01:23 WET [2025/01/04 21:01:23 ET]
Table 'Klotho II' 6-max Seat #3 is the button
Seat 1: stevoooo34 ($40.72 in chips) 
Seat 2: drburner503 ($156.59 in chips) 
Seat 3: active27 ($58.75 in chips) 
Seat 4: Manifestorr ($106.83 in chips) 
Seat 5: BumHuntKing ($100 in chips) 
Seat 6: Bejondeiala ($189.17 in chips) 
Manifestorr: posts small blind $0.50
BumHuntKing: posts big blind $1
*** HOLE CARDS ***
Bejondeiala: folds 
stevoooo34: folds 
drburner503: folds 
active27: folds 
Manifestorr: folds 
Uncalled bet ($0.50) returned to BumHuntKing
BumHuntKing collected $1 from pot
BumHuntKing: doesn't show hand 
*** SUMMARY ***
Total pot $1 | Rake $0 
Seat 1: stevoooo34 folded before Flop (didn't bet)
Seat 2: drburner503 folded before Flop (didn't bet)
Seat 3: active27 (button) folded before Flop (didn't bet)
Seat 4: Manifestorr (small blind) folded before Flop
Seat 5: BumHuntKing (big blind) collected ($1)
Seat 6: Bejondeiala folded before Flop (didn't bet)



PokerStars Hand #254201458710:  Hold'em No Limit ($0.50/$1.00 USD) - 2025/01/04 2:01:37 WET [2025/01/04 21:01:37 ET]
Table 'Klotho II' 6-max Seat #4 is the button
Seat 1: stevoooo34 ($40.72 in chips) 
Seat 2: drburner503 ($156.59 in chips) 
Seat 3: active27 ($58.75 in chips) 
Seat 4: Manifestorr ($106.33 in chips) 
Seat 5: BumHuntKing ($100.50 in chips) 
Seat 6: Bejondeiala ($189.17 in chips) 
BumHuntKing: posts small blind $0.50
Bejondeiala: posts big blind $1
*** HOLE CARDS ***
stevoooo34: folds 
drburner503: calls $1
stevoooo34 leaves the table
active27: folds 
Manifestorr: folds 
BumHuntKing: folds 
Bejondeiala: checks 
*** FLOP *** [Kd 8d Kc]
XneferX joins the table at seat #1 
Bejondeiala: checks 
drburner503: bets $2
Bejondeiala: folds 
Uncalled bet ($2) returned to drburner503
drburner503 collected $2.38 from pot
drburner503: doesn't show hand 
*** SUMMARY ***
Total pot $2.50 | Rake $0.12 
Board [Kd 8d Kc]
Seat 1: stevoooo34 folded before Flop (didn't bet)
Seat 2: drburner503 collected ($2.38)
Seat 3: active27 folded before Flop (didn't bet)
Seat 4: Manifestorr (button) folded before Flop (didn't bet)
Seat 5: BumHuntKing (small blind) folded before Flop
Seat 6: Bejondeiala (big blind) folded on the Flop



PokerStars Hand #254201472400:  Hold'em No Limit ($0.50/$1.00 USD) - 2025/01/04 2:02:47 WET [2025/01/04 21:02:47 ET]
Table 'Klotho II' 6-max Seat #5 is the button
Seat 1: XneferX ($100 in chips) 
Seat 2: drburner503 ($157.97 in chips) 
Seat 3: active27 ($58.75 in chips) 
Seat 4: Manifestorr ($106.33 in chips) 
Seat 5: BumHuntKing ($100 in chips) 
Seat 6: Bejondeiala ($188.17 in chips) 
Bejondeiala: posts small blind $0.50
XneferX: posts big blind $1
*** HOLE CARDS ***
drburner503: calls $1
active27: folds 
Manifestorr: folds 
BumHuntKing: raises $2.50 to $3.50
Bejondeiala: folds 
XneferX: folds 
drburner503: calls $2.50
*** FLOP *** [5d 5c 4s]
drburner503: bets $2
BumHuntKing: calls $2
*** TURN *** [5d 5c 4s] [Ad]
drburner503: bets $3
BumHuntKing: calls $3
*** RIVER *** [5d 5c 4s Ad] [5s]
drburner503: bets $13
BumHuntKing: raises $54.48 to $67.48
drburner503: folds 
Uncalled bet ($54.48) returned to BumHuntKing
BumHuntKing collected $42.28 from pot
BumHuntKing: doesn't show hand 
*** SUMMARY ***
Total pot $44.50 | Rake $2.22 
Board [5d 5c 4s Ad 5s]
Seat 1: XneferX (big blind) folded before Flop
Seat 2: drburner503 folded on the River
Seat 3: active27 folded before Flop (didn't bet)
Seat 4: Manifestorr folded before Flop (didn't bet)
Seat 5: BumHuntKing (button) collected ($42.28)
Seat 6: Bejondeiala (small blind) folded before Flop



PokerStars Hand #254201487559:  Hold'em No Limit ($0.50/$1.00 USD) - 2025/01/04 2:04:06 WET [2025/01/04 21:04:06 ET]
Table 'Klotho II' 6-max Seat #6 is the button
Seat 1: XneferX ($100 in chips) 
Seat 2: drburner503 ($136.47 in chips) 
Seat 3: active27 ($58.75 in chips) 
Seat 4: Manifestorr ($106.33 in chips) 
Seat 5: BumHuntKing ($120.78 in chips) 
Seat 6: Bejondeiala ($187.67 in chips) 
XneferX: posts small blind $0.50
drburner503: posts big blind $1
*** HOLE CARDS ***
active27: folds 
Manifestorr: raises $1.20 to $2.20
BumHuntKing: folds 
Bejondeiala: folds 
XneferX: folds 
drburner503: raises $2.20 to $4.40
Manifestorr: calls $2.20
*** FLOP *** [4d Ac As]
drburner503: bets $3
Manifestorr: calls $3
*** TURN *** [4d Ac As] [Js]
drburner503: bets $9
Manifestorr: calls $9
*** RIVER *** [4d Ac As Js] [3c]
drburner503: bets $31.64
Manifestorr: folds 
Uncalled bet ($31.64) returned to drburner503
drburner503 collected $31.64 from pot
drburner503: doesn't show hand 
*** SUMMARY ***
Total pot $33.30 | Rake $1.66 
Board [4d Ac As Js 3c]
Seat 1: XneferX (small blind) folded before Flop
Seat 2: drburner503 (big blind) collected ($31.64)
Seat 3: active27 folded before Flop (didn't bet)
Seat 4: Manifestorr folded on the River
Seat 5: BumHuntKing folded before Flop (didn't bet)
Seat 6: Bejondeiala (button) folded before Flop (didn't bet)



PokerStars Hand #254201497465:  Hold'em No Limit ($0.50/$1.00 USD) - 2025/01/04 2:04:57 WET [2025/01/04 21:04:57 ET]
Table 'Klotho II' 6-max Seat #1 is the button
Seat 1: XneferX ($100 in chips) 
Seat 2: drburner503 ($151.71 in chips) 
Seat 3: active27 ($58.75 in chips) 
Seat 4: Manifestorr ($100 in chips) 
Seat 5: BumHuntKing ($120.78 in chips) 
Seat 6: Bejondeiala ($187.67 in chips) 
drburner503: posts small blind $0.50
active27: posts big blind $1
*** HOLE CARDS ***
Manifestorr: folds 
BumHuntKing: raises $1.20 to $2.20
Bejondeiala: folds 
XneferX: folds 
drburner503: calls $1.70
active27: folds 
*** FLOP *** [5d 9c Jh]
drburner503: checks 
BumHuntKing: bets $1.69
drburner503: calls $1.69
*** TURN *** [5d 9c Jh] [Kh]
drburner503: checks 
BumHuntKing: checks 
*** RIVER *** [5d 9c Jh Kh] [3c]
drburner503: bets $3
BumHuntKing: calls $3
*** SHOW DOWN ***
drburner503: shows [Tc Qd] (a straight, Nine to King)
BumHuntKing: mucks hand 
drburner503 collected $14.04 from pot
*** SUMMARY ***
Total pot $14.78 | Rake $0.74 
Board [5d 9c Jh Kh 3c]
Seat 1: XneferX (button) folded before Flop (didn't bet)
Seat 2: drburner503 (small blind) showed [Tc Qd] and won ($14.04) with a straight, Nine to King
Seat 3: active27 (big blind) folded before Flop
Seat 4: Manifestorr folded before Flop (didn't bet)
Seat 5: BumHuntKing mucked
Seat 6: Bejondeiala folded before Flop (didn't bet)



PokerStars Hand #254201505220:  Hold'em No Limit ($0.50/$1.00 USD) - 2025/01/04 2:05:37 WET [2025/01/04 21:05:37 ET]
Table 'Klotho II' 6-max Seat #2 is the button
Seat 1: XneferX ($100 in chips) 
Seat 2: drburner503 ($158.86 in chips) 
Seat 3: active27 ($57.75 in chips) 
Seat 4: Manifestorr ($100 in chips) 
Seat 5: BumHuntKing ($113.89 in chips) 
Seat 6: Bejondeiala ($187.67 in chips) 
active27: posts small blind $0.50
Manifestorr: posts big blind $1
*** HOLE CARDS ***
BumHuntKing: folds 
Bejondeiala: raises $1.10 to $2.10
XneferX: folds 
drburner503: folds 
active27: calls $1.60
Manifestorr: raises $11.90 to $14
Bejondeiala: folds 
active27: folds 
Uncalled bet ($11.90) returned to Manifestorr
Manifestorr collected $6.30 from pot
*** SUMMARY ***
Total pot $6.30 | Rake $0 
Seat 1: XneferX folded before Flop (didn't bet)
Seat 2: drburner503 (button) folded before Flop (didn't bet)
Seat 3: active27 (small blind) folded before Flop
Seat 4: Manifestorr (big blind) collected ($6.30)
Seat 5: BumHuntKing folded before Flop (didn't bet)
Seat 6: Bejondeiala folded before Flop



PokerStars Hand #254201509738:  Hold'em No Limit ($0.50/$1.00 USD) - 2025/01/04 2:06:01 WET [2025/01/04 21:06:01 ET]
Table 'Klotho II' 6-max Seat #3 is the button
Seat 1: XneferX ($100 in chips) 
Seat 2: drburner503 ($158.86 in chips) 
Seat 3: active27 ($55.65 in chips) 
Seat 4: Manifestorr ($104.20 in chips) 
Seat 5: BumHuntKing ($113.89 in chips) 
Seat 6: Bejondeiala ($185.57 in chips) 
Manifestorr: posts small blind $0.50
BumHuntKing: posts big blind $1
*** HOLE CARDS ***
Bejondeiala: raises $1.10 to $2.10
XneferX: folds 
drburner503: folds 
active27: raises $7.90 to $10
Manifestorr: folds 
BumHuntKing: folds 
Bejondeiala: folds 
Uncalled bet ($7.90) returned to active27
active27 collected $5.70 from pot
*** SUMMARY ***
Total pot $5.70 | Rake $0 
Seat 1: XneferX folded before Flop (didn't bet)
Seat 2: drburner503 folded before Flop (didn't bet)
Seat 3: active27 (button) collected ($5.70)
Seat 4: Manifestorr (small blind) folded before Flop
Seat 5: BumHuntKing (big blind) folded before Flop
Seat 6: Bejondeiala folded before Flop



PokerStars Hand #254201513927:  Hold'em No Limit ($0.50/$1.00 USD) - 2025/01/04 2:06:22 WET [2025/01/04 21:06:22 ET]
Table 'Klotho II' 6-max Seat #4 is the button
Seat 1: XneferX ($100 in chips) 
Seat 2: drburner503 ($158.86 in chips) 
Seat 3: active27 ($59.25 in chips) 
Seat 4: Manifestorr ($103.70 in chips) 
Seat 5: BumHuntKing ($112.89 in chips) 
Seat 6: Bejondeiala ($183.47 in chips) 
BumHuntKing: posts small blind $0.50
Bejondeiala: posts big blind $1
*** HOLE CARDS ***
XneferX: raises $1.20 to $2.20
drburner503: calls $2.20
active27: folds 
Manifestorr: folds 
BumHuntKing: folds 
Bejondeiala: folds 
*** FLOP *** [Jc 7d 7s]
XneferX: bets $1.46
drburner503: calls $1.46
*** TURN *** [Jc 7d 7s] [9h]
XneferX: bets $2.18
drburner503: calls $2.18
*** RIVER *** [Jc 7d 7s 9h] [Qh]
XneferX: checks 
drburner503: bets $6
XneferX: folds 
Uncalled bet ($6) returned to drburner503
drburner503 collected $12.52 from pot
drburner503: doesn't show hand 
*** SUMMARY ***
Total pot $13.18 | Rake $0.66 
Board [Jc 7d 7s 9h Qh]
Seat 1: XneferX folded on the River
Seat 2: drburner503 collected ($12.52)
Seat 3: active27 folded before Flop (didn't bet)
Seat 4: Manifestorr (button) folded before Flop (didn't bet)
Seat 5: BumHuntKing (small blind) folded before Flop
Seat 6: Bejondeiala (big blind) folded before Flop



PokerStars Hand #254201521296:  Hold'em No Limit ($0.50/$1.00 USD) - 2025/01/04 2:07:01 WET [2025/01/04 21:07:01 ET]
Table 'Klotho II' 6-max Seat #5 is the button
Seat 1: XneferX ($100 in chips) 
Seat 2: drburner503 ($165.54 in chips) 
Seat 3: active27 ($59.25 in chips) 
Seat 4: Manifestorr ($103.70 in chips) 
Seat 5: BumHuntKing ($112.39 in chips) 
Seat 6: Bejondeiala ($182.47 in chips) 
Bejondeiala: posts small blind $0.50
XneferX: posts big blind $1
*** HOLE CARDS ***
drburner503: folds 
active27: raises $2 to $3
Manifestorr: folds 
BumHuntKing: folds 
Bejondeiala: folds 
XneferX: folds 
Uncalled bet ($2) returned to active27
active27 collected $2.50 from pot
*** SUMMARY ***
Total pot $2.50 | Rake $0 
Seat 1: XneferX (big blind) folded before Flop
Seat 2: drburner503 folded before Flop (didn't bet)
Seat 3: active27 collected ($2.50)
Seat 4: Manifestorr folded before Flop (didn't bet)
Seat 5: BumHuntKing (button) folded before Flop (didn't bet)
Seat 6: Bejondeiala (small blind) folded before Flop



PokerStars Hand #254201525391:  Hold'em No Limit ($0.50/$1.00 USD) - 2025/01/04 2:07:22 WET [2025/01/04 21:07:22 ET]
Table 'Klotho II' 6-max Seat #6 is the button
Seat 1: XneferX ($100 in chips) 
Seat 2: drburner503 ($165.54 in chips) 
Seat 3: active27 ($60.75 in chips) 
Seat 4: Manifestorr ($103.70 in chips) 
Seat 5: BumHuntKing ($112.39 in chips) 
Seat 6: Bejondeiala ($181.97 in chips) 
XneferX: posts small blind $0.50
drburner503: posts big blind $1
*** HOLE CARDS ***
active27: raises $2 to $3
Manifestorr: folds 
BumHuntKing: folds 
Bejondeiala: folds 
XneferX: folds 
drburner503: calls $2
*** FLOP *** [4d 8s 7c]
drburner503: checks 
active27: bets $2.18
drburner503: folds 
Uncalled bet ($2.18) returned to active27
active27 collected $6.18 from pot
*** SUMMARY ***
Total pot $6.50 | Rake $0.32 
Board [4d 8s 7c]
Seat 1: XneferX (small blind) folded before Flop
Seat 2: drburner503 (big blind) folded on the Flop
Seat 3: active27 collected ($6.18)
Seat 4: Manifestorr folded before Flop (didn't bet)
Seat 5: BumHuntKing folded before Flop (didn't bet)
Seat 6: Bejondeiala (button) folded before Flop (didn't bet)



PokerStars Hand #254201533274:  Hold'em No Limit ($0.50/$1.00 USD) - 2025/01/04 2:08:03 WET [2025/01/04 21:08:03 ET]
Table 'Klotho II' 6-max Seat #1 is the button
Seat 1: XneferX ($100 in chips) 
Seat 2: drburner503 ($162.54 in chips) 
Seat 3: active27 ($63.93 in chips) 
Seat 4: Manifestorr ($103.70 in chips) 
Seat 5: BumHuntKing ($112.39 in chips) 
Seat 6: Bejondeiala ($181.97 in chips) 
drburner503: posts small blind $0.50
active27: posts big blind $1
*** HOLE CARDS ***
Manifestorr: folds 
BumHuntKing: folds 
Bejondeiala: raises $1.10 to $2.10
XneferX: folds 
drburner503: folds 
active27: folds 
Uncalled bet ($1.10) returned to Bejondeiala
Bejondeiala collected $2.50 from pot
Bejondeiala: doesn't show hand 
*** SUMMARY ***
Total pot $2.50 | Rake $0 
Seat 1: XneferX (button) folded before Flop (didn't bet)
Seat 2: drburner503 (small blind) folded before Flop
Seat 3: active27 (big blind) folded before Flop
Seat 4: Manifestorr folded before Flop (didn't bet)
Seat 5: BumHuntKing folded before Flop (didn't bet)
Seat 6: Bejondeiala collected ($2.50)



PokerStars Hand #254201535855:  Hold'em No Limit ($0.50/$1.00 USD) - 2025/01/04 2:08:17 WET [2025/01/04 21:08:17 ET]
Table 'Klotho II' 6-max Seat #2 is the button
Seat 1: XneferX ($100 in chips) 
Seat 2: drburner503 ($162.04 in chips) 
Seat 3: active27 ($62.93 in chips) 
Seat 4: Manifestorr ($103.70 in chips) 
Seat 5: BumHuntKing ($112.39 in chips) 
Seat 6: Bejondeiala ($183.47 in chips) 
active27: posts small blind $0.50
Manifestorr: posts big blind $1
*** HOLE CARDS ***
BumHuntKing: folds 
Bejondeiala: raises $1.10 to $2.10
XneferX: folds 
drburner503: calls $2.10
active27: calls $1.60
Manifestorr: calls $1.10
*** FLOP *** [Ah Tc 5c]
active27: checks 
Manifestorr: checks 
Bejondeiala: bets $2.79
drburner503: folds 
active27: folds 
Manifestorr: calls $2.79
*** TURN *** [Ah Tc 5c] [5s]
Manifestorr: checks 
Bejondeiala: bets $9.96
Manifestorr: calls $9.96
*** RIVER *** [Ah Tc 5c 5s] [8d]
Manifestorr: checks 
Bejondeiala: bets $24.15
Manifestorr: folds 
Uncalled bet ($24.15) returned to Bejondeiala
Bejondeiala collected $32.20 from pot
Bejondeiala: doesn't show hand 
*** SUMMARY ***
Total pot $33.90 | Rake $1.70 
Board [Ah Tc 5c 5s 8d]
Seat 1: XneferX folded before Flop (didn't bet)
Seat 2: drburner503 (button) folded on the Flop
Seat 3: active27 (small blind) folded on the Flop
Seat 4: Manifestorr (big blind) folded on the River
Seat 5: BumHuntKing folded before Flop (didn't bet)
Seat 6: Bejondeiala collected ($32.20)



PokerStars Hand #254201550867:  Hold'em No Limit ($0.50/$1.00 USD) - 2025/01/04 2:09:36 WET [2025/01/04 21:09:36 ET]
Table 'Klotho II' 6-max Seat #3 is the button
Seat 1: XneferX ($100 in chips) 
Seat 2: drburner503 ($159.94 in chips) 
Seat 3: active27 ($60.83 in chips) 
Seat 4: Manifestorr ($100 in chips) 
Seat 5: BumHuntKing ($112.39 in chips) 
Seat 6: Bejondeiala ($200.82 in chips) 
Manifestorr: posts small blind $0.50
BumHuntKing: posts big blind $1
*** HOLE CARDS ***
Bejondeiala: raises $1.10 to $2.10
XneferX: folds 
drburner503: folds 
active27: folds 
Manifestorr: raises $8.90 to $11
BumHuntKing: folds 
Bejondeiala: folds 
Uncalled bet ($8.90) returned to Manifestorr
Manifestorr collected $5.20 from pot
*** SUMMARY ***
Total pot $5.20 | Rake $0 
Seat 1: XneferX folded before Flop (didn't bet)
Seat 2: drburner503 folded before Flop (didn't bet)
Seat 3: active27 (button) folded before Flop (didn't bet)
Seat 4: Manifestorr (small blind) collected ($5.20)
Seat 5: BumHuntKing (big blind) folded before Flop
Seat 6: Bejondeiala folded before Flop



PokerStars Hand #254201555447:  Hold'em No Limit ($0.50/$1.00 USD) - 2025/01/04 2:10:00 WET [2025/01/04 21:10:00 ET]
Table 'Klotho II' 6-max Seat #4 is the button
Seat 1: XneferX ($100 in chips) 
Seat 2: drburner503 ($159.94 in chips) 
Seat 3: active27 ($60.83 in chips) 
Seat 4: Manifestorr ($103.10 in chips) 
Seat 5: BumHuntKing ($111.39 in chips) 
Seat 6: Bejondeiala ($198.72 in chips) 
BumHuntKing: posts small blind $0.50
Bejondeiala: posts big blind $1
*** HOLE CARDS ***
XneferX: raises $1.20 to $2.20
drburner503: folds 
active27: folds 
Manifestorr: folds 
BumHuntKing: folds 
Bejondeiala: folds 
Uncalled bet ($1.20) returned to XneferX
XneferX collected $2.50 from pot
XneferX: doesn't show hand 
*** SUMMARY ***
Total pot $2.50 | Rake $0 
Seat 1: XneferX collected ($2.50)
Seat 2: drburner503 folded before Flop (didn't bet)
Seat 3: active27 folded before Flop (didn't bet)
Seat 4: Manifestorr (button) folded before Flop (didn't bet)
Seat 5: BumHuntKing (small blind) folded before Flop
Seat 6: Bejondeiala (big blind) folded before Flop



PokerStars Hand #254201559449:  Hold'em No Limit ($0.50/$1.00 USD) - 2025/01/04 2:10:21 WET [2025/01/04 21:10:21 ET]
Table 'Klotho II' 6-max Seat #5 is the button
Seat 1: XneferX ($101.50 in chips) 
Seat 2: drburner503 ($159.94 in chips) 
Seat 3: active27 ($60.83 in chips) 
Seat 4: Manifestorr ($103.10 in chips) 
Seat 5: BumHuntKing ($110.89 in chips) 
Seat 6: Bejondeiala ($197.72 in chips) 
Bejondeiala: posts small blind $0.50
XneferX: posts big blind $1
*** HOLE CARDS ***
drburner503: raises $1 to $2
active27: folds 
Manifestorr: folds 
BumHuntKing: folds 
Bejondeiala: folds 
XneferX: folds 
Uncalled bet ($1) returned to drburner503
drburner503 collected $2.50 from pot
drburner503: doesn't show hand 
*** SUMMARY ***
Total pot $2.50 | Rake $0 
Seat 1: XneferX (big blind) folded before Flop
Seat 2: drburner503 collected ($2.50)
Seat 3: active27 folded before Flop (didn't bet)
Seat 4: Manifestorr folded before Flop (didn't bet)
Seat 5: BumHuntKing (button) folded before Flop (didn't bet)
Seat 6: Bejondeiala (small blind) folded before Flop



PokerStars Hand #254201562751:  Hold'em No Limit ($0.50/$1.00 USD) - 2025/01/04 2:10:39 WET [2025/01/04 21:10:39 ET]
Table 'Klotho II' 6-max Seat #6 is the button
Seat 1: XneferX ($100.50 in chips) 
Seat 2: drburner503 ($161.44 in chips) 
Seat 3: active27 ($60.83 in chips) 
Seat 4: Manifestorr ($103.10 in chips) 
Seat 5: BumHuntKing ($110.89 in chips) 
Seat 6: Bejondeiala ($197.22 in chips) 
XneferX: posts small blind $0.50
drburner503: posts big blind $1
*** HOLE CARDS ***
active27: folds 
Manifestorr: raises $1.20 to $2.20
BumHuntKing: folds 
Bejondeiala: calls $2.20
XneferX: folds 
drburner503: calls $1.20
*** FLOP *** [Js Qc Qd]
drburner503: checks 
Manifestorr: bets $2.22
Bejondeiala: folds 
drburner503: folds 
Uncalled bet ($2.22) returned to Manifestorr
Manifestorr collected $6.74 from pot
*** SUMMARY ***
Total pot $7.10 | Rake $0.36 
Board [Js Qc Qd]
Seat 1: XneferX (small blind) folded before Flop
Seat 2: drburner503 (big blind) folded on the Flop
Seat 3: active27 folded before Flop (didn't bet)
Seat 4: Manifestorr collected ($6.74)
Seat 5: BumHuntKing folded before Flop (didn't bet)
Seat 6: Bejondeiala (button) folded on the Flop



PokerStars Hand #254201572233:  Hold'em No Limit ($0.50/$1.00 USD) - 2025/01/04 2:11:29 WET [2025/01/04 21:11:29 ET]
Table 'Klotho II' 6-max Seat #1 is the button
Seat 1: XneferX ($100 in chips) 
Seat 2: drburner503 ($159.24 in chips) 
Seat 3: active27 ($60.83 in chips) 
Seat 4: Manifestorr ($107.64 in chips) 
Seat 5: BumHuntKing ($110.89 in chips) 
Seat 6: Bejondeiala ($195.02 in chips) 
drburner503: posts small blind $0.50
active27: posts big blind $1
*** HOLE CARDS ***
Manifestorr: folds 
BumHuntKing: raises $1.20 to $2.20
Bejondeiala: folds 
XneferX: folds 
drburner503: calls $1.70
active27: folds 
*** FLOP *** [5c 5s 3c]
drburner503: bets $2
BumHuntKing: calls $2
*** TURN *** [5c 5s 3c] [Jc]
drburner503: bets $4
BumHuntKing: folds 
Uncalled bet ($4) returned to drburner503
drburner503 collected $8.93 from pot
drburner503: doesn't show hand 
*** SUMMARY ***
Total pot $9.40 | Rake $0.47 
Board [5c 5s 3c Jc]
Seat 1: XneferX (button) folded before Flop (didn't bet)
Seat 2: drburner503 (small blind) collected ($8.93)
Seat 3: active27 (big blind) folded before Flop
Seat 4: Manifestorr folded before Flop (didn't bet)
Seat 5: BumHuntKing folded on the Turn
Seat 6: Bejondeiala folded before Flop (didn't bet)



PokerStars Hand #254201579316:  Hold'em No Limit ($0.50/$1.00 USD) - 2025/01/04 2:12:06 WET [2025/01/04 21:12:06 ET]
Table 'Klotho II' 6-max Seat #2 is the button
Seat 1: XneferX ($100 in chips) 
Seat 2: drburner503 ($163.97 in chips) 
Seat 3: active27 ($59.83 in chips) 
Seat 4: Manifestorr ($107.64 in chips) 
Seat 5: BumHuntKing ($106.69 in chips) 
Seat 6: Bejondeiala ($195.02 in chips) 
active27: posts small blind $0.50
Manifestorr: posts big blind $1
*** HOLE CARDS ***
BumHuntKing: raises $1.20 to $2.20
Bejondeiala: folds 
XneferX: folds 
drburner503: folds 
active27: calls $1.70
Manifestorr: calls $1.20
*** FLOP *** [As Qd Kd]
active27: checks 
Manifestorr: checks 
BumHuntKing: bets $1
active27: folds 
Manifestorr: calls $1
*** TURN *** [As Qd Kd] [5s]
Manifestorr: checks 
BumHuntKing: bets $16.88
Manifestorr: folds 
Uncalled bet ($16.88) returned to BumHuntKing
BumHuntKing collected $8.17 from pot
BumHuntKing: doesn't show hand 
*** SUMMARY ***
Total pot $8.60 | Rake $0.43 
Board [As Qd Kd 5s]
Seat 1: XneferX folded before Flop (didn't bet)
Seat 2: drburner503 (button) folded before Flop (didn't bet)
Seat 3: active27 (small blind) folded on the Flop
Seat 4: Manifestorr (big blind) folded on the Turn
Seat 5: BumHuntKing collected ($8.17)
Seat 6: Bejondeiala folded before Flop (didn't bet)



PokerStars Hand #254201593229:  Hold'em No Limit ($0.50/$1.00 USD) - 2025/01/04 2:13:20 WET [2025/01/04 21:13:20 ET]
Table 'Klotho II' 6-max Seat #3 is the button
Seat 1: XneferX ($100 in chips) 
Seat 2: drburner503 ($163.97 in chips) 
Seat 3: active27 ($57.63 in chips) 
Seat 4: Manifestorr ($104.44 in chips) 
Seat 5: BumHuntKing ($111.66 in chips) 
Seat 6: Bejondeiala ($195.02 in chips) 
Manifestorr: posts small blind $0.50
BumHuntKing: posts big blind $1
*** HOLE CARDS ***
Bejondeiala: folds 
XneferX: folds 
drburner503: calls $1
active27: folds 
Manifestorr: folds 
BumHuntKing: checks 
*** FLOP *** [Qc 3h 5h]
BumHuntKing: checks 
drburner503: checks 
*** TURN *** [Qc 3h 5h] [Kc]
BumHuntKing: checks 
drburner503: checks 
*** RIVER *** [Qc 3h 5h Kc] [Qs]
BumHuntKing: checks 
drburner503: checks 
*** SHOW DOWN ***
BumHuntKing: shows [5d 4d] (two pair, Queens and Fives)
drburner503: mucks hand 
BumHuntKing collected $2.38 from pot
*** SUMMARY ***
Total pot $2.50 | Rake $0.12 
Board [Qc 3h 5h Kc Qs]
Seat 1: XneferX folded before Flop (didn't bet)
Seat 2: drburner503 mucked
Seat 3: active27 (button) folded before Flop (didn't bet)
Seat 4: Manifestorr (small blind) folded before Flop
Seat 5: BumHuntKing (big blind) showed [5d 4d] and won ($2.38) with two pair, Queens and Fives
Seat 6: Bejondeiala folded before Flop (didn't bet)



PokerStars Hand #254201598793:  Hold'em No Limit ($0.50/$1.00 USD) - 2025/01/04 2:13:50 WET [2025/01/04 21:13:50 ET]
Table 'Klotho II' 6-max Seat #4 is the button
Seat 1: XneferX ($100 in chips) 
Seat 2: drburner503 ($162.97 in chips) 
Seat 3: active27 ($57.63 in chips) 
Seat 4: Manifestorr ($103.94 in chips) 
Seat 5: BumHuntKing ($113.04 in chips) 
Seat 6: Bejondeiala ($195.02 in chips) 
BumHuntKing: posts small blind $0.50
Bejondeiala: posts big blind $1
*** HOLE CARDS ***
XneferX: folds 
drburner503: folds 
active27: folds 
Manifestorr: raises $1.20 to $2.20
BumHuntKing: folds 
Bejondeiala: folds 
Uncalled bet ($1.20) returned to Manifestorr
Manifestorr collected $2.50 from pot
*** SUMMARY ***
Total pot $2.50 | Rake $0 
Seat 1: XneferX folded before Flop (didn't bet)
Seat 2: drburner503 folded before Flop (didn't bet)
Seat 3: active27 folded before Flop (didn't bet)
Seat 4: Manifestorr (button) collected ($2.50)
Seat 5: BumHuntKing (small blind) folded before Flop
Seat 6: Bejondeiala (big blind) folded before Flop



PokerStars Hand #254201601565:  Hold'em No Limit ($0.50/$1.00 USD) - 2025/01/04 2:14:05 WET [2025/01/04 21:14:05 ET]
Table 'Klotho II' 6-max Seat #5 is the button
Seat 1: XneferX ($100 in chips) is sitting out
Seat 2: drburner503 ($162.97 in chips) 
Seat 3: active27 ($57.63 in chips) 
Seat 4: Manifestorr ($105.44 in chips) 
Seat 5: BumHuntKing ($112.54 in chips) 
Seat 6: Bejondeiala ($194.02 in chips) 
Bejondeiala: posts small blind $0.50
XneferX: is sitting out 
drburner503: posts big blind $1
*** HOLE CARDS ***
active27: folds 
Manifestorr: raises $1.20 to $2.20
BumHuntKing: folds 
Bejondeiala: raises $8.80 to $11
drburner503: folds 
Manifestorr: folds 
Uncalled bet ($8.80) returned to Bejondeiala
Bejondeiala collected $5.40 from pot
Bejondeiala: doesn't show hand 
*** SUMMARY ***
Total pot $5.40 | Rake $0 
Seat 1: XneferX
Seat 2: drburner503 (big blind) folded before Flop
Seat 3: active27 folded before Flop (didn't bet)
Seat 4: Manifestorr folded before Flop
Seat 5: BumHuntKing (button) folded before Flop (didn't bet)
Seat 6: Bejondeiala (small blind) collected ($5.40)



PokerStars Hand #254201611946:  Hold'em No Limit ($0.50/$1.00 USD) - 2025/01/04 2:15:00 WET [2025/01/04 21:15:00 ET]
Table 'Klotho II' 6-max Seat #6 is the button
Seat 1: XneferX ($100 in chips) is sitting out
Seat 2: drburner503 ($161.97 in chips) 
Seat 3: active27 ($57.63 in chips) 
Seat 4: Manifestorr ($103.24 in chips) 
Seat 5: BumHuntKing ($112.54 in chips) 
Seat 6: Bejondeiala ($197.22 in chips) 
drburner503: posts small blind $0.50
active27: posts big blind $1
*** HOLE CARDS ***
Manifestorr: raises $1.20 to $2.20
BumHuntKing: raises $4.30 to $6.50
Bejondeiala: folds 
drburner503: folds 
active27: folds 
Manifestorr: folds 
Uncalled bet ($4.30) returned to BumHuntKing
BumHuntKing collected $5.90 from pot
BumHuntKing: doesn't show hand 
*** SUMMARY ***
Total pot $5.90 | Rake $0 
Seat 1: XneferX
Seat 2: drburner503 (small blind) folded before Flop
Seat 3: active27 (big blind) folded before Flop
Seat 4: Manifestorr folded before Flop
Seat 5: BumHuntKing collected ($5.90)
Seat 6: Bejondeiala (button) folded before Flop (didn't bet)



PokerStars Hand #254201615282:  Hold'em No Limit ($0.50/$1.00 USD) - 2025/01/04 2:15:18 WET [2025/01/04 21:15:18 ET]
Table 'Klotho II' 6-max Seat #2 is the button
Seat 1: XneferX ($100 in chips) is sitting out
Seat 2: drburner503 ($161.47 in chips) 
Seat 3: active27 ($56.63 in chips) 
Seat 4: Manifestorr ($101.04 in chips) 
Seat 5: BumHuntKing ($116.24 in chips) 
Seat 6: Bejondeiala ($197.22 in chips) 
active27: posts small blind $0.50
Manifestorr: posts big blind $1
XneferX: sits out 
*** HOLE CARDS ***
BumHuntKing: folds 
Bejondeiala: folds 
drburner503: folds 
active27: raises $2 to $3
Manifestorr: raises $6 to $9
active27: calls $6
*** FLOP *** [9s 8d 7d]
active27: checks 
Manifestorr: checks 
*** TURN *** [9s 8d 7d] [3d]
active27: bets $6.95
Manifestorr: calls $6.95
*** RIVER *** [9s 8d 7d 3d] [6s]
active27: bets $15.15
Manifestorr: folds 
Uncalled bet ($15.15) returned to active27
active27 collected $30.30 from pot
*** SUMMARY ***
Total pot $31.90 | Rake $1.60 
Board [9s 8d 7d 3d 6s]
Seat 1: XneferX
Seat 2: drburner503 (button) folded before Flop (didn't bet)
Seat 3: active27 (small blind) collected ($30.30)
Seat 4: Manifestorr (big blind) folded on the River
Seat 5: BumHuntKing folded before Flop (didn't bet)
Seat 6: Bejondeiala folded before Flop (didn't bet)



PokerStars Hand #254201624530:  Hold'em No Limit ($0.50/$1.00 USD) - 2025/01/04 2:16:08 WET [2025/01/04 21:16:08 ET]
Table 'Klotho II' 6-max Seat #3 is the button
Seat 1: XneferX ($100 in chips) is sitting out
Seat 2: drburner503 ($161.47 in chips) 
Seat 3: active27 ($70.98 in chips) 
Seat 4: Manifestorr ($100 in chips) 
Seat 5: BumHuntKing ($116.24 in chips) 
Seat 6: Bejondeiala ($197.22 in chips) 
Manifestorr: posts small blind $0.50
BumHuntKing: posts big blind $1
XneferX: sits out 
*** HOLE CARDS ***
Bejondeiala: folds 
drburner503: folds 
active27: folds 
Manifestorr: raises $2 to $3
BumHuntKing: calls $2
*** FLOP *** [Qd 7d 3s]
Manifestorr: bets $1.88
BumHuntKing: calls $1.88
*** TURN *** [Qd 7d 3s] [Kc]
Manifestorr: checks 
BumHuntKing: checks 
*** RIVER *** [Qd 7d 3s Kc] [2c]
Manifestorr: checks 
BumHuntKing: checks 
*** SHOW DOWN ***
Manifestorr: shows [8d 8c] (a pair of Eights)
BumHuntKing: mucks hand 
Manifestorr collected $9.27 from pot
*** SUMMARY ***
Total pot $9.76 | Rake $0.49 
Board [Qd 7d 3s Kc 2c]
Seat 1: XneferX
Seat 2: drburner503 folded before Flop (didn't bet)
Seat 3: active27 (button) folded before Flop (didn't bet)
Seat 4: Manifestorr (small blind) showed [8d 8c] and won ($9.27) with a pair of Eights
Seat 5: BumHuntKing (big blind) mucked
Seat 6: Bejondeiala folded before Flop (didn't bet)



PokerStars Hand #254201635022:  Hold'em No Limit ($0.50/$1.00 USD) - 2025/01/04 2:17:05 WET [2025/01/04 21:17:05 ET]
Table 'Klotho II' 6-max Seat #4 is the button
Seat 1: XneferX ($100 in chips) is sitting out
Seat 2: drburner503 ($161.47 in chips) 
Seat 3: active27 ($70.98 in chips) 
Seat 4: Manifestorr ($104.39 in chips) 
Seat 5: BumHuntKing ($111.36 in chips) 
Seat 6: Bejondeiala ($197.22 in chips) 
BumHuntKing: posts small blind $0.50
Bejondeiala: posts big blind $1
XneferX: sits out 
*** HOLE CARDS ***
drburner503: folds 
active27: folds 
Manifestorr: folds 
BumHuntKing: raises $1.50 to $2.50
Bejondeiala: calls $1.50
*** FLOP *** [7h 8d 2s]
BumHuntKing: checks 
Bejondeiala: checks 
*** TURN *** [7h 8d 2s] [3c]
BumHuntKing: bets $1.57
Bejondeiala: raises $6.92 to $8.49
BumHuntKing: calls $6.92
*** RIVER *** [7h 8d 2s 3c] [4h]
BumHuntKing: checks 
Bejondeiala: bets $29.23
BumHuntKing: folds 
Uncalled bet ($29.23) returned to Bejondeiala
Bejondeiala collected $20.88 from pot
Bejondeiala: doesn't show hand 
*** SUMMARY ***
Total pot $21.98 | Rake $1.10 
Board [7h 8d 2s 3c 4h]
Seat 1: XneferX
Seat 2: drburner503 folded before Flop (didn't bet)
Seat 3: active27 folded before Flop (didn't bet)
Seat 4: Manifestorr (button) folded before Flop (didn't bet)
Seat 5: BumHuntKing (small blind) folded on the River
Seat 6: Bejondeiala (big blind) collected ($20.88)



PokerStars Hand #254201650134:  Hold'em No Limit ($0.50/$1.00 USD) - 2025/01/04 2:18:28 WET [2025/01/04 21:18:28 ET]
Table 'Klotho II' 6-max Seat #5 is the button
Seat 1: XneferX ($100 in chips) 
Seat 2: drburner503 ($161.47 in chips) 
Seat 3: active27 ($70.98 in chips) 
Seat 4: Manifestorr ($104.39 in chips) 
Seat 5: BumHuntKing ($100.37 in chips) 
Seat 6: Bejondeiala ($207.11 in chips) 
Bejondeiala: posts small blind $0.50
XneferX: posts big blind $1
*** HOLE CARDS ***
drburner503: folds 
active27: folds 
Manifestorr: folds 
BumHuntKing: folds 
Bejondeiala: folds 
Uncalled bet ($0.50) returned to XneferX
XneferX collected $1 from pot
*** SUMMARY ***
Total pot $1 | Rake $0 
Seat 1: XneferX (big blind) collected ($1)
Seat 2: drburner503 folded before Flop (didn't bet)
Seat 3: active27 folded before Flop (didn't bet)
Seat 4: Manifestorr folded before Flop (didn't bet)
Seat 5: BumHuntKing (button) folded before Flop (didn't bet)
Seat 6: Bejondeiala (small blind) folded before Flop



PokerStars Hand #254201653361:  Hold'em No Limit ($0.50/$1.00 USD) - 2025/01/04 2:18:46 WET [2025/01/04 21:18:46 ET]
Table 'Klotho II' 6-max Seat #6 is the button
Seat 1: XneferX ($100.50 in chips) 
Seat 2: drburner503 ($161.47 in chips) 
Seat 3: active27 ($70.98 in chips) 
Seat 4: Manifestorr ($104.39 in chips) 
Seat 5: BumHuntKing ($100.37 in chips) 
Seat 6: Bejondeiala ($206.61 in chips) 
XneferX: posts small blind $0.50
drburner503: posts big blind $1
*** HOLE CARDS ***
active27: folds 
Manifestorr: folds 
BumHuntKing: folds 
Bejondeiala: raises $1.50 to $2.50
XneferX: folds 
drburner503: folds 
Uncalled bet ($1.50) returned to Bejondeiala
Bejondeiala collected $2.50 from pot
Bejondeiala: doesn't show hand 
*** SUMMARY ***
Total pot $2.50 | Rake $0 
Seat 1: XneferX (small blind) folded before Flop
Seat 2: drburner503 (big blind) folded before Flop
Seat 3: active27 folded before Flop (didn't bet)
Seat 4: Manifestorr folded before Flop (didn't bet)
Seat 5: BumHuntKing folded before Flop (didn't bet)
Seat 6: Bejondeiala (button) collected ($2.50)



PokerStars Hand #254201658310:  Hold'em No Limit ($0.50/$1.00 USD) - 2025/01/04 2:19:12 WET [2025/01/04 21:19:12 ET]
Table 'Klotho II' 6-max Seat #1 is the button
Seat 1: XneferX ($100 in chips) 
Seat 2: drburner503 ($160.47 in chips) 
Seat 3: active27 ($70.98 in chips) 
Seat 4: Manifestorr ($104.39 in chips) 
Seat 5: BumHuntKing ($100.37 in chips) 
Seat 6: Bejondeiala ($208.11 in chips) 
drburner503: posts small blind $0.50
active27: posts big blind $1
*** HOLE CARDS ***
Manifestorr: folds 
BumHuntKing: raises $1.20 to $2.20
Bejondeiala: folds 
XneferX: calls $2.20
drburner503: raises $1.20 to $3.40
active27: folds 
BumHuntKing: folds 
XneferX: calls $1.20
*** FLOP *** [8d 5h Qh]
drburner503: bets $4
XneferX: calls $4
*** TURN *** [8d 5h Qh] [7d]
drburner503: bets $8.55
XneferX: calls $8.55
*** RIVER *** [8d 5h Qh 7d] [8s]
drburner503: bets $15
XneferX: raises $69.05 to $84.05 and is all-in
drburner503: folds 
Uncalled bet ($69.05) returned to XneferX
XneferX collected $62.60 from pot
XneferX: doesn't show hand 
*** SUMMARY ***
Total pot $65.10 | Rake $2.50 
Board [8d 5h Qh 7d 8s]
Seat 1: XneferX (button) collected ($62.60)
Seat 2: drburner503 (small blind) folded on the River
Seat 3: active27 (big blind) folded before Flop
Seat 4: Manifestorr folded before Flop (didn't bet)
Seat 5: BumHuntKing folded before Flop
Seat 6: Bejondeiala folded before Flop (didn't bet)



PokerStars Hand #254201669984:  Hold'em No Limit ($0.50/$1.00 USD) - 2025/01/04 2:20:15 WET [2025/01/04 21:20:15 ET]
Table 'Klotho II' 6-max Seat #2 is the button
Seat 1: XneferX ($131.65 in chips) 
Seat 2: drburner503 ($129.52 in chips) 
Seat 3: active27 ($69.98 in chips) 
Seat 4: Manifestorr ($104.39 in chips) 
Seat 5: BumHuntKing ($100 in chips) 
Seat 6: Bejondeiala ($208.11 in chips) 
active27: posts small blind $0.50
Manifestorr: posts big blind $1
*** HOLE CARDS ***
BumHuntKing: folds 
Bejondeiala: folds 
XneferX: folds 
drburner503: calls $1
active27: raises $2 to $3
Manifestorr: folds 
drburner503: calls $2
*** FLOP *** [Ad 7d 3h]
active27: bets $1.80
drburner503: calls $1.80
*** TURN *** [Ad 7d 3h] [7c]
active27: checks 
drburner503: bets $3
active27: folds 
Uncalled bet ($3) returned to drburner503
drburner503 collected $10.07 from pot
drburner503: doesn't show hand 
*** SUMMARY ***
Total pot $10.60 | Rake $0.53 
Board [Ad 7d 3h 7c]
Seat 1: XneferX folded before Flop (didn't bet)
Seat 2: drburner503 (button) collected ($10.07)
Seat 3: active27 (small blind) folded on the Turn
Seat 4: Manifestorr (big blind) folded before Flop
Seat 5: BumHuntKing folded before Flop (didn't bet)
Seat 6: Bejondeiala folded before Flop (didn't bet)



PokerStars Hand #254201680464:  Hold'em No Limit ($0.50/$1.00 USD) - 2025/01/04 2:21:14 WET [2025/01/04 21:21:14 ET]
Table 'Klotho II' 6-max Seat #3 is the button
Seat 1: XneferX ($131.65 in chips) 
Seat 2: drburner503 ($134.79 in chips) 
Seat 3: active27 ($65.18 in chips) 
Seat 4: Manifestorr ($103.39 in chips) 
Seat 5: BumHuntKing ($100 in chips) 
Seat 6: Bejondeiala ($208.11 in chips) 
Manifestorr: posts small blind $0.50
BumHuntKing: posts big blind $1
*** HOLE CARDS ***
Bejondeiala: folds 
XneferX: raises $1.20 to $2.20
drburner503: folds 
active27: folds 
Manifestorr: folds 
BumHuntKing: calls $1.20
*** FLOP *** [7h 9c Ts]
BumHuntKing: checks 
XneferX: bets $2.38
BumHuntKing: raises $8.33 to $10.71
XneferX: calls $8.33
*** TURN *** [7h 9c Ts] [3s]
BumHuntKing: bets $22.78
XneferX: folds 
Uncalled bet ($22.78) returned to BumHuntKing
BumHuntKing collected $25 from pot
BumHuntKing: doesn't show hand 
*** SUMMARY ***
Total pot $26.32 | Rake $1.32 
Board [7h 9c Ts 3s]
Seat 1: XneferX folded on the Turn
Seat 2: drburner503 folded before Flop (didn't bet)
Seat 3: active27 (button) folded before Flop (didn't bet)
Seat 4: Manifestorr (small blind) folded before Flop
Seat 5: BumHuntKing (big blind) collected ($25)
Seat 6: Bejondeiala folded before Flop (didn't bet)



PokerStars Hand #254201699181:  Hold'em No Limit ($0.50/$1.00 USD) - 2025/01/04 2:22:56 WET [2025/01/04 21:22:56 ET]
Table 'Klotho II' 6-max Seat #4 is the button
Seat 6: Bejondeiala ($208.11 in chips) is sitting out
Seat 1: XneferX ($118.74 in chips) 
Seat 2: drburner503 ($134.79 in chips) 
Seat 3: active27 ($65.18 in chips) 
Seat 4: Manifestorr ($102.89 in chips) 
Seat 5: BumHuntKing ($112.09 in chips) 
BumHuntKing: posts small blind $0.50
Bejondeiala: is sitting out 
XneferX: posts big blind $1
*** HOLE CARDS ***
drburner503: raises $2 to $3
active27: folds 
Manifestorr: folds 
BumHuntKing: raises $9 to $12
XneferX: folds 
Bejondeiala leaves the table
drburner503: calls $9
*** FLOP *** [4h Ac 5s]
BumHuntKing: checks 
drburner503: bets $11.88
BumHuntKing: raises $23.76 to $35.64
drburner503: calls $23.76
*** TURN *** [4h Ac 5s] [3d]
BumHuntKing: checks 
drburner503: bets $46.89
BumHuntKing: calls $46.89
*** RIVER *** [4h Ac 5s 3d] [8c]
BumHuntKing: checks 
drburner503: bets $40.26 and is all-in
BumHuntKing: calls $17.56 and is all-in
Uncalled bet ($22.70) returned to drburner503
*** SHOW DOWN ***
drburner503: shows [Td As] (a pair of Aces)
BumHuntKing: shows [5h Ah] (two pair, Aces and Fives)
BumHuntKing collected $222.68 from pot
*** SUMMARY ***
Total pot $225.18 | Rake $2.50 
Board [4h Ac 5s 3d 8c]
Seat 6: Bejondeiala
Seat 1: XneferX (big blind) folded before Flop
Seat 2: drburner503 showed [Td As] and lost with a pair of Aces
Seat 3: active27 folded before Flop (didn't bet)
Seat 4: Manifestorr (button) folded before Flop (didn't bet)
Seat 5: BumHuntKing (small blind) showed [5h Ah] and won ($222.68) with two pair, Aces and Fives



PokerStars Hand #254201713081:  Hold'em No Limit ($0.50/$1.00 USD) - 2025/01/04 2:24:12 WET [2025/01/04 21:24:12 ET]
Table 'Klotho II' 6-max Seat #5 is the button
Seat 1: XneferX ($117.74 in chips) 
Seat 2: drburner503 ($22.70 in chips) 
Seat 3: active27 ($65.18 in chips) 
Seat 4: Manifestorr ($102.89 in chips) 
Seat 5: BumHuntKing ($222.68 in chips) 
XneferX: posts small blind $0.50
drburner503: posts big blind $1
*** HOLE CARDS ***
active27: raises $2 to $3
Manifestorr: folds 
BumHuntKing: folds 
XneferX: folds 
drburner503: folds 
Uncalled bet ($2) returned to active27
drburner503 leaves the table
active27 collected $2.50 from pot
*** SUMMARY ***
Total pot $2.50 | Rake $0 
Seat 1: XneferX (small blind) folded before Flop
Seat 2: drburner503 (big blind) folded before Flop
Seat 3: active27 collected ($2.50)
Seat 4: Manifestorr folded before Flop (didn't bet)
Seat 5: BumHuntKing (button) folded before Flop (didn't bet)



PokerStars Hand #254201715960:  Hold'em No Limit ($0.50/$1.00 USD) - 2025/01/04 2:24:28 WET [2025/01/04 21:24:28 ET]
Table 'Klotho II' 6-max Seat #1 is the button
Seat 4: Manifestorr ($102.89 in chips) is sitting out
Seat 1: XneferX ($117.24 in chips) 
Seat 3: active27 ($66.68 in chips) 
Seat 5: BumHuntKing ($222.68 in chips) 
active27: posts small blind $0.50
Manifestorr: is sitting out 
BumHuntKing: posts big blind $1
*** HOLE CARDS ***
Manifestorr leaves the table
XneferX: folds 
active27: raises $2 to $3
XneferX leaves the table
BumHuntKing: calls $2
*** FLOP *** [9d Td Ac]
active27: checks 
Rysiff joins the table at seat #4 
marin7777974 joins the table at seat #1 
BumHuntKing: checks 
*** TURN *** [9d Td Ac] [5h]
marin7777974 is disconnected 
active27: checks 
BumHuntKing: bets $5.70
LuckyShikari joins the table at seat #2 
active27: raises $11.86 to $17.56
BumHuntKing: folds 
Uncalled bet ($11.86) returned to active27
active27 collected $16.53 from pot
*** SUMMARY ***
Total pot $17.40 | Rake $0.87 
Board [9d Td Ac 5h]
Seat 4: Manifestorr
Seat 1: XneferX (button) folded before Flop (didn't bet)
Seat 3: active27 (small blind) collected ($16.53)
Seat 5: BumHuntKing (big blind) folded on the Turn



PokerStars Hand #254201730218:  Hold'em No Limit ($0.50/$1.00 USD) - 2025/01/04 2:25:48 WET [2025/01/04 21:25:48 ET]
Table 'Klotho II' 6-max Seat #3 is the button
Seat 2: LuckyShikari ($100 in chips) is sitting out
Seat 4: Rysiff ($100 in chips) is sitting out
Seat 1: marin7777974 ($40.74 in chips) 
Seat 3: active27 ($74.51 in chips) 
Seat 5: BumHuntKing ($213.98 in chips) 
BumHuntKing: posts small blind $0.50
marin7777974: posts big blind $1
LuckyShikari: sits out 
*** HOLE CARDS ***
active27: raises $2 to $3
BumHuntKing: raises $9 to $12
pr0tecto joins the table at seat #6 
marin7777974: calls $11
active27: calls $9
*** FLOP *** [Jh 9h 3h]
BumHuntKing: checks 
marin7777974: bets $28.74 and is all-in
active27: calls $28.74
BumHuntKing: raises $173.24 to $201.98 and is all-in
active27: calls $33.77 and is all-in
Uncalled bet ($139.47) returned to BumHuntKing
*** TURN *** [Jh 9h 3h] [Qd]
*** RIVER *** [Jh 9h 3h Qd] [5c]
*** SHOW DOWN ***
BumHuntKing: shows [Ks Kc] (a pair of Kings)
active27: shows [Tc 9c] (a pair of Nines)
BumHuntKing collected $67.54 from side pot
marin7777974: shows [7c 7d] (a pair of Sevens)
BumHuntKing collected $121.22 from main pot
*** SUMMARY ***
Total pot $189.76 Main pot $121.22. Side pot $67.54. | Rake $1 
Board [Jh 9h 3h Qd 5c]
Seat 2: LuckyShikari
Seat 4: Rysiff
Seat 1: marin7777974 (big blind) showed [7c 7d] and lost with a pair of Sevens
Seat 3: active27 (button) showed [Tc 9c] and lost with a pair of Nines
Seat 5: BumHuntKing (small blind) showed [Ks Kc] and won ($188.76) with a pair of Kings



PokerStars Hand #254201741723:  Hold'em No Limit ($0.50/$1.00 USD) - 2025/01/04 2:26:53 WET [2025/01/04 21:26:53 ET]
Table 'Klotho II' 6-max Seat #4 is the button
Seat 3: active27 ($0 in chips) is sitting out
Seat 1: marin7777974 ($45 in chips) 
Seat 2: LuckyShikari ($100 in chips) 
Seat 4: Rysiff ($100 in chips) 
Seat 5: BumHuntKing ($328.23 in chips) 
Seat 6: pr0tecto ($100 in chips) 
BumHuntKing: posts small blind $0.50
pr0tecto: posts big blind $1
*** HOLE CARDS ***
active27 is disconnected 
marin7777974: raises $1 to $2
LuckyShikari: folds 
Rysiff: folds 
BumHuntKing: folds 
pr0tecto: raises $6.50 to $8.50
marin7777974: calls $6.50
*** FLOP *** [As 3h 3s]
pr0tecto: checks 
marin7777974: bets $5
pr0tecto: raises $7 to $12
marin7777974: folds 
Uncalled bet ($7) returned to pr0tecto
pr0tecto collected $26.12 from pot
pr0tecto: doesn't show hand 
*** SUMMARY ***
Total pot $27.50 | Rake $1.38 
Board [As 3h 3s]
Seat 3: active27
Seat 1: marin7777974 folded on the Flop
Seat 2: LuckyShikari folded before Flop (didn't bet)
Seat 4: Rysiff (button) folded before Flop (didn't bet)
Seat 5: BumHuntKing (small blind) folded before Flop
Seat 6: pr0tecto (big blind) collected ($26.12)



PokerStars Hand #254201750255:  Hold'em No Limit ($0.50/$1.00 USD) - 2025/01/04 2:27:41 WET [2025/01/04 21:27:41 ET]
Table 'Klotho II' 6-max Seat #5 is the button
Seat 3: active27 ($0 in chips) is sitting out
Seat 1: marin7777974 ($31.50 in chips) 
Seat 2: LuckyShikari ($100 in chips) 
Seat 4: Rysiff ($100 in chips) 
Seat 5: BumHuntKing ($327.73 in chips) 
Seat 6: pr0tecto ($112.62 in chips) 
pr0tecto: posts small blind $0.50
marin7777974: posts big blind $1
*** HOLE CARDS ***
LuckyShikari: folds 
Rysiff: folds 
BumHuntKing: raises $2.50 to $3.50
pr0tecto: folds 
marin7777974: calls $2.50
*** FLOP *** [7c 8s Qs]
marin7777974: bets $2
BumHuntKing: raises $9.30 to $11.30
marin7777974: raises $16.70 to $28 and is all-in
BumHuntKing: calls $16.70
*** TURN *** [7c 8s Qs] [Jh]
*** RIVER *** [7c 8s Qs Jh] [6h]
*** SHOW DOWN ***
marin7777974: shows [9d Qh] (a pair of Queens)
BumHuntKing: shows [Kh Kd] (a pair of Kings)
BumHuntKing collected $61 from pot
*** SUMMARY ***
Total pot $63.50 | Rake $2.50 
Board [7c 8s Qs Jh 6h]
Seat 3: active27
Seat 1: marin7777974 (big blind) showed [9d Qh] and lost with a pair of Queens
Seat 2: LuckyShikari folded before Flop (didn't bet)
Seat 4: Rysiff folded before Flop (didn't bet)
Seat 5: BumHuntKing (button) showed [Kh Kd] and won ($61) with a pair of Kings
Seat 6: pr0tecto (small blind) folded before Flop



PokerStars Hand #254201758737:  Hold'em No Limit ($0.50/$1.00 USD) - 2025/01/04 2:28:30 WET [2025/01/04 21:28:30 ET]
Table 'Klotho II' 6-max Seat #6 is the button
Seat 1: marin7777974 ($0 in chips) is sitting out
Seat 3: active27 ($0 in chips) is sitting out
Seat 2: LuckyShikari ($100 in chips) 
Seat 4: Rysiff ($100 in chips) 
Seat 5: BumHuntKing ($357.23 in chips) 
Seat 6: pr0tecto ($112.12 in chips) 
LuckyShikari: posts small blind $0.50
Rysiff: posts big blind $1
*** HOLE CARDS ***
BumHuntKing: folds 
pr0tecto: raises $2 to $3
LuckyShikari: raises $7 to $10
Rysiff: folds 
pr0tecto: calls $7
*** FLOP *** [5c 7d 2c]
LuckyShikari: bets $10
pr0tecto: folds 
Uncalled bet ($10) returned to LuckyShikari
LuckyShikari collected $20 from pot
LuckyShikari: doesn't show hand 
*** SUMMARY ***
Total pot $21 | Rake $1 
Board [5c 7d 2c]
Seat 1: marin7777974
Seat 3: active27
Seat 2: LuckyShikari (small blind) collected ($20)
Seat 4: Rysiff (big blind) folded before Flop
Seat 5: BumHuntKing folded before Flop (didn't bet)
Seat 6: pr0tecto (button) folded on the Flop



PokerStars Hand #254201844129:  Hold'em No Limit ($0.50/$1.00 USD) - 2025/01/04 2:36:40 WET [2025/01/04 21:36:40 ET]
Table 'Klotho II' 6-max Seat #5 is the button
Seat 3: active27 ($0 in chips) is sitting out
Seat 1: marin7777974 ($53.79 in chips) 
Seat 2: LuckyShikari ($206.89 in chips) 
Seat 4: Rysiff ($155.49 in chips) 
Seat 5: BumHuntKing ($365.53 in chips) 
Seat 6: pr0tecto ($127.62 in chips) 
pr0tecto: posts small blind $0.50
marin7777974: posts big blind $1
*** HOLE CARDS ***
LuckyShikari: raises $1.20 to $2.20
Rysiff: folds 
BumHuntKing: folds 
pr0tecto: folds 
marin7777974: calls $1.20
*** FLOP *** [3s As 5d]
active27 leaves the table
marin7777974: bets $1
LuckyShikari: raises $1.50 to $2.50
marin7777974: calls $1.50
*** TURN *** [3s As 5d] [6h]
marin7777974: checks 
LuckyShikari: checks 
*** RIVER *** [3s As 5d 6h] [Ah]
marin7777974: checks 
LuckyShikari: checks 
*** SHOW DOWN ***
marin7777974: shows [9d 7d] (a pair of Aces)
LuckyShikari: shows [5s 4h] (two pair, Aces and Fives)
LuckyShikari collected $9.40 from pot
*** SUMMARY ***
Total pot $9.90 | Rake $0.50 
Board [3s As 5d 6h Ah]
Seat 3: active27
Seat 1: marin7777974 (big blind) showed [9d 7d] and lost with a pair of Aces
Seat 2: LuckyShikari showed [5s 4h] and won ($9.40) with two pair, Aces and Fives
Seat 4: Rysiff folded before Flop (didn't bet)
Seat 5: BumHuntKing (button) folded before Flop (didn't bet)
Seat 6: pr0tecto (small blind) folded before Flop



PokerStars Hand #254201852495:  Hold'em No Limit ($0.50/$1.00 USD) - 2025/01/04 2:37:28 WET [2025/01/04 21:37:28 ET]
Table 'Klotho II' 6-max Seat #6 is the button
Seat 1: marin7777974 ($49.09 in chips) 
Seat 2: LuckyShikari ($211.59 in chips) 
Seat 4: Rysiff ($155.49 in chips) 
Seat 5: BumHuntKing ($365.53 in chips) 
Seat 6: pr0tecto ($127.12 in chips) 
marin7777974: posts small blind $0.50
LuckyShikari: posts big blind $1
*** HOLE CARDS ***
Rysiff: folds 
BumHuntKing: folds 
pr0tecto: folds 
marin7777974: raises $1 to $2
LuckyShikari: calls $1
*** FLOP *** [5c Js 7d]
marin7777974: bets $1
LuckyShikari: calls $1
*** TURN *** [5c Js 7d] [4c]
marin7777974: bets $1
LuckyShikari: calls $1
*** RIVER *** [5c Js 7d 4c] [6s]
marin7777974: bets $2
LuckyShikari: raises $192 to $194
marin7777974: folds 
Uncalled bet ($192) returned to LuckyShikari
LuckyShikari collected $11.40 from pot
LuckyShikari: doesn't show hand 
*** SUMMARY ***
Total pot $12 | Rake $0.60 
Board [5c Js 7d 4c 6s]
Seat 1: marin7777974 (small blind) folded on the River
Seat 2: LuckyShikari (big blind) collected ($11.40)
Seat 4: Rysiff folded before Flop (didn't bet)
Seat 5: BumHuntKing folded before Flop (didn't bet)
Seat 6: pr0tecto (button) folded before Flop (didn't bet)



PokerStars Hand #254201857321:  Hold'em No Limit ($0.50/$1.00 USD) - 2025/01/04 2:37:55 WET [2025/01/04 21:37:55 ET]
Table 'Klotho II' 6-max Seat #1 is the button
Seat 1: marin7777974 ($43.09 in chips) 
Seat 2: LuckyShikari ($216.99 in chips) 
Seat 4: Rysiff ($155.49 in chips) 
Seat 5: BumHuntKing ($365.53 in chips) 
Seat 6: pr0tecto ($127.12 in chips) 
LuckyShikari: posts small blind $0.50
Rysiff: posts big blind $1
*** HOLE CARDS ***
BumHuntKing: raises $1.20 to $2.20
pr0tecto: raises $5.80 to $8
marin7777974: calls $8
LuckyShikari: folds 
Rysiff: folds 
BumHuntKing: folds 
*** FLOP *** [7d Jd Ac]
pr0tecto: checks 
marin7777974: checks 
*** TURN *** [7d Jd Ac] [8h]
pr0tecto: checks 
marin7777974: checks 
*** RIVER *** [7d Jd Ac 8h] [Kc]
pr0tecto: checks 
marin7777974: checks 
*** SHOW DOWN ***
pr0tecto: shows [Jh Qh] (a pair of Jacks)
marin7777974: mucks hand 
pr0tecto collected $18.72 from pot
*** SUMMARY ***
Total pot $19.70 | Rake $0.98 
Board [7d Jd Ac 8h Kc]
Seat 1: marin7777974 (button) mucked
Seat 2: LuckyShikari (small blind) folded before Flop
Seat 4: Rysiff (big blind) folded before Flop
Seat 5: BumHuntKing folded before Flop
Seat 6: pr0tecto showed [Jh Qh] and won ($18.72) with a pair of Jacks



PokerStars Hand #254201866160:  Hold'em No Limit ($0.50/$1.00 USD) - 2025/01/04 2:38:46 WET [2025/01/04 21:38:46 ET]
Table 'Klotho II' 6-max Seat #2 is the button
Seat 1: marin7777974 ($35.09 in chips) 
Seat 2: LuckyShikari ($216.49 in chips) 
Seat 4: Rysiff ($154.49 in chips) 
Seat 5: BumHuntKing ($363.33 in chips) 
Seat 6: pr0tecto ($137.84 in chips) 
Rysiff: posts small blind $0.50
BumHuntKing: posts big blind $1
*** HOLE CARDS ***
pr0tecto: folds 
marin7777974: calls $1
LuckyShikari: folds 
Rysiff: raises $3 to $4
BumHuntKing: folds 
marin7777974: calls $3
*** FLOP *** [Ad 9s Jd]
Rysiff: bets $2.82
marin7777974: folds 
Uncalled bet ($2.82) returned to Rysiff
Rysiff collected $8.55 from pot
Rysiff: doesn't show hand 
*** SUMMARY ***
Total pot $9 | Rake $0.45 
Board [Ad 9s Jd]
Seat 1: marin7777974 folded on the Flop
Seat 2: LuckyShikari (button) folded before Flop (didn't bet)
Seat 4: Rysiff (small blind) collected ($8.55)
Seat 5: BumHuntKing (big blind) folded before Flop
Seat 6: pr0tecto folded before Flop (didn't bet)



PokerStars Hand #254201871645:  Hold'em No Limit ($0.50/$1.00 USD) - 2025/01/04 2:39:18 WET [2025/01/04 21:39:18 ET]
Table 'Klotho II' 6-max Seat #4 is the button
Seat 1: marin7777974 ($31.09 in chips) 
Seat 2: LuckyShikari ($216.49 in chips) 
Seat 4: Rysiff ($159.04 in chips) 
Seat 5: BumHuntKing ($362.33 in chips) 
Seat 6: pr0tecto ($137.84 in chips) 
BumHuntKing: posts small blind $0.50
pr0tecto: posts big blind $1
*** HOLE CARDS ***
marin7777974: folds 
marin7777974 leaves the table
LuckyShikari: folds 
Rysiff: raises $1.50 to $2.50
BumHuntKing: folds 
pr0tecto: raises $8.50 to $11
Rysiff: raises $13 to $24
pr0tecto: calls $13
*** FLOP *** [Jd 2s Td]
pr0tecto: checks 
Rysiff: bets $15.21
pr0tecto: calls $15.21
*** TURN *** [Jd 2s Td] [8h]
pr0tecto: checks 
Rysiff: bets $119.83 and is all-in
pr0tecto: folds 
Uncalled bet ($119.83) returned to Rysiff
Rysiff collected $76.42 from pot
Rysiff: doesn't show hand 
*** SUMMARY ***
Total pot $78.92 | Rake $2.50 
Board [Jd 2s Td 8h]
Seat 1: marin7777974 folded before Flop (didn't bet)
Seat 2: LuckyShikari folded before Flop (didn't bet)
Seat 4: Rysiff (button) collected ($76.42)
Seat 5: BumHuntKing (small blind) folded before Flop
Seat 6: pr0tecto (big blind) folded on the Turn



PokerStars Hand #254201885231:  Hold'em No Limit ($0.50/$1.00 USD) - 2025/01/04 2:40:35 WET [2025/01/04 21:40:35 ET]
Table 'Klotho II' 6-max Seat #5 is the button
Seat 2: LuckyShikari ($216.49 in chips) 
Seat 4: Rysiff ($196.25 in chips) 
Seat 5: BumHuntKing ($361.83 in chips) 
Seat 6: pr0tecto ($100 in chips) 
pr0tecto: posts small blind $0.50
LuckyShikari: posts big blind $1
*** HOLE CARDS ***
Rysiff: raises $1.50 to $2.50
BumHuntKing: folds 
pr0tecto: folds 
LuckyShikari: calls $1.50
*** FLOP *** [Kd 9d 5d]
LuckyShikari: bets $3.92
Rysiff: folds 
Uncalled bet ($3.92) returned to LuckyShikari
LuckyShikari collected $5.22 from pot
LuckyShikari: doesn't show hand 
*** SUMMARY ***
Total pot $5.50 | Rake $0.28 
Board [Kd 9d 5d]
Seat 2: LuckyShikari (big blind) collected ($5.22)
Seat 4: Rysiff folded on the Flop
Seat 5: BumHuntKing (button) folded before Flop (didn't bet)
Seat 6: pr0tecto (small blind) folded before Flop



PokerStars Hand #254201891590:  Hold'em No Limit ($0.50/$1.00 USD) - 2025/01/04 2:41:12 WET [2025/01/04 21:41:12 ET]
Table 'Klotho II' 6-max Seat #6 is the button
Seat 2: LuckyShikari ($219.21 in chips) is sitting out
Seat 4: Rysiff ($193.75 in chips) 
Seat 5: BumHuntKing ($361.83 in chips) 
Seat 6: pr0tecto ($99.50 in chips) 
Rysiff: posts small blind $0.50
BumHuntKing: posts big blind $1
*** HOLE CARDS ***
pr0tecto: raises $2 to $3
Rysiff: folds 
LuckyShikari leaves the table
BumHuntKing: folds 
Uncalled bet ($2) returned to pr0tecto
pr0tecto collected $2.50 from pot
pr0tecto: doesn't show hand 
*** SUMMARY ***
Total pot $2.50 | Rake $0 
Seat 2: LuckyShikari
Seat 4: Rysiff (small blind) folded before Flop
Seat 5: BumHuntKing (big blind) folded before Flop
Seat 6: pr0tecto (button) collected ($2.50)



