PokerStars Hand #254196878915:  Hold'em No Limit ($0.50/$1.00 USD) - 2025/01/04 21:23:18 WET [2025/01/04 16:23:18 ET]
Table 'Mussorgskia' 6-max Seat #4 is the button
Seat 2: YeeesMan ($100 in chips) is sitting out
Seat 1: XneferX ($100 in chips) 
Seat 3: shaneybah ($20.19 in chips) 
Seat 4: illarins ($100.40 in chips) 
Seat 5: easy_sarcasm ($100.50 in chips) 
Seat 6: SorinS28 ($100 in chips) 
easy_sarcasm: posts small blind $0.50
SorinS28: posts big blind $1
YeeesMan: sits out 
*** HOLE CARDS ***
XneferX: folds 
shaneybah: raises $2 to $3
illarins: raises $4 to $7
easy_sarcasm: folds 
SorinS28: folds 
shaneybah: calls $4
*** FLOP *** [Ad Ah Td]
shaneybah: checks 
illarins: checks 
*** TURN *** [Ad Ah Td] [9d]
shaneybah: bets $13.19 and is all-in
illarins: calls $13.19
*** RIVER *** [Ad Ah Td 9d] [Ks]
*** SHOW DOWN ***
shaneybah: shows [4c 6c] (a pair of Aces)
illarins: shows [As Kh] (a full house, Aces full of Kings)
illarins collected $39.79 from pot
*** SUMMARY ***
Total pot $41.88 | Rake $2.09 
Board [Ad Ah Td 9d Ks]
Seat 2: YeeesMan
Seat 1: XneferX folded before Flop (didn't bet)
Seat 3: shaneybah showed [4c 6c] and lost with a pair of Aces
Seat 4: illarins (button) showed [As Kh] and won ($39.79) with a full house, Aces full of Kings
Seat 5: easy_sarcasm (small blind) folded before Flop
Seat 6: SorinS28 (big blind) folded before Flop



PokerStars Hand #254196896840:  Hold'em No Limit ($0.50/$1.00 USD) - 2025/01/04 21:24:09 WET [2025/01/04 16:24:09 ET]
Table 'Mussorgskia' 6-max Seat #5 is the button
Seat 2: YeeesMan ($100 in chips) is sitting out
Seat 3: shaneybah ($0 in chips) is sitting out
Seat 1: XneferX ($100 in chips) 
Seat 4: illarins ($120 in chips) 
Seat 5: easy_sarcasm ($100 in chips) 
Seat 6: SorinS28 ($100 in chips) 
SorinS28: posts small blind $0.50
XneferX: posts big blind $1
YeeesMan: sits out 
*** HOLE CARDS ***
shaneybah leaves the table
illarins: raises $1.50 to $2.50
easy_sarcasm: folds 
SorinS28: folds 
XneferX: folds 
Uncalled bet ($1.50) returned to illarins
illarins collected $2.50 from pot
illarins: doesn't show hand 
*** SUMMARY ***
Total pot $2.50 | Rake $0 
Seat 2: YeeesMan
Seat 3: shaneybah
Seat 1: XneferX (big blind) folded before Flop
Seat 4: illarins collected ($2.50)
Seat 5: easy_sarcasm (button) folded before Flop (didn't bet)
Seat 6: SorinS28 (small blind) folded before Flop



PokerStars Hand #254196906977:  Hold'em No Limit ($0.50/$1.00 USD) - 2025/01/04 21:24:38 WET [2025/01/04 16:24:38 ET]
Table 'Mussorgskia' 6-max Seat #6 is the button
Seat 1: XneferX ($100 in chips) 
Seat 2: YeeesMan ($100 in chips) 
Seat 4: illarins ($121.50 in chips) 
Seat 5: easy_sarcasm ($100 in chips) 
Seat 6: SorinS28 ($100 in chips) 
XneferX: posts small blind $0.50
YeeesMan: posts big blind $1
*** HOLE CARDS ***
illarins: folds 
easy_sarcasm: folds 
SorinS28: raises $1.50 to $2.50
XneferX: folds 
YeeesMan: calls $1.50
*** FLOP *** [Kh Td Js]
YeeesMan: checks 
SorinS28: bets $1.46
YeeesMan: folds 
Uncalled bet ($1.46) returned to SorinS28
SorinS28 collected $5.22 from pot
SorinS28: doesn't show hand 
*** SUMMARY ***
Total pot $5.50 | Rake $0.28 
Board [Kh Td Js]
Seat 1: XneferX (small blind) folded before Flop
Seat 2: YeeesMan (big blind) folded on the Flop
Seat 4: illarins folded before Flop (didn't bet)
Seat 5: easy_sarcasm folded before Flop (didn't bet)
Seat 6: SorinS28 (button) collected ($5.22)



PokerStars Hand #254196923963:  Hold'em No Limit ($0.50/$1.00 USD) - 2025/01/04 21:25:25 WET [2025/01/04 16:25:25 ET]
Table 'Mussorgskia' 6-max Seat #1 is the button
Seat 1: XneferX ($100 in chips) 
Seat 2: YeeesMan ($100 in chips) 
Seat 4: illarins ($121.50 in chips) 
Seat 5: easy_sarcasm ($100 in chips) 
Seat 6: SorinS28 ($102.72 in chips) 
YeeesMan: posts small blind $0.50
illarins: posts big blind $1
*** HOLE CARDS ***
easy_sarcasm: folds 
SorinS28: raises $1.30 to $2.30
XneferX: raises $5.20 to $7.50
YeeesMan: folds 
CrankyChasm26 joins the table at seat #3 
CrankyChasm26 is disconnected 
illarins: folds 
SorinS28: folds 
Uncalled bet ($5.20) returned to XneferX
XneferX collected $6.10 from pot
XneferX: doesn't show hand 
*** SUMMARY ***
Total pot $6.10 | Rake $0 
Seat 1: XneferX (button) collected ($6.10)
Seat 2: YeeesMan (small blind) folded before Flop
Seat 4: illarins (big blind) folded before Flop
Seat 5: easy_sarcasm folded before Flop (didn't bet)
Seat 6: SorinS28 folded before Flop



PokerStars Hand #254196929931:  Hold'em No Limit ($0.50/$1.00 USD) - 2025/01/04 21:25:42 WET [2025/01/04 16:25:42 ET]
Table 'Mussorgskia' 6-max Seat #2 is the button
Seat 3: CrankyChasm26 ($21.48 in chips) is sitting out
Seat 1: XneferX ($103.80 in chips) 
Seat 2: YeeesMan ($100 in chips) 
Seat 4: illarins ($120.50 in chips) 
Seat 5: easy_sarcasm ($100 in chips) 
Seat 6: SorinS28 ($100.42 in chips) 
illarins: posts small blind $0.50
easy_sarcasm: posts big blind $1
*** HOLE CARDS ***
SorinS28: folds 
XneferX: folds 
YeeesMan: raises $1.50 to $2.50
illarins: folds 
easy_sarcasm: folds 
Uncalled bet ($1.50) returned to YeeesMan
YeeesMan collected $2.50 from pot
YeeesMan: doesn't show hand 
*** SUMMARY ***
Total pot $2.50 | Rake $0 
Seat 3: CrankyChasm26
Seat 1: XneferX folded before Flop (didn't bet)
Seat 2: YeeesMan (button) collected ($2.50)
Seat 4: illarins (small blind) folded before Flop
Seat 5: easy_sarcasm (big blind) folded before Flop
Seat 6: SorinS28 folded before Flop (didn't bet)



PokerStars Hand #254196940421:  Hold'em No Limit ($0.50/$1.00 USD) - 2025/01/04 21:26:12 WET [2025/01/04 16:26:12 ET]
Table 'Mussorgskia' 6-max Seat #4 is the button
Seat 1: XneferX ($103.80 in chips) 
Seat 2: YeeesMan ($101.50 in chips) 
Seat 3: CrankyChasm26 ($21.48 in chips) 
Seat 4: illarins ($120 in chips) 
Seat 5: easy_sarcasm ($100 in chips) 
Seat 6: SorinS28 ($100.42 in chips) 
easy_sarcasm: posts small blind $0.50
SorinS28: posts big blind $1
CrankyChasm26: posts big blind $1
*** HOLE CARDS ***
XneferX: folds 
YeeesMan: folds 
CrankyChasm26: raises $1 to $2
illarins: raises $4.50 to $6.50
easy_sarcasm: raises $11.05 to $17.55
SorinS28: folds 
CrankyChasm26: folds 
illarins: raises $102.45 to $120 and is all-in
easy_sarcasm: folds 
Uncalled bet ($102.45) returned to illarins
illarins collected $38.10 from pot
illarins: doesn't show hand 
*** SUMMARY ***
Total pot $38.10 | Rake $0 
Seat 1: XneferX folded before Flop (didn't bet)
Seat 2: YeeesMan folded before Flop (didn't bet)
Seat 3: CrankyChasm26 folded before Flop
Seat 4: illarins (button) collected ($38.10)
Seat 5: easy_sarcasm (small blind) folded before Flop
Seat 6: SorinS28 (big blind) folded before Flop



PokerStars Hand #254196955698:  Hold'em No Limit ($0.50/$1.00 USD) - 2025/01/04 21:26:55 WET [2025/01/04 16:26:55 ET]
Table 'Mussorgskia' 6-max Seat #5 is the button
Seat 1: XneferX ($103.80 in chips) 
Seat 2: YeeesMan ($101.50 in chips) 
Seat 3: CrankyChasm26 ($19.48 in chips) 
Seat 4: illarins ($140.55 in chips) 
Seat 5: easy_sarcasm ($100 in chips) 
Seat 6: SorinS28 ($100 in chips) 
SorinS28: posts small blind $0.50
XneferX: posts big blind $1
*** HOLE CARDS ***
YeeesMan: raises $1.50 to $2.50
CrankyChasm26: calls $2.50
illarins: folds 
easy_sarcasm: folds 
SorinS28: folds 
XneferX: folds 
*** FLOP *** [3h 2c 7c]
YeeesMan: checks 
CrankyChasm26: bets $4
YeeesMan: raises $14 to $18
CrankyChasm26: calls $12.98 and is all-in
Uncalled bet ($1.02) returned to YeeesMan
*** TURN *** [3h 2c 7c] [9c]
*** RIVER *** [3h 2c 7c 9c] [2d]
*** SHOW DOWN ***
YeeesMan: shows [Tc Kc] (a flush, King high)
CrankyChasm26: shows [Ac 8h] (a pair of Deuces)
YeeesMan collected $38.44 from pot
*** SUMMARY ***
Total pot $40.46 | Rake $2.02 
Board [3h 2c 7c 9c 2d]
Seat 1: XneferX (big blind) folded before Flop
Seat 2: YeeesMan showed [Tc Kc] and won ($38.44) with a flush, King high
Seat 3: CrankyChasm26 showed [Ac 8h] and lost with a pair of Deuces
Seat 4: illarins folded before Flop (didn't bet)
Seat 5: easy_sarcasm (button) folded before Flop (didn't bet)
Seat 6: SorinS28 (small blind) folded before Flop



PokerStars Hand #254196969476:  Hold'em No Limit ($0.50/$1.00 USD) - 2025/01/04 21:27:34 WET [2025/01/04 16:27:34 ET]
Table 'Mussorgskia' 6-max Seat #6 is the button
Seat 3: CrankyChasm26 ($0 in chips) is sitting out
Seat 1: XneferX ($102.80 in chips) 
Seat 2: YeeesMan ($120.46 in chips) 
Seat 4: illarins ($140.55 in chips) 
Seat 5: easy_sarcasm ($100 in chips) 
Seat 6: SorinS28 ($100 in chips) 
XneferX: posts small blind $0.50
YeeesMan: posts big blind $1
*** HOLE CARDS ***
illarins: raises $1.50 to $2.50
easy_sarcasm: folds 
SorinS28: folds 
XneferX: raises $6.50 to $9
YeeesMan: folds 
illarins: raises $14 to $23
XneferX: folds 
Uncalled bet ($14) returned to illarins
illarins collected $19 from pot
illarins: doesn't show hand 
*** SUMMARY ***
Total pot $19 | Rake $0 
Seat 3: CrankyChasm26
Seat 1: XneferX (small blind) folded before Flop
Seat 2: YeeesMan (big blind) folded before Flop
Seat 4: illarins collected ($19)
Seat 5: easy_sarcasm folded before Flop (didn't bet)
Seat 6: SorinS28 (button) folded before Flop (didn't bet)



PokerStars Hand #254196983073:  Hold'em No Limit ($0.50/$1.00 USD) - 2025/01/04 21:28:12 WET [2025/01/04 16:28:12 ET]
Table 'Mussorgskia' 6-max Seat #1 is the button
Seat 1: XneferX ($100 in chips) 
Seat 2: YeeesMan ($119.46 in chips) 
Seat 3: CrankyChasm26 ($19.74 in chips) 
Seat 4: illarins ($150.55 in chips) 
Seat 5: easy_sarcasm ($100 in chips) 
Seat 6: SorinS28 ($100 in chips) 
YeeesMan: posts small blind $0.50
CrankyChasm26: posts big blind $1
*** HOLE CARDS ***
illarins: raises $1.50 to $2.50
easy_sarcasm: folds 
SorinS28: folds 
XneferX: folds 
YeeesMan: folds 
CrankyChasm26: folds 
Uncalled bet ($1.50) returned to illarins
illarins collected $2.50 from pot
illarins: doesn't show hand 
*** SUMMARY ***
Total pot $2.50 | Rake $0 
Seat 1: XneferX (button) folded before Flop (didn't bet)
Seat 2: YeeesMan (small blind) folded before Flop
Seat 3: CrankyChasm26 (big blind) folded before Flop
Seat 4: illarins collected ($2.50)
Seat 5: easy_sarcasm folded before Flop (didn't bet)
Seat 6: SorinS28 folded before Flop (didn't bet)



PokerStars Hand #254196989305:  Hold'em No Limit ($0.50/$1.00 USD) - 2025/01/04 21:28:30 WET [2025/01/04 16:28:30 ET]
Table 'Mussorgskia' 6-max Seat #2 is the button
Seat 1: XneferX ($100 in chips) 
Seat 2: YeeesMan ($118.96 in chips) 
Seat 3: CrankyChasm26 ($18.74 in chips) 
Seat 4: illarins ($152.05 in chips) 
Seat 5: easy_sarcasm ($100 in chips) 
Seat 6: SorinS28 ($100 in chips) 
CrankyChasm26: posts small blind $0.50
illarins: posts big blind $1
*** HOLE CARDS ***
easy_sarcasm: folds 
SorinS28: folds 
XneferX: raises $1.25 to $2.25
YeeesMan: raises $5.75 to $8
CrankyChasm26: folds 
illarins: folds 
XneferX: folds 
Uncalled bet ($5.75) returned to YeeesMan
YeeesMan collected $6 from pot
YeeesMan: doesn't show hand 
*** SUMMARY ***
Total pot $6 | Rake $0 
Seat 1: XneferX folded before Flop
Seat 2: YeeesMan (button) collected ($6)
Seat 3: CrankyChasm26 (small blind) folded before Flop
Seat 4: illarins (big blind) folded before Flop
Seat 5: easy_sarcasm folded before Flop (didn't bet)
Seat 6: SorinS28 folded before Flop (didn't bet)



PokerStars Hand #254197001491:  Hold'em No Limit ($0.50/$1.00 USD) - 2025/01/04 21:29:05 WET [2025/01/04 16:29:05 ET]
Table 'Mussorgskia' 6-max Seat #3 is the button
Seat 1: XneferX ($100 in chips) 
Seat 2: YeeesMan ($122.71 in chips) 
Seat 3: CrankyChasm26 ($18.24 in chips) 
Seat 4: illarins ($151.05 in chips) 
Seat 5: easy_sarcasm ($100 in chips) 
Seat 6: SorinS28 ($100 in chips) 
illarins: posts small blind $0.50
easy_sarcasm: posts big blind $1
*** HOLE CARDS ***
SorinS28: folds 
XneferX: folds 
YeeesMan: raises $1.50 to $2.50
CrankyChasm26: folds 
illarins: folds 
easy_sarcasm: folds 
Uncalled bet ($1.50) returned to YeeesMan
YeeesMan collected $2.50 from pot
YeeesMan: doesn't show hand 
*** SUMMARY ***
Total pot $2.50 | Rake $0 
Seat 1: XneferX folded before Flop (didn't bet)
Seat 2: YeeesMan collected ($2.50)
Seat 3: CrankyChasm26 (button) folded before Flop (didn't bet)
Seat 4: illarins (small blind) folded before Flop
Seat 5: easy_sarcasm (big blind) folded before Flop
Seat 6: SorinS28 folded before Flop (didn't bet)



PokerStars Hand #254197011467:  Hold'em No Limit ($0.50/$1.00 USD) - 2025/01/04 21:29:32 WET [2025/01/04 16:29:32 ET]
Table 'Mussorgskia' 6-max Seat #4 is the button
Seat 1: XneferX ($100 in chips) 
Seat 2: YeeesMan ($124.21 in chips) 
Seat 3: CrankyChasm26 ($18.24 in chips) 
Seat 4: illarins ($150.55 in chips) 
Seat 5: easy_sarcasm ($100 in chips) 
Seat 6: SorinS28 ($100 in chips) 
easy_sarcasm: posts small blind $0.50
SorinS28: posts big blind $1
*** HOLE CARDS ***
XneferX: raises $1.25 to $2.25
YeeesMan: folds 
CrankyChasm26: calls $2.25
illarins: folds 
easy_sarcasm: folds 
SorinS28: calls $1.25
*** FLOP *** [8d 5h Td]
SorinS28: checks 
XneferX: checks 
CrankyChasm26: checks 
*** TURN *** [8d 5h Td] [6h]
SorinS28: checks 
XneferX: checks 
CrankyChasm26: bets $4
SorinS28: folds 
XneferX: folds 
Uncalled bet ($4) returned to CrankyChasm26
CrankyChasm26 collected $6.89 from pot
*** SUMMARY ***
Total pot $7.25 | Rake $0.36 
Board [8d 5h Td 6h]
Seat 1: XneferX folded on the Turn
Seat 2: YeeesMan folded before Flop (didn't bet)
Seat 3: CrankyChasm26 collected ($6.89)
Seat 4: illarins (button) folded before Flop (didn't bet)
Seat 5: easy_sarcasm (small blind) folded before Flop
Seat 6: SorinS28 (big blind) folded on the Turn



PokerStars Hand #254197031293:  Hold'em No Limit ($0.50/$1.00 USD) - 2025/01/04 21:30:28 WET [2025/01/04 16:30:28 ET]
Table 'Mussorgskia' 6-max Seat #5 is the button
Seat 1: XneferX ($100 in chips) 
Seat 2: YeeesMan ($124.21 in chips) 
Seat 3: CrankyChasm26 ($22.88 in chips) 
Seat 4: illarins ($150.55 in chips) 
Seat 5: easy_sarcasm ($100 in chips) 
Seat 6: SorinS28 ($100 in chips) 
SorinS28: posts small blind $0.50
XneferX: posts big blind $1
*** HOLE CARDS ***
YeeesMan: folds 
CrankyChasm26: folds 
illarins: folds 
easy_sarcasm: raises $1.20 to $2.20
SorinS28: raises $8.80 to $11
XneferX: raises $13 to $24
easy_sarcasm: folds 
SorinS28: folds 
Uncalled bet ($13) returned to XneferX
XneferX collected $24.20 from pot
XneferX: doesn't show hand 
*** SUMMARY ***
Total pot $24.20 | Rake $0 
Seat 1: XneferX (big blind) collected ($24.20)
Seat 2: YeeesMan folded before Flop (didn't bet)
Seat 3: CrankyChasm26 folded before Flop (didn't bet)
Seat 4: illarins folded before Flop (didn't bet)
Seat 5: easy_sarcasm (button) folded before Flop
Seat 6: SorinS28 (small blind) folded before Flop



PokerStars Hand #254197045455:  Hold'em No Limit ($0.50/$1.00 USD) - 2025/01/04 21:31:08 WET [2025/01/04 16:31:08 ET]
Table 'Mussorgskia' 6-max Seat #6 is the button
Seat 1: XneferX ($113.20 in chips) 
Seat 2: YeeesMan ($124.21 in chips) 
Seat 3: CrankyChasm26 ($22.88 in chips) 
Seat 4: illarins ($150.55 in chips) 
Seat 5: easy_sarcasm ($100 in chips) 
Seat 6: SorinS28 ($100 in chips) 
XneferX: posts small blind $0.50
YeeesMan: posts big blind $1
*** HOLE CARDS ***
CrankyChasm26: raises $1 to $2
illarins: raises $3 to $5
easy_sarcasm: folds 
SorinS28: folds 
XneferX: raises $10 to $15
YeeesMan: folds 
CrankyChasm26: raises $7.88 to $22.88 and is all-in
illarins: folds 
XneferX: calls $7.88
*** FLOP *** [9d 3d Kd]
*** TURN *** [9d 3d Kd] [3s]
*** RIVER *** [9d 3d Kd 3s] [5d]
*** SHOW DOWN ***
XneferX: shows [Kh As] (two pair, Kings and Threes)
CrankyChasm26: shows [7d 7h] (a flush, King high)
CrankyChasm26 collected $49.26 from pot
XneferX cashed out the hand for $21.74 | Cash Out Fee $0.44
*** SUMMARY ***
Total pot $51.76 | Rake $2.50 
Board [9d 3d Kd 3s 5d]
Seat 1: XneferX (small blind) showed [Kh As] and lost with two pair, Kings and Threes (cashed out).
Seat 2: YeeesMan (big blind) folded before Flop
Seat 3: CrankyChasm26 showed [7d 7h] and won ($49.26) with a flush, King high
Seat 4: illarins folded before Flop
Seat 5: easy_sarcasm folded before Flop (didn't bet)
Seat 6: SorinS28 (button) folded before Flop (didn't bet)



PokerStars Hand #254197060405:  Hold'em No Limit ($0.50/$1.00 USD) - 2025/01/04 21:31:50 WET [2025/01/04 16:31:50 ET]
Table 'Mussorgskia' 6-max Seat #1 is the button
Seat 1: XneferX ($112.06 in chips) 
Seat 2: YeeesMan ($123.21 in chips) 
Seat 3: CrankyChasm26 ($49.26 in chips) 
Seat 4: illarins ($145.55 in chips) 
Seat 5: easy_sarcasm ($100 in chips) 
Seat 6: SorinS28 ($100 in chips) 
YeeesMan: posts small blind $0.50
CrankyChasm26: posts big blind $1
*** HOLE CARDS ***
illarins: folds 
easy_sarcasm: folds 
SorinS28: folds 
XneferX: raises $1.85 to $2.85
YeeesMan: folds 
CrankyChasm26: calls $1.85
*** FLOP *** [6h Qd 2s]
CrankyChasm26: checks 
XneferX: bets $2
CrankyChasm26: folds 
Uncalled bet ($2) returned to XneferX
XneferX collected $5.89 from pot
XneferX: doesn't show hand 
*** SUMMARY ***
Total pot $6.20 | Rake $0.31 
Board [6h Qd 2s]
Seat 1: XneferX (button) collected ($5.89)
Seat 2: YeeesMan (small blind) folded before Flop
Seat 3: CrankyChasm26 (big blind) folded on the Flop
Seat 4: illarins folded before Flop (didn't bet)
Seat 5: easy_sarcasm folded before Flop (didn't bet)
Seat 6: SorinS28 folded before Flop (didn't bet)



PokerStars Hand #254197069122:  Hold'em No Limit ($0.50/$1.00 USD) - 2025/01/04 21:32:14 WET [2025/01/04 16:32:14 ET]
Table 'Mussorgskia' 6-max Seat #2 is the button
Seat 1: XneferX ($115.10 in chips) 
Seat 2: YeeesMan ($122.71 in chips) 
Seat 3: CrankyChasm26 ($46.41 in chips) 
Seat 4: illarins ($145.55 in chips) 
Seat 5: easy_sarcasm ($100 in chips) 
Seat 6: SorinS28 ($100 in chips) 
CrankyChasm26: posts small blind $0.50
illarins: posts big blind $1
*** HOLE CARDS ***
easy_sarcasm: folds 
SorinS28: folds 
XneferX: folds 
YeeesMan: raises $1.50 to $2.50
CrankyChasm26: calls $2
illarins: raises $9.50 to $12
YeeesMan: folds 
CrankyChasm26: folds 
Uncalled bet ($9.50) returned to illarins
illarins collected $7.50 from pot
illarins: doesn't show hand 
*** SUMMARY ***
Total pot $7.50 | Rake $0 
Seat 1: XneferX folded before Flop (didn't bet)
Seat 2: YeeesMan (button) folded before Flop
Seat 3: CrankyChasm26 (small blind) folded before Flop
Seat 4: illarins (big blind) collected ($7.50)
Seat 5: easy_sarcasm folded before Flop (didn't bet)
Seat 6: SorinS28 folded before Flop (didn't bet)



PokerStars Hand #254197082888:  Hold'em No Limit ($0.50/$1.00 USD) - 2025/01/04 21:32:52 WET [2025/01/04 16:32:52 ET]
Table 'Mussorgskia' 6-max Seat #3 is the button
Seat 1: XneferX ($115.10 in chips) 
Seat 2: YeeesMan ($120.21 in chips) 
Seat 3: CrankyChasm26 ($43.91 in chips) 
Seat 4: illarins ($150.55 in chips) 
Seat 5: easy_sarcasm ($100 in chips) 
Seat 6: SorinS28 ($100 in chips) 
illarins: posts small blind $0.50
easy_sarcasm: posts big blind $1
*** HOLE CARDS ***
SorinS28: folds 
XneferX: folds 
YeeesMan: raises $1.50 to $2.50
CrankyChasm26: calls $2.50
illarins: folds 
easy_sarcasm: folds 
*** FLOP *** [Ks 4s 8s]
YeeesMan: checks 
CrankyChasm26: bets $4
YeeesMan: calls $4
*** TURN *** [Ks 4s 8s] [3d]
YeeesMan: checks 
CrankyChasm26: checks 
*** RIVER *** [Ks 4s 8s 3d] [8d]
YeeesMan: checks 
CrankyChasm26: bets $4
YeeesMan: raises $14 to $18
CrankyChasm26: folds 
Uncalled bet ($14) returned to YeeesMan
YeeesMan collected $21.38 from pot
YeeesMan: doesn't show hand 
*** SUMMARY ***
Total pot $22.50 | Rake $1.12 
Board [Ks 4s 8s 3d 8d]
Seat 1: XneferX folded before Flop (didn't bet)
Seat 2: YeeesMan collected ($21.38)
Seat 3: CrankyChasm26 (button) folded on the River
Seat 4: illarins (small blind) folded before Flop
Seat 5: easy_sarcasm (big blind) folded before Flop
Seat 6: SorinS28 folded before Flop (didn't bet)



PokerStars Hand #254197108455:  Hold'em No Limit ($0.50/$1.00 USD) - 2025/01/04 21:34:04 WET [2025/01/04 16:34:04 ET]
Table 'Mussorgskia' 6-max Seat #4 is the button
Seat 1: XneferX ($115.10 in chips) 
Seat 2: YeeesMan ($131.09 in chips) 
Seat 3: CrankyChasm26 ($33.41 in chips) 
Seat 4: illarins ($150.05 in chips) 
Seat 5: easy_sarcasm ($100 in chips) 
Seat 6: SorinS28 ($100 in chips) 
easy_sarcasm: posts small blind $0.50
SorinS28: posts big blind $1
*** HOLE CARDS ***
XneferX: folds 
YeeesMan: folds 
CrankyChasm26: raises $2 to $3
illarins: folds 
easy_sarcasm: folds 
SorinS28: raises $12 to $15
CrankyChasm26: folds 
Uncalled bet ($12) returned to SorinS28
SorinS28 collected $6.50 from pot
SorinS28: doesn't show hand 
*** SUMMARY ***
Total pot $6.50 | Rake $0 
Seat 1: XneferX folded before Flop (didn't bet)
Seat 2: YeeesMan folded before Flop (didn't bet)
Seat 3: CrankyChasm26 folded before Flop
Seat 4: illarins (button) folded before Flop (didn't bet)
Seat 5: easy_sarcasm (small blind) folded before Flop
Seat 6: SorinS28 (big blind) collected ($6.50)



PokerStars Hand #254197123067:  Hold'em No Limit ($0.50/$1.00 USD) - 2025/01/04 21:34:45 WET [2025/01/04 16:34:45 ET]
Table 'Mussorgskia' 6-max Seat #5 is the button
Seat 1: XneferX ($115.10 in chips) 
Seat 2: YeeesMan ($131.09 in chips) 
Seat 3: CrankyChasm26 ($30.41 in chips) 
Seat 4: illarins ($150.05 in chips) 
Seat 5: easy_sarcasm ($100 in chips) 
Seat 6: SorinS28 ($103.50 in chips) 
SorinS28: posts small blind $0.50
XneferX: posts big blind $1
*** HOLE CARDS ***
YeeesMan: folds 
CrankyChasm26: folds 
illarins: raises $1.50 to $2.50
easy_sarcasm: folds 
SorinS28: calls $2
XneferX: folds 
*** FLOP *** [6s 5c Ah]
SorinS28: checks 
illarins: bets $1.88
SorinS28: calls $1.88
*** TURN *** [6s 5c Ah] [7h]
SorinS28: checks 
illarins: checks 
*** RIVER *** [6s 5c Ah 7h] [3h]
SorinS28: checks 
illarins: checks 
*** SHOW DOWN ***
SorinS28: shows [6d 5d] (two pair, Sixes and Fives)
illarins: mucks hand 
SorinS28 collected $9.27 from pot
*** SUMMARY ***
Total pot $9.76 | Rake $0.49 
Board [6s 5c Ah 7h 3h]
Seat 1: XneferX (big blind) folded before Flop
Seat 2: YeeesMan folded before Flop (didn't bet)
Seat 3: CrankyChasm26 folded before Flop (didn't bet)
Seat 4: illarins mucked
Seat 5: easy_sarcasm (button) folded before Flop (didn't bet)
Seat 6: SorinS28 (small blind) showed [6d 5d] and won ($9.27) with two pair, Sixes and Fives



PokerStars Hand #254197152341:  Hold'em No Limit ($0.50/$1.00 USD) - 2025/01/04 21:36:07 WET [2025/01/04 16:36:07 ET]
Table 'Mussorgskia' 6-max Seat #6 is the button
Seat 1: XneferX ($114.10 in chips) 
Seat 2: YeeesMan ($131.09 in chips) 
Seat 3: CrankyChasm26 ($30.41 in chips) 
Seat 4: illarins ($145.67 in chips) 
Seat 5: easy_sarcasm ($100 in chips) 
Seat 6: SorinS28 ($108.39 in chips) 
XneferX: posts small blind $0.50
YeeesMan: posts big blind $1
*** HOLE CARDS ***
CrankyChasm26: raises $1 to $2
illarins: folds 
easy_sarcasm: folds 
SorinS28: folds 
XneferX: folds 
YeeesMan: calls $1
*** FLOP *** [4h Ah Qd]
YeeesMan: checks 
CrankyChasm26: bets $3
YeeesMan: calls $3
*** TURN *** [4h Ah Qd] [Ks]
YeeesMan: checks 
CrankyChasm26: bets $5
YeeesMan: calls $5
*** RIVER *** [4h Ah Qd Ks] [9s]
YeeesMan: checks 
CrankyChasm26: bets $10
YeeesMan: folds 
Uncalled bet ($10) returned to CrankyChasm26
CrankyChasm26 collected $19.48 from pot
*** SUMMARY ***
Total pot $20.50 | Rake $1.02 
Board [4h Ah Qd Ks 9s]
Seat 1: XneferX (small blind) folded before Flop
Seat 2: YeeesMan (big blind) folded on the River
Seat 3: CrankyChasm26 collected ($19.48)
Seat 4: illarins folded before Flop (didn't bet)
Seat 5: easy_sarcasm folded before Flop (didn't bet)
Seat 6: SorinS28 (button) folded before Flop (didn't bet)



PokerStars Hand #254197181029:  Hold'em No Limit ($0.50/$1.00 USD) - 2025/01/04 21:37:27 WET [2025/01/04 16:37:27 ET]
Table 'Mussorgskia' 6-max Seat #1 is the button
Seat 1: XneferX ($113.60 in chips) 
Seat 2: YeeesMan ($121.09 in chips) 
Seat 3: CrankyChasm26 ($39.89 in chips) 
Seat 4: illarins ($145.67 in chips) 
Seat 5: easy_sarcasm ($100 in chips) 
Seat 6: SorinS28 ($108.39 in chips) 
YeeesMan: posts small blind $0.50
CrankyChasm26: posts big blind $1
*** HOLE CARDS ***
illarins: folds 
easy_sarcasm: folds 
SorinS28: raises $1.30 to $2.30
XneferX: folds 
YeeesMan: folds 
CrankyChasm26: calls $1.30
*** FLOP *** [Qh Jc Qd]
CrankyChasm26: bets $4
SorinS28: folds 
Uncalled bet ($4) returned to CrankyChasm26
CrankyChasm26 collected $4.84 from pot
*** SUMMARY ***
Total pot $5.10 | Rake $0.26 
Board [Qh Jc Qd]
Seat 1: XneferX (button) folded before Flop (didn't bet)
Seat 2: YeeesMan (small blind) folded before Flop
Seat 3: CrankyChasm26 (big blind) collected ($4.84)
Seat 4: illarins folded before Flop (didn't bet)
Seat 5: easy_sarcasm folded before Flop (didn't bet)
Seat 6: SorinS28 folded on the Flop



PokerStars Hand #254197192553:  Hold'em No Limit ($0.50/$1.00 USD) - 2025/01/04 21:38:00 WET [2025/01/04 16:38:00 ET]
Table 'Mussorgskia' 6-max Seat #2 is the button
Seat 1: XneferX ($113.60 in chips) 
Seat 2: YeeesMan ($120.59 in chips) 
Seat 3: CrankyChasm26 ($42.43 in chips) 
Seat 4: illarins ($145.67 in chips) 
Seat 5: easy_sarcasm ($100 in chips) 
Seat 6: SorinS28 ($106.09 in chips) 
CrankyChasm26: posts small blind $0.50
illarins: posts big blind $1
*** HOLE CARDS ***
easy_sarcasm: folds 
SorinS28: folds 
XneferX: folds 
YeeesMan: folds 
CrankyChasm26: calls $0.50
illarins: checks 
*** FLOP *** [Ts 3h 2c]
CrankyChasm26: checks 
illarins: bets $1.50
CrankyChasm26: calls $1.50
*** TURN *** [Ts 3h 2c] [Jd]
CrankyChasm26: bets $4
illarins: raises $8.50 to $12.50
CrankyChasm26: calls $8.50
*** RIVER *** [Ts 3h 2c Jd] [4h]
CrankyChasm26: checks 
illarins: bets $33
CrankyChasm26: calls $27.43 and is all-in
Uncalled bet ($5.57) returned to illarins
*** SHOW DOWN ***
illarins: shows [Tc 2s] (two pair, Tens and Deuces)
CrankyChasm26: shows [Js 6d] (a pair of Jacks)
illarins collected $82.36 from pot
*** SUMMARY ***
Total pot $84.86 | Rake $2.50 
Board [Ts 3h 2c Jd 4h]
Seat 1: XneferX folded before Flop (didn't bet)
Seat 2: YeeesMan (button) folded before Flop (didn't bet)
Seat 3: CrankyChasm26 (small blind) showed [Js 6d] and lost with a pair of Jacks
Seat 4: illarins (big blind) showed [Tc 2s] and won ($82.36) with two pair, Tens and Deuces
Seat 5: easy_sarcasm folded before Flop (didn't bet)
Seat 6: SorinS28 folded before Flop (didn't bet)



PokerStars Hand #254197218508:  Hold'em No Limit ($0.50/$1.00 USD) - 2025/01/04 21:39:14 WET [2025/01/04 16:39:14 ET]
Table 'Mussorgskia' 6-max Seat #4 is the button
Seat 3: CrankyChasm26 ($0 in chips) is sitting out
Seat 1: XneferX ($113.60 in chips) 
Seat 2: YeeesMan ($120.59 in chips) 
Seat 4: illarins ($185.60 in chips) 
Seat 5: easy_sarcasm ($100 in chips) 
Seat 6: SorinS28 ($106.09 in chips) 
easy_sarcasm: posts small blind $0.50
SorinS28: posts big blind $1
*** HOLE CARDS ***
XneferX: folds 
YeeesMan: raises $1.50 to $2.50
illarins: folds 
easy_sarcasm: folds 
SorinS28: calls $1.50
*** FLOP *** [5d 8s 2h]
SorinS28: checks 
YeeesMan: bets $3.92
SorinS28: folds 
Uncalled bet ($3.92) returned to YeeesMan
YeeesMan collected $5.22 from pot
YeeesMan: doesn't show hand 
*** SUMMARY ***
Total pot $5.50 | Rake $0.28 
Board [5d 8s 2h]
Seat 3: CrankyChasm26
Seat 1: XneferX folded before Flop (didn't bet)
Seat 2: YeeesMan collected ($5.22)
Seat 4: illarins (button) folded before Flop (didn't bet)
Seat 5: easy_sarcasm (small blind) folded before Flop
Seat 6: SorinS28 (big blind) folded on the Flop



PokerStars Hand #254197235429:  Hold'em No Limit ($0.50/$1.00 USD) - 2025/01/04 21:40:02 WET [2025/01/04 16:40:02 ET]
Table 'Mussorgskia' 6-max Seat #5 is the button
Seat 1: XneferX ($113.60 in chips) 
Seat 2: YeeesMan ($123.31 in chips) 
Seat 3: CrankyChasm26 ($17.31 in chips) 
Seat 4: illarins ($185.60 in chips) 
Seat 5: easy_sarcasm ($100 in chips) 
Seat 6: SorinS28 ($103.59 in chips) 
SorinS28: posts small blind $0.50
XneferX: posts big blind $1
*** HOLE CARDS ***
YeeesMan: folds 
CrankyChasm26: raises $2 to $3
illarins: folds 
easy_sarcasm: folds 
SorinS28: folds 
XneferX: calls $2
*** FLOP *** [Ac 5c 7h]
XneferX: checks 
CrankyChasm26: bets $4
XneferX: folds 
Uncalled bet ($4) returned to CrankyChasm26
CrankyChasm26 collected $6.18 from pot
*** SUMMARY ***
Total pot $6.50 | Rake $0.32 
Board [Ac 5c 7h]
Seat 1: XneferX (big blind) folded on the Flop
Seat 2: YeeesMan folded before Flop (didn't bet)
Seat 3: CrankyChasm26 collected ($6.18)
Seat 4: illarins folded before Flop (didn't bet)
Seat 5: easy_sarcasm (button) folded before Flop (didn't bet)
Seat 6: SorinS28 (small blind) folded before Flop



PokerStars Hand #254197243641:  Hold'em No Limit ($0.50/$1.00 USD) - 2025/01/04 21:40:26 WET [2025/01/04 16:40:26 ET]
Table 'Mussorgskia' 6-max Seat #6 is the button
Seat 1: XneferX ($110.60 in chips) 
Seat 2: YeeesMan ($123.31 in chips) 
Seat 3: CrankyChasm26 ($20.49 in chips) 
Seat 4: illarins ($185.60 in chips) 
Seat 5: easy_sarcasm ($100 in chips) 
Seat 6: SorinS28 ($103.09 in chips) 
XneferX: posts small blind $0.50
YeeesMan: posts big blind $1
*** HOLE CARDS ***
CrankyChasm26: raises $1 to $2
illarins: folds 
easy_sarcasm: folds 
SorinS28: folds 
XneferX: folds 
YeeesMan: folds 
Uncalled bet ($1) returned to CrankyChasm26
CrankyChasm26 collected $2.50 from pot
*** SUMMARY ***
Total pot $2.50 | Rake $0 
Seat 1: XneferX (small blind) folded before Flop
Seat 2: YeeesMan (big blind) folded before Flop
Seat 3: CrankyChasm26 collected ($2.50)
Seat 4: illarins folded before Flop (didn't bet)
Seat 5: easy_sarcasm folded before Flop (didn't bet)
Seat 6: SorinS28 (button) folded before Flop (didn't bet)



PokerStars Hand #254197252640:  Hold'em No Limit ($0.50/$1.00 USD) - 2025/01/04 21:40:52 WET [2025/01/04 16:40:52 ET]
Table 'Mussorgskia' 6-max Seat #1 is the button
Seat 1: XneferX ($110.10 in chips) 
Seat 2: YeeesMan ($122.31 in chips) 
Seat 3: CrankyChasm26 ($21.99 in chips) 
Seat 4: illarins ($185.60 in chips) 
Seat 5: easy_sarcasm ($100 in chips) 
Seat 6: SorinS28 ($103.09 in chips) 
YeeesMan: posts small blind $0.50
CrankyChasm26: posts big blind $1
*** HOLE CARDS ***
illarins: folds 
easy_sarcasm: folds 
SorinS28: folds 
XneferX: folds 
YeeesMan: folds 
Uncalled bet ($0.50) returned to CrankyChasm26
CrankyChasm26 collected $1 from pot
*** SUMMARY ***
Total pot $1 | Rake $0 
Seat 1: XneferX (button) folded before Flop (didn't bet)
Seat 2: YeeesMan (small blind) folded before Flop
Seat 3: CrankyChasm26 (big blind) collected ($1)
Seat 4: illarins folded before Flop (didn't bet)
Seat 5: easy_sarcasm folded before Flop (didn't bet)
Seat 6: SorinS28 folded before Flop (didn't bet)



PokerStars Hand #254197258912:  Hold'em No Limit ($0.50/$1.00 USD) - 2025/01/04 21:41:10 WET [2025/01/04 16:41:10 ET]
Table 'Mussorgskia' 6-max Seat #2 is the button
Seat 1: XneferX ($110.10 in chips) 
Seat 2: YeeesMan ($121.81 in chips) 
Seat 3: CrankyChasm26 ($22.49 in chips) 
Seat 4: illarins ($185.60 in chips) 
Seat 5: easy_sarcasm ($100 in chips) 
Seat 6: SorinS28 ($103.09 in chips) 
CrankyChasm26: posts small blind $0.50
illarins: posts big blind $1
*** HOLE CARDS ***
easy_sarcasm: folds 
SorinS28: raises $1.05 to $2.05
XneferX: folds 
YeeesMan: folds 
CrankyChasm26: calls $1.55
illarins: folds 
*** FLOP *** [6d Tc Ts]
CrankyChasm26: bets $4
SorinS28: raises $97.04 to $101.04 and is all-in
CrankyChasm26: calls $16.44 and is all-in
Uncalled bet ($80.60) returned to SorinS28
*** TURN *** [6d Tc Ts] [2c]
*** RIVER *** [6d Tc Ts 2c] [7d]
*** SHOW DOWN ***
CrankyChasm26: shows [8s Qc] (a pair of Tens)
SorinS28: shows [2h 2d] (a full house, Deuces full of Tens)
SorinS28 collected $43.68 from pot
*** SUMMARY ***
Total pot $45.98 | Rake $2.30 
Board [6d Tc Ts 2c 7d]
Seat 1: XneferX folded before Flop (didn't bet)
Seat 2: YeeesMan (button) folded before Flop (didn't bet)
Seat 3: CrankyChasm26 (small blind) showed [8s Qc] and lost with a pair of Tens
Seat 4: illarins (big blind) folded before Flop
Seat 5: easy_sarcasm folded before Flop (didn't bet)
Seat 6: SorinS28 showed [2h 2d] and won ($43.68) with a full house, Deuces full of Tens



PokerStars Hand #254197276007:  Hold'em No Limit ($0.50/$1.00 USD) - 2025/01/04 21:41:59 WET [2025/01/04 16:41:59 ET]
Table 'Mussorgskia' 6-max Seat #4 is the button
Seat 3: CrankyChasm26 ($0 in chips) is sitting out
Seat 1: XneferX ($110.10 in chips) 
Seat 2: YeeesMan ($121.81 in chips) 
Seat 4: illarins ($184.60 in chips) 
Seat 5: easy_sarcasm ($100 in chips) 
Seat 6: SorinS28 ($124.28 in chips) 
easy_sarcasm: posts small blind $0.50
SorinS28: posts big blind $1
*** HOLE CARDS ***
XneferX: folds 
YeeesMan: folds 
illarins: raises $1.50 to $2.50
easy_sarcasm: folds 
SorinS28: calls $1.50
*** FLOP *** [Ad As 3d]
SorinS28: checks 
illarins: bets $1.72
CrankyChasm26 leaves the table
SorinS28: folds 
Uncalled bet ($1.72) returned to illarins
illarins collected $5.22 from pot
illarins: doesn't show hand 
*** SUMMARY ***
Total pot $5.50 | Rake $0.28 
Board [Ad As 3d]
Seat 3: CrankyChasm26
Seat 1: XneferX folded before Flop (didn't bet)
Seat 2: YeeesMan folded before Flop (didn't bet)
Seat 4: illarins (button) collected ($5.22)
Seat 5: easy_sarcasm (small blind) folded before Flop
Seat 6: SorinS28 (big blind) folded on the Flop



PokerStars Hand #254197292747:  Hold'em No Limit ($0.50/$1.00 USD) - 2025/01/04 21:42:47 WET [2025/01/04 16:42:47 ET]
Table 'Mussorgskia' 6-max Seat #5 is the button
Seat 1: XneferX ($110.10 in chips) 
Seat 2: YeeesMan ($121.81 in chips) 
Seat 4: illarins ($187.32 in chips) 
Seat 5: easy_sarcasm ($100 in chips) 
Seat 6: SorinS28 ($121.78 in chips) 
SorinS28: posts small blind $0.50
XneferX: posts big blind $1
*** HOLE CARDS ***
YeeesMan: folds 
illarins: folds 
easy_sarcasm: raises $1.20 to $2.20
SorinS28: folds 
XneferX: folds 
Uncalled bet ($1.20) returned to easy_sarcasm
easy_sarcasm collected $2.50 from pot
*** SUMMARY ***
Total pot $2.50 | Rake $0 
Seat 1: XneferX (big blind) folded before Flop
Seat 2: YeeesMan folded before Flop (didn't bet)
Seat 4: illarins folded before Flop (didn't bet)
Seat 5: easy_sarcasm (button) collected ($2.50)
Seat 6: SorinS28 (small blind) folded before Flop



PokerStars Hand #254197297305:  Hold'em No Limit ($0.50/$1.00 USD) - 2025/01/04 21:43:00 WET [2025/01/04 16:43:00 ET]
Table 'Mussorgskia' 6-max Seat #1 is the button
Seat 2: YeeesMan ($121.81 in chips) is sitting out
Seat 4: illarins ($187.32 in chips) is sitting out
Seat 5: easy_sarcasm ($101.50 in chips) is sitting out
Seat 1: XneferX ($109.10 in chips) 
Seat 6: SorinS28 ($121.28 in chips) 
XneferX: posts small blind $0.50
YeeesMan: is sitting out 
illarins: is sitting out 
easy_sarcasm: is sitting out 
SorinS28: posts big blind $1
*** HOLE CARDS ***
illarins leaves the table
easy_sarcasm leaves the table
XneferX: raises $2 to $3
SorinS28: folds 
Uncalled bet ($2) returned to XneferX
XneferX collected $2 from pot
XneferX: doesn't show hand 
*** SUMMARY ***
Total pot $2 | Rake $0 
Seat 2: YeeesMan
Seat 4: illarins
Seat 5: easy_sarcasm
Seat 1: XneferX (button) (small blind) collected ($2)
Seat 6: SorinS28 (big blind) folded before Flop



PokerStars Hand #254197301925:  Hold'em No Limit ($0.50/$1.00 USD) - 2025/01/04 21:43:13 WET [2025/01/04 16:43:13 ET]
Table 'Mussorgskia' 6-max Seat #6 is the button
Seat 2: YeeesMan ($121.81 in chips) is sitting out
Seat 1: XneferX ($110.10 in chips) 
Seat 6: SorinS28 ($120.28 in chips) 
SorinS28: posts small blind $0.50
XneferX: posts big blind $1
*** HOLE CARDS ***
SorinS28: raises $2 to $3
XneferX: folds 
Uncalled bet ($2) returned to SorinS28
SorinS28 collected $2 from pot
SorinS28: doesn't show hand 
*** SUMMARY ***
Total pot $2 | Rake $0 
Seat 2: YeeesMan
Seat 1: XneferX (big blind) folded before Flop
Seat 6: SorinS28 (button) (small blind) collected ($2)



