PokerStars Hand #254184647406:  Hold'em No Limit ($0.50/$1.00 USD) - 2025/01/04 4:28:33 WET [2025/01/03 23:28:33 ET]
Table 'Istria II' 6-max Seat #3 is the button
Seat 1: Manifestorr ($118.74 in chips) 
Seat 2: rao999 ($100 in chips) 
Seat 3: KDSG93 ($140.93 in chips) 
Seat 4: avlee1 ($100 in chips) 
Seat 5: Kreayshawn ($151.02 in chips) 
avlee1: posts small blind $0.50
Kreayshawn: posts big blind $1
*** HOLE CARDS ***
Manifestorr: folds 
rao999: folds 
KDSG93: calls $1
avlee1: raises $4 to $5
Kreayshawn: calls $4
KDSG93: folds 
*** FLOP *** [Tc Kh Jh]
sutata joins the table at seat #6 
avlee1: bets $4.18
Kreayshawn: calls $4.18
*** TURN *** [Tc Kh Jh] [6s]
avlee1: bets $13.79
Kreayshawn: calls $13.79
*** RIVER *** [Tc Kh Jh 6s] [4h]
avlee1: checks 
Kreayshawn: bets $22.74
avlee1: folds 
Uncalled bet ($22.74) returned to Kreayshawn
Kreayshawn collected $44.59 from pot
*** SUMMARY ***
Total pot $46.94 | Rake $2.35 
Board [Tc Kh Jh 6s 4h]
Seat 1: Manifestorr folded before Flop (didn't bet)
Seat 2: rao999 folded before Flop (didn't bet)
Seat 3: KDSG93 (button) folded before Flop
Seat 4: avlee1 (small blind) folded on the River
Seat 5: Kreayshawn (big blind) collected ($44.59)



PokerStars Hand #254184656826:  Hold'em No Limit ($0.50/$1.00 USD) - 2025/01/04 4:29:51 WET [2025/01/03 23:29:51 ET]
Table 'Istria II' 6-max Seat #4 is the button
Seat 1: Manifestorr ($118.74 in chips) 
Seat 2: rao999 ($100 in chips) 
Seat 3: KDSG93 ($139.93 in chips) 
Seat 4: avlee1 ($100 in chips) 
Seat 5: Kreayshawn ($172.64 in chips) 
Seat 6: sutata ($100 in chips) 
Kreayshawn: posts small blind $0.50
sutata: posts big blind $1
*** HOLE CARDS ***
Manifestorr: raises $1.20 to $2.20
rao999: folds 
KDSG93: folds 
avlee1: folds 
Kreayshawn: raises $9.80 to $12
sutata: folds 
Manifestorr: folds 
Uncalled bet ($9.80) returned to Kreayshawn
Kreayshawn collected $5.40 from pot
*** SUMMARY ***
Total pot $5.40 | Rake $0 
Seat 1: Manifestorr folded before Flop
Seat 2: rao999 folded before Flop (didn't bet)
Seat 3: KDSG93 folded before Flop (didn't bet)
Seat 4: avlee1 (button) folded before Flop (didn't bet)
Seat 5: Kreayshawn (small blind) collected ($5.40)
Seat 6: sutata (big blind) folded before Flop



PokerStars Hand #254184660143:  Hold'em No Limit ($0.50/$1.00 USD) - 2025/01/04 4:30:18 WET [2025/01/03 23:30:18 ET]
Table 'Istria II' 6-max Seat #5 is the button
Seat 1: Manifestorr ($116.54 in chips) 
Seat 2: rao999 ($100 in chips) 
Seat 3: KDSG93 ($139.93 in chips) 
Seat 4: avlee1 ($100 in chips) 
Seat 5: Kreayshawn ($175.84 in chips) 
Seat 6: sutata ($100 in chips) 
sutata: posts small blind $0.50
Manifestorr: posts big blind $1
*** HOLE CARDS ***
rao999: raises $1.50 to $2.50
KDSG93: folds 
avlee1: folds 
Kreayshawn: folds 
sutata: folds 
Manifestorr: folds 
Uncalled bet ($1.50) returned to rao999
rao999 collected $2.50 from pot
rao999: doesn't show hand 
*** SUMMARY ***
Total pot $2.50 | Rake $0 
Seat 1: Manifestorr (big blind) folded before Flop
Seat 2: rao999 collected ($2.50)
Seat 3: KDSG93 folded before Flop (didn't bet)
Seat 4: avlee1 folded before Flop (didn't bet)
Seat 5: Kreayshawn (button) folded before Flop (didn't bet)
Seat 6: sutata (small blind) folded before Flop



PokerStars Hand #254184662383:  Hold'em No Limit ($0.50/$1.00 USD) - 2025/01/04 4:30:37 WET [2025/01/03 23:30:37 ET]
Table 'Istria II' 6-max Seat #6 is the button
Seat 2: rao999 ($101.50 in chips) is sitting out
Seat 1: Manifestorr ($115.54 in chips) 
Seat 3: KDSG93 ($139.93 in chips) 
Seat 4: avlee1 ($100 in chips) 
Seat 5: Kreayshawn ($175.84 in chips) 
Seat 6: sutata ($100 in chips) 
Manifestorr: posts small blind $0.50
rao999: is sitting out 
KDSG93: posts big blind $1
*** HOLE CARDS ***
avlee1: raises $1.50 to $2.50
Kreayshawn: folds 
sutata: folds 
Manifestorr: folds 
KDSG93: calls $1.50
*** FLOP *** [5d 7h Jc]
rao999 leaves the table
KDSG93: bets $5
avlee1: calls $5
*** TURN *** [5d 7h Jc] [5c]
KDSG93: bets $7
avlee1: raises $14.36 to $21.36
KDSG93: raises $14.36 to $35.72
alexandr699 joins the table at seat #2 
avlee1: folds 
Uncalled bet ($14.36) returned to KDSG93
KDSG93 collected $55.72 from pot
KDSG93: doesn't show hand 
*** SUMMARY ***
Total pot $58.22 | Rake $2.50 
Board [5d 7h Jc 5c]
Seat 2: rao999
Seat 1: Manifestorr (small blind) folded before Flop
Seat 3: KDSG93 (big blind) collected ($55.72)
Seat 4: avlee1 folded on the Turn
Seat 5: Kreayshawn folded before Flop (didn't bet)
Seat 6: sutata (button) folded before Flop (didn't bet)



PokerStars Hand #254184669923:  Hold'em No Limit ($0.50/$1.00 USD) - 2025/01/04 4:31:41 WET [2025/01/03 23:31:41 ET]
Table 'Istria II' 6-max Seat #1 is the button
Seat 2: alexandr699 ($100 in chips) is sitting out
Seat 1: Manifestorr ($115.04 in chips) 
Seat 3: KDSG93 ($166.79 in chips) 
Seat 4: avlee1 ($100 in chips) 
Seat 5: Kreayshawn ($175.84 in chips) 
Seat 6: sutata ($100 in chips) 
KDSG93: posts small blind $0.50
avlee1: posts big blind $1
*** HOLE CARDS ***
Kreayshawn: folds 
sutata: folds 
Manifestorr: folds 
KDSG93: calls $0.50
avlee1: checks 
*** FLOP *** [Jc 4d 6s]
KDSG93: checks 
avlee1: checks 
*** TURN *** [Jc 4d 6s] [5c]
KDSG93: checks 
avlee1: checks 
*** RIVER *** [Jc 4d 6s 5c] [9h]
KDSG93: checks 
avlee1: checks 
*** SHOW DOWN ***
KDSG93: shows [Qs 2c] (high card Queen)
avlee1: shows [Ah 2s] (high card Ace)
avlee1 collected $1.90 from pot
*** SUMMARY ***
Total pot $2 | Rake $0.10 
Board [Jc 4d 6s 5c 9h]
Seat 2: alexandr699
Seat 1: Manifestorr (button) folded before Flop (didn't bet)
Seat 3: KDSG93 (small blind) showed [Qs 2c] and lost with high card Queen
Seat 4: avlee1 (big blind) showed [Ah 2s] and won ($1.90) with high card Ace
Seat 5: Kreayshawn folded before Flop (didn't bet)
Seat 6: sutata folded before Flop (didn't bet)



PokerStars Hand #254184677192:  Hold'em No Limit ($0.50/$1.00 USD) - 2025/01/04 4:32:42 WET [2025/01/03 23:32:42 ET]
Table 'Istria II' 6-max Seat #3 is the button
Seat 2: alexandr699 ($100 in chips) is sitting out
Seat 1: Manifestorr ($115.04 in chips) 
Seat 3: KDSG93 ($165.79 in chips) 
Seat 4: avlee1 ($100.90 in chips) 
Seat 5: Kreayshawn ($175.84 in chips) 
Seat 6: sutata ($100 in chips) 
avlee1: posts small blind $0.50
Kreayshawn: posts big blind $1
alexandr699: sits out 
*** HOLE CARDS ***
sutata: folds 
Manifestorr: raises $1.20 to $2.20
KDSG93: calls $2.20
avlee1: raises $11.30 to $13.50
Kreayshawn: folds 
Manifestorr: calls $11.30
KDSG93: folds 
*** FLOP *** [2c 6s 6h]
avlee1: bets $14.35
Manifestorr: folds 
Uncalled bet ($14.35) returned to avlee1
avlee1 collected $28.69 from pot
avlee1: doesn't show hand 
*** SUMMARY ***
Total pot $30.20 | Rake $1.51 
Board [2c 6s 6h]
Seat 2: alexandr699
Seat 1: Manifestorr folded on the Flop
Seat 3: KDSG93 (button) folded before Flop
Seat 4: avlee1 (small blind) collected ($28.69)
Seat 5: Kreayshawn (big blind) folded before Flop
Seat 6: sutata folded before Flop (didn't bet)



PokerStars Hand #254184682709:  Hold'em No Limit ($0.50/$1.00 USD) - 2025/01/04 4:33:28 WET [2025/01/03 23:33:28 ET]
Table 'Istria II' 6-max Seat #4 is the button
Seat 2: alexandr699 ($100 in chips) is sitting out
Seat 1: Manifestorr ($101.54 in chips) 
Seat 3: KDSG93 ($163.59 in chips) 
Seat 4: avlee1 ($116.09 in chips) 
Seat 5: Kreayshawn ($174.84 in chips) 
Seat 6: sutata ($100 in chips) 
Kreayshawn: posts small blind $0.50
sutata: posts big blind $1
alexandr699: sits out 
*** HOLE CARDS ***
Manifestorr: folds 
KDSG93: folds 
avlee1: raises $1.50 to $2.50
Kreayshawn: folds 
sutata: folds 
Uncalled bet ($1.50) returned to avlee1
avlee1 collected $2.50 from pot
avlee1: doesn't show hand 
*** SUMMARY ***
Total pot $2.50 | Rake $0 
Seat 2: alexandr699
Seat 1: Manifestorr folded before Flop (didn't bet)
Seat 3: KDSG93 folded before Flop (didn't bet)
Seat 4: avlee1 (button) collected ($2.50)
Seat 5: Kreayshawn (small blind) folded before Flop
Seat 6: sutata (big blind) folded before Flop



PokerStars Hand #254184684494:  Hold'em No Limit ($0.50/$1.00 USD) - 2025/01/04 4:33:43 WET [2025/01/03 23:33:43 ET]
Table 'Istria II' 6-max Seat #5 is the button
Seat 2: alexandr699 ($100 in chips) is sitting out
Seat 1: Manifestorr ($101.54 in chips) 
Seat 3: KDSG93 ($163.59 in chips) 
Seat 4: avlee1 ($117.59 in chips) 
Seat 5: Kreayshawn ($174.34 in chips) 
Seat 6: sutata ($100 in chips) 
sutata: posts small blind $0.50
Manifestorr: posts big blind $1
alexandr699: sits out 
*** HOLE CARDS ***
KDSG93: raises $1 to $2
avlee1: folds 
Kreayshawn: folds 
sutata: folds 
Manifestorr: folds 
Uncalled bet ($1) returned to KDSG93
KDSG93 collected $2.50 from pot
KDSG93: doesn't show hand 
*** SUMMARY ***
Total pot $2.50 | Rake $0 
Seat 2: alexandr699
Seat 1: Manifestorr (big blind) folded before Flop
Seat 3: KDSG93 collected ($2.50)
Seat 4: avlee1 folded before Flop (didn't bet)
Seat 5: Kreayshawn (button) folded before Flop (didn't bet)
Seat 6: sutata (small blind) folded before Flop



PokerStars Hand #254184686069:  Hold'em No Limit ($0.50/$1.00 USD) - 2025/01/04 4:33:56 WET [2025/01/03 23:33:56 ET]
Table 'Istria II' 6-max Seat #6 is the button
Seat 1: Manifestorr ($100.54 in chips) 
Seat 2: alexandr699 ($100 in chips) 
Seat 3: KDSG93 ($165.09 in chips) 
Seat 4: avlee1 ($117.59 in chips) 
Seat 5: Kreayshawn ($174.34 in chips) 
Seat 6: sutata ($100 in chips) 
Manifestorr: posts small blind $0.50
alexandr699: posts big blind $1
*** HOLE CARDS ***
KDSG93: calls $1
avlee1: folds 
Kreayshawn: folds 
sutata: calls $1
Manifestorr: raises $4 to $5
alexandr699: calls $4
KDSG93: folds 
sutata: folds 
*** FLOP *** [As 5s Ks]
Manifestorr: checks 
alexandr699: checks 
*** TURN *** [As 5s Ks] [4s]
Manifestorr: checks 
alexandr699: checks 
*** RIVER *** [As 5s Ks 4s] [Td]
Manifestorr: checks 
alexandr699: bets $5.70
Manifestorr: calls $5.70
*** SHOW DOWN ***
alexandr699: shows [Kd 4d] (two pair, Kings and Fours)
Manifestorr: shows [Qd Jh] (a straight, Ten to Ace)
Manifestorr collected $22.23 from pot
*** SUMMARY ***
Total pot $23.40 | Rake $1.17 
Board [As 5s Ks 4s Td]
Seat 1: Manifestorr (small blind) showed [Qd Jh] and won ($22.23) with a straight, Ten to Ace
Seat 2: alexandr699 (big blind) showed [Kd 4d] and lost with two pair, Kings and Fours
Seat 3: KDSG93 folded before Flop
Seat 4: avlee1 folded before Flop (didn't bet)
Seat 5: Kreayshawn folded before Flop (didn't bet)
Seat 6: sutata (button) folded before Flop



PokerStars Hand #254184696618:  Hold'em No Limit ($0.50/$1.00 USD) - 2025/01/04 4:35:25 WET [2025/01/03 23:35:25 ET]
Table 'Istria II' 6-max Seat #1 is the button
Seat 1: Manifestorr ($112.07 in chips) 
Seat 2: alexandr699 ($100 in chips) 
Seat 3: KDSG93 ($164.09 in chips) 
Seat 4: avlee1 ($117.59 in chips) 
Seat 5: Kreayshawn ($174.34 in chips) 
Seat 6: sutata ($100 in chips) 
alexandr699: posts small blind $0.50
KDSG93: posts big blind $1
*** HOLE CARDS ***
avlee1: folds 
Kreayshawn: folds 
sutata: folds 
Manifestorr: folds 
alexandr699: raises $2 to $3
KDSG93: calls $2
*** FLOP *** [9h Ac 6h]
alexandr699: checks 
KDSG93: checks 
*** TURN *** [9h Ac 6h] [6c]
alexandr699: checks 
KDSG93: checks 
*** RIVER *** [9h Ac 6h 6c] [8h]
alexandr699: bets $11.40
KDSG93: calls $11.40
*** SHOW DOWN ***
alexandr699: shows [6d 9s] (a full house, Sixes full of Nines)
KDSG93: mucks hand 
alexandr699 collected $27.36 from pot
*** SUMMARY ***
Total pot $28.80 | Rake $1.44 
Board [9h Ac 6h 6c 8h]
Seat 1: Manifestorr (button) folded before Flop (didn't bet)
Seat 2: alexandr699 (small blind) showed [6d 9s] and won ($27.36) with a full house, Sixes full of Nines
Seat 3: KDSG93 (big blind) mucked
Seat 4: avlee1 folded before Flop (didn't bet)
Seat 5: Kreayshawn folded before Flop (didn't bet)
Seat 6: sutata folded before Flop (didn't bet)



PokerStars Hand #254184703990:  Hold'em No Limit ($0.50/$1.00 USD) - 2025/01/04 4:36:28 WET [2025/01/03 23:36:28 ET]
Table 'Istria II' 6-max Seat #2 is the button
Seat 1: Manifestorr ($112.07 in chips) 
Seat 2: alexandr699 ($112.96 in chips) 
Seat 3: KDSG93 ($149.69 in chips) 
Seat 4: avlee1 ($117.59 in chips) 
Seat 5: Kreayshawn ($174.34 in chips) 
Seat 6: sutata ($100 in chips) 
KDSG93: posts small blind $0.50
avlee1: posts big blind $1
*** HOLE CARDS ***
Kreayshawn: folds 
sutata: folds 
Manifestorr: folds 
alexandr699: folds 
KDSG93: calls $0.50
avlee1: checks 
*** FLOP *** [6d 4d 9s]
KDSG93: checks 
avlee1: checks 
*** TURN *** [6d 4d 9s] [8c]
KDSG93: checks 
avlee1: checks 
*** RIVER *** [6d 4d 9s 8c] [8h]
KDSG93: checks 
avlee1: checks 
*** SHOW DOWN ***
KDSG93: shows [3s Jc] (a pair of Eights)
avlee1: shows [Ah 3d] (a pair of Eights - Ace kicker)
avlee1 collected $1.90 from pot
*** SUMMARY ***
Total pot $2 | Rake $0.10 
Board [6d 4d 9s 8c 8h]
Seat 1: Manifestorr folded before Flop (didn't bet)
Seat 2: alexandr699 (button) folded before Flop (didn't bet)
Seat 3: KDSG93 (small blind) showed [3s Jc] and lost with a pair of Eights
Seat 4: avlee1 (big blind) showed [Ah 3d] and won ($1.90) with a pair of Eights
Seat 5: Kreayshawn folded before Flop (didn't bet)
Seat 6: sutata folded before Flop (didn't bet)



PokerStars Hand #254184709081:  Hold'em No Limit ($0.50/$1.00 USD) - 2025/01/04 4:37:11 WET [2025/01/03 23:37:11 ET]
Table 'Istria II' 6-max Seat #3 is the button
Seat 1: Manifestorr ($112.07 in chips) 
Seat 2: alexandr699 ($112.96 in chips) 
Seat 3: KDSG93 ($148.69 in chips) 
Seat 4: avlee1 ($118.49 in chips) 
Seat 5: Kreayshawn ($174.34 in chips) 
Seat 6: sutata ($100 in chips) 
avlee1: posts small blind $0.50
Kreayshawn: posts big blind $1
*** HOLE CARDS ***
sutata has timed out
sutata: folds 
Manifestorr: folds 
alexandr699: raises $2 to $3
KDSG93: calls $3
avlee1: folds 
Kreayshawn: folds 
*** FLOP *** [Ad As 9c]
alexandr699: checks 
KDSG93: checks 
*** TURN *** [Ad As 9c] [Ts]
alexandr699: bets $2.35
KDSG93: calls $2.35
*** RIVER *** [Ad As 9c Ts] [2h]
alexandr699: bets $15.07
KDSG93: folds 
Uncalled bet ($15.07) returned to alexandr699
alexandr699 collected $11.59 from pot
alexandr699: doesn't show hand 
*** SUMMARY ***
Total pot $12.20 | Rake $0.61 
Board [Ad As 9c Ts 2h]
Seat 1: Manifestorr folded before Flop (didn't bet)
Seat 2: alexandr699 collected ($11.59)
Seat 3: KDSG93 (button) folded on the River
Seat 4: avlee1 (small blind) folded before Flop
Seat 5: Kreayshawn (big blind) folded before Flop
Seat 6: sutata folded before Flop (didn't bet)



PokerStars Hand #254184718274:  Hold'em No Limit ($0.50/$1.00 USD) - 2025/01/04 4:38:30 WET [2025/01/03 23:38:30 ET]
Table 'Istria II' 6-max Seat #4 is the button
Seat 1: Manifestorr ($112.07 in chips) 
Seat 2: alexandr699 ($119.20 in chips) 
Seat 3: KDSG93 ($143.34 in chips) 
Seat 4: avlee1 ($117.99 in chips) 
Seat 5: Kreayshawn ($173.34 in chips) 
Seat 6: sutata ($100 in chips) 
Kreayshawn: posts small blind $0.50
sutata: posts big blind $1
*** HOLE CARDS ***
Manifestorr: raises $1.20 to $2.20
alexandr699: folds 
KDSG93: calls $2.20
avlee1: folds 
Kreayshawn: raises $11.80 to $14
sutata: folds 
Manifestorr: calls $11.80
KDSG93: folds 
*** FLOP *** [3h Kh Qh]
Kreayshawn: checks 
Manifestorr: checks 
*** TURN *** [3h Kh Qh] [4d]
Kreayshawn: checks 
Manifestorr: checks 
*** RIVER *** [3h Kh Qh 4d] [Ks]
Kreayshawn: bets $19.12
Manifestorr: folds 
Uncalled bet ($19.12) returned to Kreayshawn
Kreayshawn collected $29.64 from pot
*** SUMMARY ***
Total pot $31.20 | Rake $1.56 
Board [3h Kh Qh 4d Ks]
Seat 1: Manifestorr folded on the River
Seat 2: alexandr699 folded before Flop (didn't bet)
Seat 3: KDSG93 folded before Flop
Seat 4: avlee1 (button) folded before Flop (didn't bet)
Seat 5: Kreayshawn (small blind) collected ($29.64)
Seat 6: sutata (big blind) folded before Flop



PokerStars Hand #254184726715:  Hold'em No Limit ($0.50/$1.00 USD) - 2025/01/04 4:39:42 WET [2025/01/03 23:39:42 ET]
Table 'Istria II' 6-max Seat #5 is the button
Seat 1: Manifestorr ($100 in chips) 
Seat 2: alexandr699 ($119.20 in chips) 
Seat 3: KDSG93 ($141.14 in chips) 
Seat 4: avlee1 ($117.99 in chips) 
Seat 5: Kreayshawn ($188.98 in chips) 
Seat 6: sutata ($100 in chips) 
sutata: posts small blind $0.50
Manifestorr: posts big blind $1
*** HOLE CARDS ***
alexandr699: folds 
KDSG93: calls $1
avlee1: raises $2.50 to $3.50
Kreayshawn: folds 
sutata: calls $3
Manifestorr: folds 
KDSG93: calls $2.50
*** FLOP *** [3h As Th]
sutata: checks 
KDSG93: checks 
avlee1: checks 
*** TURN *** [3h As Th] [4c]
sutata: checks 
KDSG93: checks 
avlee1: checks 
*** RIVER *** [3h As Th 4c] [6s]
sutata: checks 
KDSG93: checks 
avlee1: checks 
*** SHOW DOWN ***
sutata: shows [Jc Kc] (high card Ace)
KDSG93: mucks hand 
avlee1: shows [7c 7h] (a pair of Sevens)
avlee1 collected $10.92 from pot
*** SUMMARY ***
Total pot $11.50 | Rake $0.58 
Board [3h As Th 4c 6s]
Seat 1: Manifestorr (big blind) folded before Flop
Seat 2: alexandr699 folded before Flop (didn't bet)
Seat 3: KDSG93 mucked
Seat 4: avlee1 showed [7c 7h] and won ($10.92) with a pair of Sevens
Seat 5: Kreayshawn (button) folded before Flop (didn't bet)
Seat 6: sutata (small blind) showed [Jc Kc] and lost with high card Ace



PokerStars Hand #254184733623:  Hold'em No Limit ($0.50/$1.00 USD) - 2025/01/04 4:40:41 WET [2025/01/03 23:40:41 ET]
Table 'Istria II' 6-max Seat #6 is the button
Seat 1: Manifestorr ($100 in chips) 
Seat 2: alexandr699 ($119.20 in chips) 
Seat 3: KDSG93 ($137.64 in chips) 
Seat 4: avlee1 ($125.41 in chips) 
Seat 5: Kreayshawn ($188.98 in chips) 
Seat 6: sutata ($100 in chips) 
Manifestorr: posts small blind $0.50
alexandr699: posts big blind $1
*** HOLE CARDS ***
KDSG93: folds 
avlee1: folds 
Kreayshawn: raises $1.50 to $2.50
sutata: folds 
Manifestorr: folds 
alexandr699: folds 
Uncalled bet ($1.50) returned to Kreayshawn
Kreayshawn collected $2.50 from pot
*** SUMMARY ***
Total pot $2.50 | Rake $0 
Seat 1: Manifestorr (small blind) folded before Flop
Seat 2: alexandr699 (big blind) folded before Flop
Seat 3: KDSG93 folded before Flop (didn't bet)
Seat 4: avlee1 folded before Flop (didn't bet)
Seat 5: Kreayshawn collected ($2.50)
Seat 6: sutata (button) folded before Flop (didn't bet)



PokerStars Hand #254184735469:  Hold'em No Limit ($0.50/$1.00 USD) - 2025/01/04 4:40:57 WET [2025/01/03 23:40:57 ET]
Table 'Istria II' 6-max Seat #1 is the button
Seat 1: Manifestorr ($100 in chips) 
Seat 2: alexandr699 ($118.20 in chips) 
Seat 3: KDSG93 ($137.64 in chips) 
Seat 4: avlee1 ($125.41 in chips) 
Seat 5: Kreayshawn ($190.48 in chips) 
Seat 6: sutata ($100 in chips) 
alexandr699: posts small blind $0.50
KDSG93: posts big blind $1
*** HOLE CARDS ***
avlee1: folds 
Kreayshawn: folds 
sutata: raises $1.50 to $2.50
Manifestorr: folds 
alexandr699: folds 
KDSG93: calls $1.50
*** FLOP *** [Tc Ad 2c]
KDSG93: bets $3
sutata: raises $6 to $9
KDSG93: calls $6
*** TURN *** [Tc Ad 2c] [9d]
KDSG93: checks 
sutata: bets $22.19
KDSG93: folds 
Uncalled bet ($22.19) returned to sutata
sutata collected $22.32 from pot
sutata: doesn't show hand 
*** SUMMARY ***
Total pot $23.50 | Rake $1.18 
Board [Tc Ad 2c 9d]
Seat 1: Manifestorr (button) folded before Flop (didn't bet)
Seat 2: alexandr699 (small blind) folded before Flop
Seat 3: KDSG93 (big blind) folded on the Turn
Seat 4: avlee1 folded before Flop (didn't bet)
Seat 5: Kreayshawn folded before Flop (didn't bet)
Seat 6: sutata collected ($22.32)



PokerStars Hand #254184741372:  Hold'em No Limit ($0.50/$1.00 USD) - 2025/01/04 4:41:50 WET [2025/01/03 23:41:50 ET]
Table 'Istria II' 6-max Seat #2 is the button
Seat 1: Manifestorr ($100 in chips) 
Seat 2: alexandr699 ($117.70 in chips) 
Seat 3: KDSG93 ($126.14 in chips) 
Seat 4: avlee1 ($125.41 in chips) 
Seat 5: Kreayshawn ($190.48 in chips) 
Seat 6: sutata ($110.82 in chips) 
KDSG93: posts small blind $0.50
avlee1: posts big blind $1
*** HOLE CARDS ***
Kreayshawn: folds 
sutata: folds 
Manifestorr: folds 
alexandr699: folds 
KDSG93: calls $0.50
avlee1: raises $3 to $4
KDSG93: calls $3
*** FLOP *** [Qh 2d 2h]
KDSG93: checks 
avlee1: checks 
*** TURN *** [Qh 2d 2h] [Qs]
KDSG93: checks 
avlee1: bets $3.04
KDSG93: calls $3.04
*** RIVER *** [Qh 2d 2h Qs] [5d]
KDSG93: checks 
avlee1: bets $6.69
KDSG93: folds 
Uncalled bet ($6.69) returned to avlee1
avlee1 collected $13.38 from pot
avlee1: doesn't show hand 
*** SUMMARY ***
Total pot $14.08 | Rake $0.70 
Board [Qh 2d 2h Qs 5d]
Seat 1: Manifestorr folded before Flop (didn't bet)
Seat 2: alexandr699 (button) folded before Flop (didn't bet)
Seat 3: KDSG93 (small blind) folded on the River
Seat 4: avlee1 (big blind) collected ($13.38)
Seat 5: Kreayshawn folded before Flop (didn't bet)
Seat 6: sutata folded before Flop (didn't bet)



PokerStars Hand #254184747707:  Hold'em No Limit ($0.50/$1.00 USD) - 2025/01/04 4:42:44 WET [2025/01/03 23:42:44 ET]
Table 'Istria II' 6-max Seat #3 is the button
Seat 1: Manifestorr ($100 in chips) 
Seat 2: alexandr699 ($117.70 in chips) 
Seat 3: KDSG93 ($119.10 in chips) 
Seat 4: avlee1 ($131.75 in chips) 
Seat 5: Kreayshawn ($190.48 in chips) 
Seat 6: sutata ($110.82 in chips) 
avlee1: posts small blind $0.50
Kreayshawn: posts big blind $1
*** HOLE CARDS ***
sutata: folds 
Manifestorr: folds 
alexandr699: folds 
KDSG93: folds 
avlee1: raises $2 to $3
Kreayshawn: folds 
Uncalled bet ($2) returned to avlee1
avlee1 collected $2 from pot
avlee1: doesn't show hand 
*** SUMMARY ***
Total pot $2 | Rake $0 
Seat 1: Manifestorr folded before Flop (didn't bet)
Seat 2: alexandr699 folded before Flop (didn't bet)
Seat 3: KDSG93 (button) folded before Flop (didn't bet)
Seat 4: avlee1 (small blind) collected ($2)
Seat 5: Kreayshawn (big blind) folded before Flop
Seat 6: sutata folded before Flop (didn't bet)



PokerStars Hand #254184749785:  Hold'em No Limit ($0.50/$1.00 USD) - 2025/01/04 4:43:03 WET [2025/01/03 23:43:03 ET]
Table 'Istria II' 6-max Seat #4 is the button
Seat 1: Manifestorr ($100 in chips) 
Seat 2: alexandr699 ($117.70 in chips) 
Seat 3: KDSG93 ($119.10 in chips) 
Seat 4: avlee1 ($132.75 in chips) 
Seat 5: Kreayshawn ($189.48 in chips) 
Seat 6: sutata ($110.82 in chips) 
Kreayshawn: posts small blind $0.50
sutata: posts big blind $1
*** HOLE CARDS ***
Manifestorr: folds 
alexandr699: folds 
KDSG93: raises $1 to $2
avlee1: raises $4 to $6
Kreayshawn: folds 
sutata: folds 
KDSG93: calls $4
*** FLOP *** [9s Ad Kh]
KDSG93: bets $4
avlee1: calls $4
*** TURN *** [9s Ad Kh] [5h]
KDSG93: bets $5
avlee1: calls $5
*** RIVER *** [9s Ad Kh 5h] [4h]
KDSG93: bets $45
avlee1: folds 
Uncalled bet ($45) returned to KDSG93
KDSG93 collected $29.92 from pot
KDSG93: doesn't show hand 
*** SUMMARY ***
Total pot $31.50 | Rake $1.58 
Board [9s Ad Kh 5h 4h]
Seat 1: Manifestorr folded before Flop (didn't bet)
Seat 2: alexandr699 folded before Flop (didn't bet)
Seat 3: KDSG93 collected ($29.92)
Seat 4: avlee1 (button) folded on the River
Seat 5: Kreayshawn (small blind) folded before Flop
Seat 6: sutata (big blind) folded before Flop



PokerStars Hand #254184757840:  Hold'em No Limit ($0.50/$1.00 USD) - 2025/01/04 4:44:14 WET [2025/01/03 23:44:14 ET]
Table 'Istria II' 6-max Seat #5 is the button
Seat 1: Manifestorr ($100 in chips) 
Seat 2: alexandr699 ($117.70 in chips) 
Seat 3: KDSG93 ($134.02 in chips) 
Seat 4: avlee1 ($117.75 in chips) 
Seat 5: Kreayshawn ($188.98 in chips) 
Seat 6: sutata ($109.82 in chips) 
sutata: posts small blind $0.50
Manifestorr: posts big blind $1
*** HOLE CARDS ***
alexandr699: folds 
KDSG93: calls $1
avlee1: folds 
Kreayshawn: folds 
sutata: raises $5 to $6
Manifestorr: folds 
KDSG93: calls $5
*** FLOP *** [6h 8h Jd]
sutata: bets $6.18
KDSG93: calls $6.18
*** TURN *** [6h 8h Jd] [3c]
sutata: checks 
KDSG93: bets $16
sutata: raises $81.64 to $97.64 and is all-in
KDSG93: calls $81.64
*** RIVER *** [6h 8h Jd 3c] [Tc]
*** SHOW DOWN ***
sutata: shows [Ks Kd] (a pair of Kings)
KDSG93: shows [Js Ah] (a pair of Jacks)
sutata collected $218.14 from pot
*** SUMMARY ***
Total pot $220.64 | Rake $2.50 
Board [6h 8h Jd 3c Tc]
Seat 1: Manifestorr (big blind) folded before Flop
Seat 2: alexandr699 folded before Flop (didn't bet)
Seat 3: KDSG93 showed [Js Ah] and lost with a pair of Jacks
Seat 4: avlee1 folded before Flop (didn't bet)
Seat 5: Kreayshawn (button) folded before Flop (didn't bet)
Seat 6: sutata (small blind) showed [Ks Kd] and won ($218.14) with a pair of Kings



PokerStars Hand #254184763896:  Hold'em No Limit ($0.50/$1.00 USD) - 2025/01/04 4:45:08 WET [2025/01/03 23:45:08 ET]
Table 'Istria II' 6-max Seat #6 is the button
Seat 1: Manifestorr ($100 in chips) 
Seat 2: alexandr699 ($117.70 in chips) 
Seat 3: KDSG93 ($24.20 in chips) 
Seat 4: avlee1 ($117.75 in chips) 
Seat 5: Kreayshawn ($188.98 in chips) 
Seat 6: sutata ($218.14 in chips) 
Manifestorr: posts small blind $0.50
alexandr699: posts big blind $1
*** HOLE CARDS ***
KDSG93 has timed out
KDSG93: folds 
avlee1: folds 
Kreayshawn: raises $1.50 to $2.50
sutata: calls $2.50
Manifestorr: folds 
alexandr699: folds 
*** FLOP *** [5s 8h 8s]
Kreayshawn: checks 
sutata: bets $3.09
KDSG93 leaves the table
Kreayshawn: calls $3.09
*** TURN *** [5s 8h 8s] [Js]
Kreayshawn: checks 
For_the_idea joins the table at seat #3 
sutata: bets $17.95
Kreayshawn: calls $17.95
*** RIVER *** [5s 8h 8s Js] [Ac]
Kreayshawn: checks 
sutata: checks 
*** SHOW DOWN ***
Kreayshawn: shows [Qs Qd] (two pair, Queens and Eights)
sutata: shows [As Kh] (two pair, Aces and Eights)
sutata collected $46.15 from pot
*** SUMMARY ***
Total pot $48.58 | Rake $2.43 
Board [5s 8h 8s Js Ac]
Seat 1: Manifestorr (small blind) folded before Flop
Seat 2: alexandr699 (big blind) folded before Flop
Seat 3: KDSG93 folded before Flop (didn't bet)
Seat 4: avlee1 folded before Flop (didn't bet)
Seat 5: Kreayshawn showed [Qs Qd] and lost with two pair, Queens and Eights
Seat 6: sutata (button) showed [As Kh] and won ($46.15) with two pair, Aces and Eights



PokerStars Hand #254184770031:  Hold'em No Limit ($0.50/$1.00 USD) - 2025/01/04 4:46:02 WET [2025/01/03 23:46:02 ET]
Table 'Istria II' 6-max Seat #1 is the button
Seat 1: Manifestorr ($100 in chips) 
Seat 2: alexandr699 ($116.70 in chips) 
Seat 3: For_the_idea ($100 in chips) 
Seat 4: avlee1 ($117.75 in chips) 
Seat 5: Kreayshawn ($165.44 in chips) 
Seat 6: sutata ($240.75 in chips) 
alexandr699: posts small blind $0.50
For_the_idea: posts big blind $1
*** HOLE CARDS ***
avlee1: folds 
Kreayshawn: raises $1.50 to $2.50
sutata: folds 
Manifestorr: folds 
alexandr699: folds 
For_the_idea: folds 
Uncalled bet ($1.50) returned to Kreayshawn
Kreayshawn collected $2.50 from pot
*** SUMMARY ***
Total pot $2.50 | Rake $0 
Seat 1: Manifestorr (button) folded before Flop (didn't bet)
Seat 2: alexandr699 (small blind) folded before Flop
Seat 3: For_the_idea (big blind) folded before Flop
Seat 4: avlee1 folded before Flop (didn't bet)
Seat 5: Kreayshawn collected ($2.50)
Seat 6: sutata folded before Flop (didn't bet)



PokerStars Hand #254184772028:  Hold'em No Limit ($0.50/$1.00 USD) - 2025/01/04 4:46:20 WET [2025/01/03 23:46:20 ET]
Table 'Istria II' 6-max Seat #2 is the button
Seat 1: Manifestorr ($100 in chips) 
Seat 2: alexandr699 ($116.20 in chips) 
Seat 3: For_the_idea ($100 in chips) 
Seat 4: avlee1 ($117.75 in chips) 
Seat 5: Kreayshawn ($166.94 in chips) 
Seat 6: sutata ($240.75 in chips) 
For_the_idea: posts small blind $0.50
avlee1: posts big blind $1
*** HOLE CARDS ***
Kreayshawn: folds 
sutata: folds 
Manifestorr: folds 
alexandr699: folds 
For_the_idea: folds 
Uncalled bet ($0.50) returned to avlee1
avlee1 collected $1 from pot
avlee1: doesn't show hand 
*** SUMMARY ***
Total pot $1 | Rake $0 
Seat 1: Manifestorr folded before Flop (didn't bet)
Seat 2: alexandr699 (button) folded before Flop (didn't bet)
Seat 3: For_the_idea (small blind) folded before Flop
Seat 4: avlee1 (big blind) collected ($1)
Seat 5: Kreayshawn folded before Flop (didn't bet)
Seat 6: sutata folded before Flop (didn't bet)



PokerStars Hand #254184773495:  Hold'em No Limit ($0.50/$1.00 USD) - 2025/01/04 4:46:33 WET [2025/01/03 23:46:33 ET]
Table 'Istria II' 6-max Seat #3 is the button
Seat 5: Kreayshawn ($166.94 in chips) is sitting out
Seat 1: Manifestorr ($100 in chips) 
Seat 2: alexandr699 ($116.20 in chips) 
Seat 3: For_the_idea ($100 in chips) 
Seat 4: avlee1 ($118.25 in chips) 
Seat 6: sutata ($240.75 in chips) 
avlee1: posts small blind $0.50
Kreayshawn: is sitting out 
sutata: posts big blind $1
*** HOLE CARDS ***
Kreayshawn leaves the table
Manifestorr is connected 
Manifestorr: folds 
alexandr699: raises $2 to $3
For_the_idea: folds 
avlee1: folds 
sutata: folds 
Uncalled bet ($2) returned to alexandr699
alexandr699 collected $2.50 from pot
alexandr699: doesn't show hand 
*** SUMMARY ***
Total pot $2.50 | Rake $0 
Seat 5: Kreayshawn
Seat 1: Manifestorr folded before Flop (didn't bet)
Seat 2: alexandr699 collected ($2.50)
Seat 3: For_the_idea (button) folded before Flop (didn't bet)
Seat 4: avlee1 (small blind) folded before Flop
Seat 6: sutata (big blind) folded before Flop



PokerStars Hand #254184777629:  Hold'em No Limit ($0.50/$1.00 USD) - 2025/01/04 4:47:10 WET [2025/01/03 23:47:10 ET]
Table 'Istria II' 6-max Seat #4 is the button
Seat 1: Manifestorr ($100 in chips) is sitting out
Seat 2: alexandr699 ($117.70 in chips) 
Seat 3: For_the_idea ($100 in chips) 
Seat 4: avlee1 ($117.75 in chips) 
Seat 6: sutata ($239.75 in chips) 
sutata: posts small blind $0.50
Manifestorr: is sitting out 
alexandr699: posts big blind $1
*** HOLE CARDS ***
Manifestorr leaves the table
For_the_idea: folds 
avlee1: folds 
sutata: folds 
Uncalled bet ($0.50) returned to alexandr699
alexandr699 collected $1 from pot
alexandr699: doesn't show hand 
*** SUMMARY ***
Total pot $1 | Rake $0 
Seat 1: Manifestorr
Seat 2: alexandr699 (big blind) collected ($1)
Seat 3: For_the_idea folded before Flop (didn't bet)
Seat 4: avlee1 (button) folded before Flop (didn't bet)
Seat 6: sutata (small blind) folded before Flop



PokerStars Hand #254184779500:  Hold'em No Limit ($0.50/$1.00 USD) - 2025/01/04 4:47:27 WET [2025/01/03 23:47:27 ET]
Table 'Istria II' 6-max Seat #6 is the button
Seat 2: alexandr699 ($118.20 in chips) 
Seat 3: For_the_idea ($100 in chips) 
Seat 4: avlee1 ($117.75 in chips) 
Seat 6: sutata ($239.25 in chips) 
alexandr699: posts small blind $0.50
For_the_idea: posts big blind $1
*** HOLE CARDS ***
avlee1: folds 
sutata: folds 
avlee1 leaves the table
alexandr699: raises $2 to $3
For_the_idea: raises $6 to $9
alexandr699: folds 
Uncalled bet ($6) returned to For_the_idea
For_the_idea collected $6 from pot
For_the_idea: doesn't show hand 
*** SUMMARY ***
Total pot $6 | Rake $0 
Seat 2: alexandr699 (small blind) folded before Flop
Seat 3: For_the_idea (big blind) collected ($6)
Seat 4: avlee1 folded before Flop (didn't bet)
Seat 6: sutata (button) folded before Flop (didn't bet)



PokerStars Hand #254184782099:  Hold'em No Limit ($0.50/$1.00 USD) - 2025/01/04 4:47:49 WET [2025/01/03 23:47:49 ET]
Table 'Istria II' 6-max Seat #2 is the button
Seat 2: alexandr699 ($115.20 in chips) 
Seat 3: For_the_idea ($103 in chips) 
Seat 6: sutata ($239.25 in chips) 
For_the_idea: posts small blind $0.50
sutata: posts big blind $1
*** HOLE CARDS ***
alexandr699: raises $2 to $3
For_the_idea: folds 
sutata: folds 
Uncalled bet ($2) returned to alexandr699
alexandr699 collected $2.50 from pot
alexandr699: doesn't show hand 
*** SUMMARY ***
Total pot $2.50 | Rake $0 
Seat 2: alexandr699 (button) collected ($2.50)
Seat 3: For_the_idea (small blind) folded before Flop
Seat 6: sutata (big blind) folded before Flop



PokerStars Hand #254184600218:  Hold'em No Limit ($0.50/$1.00 USD) - 2025/01/04 4:22:08 WET [2025/01/03 23:22:08 ET]
Table 'Istria II' 6-max Seat #1 is the button
Seat 4: avlee1 ($100 in chips) is sitting out
Seat 5: Kreayshawn ($100 in chips) is sitting out
Seat 1: Manifestorr ($100 in chips) 
Seat 2: rao999 ($100 in chips) 
Seat 3: KDSG93 ($96 in chips) 
Seat 6: randeshwar ($101.50 in chips) 
rao999: posts small blind $0.50
KDSG93: posts big blind $1
avlee1: sits out 
Kreayshawn: sits out 
*** HOLE CARDS ***
randeshwar: raises $2.50 to $3.50
Manifestorr: folds 
rao999: calls $3
KDSG93: calls $2.50
*** FLOP *** [9c Qd Tc]
rao999: checks 
KDSG93: checks 
randeshwar: checks 
*** TURN *** [9c Qd Tc] [Js]
rao999: checks 
KDSG93: bets $5
randeshwar: calls $5
rao999: calls $5
*** RIVER *** [9c Qd Tc Js] [Ad]
rao999: checks 
KDSG93: bets $10
randeshwar: calls $10
rao999: folds 
*** SHOW DOWN ***
KDSG93: shows [Kd 5c] (a straight, Ten to Ace)
randeshwar: mucks hand 
KDSG93 collected $44.50 from pot
*** SUMMARY ***
Total pot $45.50 | Rake $1 
Board [9c Qd Tc Js Ad]
Seat 4: avlee1
Seat 5: Kreayshawn
Seat 1: Manifestorr (button) folded before Flop (didn't bet)
Seat 2: rao999 (small blind) folded on the River
Seat 3: KDSG93 (big blind) showed [Kd 5c] and won ($44.50) with a straight, Ten to Ace
Seat 6: randeshwar mucked



PokerStars Hand #254184608015:  Hold'em No Limit ($0.50/$1.00 USD) - 2025/01/04 4:23:11 WET [2025/01/03 23:23:11 ET]
Table 'Istria II' 6-max Seat #2 is the button
Seat 5: Kreayshawn ($100 in chips) is sitting out
Seat 1: Manifestorr ($100 in chips) 
Seat 2: rao999 ($100 in chips) 
Seat 3: KDSG93 ($122 in chips) 
Seat 4: avlee1 ($100 in chips) 
Seat 6: randeshwar ($83 in chips) 
KDSG93: posts small blind $0.50
avlee1: posts big blind $1
Kreayshawn: sits out 
*** HOLE CARDS ***
randeshwar: raises $2.50 to $3.50
Manifestorr: folds 
rao999: calls $3.50
KDSG93: folds 
avlee1: folds 
*** FLOP *** [9d Js Td]
randeshwar: bets $5.04
rao999: calls $5.04
*** TURN *** [9d Js Td] [3s]
randeshwar: checks 
rao999: checks 
*** RIVER *** [9d Js Td 3s] [2s]
randeshwar: bets $8.83
rao999: folds 
Uncalled bet ($8.83) returned to randeshwar
randeshwar collected $17.65 from pot
randeshwar: doesn't show hand 
*** SUMMARY ***
Total pot $18.58 | Rake $0.93 
Board [9d Js Td 3s 2s]
Seat 5: Kreayshawn
Seat 1: Manifestorr folded before Flop (didn't bet)
Seat 2: rao999 (button) folded on the River
Seat 3: KDSG93 (small blind) folded before Flop
Seat 4: avlee1 (big blind) folded before Flop
Seat 6: randeshwar collected ($17.65)



PokerStars Hand #254184614404:  Hold'em No Limit ($0.50/$1.00 USD) - 2025/01/04 4:24:03 WET [2025/01/03 23:24:03 ET]
Table 'Istria II' 6-max Seat #3 is the button
Seat 1: Manifestorr ($100 in chips) 
Seat 2: rao999 ($100 in chips) 
Seat 3: KDSG93 ($121.50 in chips) 
Seat 4: avlee1 ($100 in chips) 
Seat 5: Kreayshawn ($100 in chips) 
Seat 6: randeshwar ($92.11 in chips) 
avlee1: posts small blind $0.50
Kreayshawn: posts big blind $1
*** HOLE CARDS ***
randeshwar: calls $1
Manifestorr: folds 
rao999: folds 
KDSG93: calls $1
avlee1: folds 
Kreayshawn: raises $13 to $14
randeshwar: calls $13
KDSG93: folds 
*** FLOP *** [3s Kc Js]
Kreayshawn: checks 
randeshwar: checks 
*** TURN *** [3s Kc Js] [8s]
Kreayshawn: checks 
randeshwar: bets $14.01
Kreayshawn: calls $14.01
*** RIVER *** [3s Kc Js 8s] [7d]
Kreayshawn: checks 
randeshwar: bets $27.51
Kreayshawn: calls $27.51
*** SHOW DOWN ***
randeshwar: shows [Ac 5c] (high card Ace)
Kreayshawn: shows [Qh Qs] (a pair of Queens)
Kreayshawn collected $110.04 from pot
*** SUMMARY ***
Total pot $112.54 | Rake $2.50 
Board [3s Kc Js 8s 7d]
Seat 1: Manifestorr folded before Flop (didn't bet)
Seat 2: rao999 folded before Flop (didn't bet)
Seat 3: KDSG93 (button) folded before Flop
Seat 4: avlee1 (small blind) folded before Flop
Seat 5: Kreayshawn (big blind) showed [Qh Qs] and won ($110.04) with a pair of Queens
Seat 6: randeshwar showed [Ac 5c] and lost with high card Ace



PokerStars Hand #254184622939:  Hold'em No Limit ($0.50/$1.00 USD) - 2025/01/04 4:25:12 WET [2025/01/03 23:25:12 ET]
Table 'Istria II' 6-max Seat #4 is the button
Seat 1: Manifestorr ($100 in chips) 
Seat 2: rao999 ($100 in chips) 
Seat 3: KDSG93 ($120.50 in chips) 
Seat 4: avlee1 ($100 in chips) 
Seat 5: Kreayshawn ($154.52 in chips) 
Seat 6: randeshwar ($36.59 in chips) 
Kreayshawn: posts small blind $0.50
randeshwar: posts big blind $1
*** HOLE CARDS ***
Manifestorr: folds 
rao999: folds 
KDSG93: calls $1
avlee1: folds 
Kreayshawn: calls $0.50
randeshwar: checks 
*** FLOP *** [Jc 7d Ts]
Kreayshawn: checks 
randeshwar: checks 
KDSG93: checks 
*** TURN *** [Jc 7d Ts] [Th]
Kreayshawn: checks 
randeshwar: bets $1.43
KDSG93: folds 
Kreayshawn: folds 
Uncalled bet ($1.43) returned to randeshwar
randeshwar collected $2.85 from pot
*** SUMMARY ***
Total pot $3 | Rake $0.15 
Board [Jc 7d Ts Th]
Seat 1: Manifestorr folded before Flop (didn't bet)
Seat 2: rao999 folded before Flop (didn't bet)
Seat 3: KDSG93 folded on the Turn
Seat 4: avlee1 (button) folded before Flop (didn't bet)
Seat 5: Kreayshawn (small blind) folded on the Turn
Seat 6: randeshwar (big blind) collected ($2.85)



PokerStars Hand #254184630364:  Hold'em No Limit ($0.50/$1.00 USD) - 2025/01/04 4:26:13 WET [2025/01/03 23:26:13 ET]
Table 'Istria II' 6-max Seat #5 is the button
Seat 1: Manifestorr ($100 in chips) 
Seat 2: rao999 ($100 in chips) 
Seat 3: KDSG93 ($119.50 in chips) 
Seat 4: avlee1 ($100 in chips) 
Seat 5: Kreayshawn ($153.52 in chips) 
Seat 6: randeshwar ($38.44 in chips) 
randeshwar: posts small blind $0.50
Manifestorr: posts big blind $1
*** HOLE CARDS ***
rao999: folds 
KDSG93: folds 
avlee1: raises $1.50 to $2.50
Kreayshawn: calls $2.50
randeshwar: calls $2
Manifestorr: raises $13.50 to $16
avlee1: folds 
Kreayshawn: folds 
randeshwar: calls $13.50
*** FLOP *** [6s 8h Jc]
randeshwar: bets $22.44 and is all-in
Manifestorr: calls $22.44
*** TURN *** [6s 8h Jc] [5s]
*** RIVER *** [6s 8h Jc 5s] [Ac]
*** SHOW DOWN ***
randeshwar: shows [7h Kh] (high card Ace)
Manifestorr: shows [Ah As] (three of a kind, Aces)
Manifestorr collected $79.38 from pot
*** SUMMARY ***
Total pot $81.88 | Rake $2.50 
Board [6s 8h Jc 5s Ac]
Seat 1: Manifestorr (big blind) showed [Ah As] and won ($79.38) with three of a kind, Aces
Seat 2: rao999 folded before Flop (didn't bet)
Seat 3: KDSG93 folded before Flop (didn't bet)
Seat 4: avlee1 folded before Flop
Seat 5: Kreayshawn (button) folded before Flop
Seat 6: randeshwar (small blind) showed [7h Kh] and lost with high card Ace



PokerStars Hand #254184637990:  Hold'em No Limit ($0.50/$1.00 USD) - 2025/01/04 4:27:15 WET [2025/01/03 23:27:15 ET]
Table 'Istria II' 6-max Seat #1 is the button
Seat 6: randeshwar ($0 in chips) is sitting out
Seat 1: Manifestorr ($140.94 in chips) 
Seat 2: rao999 ($100 in chips) 
Seat 3: KDSG93 ($119.50 in chips) 
Seat 4: avlee1 ($100 in chips) 
Seat 5: Kreayshawn ($151.02 in chips) 
rao999: posts small blind $0.50
KDSG93: posts big blind $1
*** HOLE CARDS ***
randeshwar leaves the table
avlee1: folds 
Kreayshawn: folds 
Manifestorr: folds 
rao999: folds 
Uncalled bet ($0.50) returned to KDSG93
KDSG93 collected $1 from pot
KDSG93: doesn't show hand 
*** SUMMARY ***
Total pot $1 | Rake $0 
Seat 6: randeshwar
Seat 1: Manifestorr (button) folded before Flop (didn't bet)
Seat 2: rao999 (small blind) folded before Flop
Seat 3: KDSG93 (big blind) collected ($1)
Seat 4: avlee1 folded before Flop (didn't bet)
Seat 5: Kreayshawn folded before Flop (didn't bet)



PokerStars Hand #254184640417:  Hold'em No Limit ($0.50/$1.00 USD) - 2025/01/04 4:27:35 WET [2025/01/03 23:27:35 ET]
Table 'Istria II' 6-max Seat #2 is the button
Seat 1: Manifestorr ($140.94 in chips) 
Seat 2: rao999 ($100 in chips) 
Seat 3: KDSG93 ($120 in chips) 
Seat 4: avlee1 ($100 in chips) 
Seat 5: Kreayshawn ($151.02 in chips) 
KDSG93: posts small blind $0.50
avlee1: posts big blind $1
*** HOLE CARDS ***
Kreayshawn: folds 
Manifestorr: raises $1.20 to $2.20
rao999: folds 
KDSG93: calls $1.70
avlee1: folds 
*** FLOP *** [Qs 3d Kc]
KDSG93: bets $5
Manifestorr: calls $5
*** TURN *** [Qs 3d Kc] [4c]
KDSG93: bets $15
Manifestorr: calls $15
*** RIVER *** [Qs 3d Kc 4c] [Ts]
KDSG93: bets $20
Manifestorr: folds 
Uncalled bet ($20) returned to KDSG93
KDSG93 collected $43.13 from pot
KDSG93: doesn't show hand 
*** SUMMARY ***
Total pot $45.40 | Rake $2.27 
Board [Qs 3d Kc 4c Ts]
Seat 1: Manifestorr folded on the River
Seat 2: rao999 (button) folded before Flop (didn't bet)
Seat 3: KDSG93 (small blind) collected ($43.13)
Seat 4: avlee1 (big blind) folded before Flop
Seat 5: Kreayshawn folded before Flop (didn't bet)



PokerStars Hand #254185060264:  Hold'em No Limit ($0.50/$1.00 USD) - 2025/01/04 5:32:07 WET [2025/01/04 0:32:07 ET]
Table 'Istria II' 6-max Seat #4 is the button
Seat 1: rao999 ($101.50 in chips) is sitting out
Seat 3: Gfoer ($102.72 in chips) is sitting out
Seat 2: Gsouza099 ($40.76 in chips) 
Seat 4: Kreayshawn ($163.44 in chips) 
Seat 5: reeqar ($100 in chips) 
Seat 6: alkingst ($13.20 in chips) 
reeqar: posts small blind $0.50
alkingst: posts big blind $1
rao999: sits out 
*** HOLE CARDS ***
Gsouza099: folds 
Kreayshawn: raises $1.50 to $2.50
reeqar: folds 
alkingst: folds 
Uncalled bet ($1.50) returned to Kreayshawn
Kreayshawn collected $2.50 from pot
*** SUMMARY ***
Total pot $2.50 | Rake $0 
Seat 1: rao999
Seat 3: Gfoer
Seat 2: Gsouza099 folded before Flop (didn't bet)
Seat 4: Kreayshawn (button) collected ($2.50)
Seat 5: reeqar (small blind) folded before Flop
Seat 6: alkingst (big blind) folded before Flop



PokerStars Hand #254185062926:  Hold'em No Limit ($0.50/$1.00 USD) - 2025/01/04 5:32:34 WET [2025/01/04 0:32:34 ET]
Table 'Istria II' 6-max Seat #5 is the button
Seat 3: Gfoer ($102.72 in chips) is sitting out
Seat 1: rao999 ($101.50 in chips) 
Seat 2: Gsouza099 ($40.76 in chips) 
Seat 4: Kreayshawn ($164.94 in chips) 
Seat 5: reeqar ($100 in chips) 
Seat 6: alkingst ($12.20 in chips) 
alkingst: posts small blind $0.50
rao999: posts big blind $1
*** HOLE CARDS ***
Gsouza099: calls $1
Kreayshawn: folds 
reeqar: folds 
alkingst: folds 
rao999: checks 
*** FLOP *** [5d Tc 7d]
rao999: checks 
Gsouza099: checks 
*** TURN *** [5d Tc 7d] [2h]
rao999: checks 
Gsouza099: checks 
*** RIVER *** [5d Tc 7d 2h] [Qh]
rao999: checks 
Gsouza099: bets $2.38
rao999: calls $2.38
*** SHOW DOWN ***
Gsouza099: shows [9s 7s] (a pair of Sevens)
rao999: mucks hand 
Gsouza099 collected $6.90 from pot
*** SUMMARY ***
Total pot $7.26 | Rake $0.36 
Board [5d Tc 7d 2h Qh]
Seat 3: Gfoer
Seat 1: rao999 (big blind) mucked
Seat 2: Gsouza099 showed [9s 7s] and won ($6.90) with a pair of Sevens
Seat 4: Kreayshawn folded before Flop (didn't bet)
Seat 5: reeqar (button) folded before Flop (didn't bet)
Seat 6: alkingst (small blind) folded before Flop



PokerStars Hand #254185068069:  Hold'em No Limit ($0.50/$1.00 USD) - 2025/01/04 5:33:24 WET [2025/01/04 0:33:24 ET]
Table 'Istria II' 6-max Seat #6 is the button
Seat 3: Gfoer ($102.72 in chips) is sitting out
Seat 1: rao999 ($100 in chips) 
Seat 2: Gsouza099 ($44.28 in chips) 
Seat 4: Kreayshawn ($164.94 in chips) 
Seat 5: reeqar ($100 in chips) 
Seat 6: alkingst ($11.70 in chips) 
rao999: posts small blind $0.50
Gsouza099: posts big blind $1
*** HOLE CARDS ***
Kreayshawn: raises $1.50 to $2.50
reeqar: folds 
alkingst: calls $2.50
rao999: folds 
Gsouza099: calls $1.50
*** FLOP *** [2d 8d Tc]
Gsouza099: checks 
Kreayshawn: checks 
alkingst: bets $9.20 and is all-in
Gsouza099: calls $9.20
Kreayshawn: folds 
*** TURN *** [2d 8d Tc] [Jc]
*** RIVER *** [2d 8d Tc Jc] [3d]
*** SHOW DOWN ***
Gsouza099: shows [2h 2s] (three of a kind, Deuces)
alkingst: shows [8c 7c] (a pair of Eights)
Gsouza099 collected $25.08 from pot
*** SUMMARY ***
Total pot $26.40 | Rake $1.32 
Board [2d 8d Tc Jc 3d]
Seat 3: Gfoer
Seat 1: rao999 (small blind) folded before Flop
Seat 2: Gsouza099 (big blind) showed [2h 2s] and won ($25.08) with three of a kind, Deuces
Seat 4: Kreayshawn folded on the Flop
Seat 5: reeqar folded before Flop (didn't bet)
Seat 6: alkingst (button) showed [8c 7c] and lost with a pair of Eights



PokerStars Hand #254185071801:  Hold'em No Limit ($0.50/$1.00 USD) - 2025/01/04 5:34:00 WET [2025/01/04 0:34:00 ET]
Table 'Istria II' 6-max Seat #1 is the button
Seat 6: alkingst ($0 in chips) is sitting out
Seat 1: rao999 ($100 in chips) 
Seat 2: Gsouza099 ($57.66 in chips) 
Seat 3: Gfoer ($102.72 in chips) 
Seat 4: Kreayshawn ($162.44 in chips) 
Seat 5: reeqar ($100 in chips) 
Gsouza099: posts small blind $0.50
Gfoer: posts big blind $1
*** HOLE CARDS ***
Kreayshawn: folds 
alkingst leaves the table
reeqar: raises $1.50 to $2.50
b2k-Snick joins the table at seat #6 
rao999: folds 
Gsouza099: folds 
Gfoer: folds 
Uncalled bet ($1.50) returned to reeqar
Gsouza099 leaves the table
reeqar collected $2.50 from pot
reeqar: doesn't show hand 
*** SUMMARY ***
Total pot $2.50 | Rake $0 
Seat 6: alkingst
Seat 1: rao999 (button) folded before Flop (didn't bet)
Seat 2: Gsouza099 (small blind) folded before Flop
Seat 3: Gfoer (big blind) folded before Flop
Seat 4: Kreayshawn folded before Flop (didn't bet)
Seat 5: reeqar collected ($2.50)



PokerStars Hand #254185074320:  Hold'em No Limit ($0.50/$1.00 USD) - 2025/01/04 5:34:25 WET [2025/01/04 0:34:25 ET]
Table 'Istria II' 6-max Seat #3 is the button
Seat 6: b2k-Snick ($100 in chips) is sitting out
Seat 1: rao999 ($100 in chips) 
Seat 3: Gfoer ($101.72 in chips) 
Seat 4: Kreayshawn ($162.44 in chips) 
Seat 5: reeqar ($101.50 in chips) 
Kreayshawn: posts small blind $0.50
reeqar: posts big blind $1
b2k-Snick: sits out 
*** HOLE CARDS ***
rao999: raises $1.50 to $2.50
Gfoer: raises $6 to $8.50
Kreayshawn: folds 
reeqar: folds 
rao999: raises $11.50 to $20
Gfoer: folds 
Uncalled bet ($11.50) returned to rao999
rao999 collected $18.50 from pot
rao999: doesn't show hand 
*** SUMMARY ***
Total pot $18.50 | Rake $0 
Seat 6: b2k-Snick
Seat 1: rao999 collected ($18.50)
Seat 3: Gfoer (button) folded before Flop
Seat 4: Kreayshawn (small blind) folded before Flop
Seat 5: reeqar (big blind) folded before Flop



PokerStars Hand #254185077851:  Hold'em No Limit ($0.50/$1.00 USD) - 2025/01/04 5:35:00 WET [2025/01/04 0:35:00 ET]
Table 'Istria II' 6-max Seat #4 is the button
Seat 1: rao999 ($110 in chips) 
Seat 3: Gfoer ($100 in chips) 
Seat 4: Kreayshawn ($161.94 in chips) 
Seat 5: reeqar ($100.50 in chips) 
Seat 6: b2k-Snick ($100 in chips) 
reeqar: posts small blind $0.50
b2k-Snick: posts big blind $1
*** HOLE CARDS ***
rao999: folds 
Gfoer: folds 
Kreayshawn: raises $1.50 to $2.50
reeqar: folds 
b2k-Snick: folds 
Uncalled bet ($1.50) returned to Kreayshawn
Kreayshawn collected $2.50 from pot
*** SUMMARY ***
Total pot $2.50 | Rake $0 
Seat 1: rao999 folded before Flop (didn't bet)
Seat 3: Gfoer folded before Flop (didn't bet)
Seat 4: Kreayshawn (button) collected ($2.50)
Seat 5: reeqar (small blind) folded before Flop
Seat 6: b2k-Snick (big blind) folded before Flop



PokerStars Hand #254185124084:  Hold'em No Limit ($0.50/$1.00 USD) - 2025/01/04 5:42:44 WET [2025/01/04 0:42:44 ET]
Table 'Istria II' 6-max Seat #6 is the button
Seat 1: rao999 ($110 in chips) is sitting out
Seat 2: Sarabe nab ($10 in chips) 
Seat 3: 3EPH ($100 in chips) 
Seat 4: Gfoer ($100 in chips) 
Seat 6: b2k-Snick ($100 in chips) 
Sarabe nab: posts small blind $0.50
3EPH: posts big blind $1
*** HOLE CARDS ***
Gfoer: folds 
b2k-Snick: raises $1.50 to $2.50
Sarabe nab: calls $2
3EPH: folds 
*** FLOP *** [8d 2s Jd]
Sarabe nab: checks 
b2k-Snick: bets $3.14
Sarabe nab: raises $4.36 to $7.50 and is all-in
b2k-Snick: calls $4.36
*** TURN *** [8d 2s Jd] [As]
*** RIVER *** [8d 2s Jd As] [7s]
*** SHOW DOWN ***
Sarabe nab: shows [Ts Ad] (a pair of Aces)
b2k-Snick: shows [Js 9d] (a pair of Jacks)
Sarabe nab collected $20 from pot
*** SUMMARY ***
Total pot $21 | Rake $1 
Board [8d 2s Jd As 7s]
Seat 1: rao999
Seat 2: Sarabe nab (small blind) showed [Ts Ad] and won ($20) with a pair of Aces
Seat 3: 3EPH (big blind) folded before Flop
Seat 4: Gfoer folded before Flop (didn't bet)
Seat 6: b2k-Snick (button) showed [Js 9d] and lost with a pair of Jacks



PokerStars Hand #254185128272:  Hold'em No Limit ($0.50/$1.00 USD) - 2025/01/04 5:43:25 WET [2025/01/04 0:43:25 ET]
Table 'Istria II' 6-max Seat #2 is the button
Seat 1: rao999 ($110 in chips) is sitting out
Seat 2: Sarabe nab ($20 in chips) 
Seat 3: 3EPH ($100 in chips) 
Seat 4: Gfoer ($100 in chips) 
Seat 6: b2k-Snick ($100 in chips) 
3EPH: posts small blind $0.50
Gfoer: posts big blind $1
*** HOLE CARDS ***
b2k-Snick: folds 
Sarabe nab: calls $1
3EPH: folds 
Gfoer: checks 
*** FLOP *** [Qh 8h 5c]
Gfoer: checks 
Sarabe nab: checks 
*** TURN *** [Qh 8h 5c] [2h]
Gfoer: bets $1.19
Sarabe nab: folds 
Uncalled bet ($1.19) returned to Gfoer
Gfoer collected $2.38 from pot
Gfoer: doesn't show hand 
*** SUMMARY ***
Total pot $2.50 | Rake $0.12 
Board [Qh 8h 5c 2h]
Seat 1: rao999
Seat 2: Sarabe nab (button) folded on the Turn
Seat 3: 3EPH (small blind) folded before Flop
Seat 4: Gfoer (big blind) collected ($2.38)
Seat 6: b2k-Snick folded before Flop (didn't bet)



PokerStars Hand #254185130786:  Hold'em No Limit ($0.50/$1.00 USD) - 2025/01/04 5:43:51 WET [2025/01/04 0:43:51 ET]
Table 'Istria II' 6-max Seat #3 is the button
Seat 1: rao999 ($110 in chips) is sitting out
Seat 2: Sarabe nab ($19 in chips) 
Seat 3: 3EPH ($100 in chips) 
Seat 4: Gfoer ($101.38 in chips) 
Seat 6: b2k-Snick ($100 in chips) 
Gfoer: posts small blind $0.50
b2k-Snick: posts big blind $1
*** HOLE CARDS ***
Sarabe nab: folds 
3EPH: folds 
Gfoer: folds 
Uncalled bet ($0.50) returned to b2k-Snick
b2k-Snick collected $1 from pot
b2k-Snick: doesn't show hand 
*** SUMMARY ***
Total pot $1 | Rake $0 
Seat 1: rao999
Seat 2: Sarabe nab folded before Flop (didn't bet)
Seat 3: 3EPH (button) folded before Flop (didn't bet)
Seat 4: Gfoer (small blind) folded before Flop
Seat 6: b2k-Snick (big blind) collected ($1)



PokerStars Hand #254185131723:  Hold'em No Limit ($0.50/$1.00 USD) - 2025/01/04 5:44:00 WET [2025/01/04 0:44:00 ET]
Table 'Istria II' 6-max Seat #4 is the button
Seat 1: rao999 ($110 in chips) is sitting out
Seat 2: Sarabe nab ($19 in chips) 
Seat 3: 3EPH ($100 in chips) 
Seat 4: Gfoer ($100.88 in chips) 
Seat 6: b2k-Snick ($100.50 in chips) 
b2k-Snick: posts small blind $0.50
Sarabe nab: posts big blind $1
*** HOLE CARDS ***
3EPH: folds 
Gfoer: raises $2 to $3
b2k-Snick: folds 
CrankyChasm26 joins the table at seat #5 
Sarabe nab: calls $2
*** FLOP *** [9c 5s Jh]
CrankyChasm26 is disconnected 
Sarabe nab: checks 
Gfoer: bets $2.06
Sarabe nab: folds 
Uncalled bet ($2.06) returned to Gfoer
Gfoer collected $6.18 from pot
Gfoer: doesn't show hand 
*** SUMMARY ***
Total pot $6.50 | Rake $0.32 
Board [9c 5s Jh]
Seat 1: rao999
Seat 2: Sarabe nab (big blind) folded on the Flop
Seat 3: 3EPH folded before Flop (didn't bet)
Seat 4: Gfoer (button) collected ($6.18)
Seat 6: b2k-Snick (small blind) folded before Flop



PokerStars Hand #254185133769:  Hold'em No Limit ($0.50/$1.00 USD) - 2025/01/04 5:44:21 WET [2025/01/04 0:44:21 ET]
Table 'Istria II' 6-max Seat #6 is the button
Seat 1: rao999 ($110 in chips) is sitting out
Seat 2: Sarabe nab ($16 in chips) 
Seat 3: 3EPH ($100 in chips) 
Seat 4: Gfoer ($104.06 in chips) 
Seat 5: CrankyChasm26 ($10 in chips) 
Seat 6: b2k-Snick ($100 in chips) 
Sarabe nab: posts small blind $0.50
3EPH: posts big blind $1
CrankyChasm26: posts big blind $1
*** HOLE CARDS ***
Gfoer: folds 
CrankyChasm26: raises $1 to $2
b2k-Snick: folds 
Sarabe nab: folds 
3EPH: calls $1
*** FLOP *** [Kd As 7d]
3EPH: checks 
CrankyChasm26: bets $1
3EPH: calls $1
*** TURN *** [Kd As 7d] [Jd]
3EPH: checks 
CrankyChasm26: bets $4
3EPH: folds 
Uncalled bet ($4) returned to CrankyChasm26
CrankyChasm26 collected $6.18 from pot
*** SUMMARY ***
Total pot $6.50 | Rake $0.32 
Board [Kd As 7d Jd]
Seat 1: rao999
Seat 2: Sarabe nab (small blind) folded before Flop
Seat 3: 3EPH (big blind) folded on the Turn
Seat 4: Gfoer folded before Flop (didn't bet)
Seat 5: CrankyChasm26 collected ($6.18)
Seat 6: b2k-Snick (button) folded before Flop (didn't bet)



PokerStars Hand #254185137400:  Hold'em No Limit ($0.50/$1.00 USD) - 2025/01/04 5:44:58 WET [2025/01/04 0:44:58 ET]
Table 'Istria II' 6-max Seat #2 is the button
Seat 1: rao999 ($110 in chips) is sitting out
Seat 2: Sarabe nab ($15.50 in chips) 
Seat 3: 3EPH ($100 in chips) 
Seat 4: Gfoer ($104.06 in chips) 
Seat 5: CrankyChasm26 ($13.18 in chips) 
Seat 6: b2k-Snick ($100 in chips) 
3EPH: posts small blind $0.50
Gfoer: posts big blind $1
*** HOLE CARDS ***
CrankyChasm26: calls $1
b2k-Snick: folds 
Sarabe nab: calls $1
3EPH: folds 
Gfoer: checks 
*** FLOP *** [9d 2s 9s]
Gfoer: checks 
CrankyChasm26: bets $2
Sarabe nab: calls $2
Gfoer: folds 
*** TURN *** [9d 2s 9s] [5h]
CrankyChasm26: bets $4
Sarabe nab: calls $4
*** RIVER *** [9d 2s 9s 5h] [Qh]
CrankyChasm26: checks 
Sarabe nab: checks 
*** SHOW DOWN ***
CrankyChasm26: shows [Ks Kd] (two pair, Kings and Nines)
Sarabe nab: mucks hand 
CrankyChasm26 collected $14.72 from pot
*** SUMMARY ***
Total pot $15.50 | Rake $0.78 
Board [9d 2s 9s 5h Qh]
Seat 1: rao999
Seat 2: Sarabe nab (button) mucked
Seat 3: 3EPH (small blind) folded before Flop
Seat 4: Gfoer (big blind) folded on the Flop
Seat 5: CrankyChasm26 showed [Ks Kd] and won ($14.72) with two pair, Kings and Nines
Seat 6: b2k-Snick folded before Flop (didn't bet)



PokerStars Hand #254185141307:  Hold'em No Limit ($0.50/$1.00 USD) - 2025/01/04 5:45:38 WET [2025/01/04 0:45:38 ET]
Table 'Istria II' 6-max Seat #3 is the button
Seat 1: rao999 ($110 in chips) is sitting out
Seat 2: Sarabe nab ($8.50 in chips) 
Seat 3: 3EPH ($100 in chips) 
Seat 4: Gfoer ($103.06 in chips) 
Seat 5: CrankyChasm26 ($20.90 in chips) 
Seat 6: b2k-Snick ($100 in chips) 
Gfoer: posts small blind $0.50
CrankyChasm26: posts big blind $1
*** HOLE CARDS ***
b2k-Snick: folds 
Sarabe nab: calls $1
3EPH: folds 
Gfoer: folds 
CrankyChasm26: raises $1 to $2
Sarabe nab: calls $1
*** FLOP *** [5c 6d 6c]
CrankyChasm26: bets $4
Sarabe nab: folds 
Uncalled bet ($4) returned to CrankyChasm26
CrankyChasm26 collected $4.28 from pot
*** SUMMARY ***
Total pot $4.50 | Rake $0.22 
Board [5c 6d 6c]
Seat 1: rao999
Seat 2: Sarabe nab folded on the Flop
Seat 3: 3EPH (button) folded before Flop (didn't bet)
Seat 4: Gfoer (small blind) folded before Flop
Seat 5: CrankyChasm26 (big blind) collected ($4.28)
Seat 6: b2k-Snick folded before Flop (didn't bet)



PokerStars Hand #254185143081:  Hold'em No Limit ($0.50/$1.00 USD) - 2025/01/04 5:45:56 WET [2025/01/04 0:45:56 ET]
Table 'Istria II' 6-max Seat #4 is the button
Seat 1: rao999 ($110 in chips) is sitting out
Seat 2: Sarabe nab ($6.50 in chips) 
Seat 3: 3EPH ($100 in chips) 
Seat 4: Gfoer ($102.56 in chips) 
Seat 5: CrankyChasm26 ($23.18 in chips) 
Seat 6: b2k-Snick ($100 in chips) 
CrankyChasm26: posts small blind $0.50
b2k-Snick: posts big blind $1
*** HOLE CARDS ***
Sarabe nab: folds 
3EPH: folds 
Gfoer: raises $1 to $2
CrankyChasm26: folds 
b2k-Snick: folds 
Uncalled bet ($1) returned to Gfoer
Gfoer collected $2.50 from pot
Gfoer: doesn't show hand 
*** SUMMARY ***
Total pot $2.50 | Rake $0 
Seat 1: rao999
Seat 2: Sarabe nab folded before Flop (didn't bet)
Seat 3: 3EPH folded before Flop (didn't bet)
Seat 4: Gfoer (button) collected ($2.50)
Seat 5: CrankyChasm26 (small blind) folded before Flop
Seat 6: b2k-Snick (big blind) folded before Flop



PokerStars Hand #254185144670:  Hold'em No Limit ($0.50/$1.00 USD) - 2025/01/04 5:46:13 WET [2025/01/04 0:46:13 ET]
Table 'Istria II' 6-max Seat #5 is the button
Seat 1: rao999 ($110 in chips) is sitting out
Seat 2: Sarabe nab ($6.50 in chips) 
Seat 3: 3EPH ($100 in chips) 
Seat 4: Gfoer ($104.06 in chips) 
Seat 5: CrankyChasm26 ($22.68 in chips) 
Seat 6: b2k-Snick ($100 in chips) 
b2k-Snick: posts small blind $0.50
Sarabe nab: posts big blind $1
*** HOLE CARDS ***
3EPH: folds 
Gfoer: folds 
CrankyChasm26: calls $1
b2k-Snick: calls $0.50
Sarabe nab: checks 
*** FLOP *** [3s 3h 3d]
b2k-Snick: checks 
Sarabe nab: checks 
CrankyChasm26: bets $3
b2k-Snick: folds 
Sarabe nab: folds 
Uncalled bet ($3) returned to CrankyChasm26
CrankyChasm26 collected $2.85 from pot
*** SUMMARY ***
Total pot $3 | Rake $0.15 
Board [3s 3h 3d]
Seat 1: rao999
Seat 2: Sarabe nab (big blind) folded on the Flop
Seat 3: 3EPH folded before Flop (didn't bet)
Seat 4: Gfoer folded before Flop (didn't bet)
Seat 5: CrankyChasm26 (button) collected ($2.85)
Seat 6: b2k-Snick (small blind) folded on the Flop



PokerStars Hand #254185147819:  Hold'em No Limit ($0.50/$1.00 USD) - 2025/01/04 5:46:45 WET [2025/01/04 0:46:45 ET]
Table 'Istria II' 6-max Seat #6 is the button
Seat 1: rao999 ($110 in chips) is sitting out
Seat 2: Sarabe nab ($5.50 in chips) 
Seat 3: 3EPH ($100 in chips) 
Seat 4: Gfoer ($104.06 in chips) 
Seat 5: CrankyChasm26 ($24.53 in chips) 
Seat 6: b2k-Snick ($100 in chips) 
Sarabe nab: posts small blind $0.50
3EPH: posts big blind $1
*** HOLE CARDS ***
Gfoer: folds 
CrankyChasm26: raises $1 to $2
b2k-Snick: folds 
Sarabe nab: folds 
3EPH: calls $1
*** FLOP *** [8h Js Qd]
3EPH: checks 
CrankyChasm26: bets $3
3EPH: folds 
Uncalled bet ($3) returned to CrankyChasm26
CrankyChasm26 collected $4.28 from pot
*** SUMMARY ***
Total pot $4.50 | Rake $0.22 
Board [8h Js Qd]
Seat 1: rao999
Seat 2: Sarabe nab (small blind) folded before Flop
Seat 3: 3EPH (big blind) folded on the Flop
Seat 4: Gfoer folded before Flop (didn't bet)
Seat 5: CrankyChasm26 collected ($4.28)
Seat 6: b2k-Snick (button) folded before Flop (didn't bet)



PokerStars Hand #254185150957:  Hold'em No Limit ($0.50/$1.00 USD) - 2025/01/04 5:47:17 WET [2025/01/04 0:47:17 ET]
Table 'Istria II' 6-max Seat #2 is the button
Seat 1: rao999 ($110 in chips) is sitting out
Seat 2: Sarabe nab ($5 in chips) 
Seat 3: 3EPH ($100 in chips) 
Seat 4: Gfoer ($104.06 in chips) 
Seat 5: CrankyChasm26 ($26.81 in chips) 
Seat 6: b2k-Snick ($100 in chips) 
3EPH: posts small blind $0.50
Gfoer: posts big blind $1
*** HOLE CARDS ***
CrankyChasm26: raises $1 to $2
b2k-Snick: folds 
Sarabe nab: folds 
3EPH: folds 
Gfoer: folds 
Uncalled bet ($1) returned to CrankyChasm26
CrankyChasm26 collected $2.50 from pot
*** SUMMARY ***
Total pot $2.50 | Rake $0 
Seat 1: rao999
Seat 2: Sarabe nab (button) folded before Flop (didn't bet)
Seat 3: 3EPH (small blind) folded before Flop
Seat 4: Gfoer (big blind) folded before Flop
Seat 5: CrankyChasm26 collected ($2.50)
Seat 6: b2k-Snick folded before Flop (didn't bet)



PokerStars Hand #254185152228:  Hold'em No Limit ($0.50/$1.00 USD) - 2025/01/04 5:47:31 WET [2025/01/04 0:47:31 ET]
Table 'Istria II' 6-max Seat #3 is the button
Seat 1: rao999 ($110 in chips) is sitting out
Seat 2: Sarabe nab ($5 in chips) 
Seat 3: 3EPH ($100 in chips) 
Seat 4: Gfoer ($103.06 in chips) 
Seat 5: CrankyChasm26 ($28.31 in chips) 
Seat 6: b2k-Snick ($100 in chips) 
Gfoer: posts small blind $0.50
CrankyChasm26: posts big blind $1
*** HOLE CARDS ***
b2k-Snick: folds 
Sarabe nab: folds 
3EPH: folds 
Gfoer: folds 
Uncalled bet ($0.50) returned to CrankyChasm26
CrankyChasm26 collected $1 from pot
*** SUMMARY ***
Total pot $1 | Rake $0 
Seat 1: rao999
Seat 2: Sarabe nab folded before Flop (didn't bet)
Seat 3: 3EPH (button) folded before Flop (didn't bet)
Seat 4: Gfoer (small blind) folded before Flop
Seat 5: CrankyChasm26 (big blind) collected ($1)
Seat 6: b2k-Snick folded before Flop (didn't bet)



PokerStars Hand #254185153174:  Hold'em No Limit ($0.50/$1.00 USD) - 2025/01/04 5:47:40 WET [2025/01/04 0:47:40 ET]
Table 'Istria II' 6-max Seat #4 is the button
Seat 1: rao999 ($110 in chips) is sitting out
Seat 2: Sarabe nab ($5 in chips) 
Seat 3: 3EPH ($100 in chips) 
Seat 4: Gfoer ($102.56 in chips) 
Seat 5: CrankyChasm26 ($28.81 in chips) 
Seat 6: b2k-Snick ($100 in chips) 
CrankyChasm26: posts small blind $0.50
b2k-Snick: posts big blind $1
*** HOLE CARDS ***
Sarabe nab: folds 
3EPH: folds 
Gfoer: raises $1 to $2
CrankyChasm26: calls $1.50
b2k-Snick: folds 
*** FLOP *** [8h 5h 7h]
CrankyChasm26: bets $3
Gfoer: folds 
Uncalled bet ($3) returned to CrankyChasm26
CrankyChasm26 collected $4.75 from pot
*** SUMMARY ***
Total pot $5 | Rake $0.25 
Board [8h 5h 7h]
Seat 1: rao999
Seat 2: Sarabe nab folded before Flop (didn't bet)
Seat 3: 3EPH folded before Flop (didn't bet)
Seat 4: Gfoer (button) folded on the Flop
Seat 5: CrankyChasm26 (small blind) collected ($4.75)
Seat 6: b2k-Snick (big blind) folded before Flop



PokerStars Hand #254185155526:  Hold'em No Limit ($0.50/$1.00 USD) - 2025/01/04 5:48:05 WET [2025/01/04 0:48:05 ET]
Table 'Istria II' 6-max Seat #5 is the button
Seat 1: rao999 ($110 in chips) is sitting out
Seat 2: Sarabe nab ($5 in chips) 
Seat 3: 3EPH ($100 in chips) 
Seat 4: Gfoer ($100.56 in chips) 
Seat 5: CrankyChasm26 ($31.56 in chips) 
Seat 6: b2k-Snick ($100 in chips) 
b2k-Snick: posts small blind $0.50
Sarabe nab: posts big blind $1
*** HOLE CARDS ***
3EPH: folds 
Gfoer: folds 
CrankyChasm26: raises $1 to $2
b2k-Snick: folds 
Sarabe nab: calls $1
*** FLOP *** [2s 7d Jd]
Sarabe nab: checks 
CrankyChasm26: bets $3
Sarabe nab: folds 
Uncalled bet ($3) returned to CrankyChasm26
CrankyChasm26 collected $4.28 from pot
*** SUMMARY ***
Total pot $4.50 | Rake $0.22 
Board [2s 7d Jd]
Seat 1: rao999
Seat 2: Sarabe nab (big blind) folded on the Flop
Seat 3: 3EPH folded before Flop (didn't bet)
Seat 4: Gfoer folded before Flop (didn't bet)
Seat 5: CrankyChasm26 (button) collected ($4.28)
Seat 6: b2k-Snick (small blind) folded before Flop



PokerStars Hand #254185157954:  Hold'em No Limit ($0.50/$1.00 USD) - 2025/01/04 5:48:29 WET [2025/01/04 0:48:29 ET]
Table 'Istria II' 6-max Seat #6 is the button
Seat 1: rao999 ($110 in chips) is sitting out
Seat 2: Sarabe nab ($3 in chips) 
Seat 3: 3EPH ($100 in chips) 
Seat 4: Gfoer ($100.56 in chips) 
Seat 5: CrankyChasm26 ($33.84 in chips) 
Seat 6: b2k-Snick ($100 in chips) 
Sarabe nab: posts small blind $0.50
3EPH: posts big blind $1
*** HOLE CARDS ***
Gfoer: folds 
CrankyChasm26: folds 
b2k-Snick: raises $1.50 to $2.50
Sarabe nab: raises $0.50 to $3 and is all-in
3EPH: calls $2
b2k-Snick: calls $0.50
*** FLOP *** [Ac 8h 4s]
3EPH: checks 
b2k-Snick: checks 
*** TURN *** [Ac 8h 4s] [Ad]
3EPH: bets $2.82
b2k-Snick: folds 
Uncalled bet ($2.82) returned to 3EPH
*** RIVER *** [Ac 8h 4s Ad] [Th]
*** SHOW DOWN ***
Sarabe nab: shows [3d 8d] (two pair, Aces and Eights)
3EPH: shows [5s 5h] (two pair, Aces and Fives)
Sarabe nab collected $8.55 from pot
*** SUMMARY ***
Total pot $9 | Rake $0.45 
Board [Ac 8h 4s Ad Th]
Seat 1: rao999
Seat 2: Sarabe nab (small blind) showed [3d 8d] and won ($8.55) with two pair, Aces and Eights
Seat 3: 3EPH (big blind) showed [5s 5h] and lost with two pair, Aces and Fives
Seat 4: Gfoer folded before Flop (didn't bet)
Seat 5: CrankyChasm26 folded before Flop (didn't bet)
Seat 6: b2k-Snick (button) folded on the Turn



PokerStars Hand #254185164619:  Hold'em No Limit ($0.50/$1.00 USD) - 2025/01/04 5:49:37 WET [2025/01/04 0:49:37 ET]
Table 'Istria II' 6-max Seat #2 is the button
Seat 1: rao999 ($110 in chips) is sitting out
Seat 2: Sarabe nab ($8.55 in chips) 
Seat 3: 3EPH ($100 in chips) 
Seat 4: Gfoer ($100.56 in chips) 
Seat 5: CrankyChasm26 ($33.84 in chips) 
Seat 6: b2k-Snick ($100 in chips) 
3EPH: posts small blind $0.50
Gfoer: posts big blind $1
rao999: sits out 
*** HOLE CARDS ***
CrankyChasm26: folds 
b2k-Snick: folds 
Sarabe nab: folds 
3EPH: folds 
Uncalled bet ($0.50) returned to Gfoer
Gfoer collected $1 from pot
Gfoer: doesn't show hand 
*** SUMMARY ***
Total pot $1 | Rake $0 
Seat 1: rao999
Seat 2: Sarabe nab (button) folded before Flop (didn't bet)
Seat 3: 3EPH (small blind) folded before Flop
Seat 4: Gfoer (big blind) collected ($1)
Seat 5: CrankyChasm26 folded before Flop (didn't bet)
Seat 6: b2k-Snick folded before Flop (didn't bet)



PokerStars Hand #254185166521:  Hold'em No Limit ($0.50/$1.00 USD) - 2025/01/04 5:49:57 WET [2025/01/04 0:49:57 ET]
Table 'Istria II' 6-max Seat #3 is the button
Seat 1: rao999 ($110 in chips) is sitting out
Seat 2: Sarabe nab ($8.55 in chips) 
Seat 3: 3EPH ($100 in chips) 
Seat 4: Gfoer ($101.06 in chips) 
Seat 5: CrankyChasm26 ($33.84 in chips) 
Seat 6: b2k-Snick ($100 in chips) 
Gfoer: posts small blind $0.50
CrankyChasm26: posts big blind $1
rao999: sits out 
*** HOLE CARDS ***
b2k-Snick: folds 
Sarabe nab: folds 
3EPH: folds 
Gfoer: calls $0.50
CrankyChasm26: raises $2 to $3
Gfoer: folds 
Uncalled bet ($2) returned to CrankyChasm26
CrankyChasm26 collected $2 from pot
*** SUMMARY ***
Total pot $2 | Rake $0 
Seat 1: rao999
Seat 2: Sarabe nab folded before Flop (didn't bet)
Seat 3: 3EPH (button) folded before Flop (didn't bet)
Seat 4: Gfoer (small blind) folded before Flop
Seat 5: CrankyChasm26 (big blind) collected ($2)
Seat 6: b2k-Snick folded before Flop (didn't bet)



PokerStars Hand #254185169249:  Hold'em No Limit ($0.50/$1.00 USD) - 2025/01/04 5:50:25 WET [2025/01/04 0:50:25 ET]
Table 'Istria II' 6-max Seat #4 is the button
Seat 1: rao999 ($110 in chips) is sitting out
Seat 2: Sarabe nab ($8.55 in chips) 
Seat 3: 3EPH ($100 in chips) 
Seat 4: Gfoer ($100.06 in chips) 
Seat 5: CrankyChasm26 ($34.84 in chips) 
Seat 6: b2k-Snick ($100 in chips) 
CrankyChasm26: posts small blind $0.50
b2k-Snick: posts big blind $1
rao999: sits out 
*** HOLE CARDS ***
Sarabe nab: calls $1
3EPH: folds 
Gfoer: folds 
CrankyChasm26: folds 
b2k-Snick: checks 
*** FLOP *** [7d Ks 7s]
b2k-Snick: checks 
Sarabe nab: bets $1
b2k-Snick: calls $1
*** TURN *** [7d Ks 7s] [6h]
b2k-Snick: checks 
Sarabe nab: checks 
*** RIVER *** [7d Ks 7s 6h] [2d]
b2k-Snick: bets $3.50
Sarabe nab: folds 
Uncalled bet ($3.50) returned to b2k-Snick
b2k-Snick collected $4.28 from pot
b2k-Snick: doesn't show hand 
*** SUMMARY ***
Total pot $4.50 | Rake $0.22 
Board [7d Ks 7s 6h 2d]
Seat 1: rao999
Seat 2: Sarabe nab folded on the River
Seat 3: 3EPH folded before Flop (didn't bet)
Seat 4: Gfoer (button) folded before Flop (didn't bet)
Seat 5: CrankyChasm26 (small blind) folded before Flop
Seat 6: b2k-Snick (big blind) collected ($4.28)



PokerStars Hand #254185173238:  Hold'em No Limit ($0.50/$1.00 USD) - 2025/01/04 5:51:06 WET [2025/01/04 0:51:06 ET]
Table 'Istria II' 6-max Seat #5 is the button
Seat 1: rao999 ($110 in chips) 
Seat 2: Sarabe nab ($6.55 in chips) 
Seat 3: 3EPH ($100 in chips) 
Seat 4: Gfoer ($100.06 in chips) 
Seat 5: CrankyChasm26 ($34.34 in chips) 
Seat 6: b2k-Snick ($102.28 in chips) 
b2k-Snick: posts small blind $0.50
rao999: posts big blind $1
*** HOLE CARDS ***
Sarabe nab: folds 
3EPH: folds 
Gfoer: folds 
CrankyChasm26: folds 
b2k-Snick: folds 
Uncalled bet ($0.50) returned to rao999
rao999 collected $1 from pot
rao999: doesn't show hand 
*** SUMMARY ***
Total pot $1 | Rake $0 
Seat 1: rao999 (big blind) collected ($1)
Seat 2: Sarabe nab folded before Flop (didn't bet)
Seat 3: 3EPH folded before Flop (didn't bet)
Seat 4: Gfoer folded before Flop (didn't bet)
Seat 5: CrankyChasm26 (button) folded before Flop (didn't bet)
Seat 6: b2k-Snick (small blind) folded before Flop



PokerStars Hand #254185174449:  Hold'em No Limit ($0.50/$1.00 USD) - 2025/01/04 5:51:18 WET [2025/01/04 0:51:18 ET]
Table 'Istria II' 6-max Seat #6 is the button
Seat 1: rao999 ($110.50 in chips) 
Seat 2: Sarabe nab ($6.55 in chips) 
Seat 3: 3EPH ($100 in chips) 
Seat 4: Gfoer ($100.06 in chips) 
Seat 5: CrankyChasm26 ($34.34 in chips) 
Seat 6: b2k-Snick ($101.78 in chips) 
rao999: posts small blind $0.50
Sarabe nab: posts big blind $1
*** HOLE CARDS ***
3EPH: folds 
Gfoer: folds 
CrankyChasm26: raises $1 to $2
b2k-Snick: raises $5 to $7
rao999: folds 
Sarabe nab: folds 
CrankyChasm26: calls $5
*** FLOP *** [6c 3h 8c]
CrankyChasm26: bets $5
b2k-Snick: raises $8.50 to $13.50
CrankyChasm26: calls $8.50
*** TURN *** [6c 3h 8c] [Td]
CrankyChasm26: checks 
b2k-Snick: bets $17.77
CrankyChasm26: calls $13.84 and is all-in
Uncalled bet ($3.93) returned to b2k-Snick
*** RIVER *** [6c 3h 8c Td] [5h]
*** SHOW DOWN ***
CrankyChasm26: shows [9c Kc] (high card King)
b2k-Snick: shows [9h 9d] (a pair of Nines)
b2k-Snick collected $67.68 from pot
CrankyChasm26 cashed out the hand for $20.35 | Cash Out Fee $0.42
*** SUMMARY ***
Total pot $70.18 | Rake $2.50 
Board [6c 3h 8c Td 5h]
Seat 1: rao999 (small blind) folded before Flop
Seat 2: Sarabe nab (big blind) folded before Flop
Seat 3: 3EPH folded before Flop (didn't bet)
Seat 4: Gfoer folded before Flop (didn't bet)
Seat 5: CrankyChasm26 showed [9c Kc] and lost with high card King (cashed out).
Seat 6: b2k-Snick (button) showed [9h 9d] and won ($67.68) with a pair of Nines



PokerStars Hand #254185180329:  Hold'em No Limit ($0.50/$1.00 USD) - 2025/01/04 5:52:19 WET [2025/01/04 0:52:19 ET]
Table 'Istria II' 6-max Seat #1 is the button
Seat 1: rao999 ($110 in chips) 
Seat 2: Sarabe nab ($5.55 in chips) 
Seat 3: 3EPH ($100 in chips) 
Seat 4: Gfoer ($100.06 in chips) 
Seat 5: CrankyChasm26 ($20.35 in chips) 
Seat 6: b2k-Snick ($135.12 in chips) 
Sarabe nab: posts small blind $0.50
3EPH: posts big blind $1
*** HOLE CARDS ***
Gfoer: folds 
CrankyChasm26: folds 
CrankyChasm26 leaves the table
b2k-Snick: folds 
rao999: folds 
Sarabe nab: calls $0.50
3EPH: checks 
*** FLOP *** [9d 5d Qs]
Sarabe nab: checks 
3EPH: bets $1
Sarabe nab: raises $1 to $2
CrankyChasm26 joins the table at seat #5 
CrankyChasm26 is disconnected 
3EPH: calls $1
*** TURN *** [9d 5d Qs] [6d]
Sarabe nab: checks 
CrankyChasm26 leaves the table
3EPH: bets $2.85
Sarabe nab: calls $2.55 and is all-in
Uncalled bet ($0.30) returned to 3EPH
*** RIVER *** [9d 5d Qs 6d] [Kh]
*** SHOW DOWN ***
Sarabe nab: shows [Tc 6c] (a pair of Sixes)
3EPH: shows [Qc 3d] (a pair of Queens)
3EPH collected $10.54 from pot
*** SUMMARY ***
Total pot $11.10 | Rake $0.56 
Board [9d 5d Qs 6d Kh]
Seat 1: rao999 (button) folded before Flop (didn't bet)
Seat 2: Sarabe nab (small blind) showed [Tc 6c] and lost with a pair of Sixes
Seat 3: 3EPH (big blind) showed [Qc 3d] and won ($10.54) with a pair of Queens
Seat 4: Gfoer folded before Flop (didn't bet)
Seat 5: CrankyChasm26 folded before Flop (didn't bet)
Seat 6: b2k-Snick folded before Flop (didn't bet)



PokerStars Hand #254185185192:  Hold'em No Limit ($0.50/$1.00 USD) - 2025/01/04 5:53:10 WET [2025/01/04 0:53:10 ET]
Table 'Istria II' 6-max Seat #3 is the button
Seat 1: rao999 ($110 in chips) 
Seat 3: 3EPH ($104.99 in chips) 
Seat 4: Gfoer ($100.06 in chips) 
Seat 6: b2k-Snick ($135.12 in chips) 
Gfoer: posts small blind $0.50
b2k-Snick: posts big blind $1
*** HOLE CARDS ***
rao999: folds 
3EPH: raises $1.50 to $2.50
Gfoer: folds 
b2k-Snick: calls $1.50
*** FLOP *** [Jc 3h 9h]
b2k-Snick: checks 
CrankyChasm26 joins the table at seat #2 
CrankyChasm26 is disconnected 
3EPH: checks 
*** TURN *** [Jc 3h 9h] [5c]
cacan89 joins the table at seat #5 
cacan89 is disconnected 
b2k-Snick: bets $7.50
3EPH: calls $7.50
*** RIVER *** [Jc 3h 9h 5c] [Kd]
b2k-Snick: checks 
3EPH: bets $14.63
b2k-Snick: calls $14.63
*** SHOW DOWN ***
3EPH: shows [4d Ad] (high card Ace)
b2k-Snick: shows [Js Qc] (a pair of Jacks)
b2k-Snick collected $48.76 from pot
*** SUMMARY ***
Total pot $49.76 | Rake $1 
Board [Jc 3h 9h 5c Kd]
Seat 1: rao999 folded before Flop (didn't bet)
Seat 3: 3EPH (button) showed [4d Ad] and lost with high card Ace
Seat 4: Gfoer (small blind) folded before Flop
Seat 6: b2k-Snick (big blind) showed [Js Qc] and won ($48.76) with a pair of Jacks



PokerStars Hand #254185194673:  Hold'em No Limit ($0.50/$1.00 USD) - 2025/01/04 5:54:49 WET [2025/01/04 0:54:49 ET]
Table 'Istria II' 6-max Seat #4 is the button
Seat 1: rao999 ($110 in chips) is sitting out
Seat 5: cacan89 ($67.16 in chips) is sitting out
Seat 2: CrankyChasm26 ($20.35 in chips) 
Seat 3: 3EPH ($100 in chips) 
Seat 4: Gfoer ($100 in chips) 
Seat 6: b2k-Snick ($159.25 in chips) 
b2k-Snick: posts small blind $0.50
rao999: is sitting out 
CrankyChasm26: posts big blind $1
*** HOLE CARDS ***
3EPH: raises $1.50 to $2.50
Gfoer: folds 
b2k-Snick: folds 
CrankyChasm26: calls $1.50
*** FLOP *** [5d 4d 7d]
CrankyChasm26: checks 
3EPH: checks 
*** TURN *** [5d 4d 7d] [6h]
CrankyChasm26: bets $3
3EPH: folds 
Uncalled bet ($3) returned to CrankyChasm26
CrankyChasm26 collected $5.22 from pot
*** SUMMARY ***
Total pot $5.50 | Rake $0.28 
Board [5d 4d 7d 6h]
Seat 1: rao999
Seat 5: cacan89
Seat 2: CrankyChasm26 (big blind) collected ($5.22)
Seat 3: 3EPH folded on the Turn
Seat 4: Gfoer (button) folded before Flop (didn't bet)
Seat 6: b2k-Snick (small blind) folded before Flop



PokerStars Hand #254185196817:  Hold'em No Limit ($0.50/$1.00 USD) - 2025/01/04 5:55:12 WET [2025/01/04 0:55:12 ET]
Table 'Istria II' 6-max Seat #6 is the button
Seat 1: rao999 ($110 in chips) is sitting out
Seat 2: CrankyChasm26 ($23.07 in chips) 
Seat 3: 3EPH ($100 in chips) 
Seat 4: Gfoer ($100 in chips) 
Seat 5: cacan89 ($67.16 in chips) 
Seat 6: b2k-Snick ($158.75 in chips) 
CrankyChasm26: posts small blind $0.50
3EPH: posts big blind $1
cacan89: posts big blind $1
*** HOLE CARDS ***
Gfoer: folds 
cacan89: checks 
b2k-Snick: folds 
CrankyChasm26: raises $1 to $2
3EPH: folds 
cacan89: calls $1
*** FLOP *** [5s Ah 2s]
CrankyChasm26: bets $3
cacan89: folds 
Uncalled bet ($3) returned to CrankyChasm26
CrankyChasm26 collected $4.75 from pot
*** SUMMARY ***
Total pot $5 | Rake $0.25 
Board [5s Ah 2s]
Seat 1: rao999
Seat 2: CrankyChasm26 (small blind) collected ($4.75)
Seat 3: 3EPH (big blind) folded before Flop
Seat 4: Gfoer folded before Flop (didn't bet)
Seat 5: cacan89 folded on the Flop
Seat 6: b2k-Snick (button) folded before Flop (didn't bet)



PokerStars Hand #254185198641:  Hold'em No Limit ($0.50/$1.00 USD) - 2025/01/04 5:55:35 WET [2025/01/04 0:55:35 ET]
Table 'Istria II' 6-max Seat #2 is the button
Seat 1: rao999 ($110 in chips) is sitting out
Seat 2: CrankyChasm26 ($25.82 in chips) 
Seat 3: 3EPH ($100 in chips) 
Seat 4: Gfoer ($100 in chips) 
Seat 5: cacan89 ($65.16 in chips) 
Seat 6: b2k-Snick ($158.75 in chips) 
3EPH: posts small blind $0.50
Gfoer: posts big blind $1
*** HOLE CARDS ***
cacan89: raises $1 to $2
b2k-Snick: folds 
CrankyChasm26: folds 
3EPH: folds 
Gfoer: folds 
Uncalled bet ($1) returned to cacan89
cacan89 collected $2.50 from pot
*** SUMMARY ***
Total pot $2.50 | Rake $0 
Seat 1: rao999
Seat 2: CrankyChasm26 (button) folded before Flop (didn't bet)
Seat 3: 3EPH (small blind) folded before Flop
Seat 4: Gfoer (big blind) folded before Flop
Seat 5: cacan89 collected ($2.50)
Seat 6: b2k-Snick folded before Flop (didn't bet)



PokerStars Hand #254185199759:  Hold'em No Limit ($0.50/$1.00 USD) - 2025/01/04 5:55:49 WET [2025/01/04 0:55:49 ET]
Table 'Istria II' 6-max Seat #3 is the button
Seat 1: rao999 ($110 in chips) is sitting out
Seat 2: CrankyChasm26 ($25.82 in chips) 
Seat 3: 3EPH ($100 in chips) 
Seat 4: Gfoer ($100 in chips) 
Seat 5: cacan89 ($66.66 in chips) 
Seat 6: b2k-Snick ($158.75 in chips) 
Gfoer: posts small blind $0.50
cacan89: posts big blind $1
*** HOLE CARDS ***
b2k-Snick: folds 
CrankyChasm26: folds 
3EPH: folds 
Gfoer: folds 
Uncalled bet ($0.50) returned to cacan89
cacan89 collected $1 from pot
*** SUMMARY ***
Total pot $1 | Rake $0 
Seat 1: rao999
Seat 2: CrankyChasm26 folded before Flop (didn't bet)
Seat 3: 3EPH (button) folded before Flop (didn't bet)
Seat 4: Gfoer (small blind) folded before Flop
Seat 5: cacan89 (big blind) collected ($1)
Seat 6: b2k-Snick folded before Flop (didn't bet)



PokerStars Hand #254185200775:  Hold'em No Limit ($0.50/$1.00 USD) - 2025/01/04 5:56:02 WET [2025/01/04 0:56:02 ET]
Table 'Istria II' 6-max Seat #4 is the button
Seat 1: rao999 ($110 in chips) is sitting out
Seat 6: b2k-Snick ($158.75 in chips) is sitting out
Seat 2: CrankyChasm26 ($25.82 in chips) 
Seat 3: 3EPH ($100 in chips) 
Seat 4: Gfoer ($100 in chips) 
Seat 5: cacan89 ($67.16 in chips) 
cacan89: posts small blind $0.50
b2k-Snick: is sitting out 
CrankyChasm26: posts big blind $1
*** HOLE CARDS ***
3EPH: raises $1.50 to $2.50
Gfoer: folds 
cacan89: folds 
CrankyChasm26: calls $1.50
*** FLOP *** [5d 7d Ad]
CrankyChasm26: checks 
3EPH: bets $1.72
CrankyChasm26: calls $1.72
*** TURN *** [5d 7d Ad] [Jd]
CrankyChasm26: bets $3
3EPH: calls $3
*** RIVER *** [5d 7d Ad Jd] [7c]
CrankyChasm26: checks 
3EPH: bets $5.68
CrankyChasm26: folds 
Uncalled bet ($5.68) returned to 3EPH
3EPH collected $14.19 from pot
3EPH: doesn't show hand 
*** SUMMARY ***
Total pot $14.94 | Rake $0.75 
Board [5d 7d Ad Jd 7c]
Seat 1: rao999
Seat 6: b2k-Snick
Seat 2: CrankyChasm26 (big blind) folded on the River
Seat 3: 3EPH collected ($14.19)
Seat 4: Gfoer (button) folded before Flop (didn't bet)
Seat 5: cacan89 (small blind) folded before Flop



PokerStars Hand #254185204015:  Hold'em No Limit ($0.50/$1.00 USD) - 2025/01/04 5:56:42 WET [2025/01/04 0:56:42 ET]
Table 'Istria II' 6-max Seat #5 is the button
Seat 1: rao999 ($110 in chips) is sitting out
Seat 6: b2k-Snick ($158.75 in chips) is sitting out
Seat 2: CrankyChasm26 ($18.60 in chips) 
Seat 3: 3EPH ($106.97 in chips) 
Seat 4: Gfoer ($100 in chips) 
Seat 5: cacan89 ($66.66 in chips) 
CrankyChasm26: posts small blind $0.50
3EPH: posts big blind $1
*** HOLE CARDS ***
Gfoer: raises $1.20 to $2.20
cacan89: folds 
CrankyChasm26: raises $1.20 to $3.40
3EPH: folds 
Gfoer: folds 
Uncalled bet ($1.20) returned to CrankyChasm26
CrankyChasm26 collected $5.40 from pot
*** SUMMARY ***
Total pot $5.40 | Rake $0 
Seat 1: rao999
Seat 6: b2k-Snick
Seat 2: CrankyChasm26 (small blind) collected ($5.40)
Seat 3: 3EPH (big blind) folded before Flop
Seat 4: Gfoer folded before Flop
Seat 5: cacan89 (button) folded before Flop (didn't bet)



PokerStars Hand #254185205430:  Hold'em No Limit ($0.50/$1.00 USD) - 2025/01/04 5:57:00 WET [2025/01/04 0:57:00 ET]
Table 'Istria II' 6-max Seat #2 is the button
Seat 1: rao999 ($110 in chips) is sitting out
Seat 6: b2k-Snick ($158.75 in chips) is sitting out
Seat 2: CrankyChasm26 ($21.80 in chips) 
Seat 3: 3EPH ($105.97 in chips) 
Seat 4: Gfoer ($100 in chips) 
Seat 5: cacan89 ($66.66 in chips) 
3EPH: posts small blind $0.50
Gfoer: posts big blind $1
*** HOLE CARDS ***
cacan89: raises $1 to $2
CrankyChasm26: raises $3 to $5
3EPH: folds 
Gfoer: folds 
cacan89: calls $3
*** FLOP *** [7s 8s 3h]
cacan89: checks 
CrankyChasm26: bets $5
cacan89: calls $5
*** TURN *** [7s 8s 3h] [8d]
cacan89: bets $10.25
CrankyChasm26: calls $10.25
*** RIVER *** [7s 8s 3h 8d] [4s]
cacan89: bets $20.50
CrankyChasm26: calls $1.55 and is all-in
Uncalled bet ($18.95) returned to cacan89
*** SHOW DOWN ***
cacan89: shows [6h Ad] (a pair of Eights)
CrankyChasm26: shows [Kh Jh] (a pair of Eights - lower kicker)
cacan89 collected $44.10 from pot
*** SUMMARY ***
Total pot $45.10 | Rake $1 
Board [7s 8s 3h 8d 4s]
Seat 1: rao999
Seat 6: b2k-Snick
Seat 2: CrankyChasm26 (button) showed [Kh Jh] and lost with a pair of Eights
Seat 3: 3EPH (small blind) folded before Flop
Seat 4: Gfoer (big blind) folded before Flop
Seat 5: cacan89 showed [6h Ad] and won ($44.10) with a pair of Eights



PokerStars Hand #254185210034:  Hold'em No Limit ($0.50/$1.00 USD) - 2025/01/04 5:57:56 WET [2025/01/04 0:57:56 ET]
Table 'Istria II' 6-max Seat #3 is the button
Seat 1: rao999 ($110 in chips) is sitting out
Seat 2: CrankyChasm26 ($0 in chips) is sitting out
Seat 6: b2k-Snick ($158.75 in chips) is sitting out
Seat 3: 3EPH ($105.47 in chips) 
Seat 4: Gfoer ($100 in chips) 
Seat 5: cacan89 ($88.96 in chips) 
Gfoer: posts small blind $0.50
cacan89: posts big blind $1
*** HOLE CARDS ***
3EPH: raises $1.50 to $2.50
Gfoer: folds 
cacan89: calls $1.50
*** FLOP *** [2d 3c Jd]
cacan89: checks 
3EPH: checks 
*** TURN *** [2d 3c Jd] [Js]
cacan89: checks 
3EPH: checks 
*** RIVER *** [2d 3c Jd Js] [4d]
cacan89: checks 
3EPH: checks 
*** SHOW DOWN ***
cacan89: shows [Jc 9c] (three of a kind, Jacks)
3EPH: mucks hand 
cacan89 collected $5.22 from pot
*** SUMMARY ***
Total pot $5.50 | Rake $0.28 
Board [2d 3c Jd Js 4d]
Seat 1: rao999
Seat 2: CrankyChasm26
Seat 6: b2k-Snick
Seat 3: 3EPH (button) mucked
Seat 4: Gfoer (small blind) folded before Flop
Seat 5: cacan89 (big blind) showed [Jc 9c] and won ($5.22) with three of a kind, Jacks



PokerStars Hand #254185213237:  Hold'em No Limit ($0.50/$1.00 USD) - 2025/01/04 5:58:36 WET [2025/01/04 0:58:36 ET]
Table 'Istria II' 6-max Seat #4 is the button
Seat 1: rao999 ($110 in chips) is sitting out
Seat 2: CrankyChasm26 ($24.14 in chips) 
Seat 3: 3EPH ($102.97 in chips) 
Seat 4: Gfoer ($100 in chips) 
Seat 5: cacan89 ($91.68 in chips) 
Seat 6: b2k-Snick ($158.75 in chips) 
cacan89: posts small blind $0.50
b2k-Snick: posts big blind $1
*** HOLE CARDS ***
CrankyChasm26: folds 
3EPH: folds 
Gfoer: folds 
cacan89: folds 
Uncalled bet ($0.50) returned to b2k-Snick
b2k-Snick collected $1 from pot
b2k-Snick: doesn't show hand 
*** SUMMARY ***
Total pot $1 | Rake $0 
Seat 1: rao999
Seat 2: CrankyChasm26 folded before Flop (didn't bet)
Seat 3: 3EPH folded before Flop (didn't bet)
Seat 4: Gfoer (button) folded before Flop (didn't bet)
Seat 5: cacan89 (small blind) folded before Flop
Seat 6: b2k-Snick (big blind) collected ($1)



PokerStars Hand #254185214150:  Hold'em No Limit ($0.50/$1.00 USD) - 2025/01/04 5:58:47 WET [2025/01/04 0:58:47 ET]
Table 'Istria II' 6-max Seat #5 is the button
Seat 1: rao999 ($110 in chips) is sitting out
Seat 2: CrankyChasm26 ($24.14 in chips) 
Seat 3: 3EPH ($102.97 in chips) 
Seat 4: Gfoer ($100 in chips) 
Seat 5: cacan89 ($91.18 in chips) 
Seat 6: b2k-Snick ($159.25 in chips) 
b2k-Snick: posts small blind $0.50
CrankyChasm26: posts big blind $1
*** HOLE CARDS ***
3EPH: folds 
Gfoer: folds 
cacan89: raises $2 to $3
b2k-Snick: folds 
CrankyChasm26: folds 
Uncalled bet ($2) returned to cacan89
cacan89 collected $2.50 from pot
*** SUMMARY ***
Total pot $2.50 | Rake $0 
Seat 1: rao999
Seat 2: CrankyChasm26 (big blind) folded before Flop
Seat 3: 3EPH folded before Flop (didn't bet)
Seat 4: Gfoer folded before Flop (didn't bet)
Seat 5: cacan89 (button) collected ($2.50)
Seat 6: b2k-Snick (small blind) folded before Flop



PokerStars Hand #254185216603:  Hold'em No Limit ($0.50/$1.00 USD) - 2025/01/04 5:59:18 WET [2025/01/04 0:59:18 ET]
Table 'Istria II' 6-max Seat #6 is the button
Seat 1: rao999 ($110 in chips) is sitting out
Seat 2: CrankyChasm26 ($23.14 in chips) 
Seat 3: 3EPH ($102.97 in chips) 
Seat 4: Gfoer ($100 in chips) 
Seat 5: cacan89 ($92.68 in chips) 
Seat 6: b2k-Snick ($158.75 in chips) 
CrankyChasm26: posts small blind $0.50
3EPH: posts big blind $1
*** HOLE CARDS ***
Gfoer: folds 
cacan89: calls $1
b2k-Snick: folds 
CrankyChasm26: raises $2 to $3
3EPH: folds 
cacan89: calls $2
*** FLOP *** [Kc 4d Ts]
CrankyChasm26: bets $3
cacan89: calls $3
*** TURN *** [Kc 4d Ts] [Ad]
CrankyChasm26: bets $5
cacan89: calls $5
*** RIVER *** [Kc 4d Ts Ad] [8c]
CrankyChasm26: checks 
cacan89: checks 
*** SHOW DOWN ***
CrankyChasm26: shows [7d 6d] (high card Ace)
cacan89: shows [Jc Td] (a pair of Tens)
cacan89 collected $21.85 from pot
*** SUMMARY ***
Total pot $23 | Rake $1.15 
Board [Kc 4d Ts Ad 8c]
Seat 1: rao999
Seat 2: CrankyChasm26 (small blind) showed [7d 6d] and lost with high card Ace
Seat 3: 3EPH (big blind) folded before Flop
Seat 4: Gfoer folded before Flop (didn't bet)
Seat 5: cacan89 showed [Jc Td] and won ($21.85) with a pair of Tens
Seat 6: b2k-Snick (button) folded before Flop (didn't bet)



PokerStars Hand #254185220913:  Hold'em No Limit ($0.50/$1.00 USD) - 2025/01/04 6:00:12 WET [2025/01/04 1:00:12 ET]
Table 'Istria II' 6-max Seat #2 is the button
Seat 1: rao999 ($110 in chips) is sitting out
Seat 2: CrankyChasm26 ($12.14 in chips) 
Seat 3: 3EPH ($101.97 in chips) 
Seat 4: Gfoer ($100 in chips) 
Seat 5: cacan89 ($103.53 in chips) 
Seat 6: b2k-Snick ($158.75 in chips) 
3EPH: posts small blind $0.50
Gfoer: posts big blind $1
rao999: sits out 
*** HOLE CARDS ***
cacan89: calls $1
b2k-Snick: folds 
CrankyChasm26: raises $1 to $2
3EPH: folds 
Gfoer: folds 
cacan89: calls $1
*** FLOP *** [9h 7d 5h]
cacan89: checks 
CrankyChasm26: bets $4
cacan89: calls $4
*** TURN *** [9h 7d 5h] [Th]
cacan89: checks 
CrankyChasm26: bets $6.14 and is all-in
cacan89: calls $6.14
*** RIVER *** [9h 7d 5h Th] [As]
*** SHOW DOWN ***
cacan89: shows [8c Ah] (a pair of Aces)
CrankyChasm26: shows [Jc Qc] (high card Ace)
cacan89 collected $24.49 from pot
*** SUMMARY ***
Total pot $25.78 | Rake $1.29 
Board [9h 7d 5h Th As]
Seat 1: rao999
Seat 2: CrankyChasm26 (button) showed [Jc Qc] and lost with high card Ace
Seat 3: 3EPH (small blind) folded before Flop
Seat 4: Gfoer (big blind) folded before Flop
Seat 5: cacan89 showed [8c Ah] and won ($24.49) with a pair of Aces
Seat 6: b2k-Snick folded before Flop (didn't bet)



PokerStars Hand #254185225993:  Hold'em No Limit ($0.50/$1.00 USD) - 2025/01/04 6:01:09 WET [2025/01/04 1:01:09 ET]
Table 'Istria II' 6-max Seat #3 is the button
Seat 1: rao999 ($110 in chips) is sitting out
Seat 2: CrankyChasm26 ($0 in chips) is sitting out
Seat 3: 3EPH ($101.47 in chips) 
Seat 4: Gfoer ($100 in chips) 
Seat 5: cacan89 ($115.88 in chips) 
Seat 6: b2k-Snick ($158.75 in chips) 
Gfoer: posts small blind $0.50
cacan89: posts big blind $1
rao999: sits out 
*** HOLE CARDS ***
b2k-Snick: raises $1 to $2
3EPH: folds 
Gfoer: folds 
CrankyChasm26 leaves the table
cacan89: calls $1
*** FLOP *** [6s 2h 5h]
cacan89: checks 
b2k-Snick: bets $3
cacan89: calls $3
*** TURN *** [6s 2h 5h] [Jh]
cacan89: checks 
b2k-Snick: bets $4.39
cacan89: folds 
Uncalled bet ($4.39) returned to b2k-Snick
b2k-Snick collected $9.98 from pot
b2k-Snick: doesn't show hand 
*** SUMMARY ***
Total pot $10.50 | Rake $0.52 
Board [6s 2h 5h Jh]
Seat 1: rao999
Seat 2: CrankyChasm26
Seat 3: 3EPH (button) folded before Flop (didn't bet)
Seat 4: Gfoer (small blind) folded before Flop
Seat 5: cacan89 (big blind) folded on the Turn
Seat 6: b2k-Snick collected ($9.98)



PokerStars Hand #254185233784:  Hold'em No Limit ($0.50/$1.00 USD) - 2025/01/04 6:02:35 WET [2025/01/04 1:02:35 ET]
Table 'Istria II' 6-max Seat #4 is the button
Seat 1: rao999 ($110 in chips) is sitting out
Seat 3: 3EPH ($101.47 in chips) 
Seat 4: Gfoer ($100 in chips) 
Seat 5: cacan89 ($110.88 in chips) 
Seat 6: b2k-Snick ($163.73 in chips) 
cacan89: posts small blind $0.50
b2k-Snick: posts big blind $1
rao999: sits out 
*** HOLE CARDS ***
3EPH: folds 
Gfoer: folds 
cacan89: folds 
Uncalled bet ($0.50) returned to b2k-Snick
b2k-Snick collected $1 from pot
b2k-Snick: doesn't show hand 
*** SUMMARY ***
Total pot $1 | Rake $0 
Seat 1: rao999
Seat 3: 3EPH folded before Flop (didn't bet)
Seat 4: Gfoer (button) folded before Flop (didn't bet)
Seat 5: cacan89 (small blind) folded before Flop
Seat 6: b2k-Snick (big blind) collected ($1)



PokerStars Hand #254185234464:  Hold'em No Limit ($0.50/$1.00 USD) - 2025/01/04 6:02:42 WET [2025/01/04 1:02:42 ET]
Table 'Istria II' 6-max Seat #5 is the button
Seat 1: rao999 ($110 in chips) 
Seat 3: 3EPH ($101.47 in chips) 
Seat 4: Gfoer ($100 in chips) 
Seat 5: cacan89 ($110.38 in chips) 
Seat 6: b2k-Snick ($164.23 in chips) 
b2k-Snick: posts small blind $0.50
rao999: posts big blind $1
*** HOLE CARDS ***
3EPH: folds 
Gfoer: folds 
cacan89: calls $1
b2k-Snick: folds 
rao999: checks 
*** FLOP *** [Td Tc 4s]
rao999: checks 
cacan89: checks 
*** TURN *** [Td Tc 4s] [3d]
rao999: bets $1.57
cacan89: folds 
Uncalled bet ($1.57) returned to rao999
rao999 collected $2.38 from pot
rao999: doesn't show hand 
*** SUMMARY ***
Total pot $2.50 | Rake $0.12 
Board [Td Tc 4s 3d]
Seat 1: rao999 (big blind) collected ($2.38)
Seat 3: 3EPH folded before Flop (didn't bet)
Seat 4: Gfoer folded before Flop (didn't bet)
Seat 5: cacan89 (button) folded on the Turn
Seat 6: b2k-Snick (small blind) folded before Flop



PokerStars Hand #254185237200:  Hold'em No Limit ($0.50/$1.00 USD) - 2025/01/04 6:03:12 WET [2025/01/04 1:03:12 ET]
Table 'Istria II' 6-max Seat #6 is the button
Seat 3: 3EPH ($101.47 in chips) is sitting out
Seat 4: Gfoer ($100 in chips) is sitting out
Seat 1: rao999 ($111.38 in chips) 
Seat 5: cacan89 ($109.38 in chips) 
Seat 6: b2k-Snick ($163.73 in chips) 
rao999: posts small blind $0.50
3EPH: is sitting out 
Gfoer: is sitting out 
cacan89: posts big blind $1
*** HOLE CARDS ***
Gfoer leaves the table
b2k-Snick: raises $1.50 to $2.50
rao999: folds 
3EPH leaves the table
cacan89: folds 
Uncalled bet ($1.50) returned to b2k-Snick
b2k-Snick collected $2.50 from pot
b2k-Snick: doesn't show hand 
*** SUMMARY ***
Total pot $2.50 | Rake $0 
Seat 3: 3EPH
Seat 4: Gfoer
Seat 1: rao999 (small blind) folded before Flop
Seat 5: cacan89 (big blind) folded before Flop
Seat 6: b2k-Snick (button) collected ($2.50)



PokerStars Hand #254185238391:  Hold'em No Limit ($0.50/$1.00 USD) - 2025/01/04 6:03:25 WET [2025/01/04 1:03:25 ET]
Table 'Istria II' 6-max Seat #1 is the button
Seat 1: rao999 ($110.88 in chips) 
Seat 5: cacan89 ($108.38 in chips) 
Seat 6: b2k-Snick ($165.23 in chips) 
cacan89: posts small blind $0.50
b2k-Snick: posts big blind $1
*** HOLE CARDS ***
rao999: folds 
cacan89: raises $1 to $2
b2k-Snick: raises $5 to $7
7bekon7 joins the table at seat #2 
cacan89: calls $5
*** FLOP *** [Jd 4c Jc]
cacan89: checks 
b2k-Snick: bets $8.65
cacan89: raises $11.65 to $20.30
b2k-Snick: folds 
Uncalled bet ($11.65) returned to cacan89
cacan89 collected $30.30 from pot
*** SUMMARY ***
Total pot $31.30 | Rake $1 
Board [Jd 4c Jc]
Seat 1: rao999 (button) folded before Flop (didn't bet)
Seat 5: cacan89 (small blind) collected ($30.30)
Seat 6: b2k-Snick (big blind) folded on the Flop



PokerStars Hand #254185244415:  Hold'em No Limit ($0.50/$1.00 USD) - 2025/01/04 6:04:29 WET [2025/01/04 1:04:29 ET]
Table 'Istria II' 6-max Seat #5 is the button
Seat 1: rao999 ($110.88 in chips) is sitting out
Seat 2: 7bekon7 ($100 in chips) 
Seat 5: cacan89 ($123.03 in chips) 
Seat 6: b2k-Snick ($149.58 in chips) 
b2k-Snick: posts small blind $0.50
rao999: is sitting out 
7bekon7: posts big blind $1
*** HOLE CARDS ***
cacan89: folds 
b2k-Snick: folds 
Uncalled bet ($0.50) returned to 7bekon7
7bekon7 collected $1 from pot
7bekon7: doesn't show hand 
*** SUMMARY ***
Total pot $1 | Rake $0 
Seat 1: rao999
Seat 2: 7bekon7 (big blind) collected ($1)
Seat 5: cacan89 (button) folded before Flop (didn't bet)
Seat 6: b2k-Snick (small blind) folded before Flop



PokerStars Hand #254185245209:  Hold'em No Limit ($0.50/$1.00 USD) - 2025/01/04 6:04:38 WET [2025/01/04 1:04:38 ET]
Table 'Istria II' 6-max Seat #6 is the button
Seat 1: rao999 ($110.88 in chips) is sitting out
Seat 2: 7bekon7 ($100.50 in chips) 
Seat 5: cacan89 ($123.03 in chips) 
Seat 6: b2k-Snick ($149.08 in chips) 
7bekon7: posts small blind $0.50
cacan89: posts big blind $1
*** HOLE CARDS ***
b2k-Snick: folds 
7bekon7: raises $2 to $3
cacan89: raises $6 to $9
7bekon7: raises $9 to $18
cacan89: raises $36 to $54
7bekon7: raises $46.50 to $100.50 and is all-in
cacan89: calls $46.50
*** FLOP *** [8d 8s 8c]
*** TURN *** [8d 8s 8c] [3s]
*** RIVER *** [8d 8s 8c 3s] [6d]
*** SHOW DOWN ***
7bekon7: shows [Ts Th] (a full house, Eights full of Tens)
cacan89: shows [Jh Js] (a full house, Eights full of Jacks)
cacan89 collected $200 from pot
*** SUMMARY ***
Total pot $201 | Rake $1 
Board [8d 8s 8c 3s 6d]
Seat 1: rao999
Seat 2: 7bekon7 (small blind) showed [Ts Th] and lost with a full house, Eights full of Tens
Seat 5: cacan89 (big blind) showed [Jh Js] and won ($200) with a full house, Eights full of Jacks
Seat 6: b2k-Snick (button) folded before Flop (didn't bet)



PokerStars Hand #254185252742:  Hold'em No Limit ($0.50/$1.00 USD) - 2025/01/04 6:06:00 WET [2025/01/04 1:06:00 ET]
Table 'Istria II' 6-max Seat #2 is the button
Seat 1: rao999 ($110.88 in chips) is sitting out
Seat 2: 7bekon7 ($100 in chips) 
Seat 5: cacan89 ($222.53 in chips) 
Seat 6: b2k-Snick ($149.08 in chips) 
cacan89: posts small blind $0.50
b2k-Snick: posts big blind $1
rao999: sits out 
*** HOLE CARDS ***
7bekon7: raises $1.50 to $2.50
cacan89: raises $5.50 to $8
b2k-Snick: folds 
7bekon7: calls $5.50
*** FLOP *** [2s As 5s]
cacan89: checks 
7bekon7: checks 
*** TURN *** [2s As 5s] [8c]
cacan89: bets $8.08
7bekon7: folds 
Uncalled bet ($8.08) returned to cacan89
cacan89 collected $16.15 from pot
*** SUMMARY ***
Total pot $17 | Rake $0.85 
Board [2s As 5s 8c]
Seat 1: rao999
Seat 2: 7bekon7 (button) folded on the Turn
Seat 5: cacan89 (small blind) collected ($16.15)
Seat 6: b2k-Snick (big blind) folded before Flop



PokerStars Hand #254185259394:  Hold'em No Limit ($0.50/$1.00 USD) - 2025/01/04 6:07:12 WET [2025/01/04 1:07:12 ET]
Table 'Istria II' 6-max Seat #5 is the button
Seat 1: rao999 ($110.88 in chips) 
Seat 2: 7bekon7 ($100 in chips) 
Seat 5: cacan89 ($230.68 in chips) 
Seat 6: b2k-Snick ($148.08 in chips) 
b2k-Snick: posts small blind $0.50
rao999: posts big blind $1
*** HOLE CARDS ***
7bekon7: folds 
cacan89: folds 
b2k-Snick: folds 
Uncalled bet ($0.50) returned to rao999
rao999 collected $1 from pot
rao999: doesn't show hand 
*** SUMMARY ***
Total pot $1 | Rake $0 
Seat 1: rao999 (big blind) collected ($1)
Seat 2: 7bekon7 folded before Flop (didn't bet)
Seat 5: cacan89 (button) folded before Flop (didn't bet)
Seat 6: b2k-Snick (small blind) folded before Flop



PokerStars Hand #254185260628:  Hold'em No Limit ($0.50/$1.00 USD) - 2025/01/04 6:07:26 WET [2025/01/04 1:07:26 ET]
Table 'Istria II' 6-max Seat #6 is the button
Seat 1: rao999 ($111.38 in chips) 
Seat 2: 7bekon7 ($100 in chips) 
Seat 5: cacan89 ($230.68 in chips) 
Seat 6: b2k-Snick ($147.58 in chips) 
rao999: posts small blind $0.50
7bekon7: posts big blind $1
*** HOLE CARDS ***
cacan89: folds 
b2k-Snick: folds 
rao999: folds 
Uncalled bet ($0.50) returned to 7bekon7
7bekon7 collected $1 from pot
7bekon7: doesn't show hand 
avlee1 joins the table at seat #3 
*** SUMMARY ***
Total pot $1 | Rake $0 
Seat 1: rao999 (small blind) folded before Flop
Seat 2: 7bekon7 (big blind) collected ($1)
Seat 5: cacan89 folded before Flop (didn't bet)
Seat 6: b2k-Snick (button) folded before Flop (didn't bet)



PokerStars Hand #254185261886:  Hold'em No Limit ($0.50/$1.00 USD) - 2025/01/04 6:07:40 WET [2025/01/04 1:07:40 ET]
Table 'Istria II' 6-max Seat #1 is the button
Seat 1: rao999 ($110.88 in chips) 
Seat 2: 7bekon7 ($100.50 in chips) 
Seat 3: avlee1 ($117.75 in chips) 
Seat 5: cacan89 ($230.68 in chips) 
Seat 6: b2k-Snick ($147.58 in chips) 
7bekon7: posts small blind $0.50
avlee1 is connected 
avlee1: posts big blind $1
*** HOLE CARDS ***
cacan89: folds 
b2k-Snick: folds 
rao999: folds 
7bekon7: folds 
Uncalled bet ($0.50) returned to avlee1
avlee1 collected $1 from pot
avlee1: doesn't show hand 
*** SUMMARY ***
Total pot $1 | Rake $0 
Seat 1: rao999 (button) folded before Flop (didn't bet)
Seat 2: 7bekon7 (small blind) folded before Flop
Seat 3: avlee1 (big blind) collected ($1)
Seat 5: cacan89 folded before Flop (didn't bet)
Seat 6: b2k-Snick folded before Flop (didn't bet)



PokerStars Hand #254185263776:  Hold'em No Limit ($0.50/$1.00 USD) - 2025/01/04 6:08:00 WET [2025/01/04 1:08:00 ET]
Table 'Istria II' 6-max Seat #2 is the button
Seat 1: rao999 ($110.88 in chips) 
Seat 2: 7bekon7 ($100 in chips) 
Seat 3: avlee1 ($118.25 in chips) 
Seat 5: cacan89 ($230.68 in chips) 
Seat 6: b2k-Snick ($147.58 in chips) 
avlee1: posts small blind $0.50
cacan89: posts big blind $1
*** HOLE CARDS ***
b2k-Snick: raises $1.10 to $2.10
rao999: folds 
7bekon7: calls $2.10
avlee1: calls $1.60
cacan89: calls $1.10
*** FLOP *** [Qs 8c Kc]
avlee1: checks 
cacan89: checks 
b2k-Snick: bets $5.50
7bekon7: folds 
jeilsons joins the table at seat #4 
avlee1: folds 
cacan89: folds 
Uncalled bet ($5.50) returned to b2k-Snick
b2k-Snick collected $7.98 from pot
b2k-Snick: doesn't show hand 
*** SUMMARY ***
Total pot $8.40 | Rake $0.42 
Board [Qs 8c Kc]
Seat 1: rao999 folded before Flop (didn't bet)
Seat 2: 7bekon7 (button) folded on the Flop
Seat 3: avlee1 (small blind) folded on the Flop
Seat 5: cacan89 (big blind) folded on the Flop
Seat 6: b2k-Snick collected ($7.98)



PokerStars Hand #254185270399:  Hold'em No Limit ($0.50/$1.00 USD) - 2025/01/04 6:09:13 WET [2025/01/04 1:09:13 ET]
Table 'Istria II' 6-max Seat #3 is the button
Seat 4: jeilsons ($100 in chips) is sitting out
Seat 1: rao999 ($110.88 in chips) 
Seat 2: 7bekon7 ($100 in chips) 
Seat 3: avlee1 ($116.15 in chips) 
Seat 5: cacan89 ($228.58 in chips) 
Seat 6: b2k-Snick ($153.46 in chips) 
cacan89: posts small blind $0.50
b2k-Snick: posts big blind $1
*** HOLE CARDS ***
rao999: folds 
7bekon7: raises $1.50 to $2.50
avlee1: folds 
cacan89: folds 
b2k-Snick: folds 
Uncalled bet ($1.50) returned to 7bekon7
7bekon7 collected $2.50 from pot
7bekon7: doesn't show hand 
*** SUMMARY ***
Total pot $2.50 | Rake $0 
Seat 4: jeilsons
Seat 1: rao999 folded before Flop (didn't bet)
Seat 2: 7bekon7 collected ($2.50)
Seat 3: avlee1 (button) folded before Flop (didn't bet)
Seat 5: cacan89 (small blind) folded before Flop
Seat 6: b2k-Snick (big blind) folded before Flop



PokerStars Hand #254185271857:  Hold'em No Limit ($0.50/$1.00 USD) - 2025/01/04 6:09:29 WET [2025/01/04 1:09:29 ET]
Table 'Istria II' 6-max Seat #5 is the button
Seat 4: jeilsons ($100 in chips) is sitting out
Seat 1: rao999 ($110.88 in chips) 
Seat 2: 7bekon7 ($101.50 in chips) 
Seat 3: avlee1 ($116.15 in chips) 
Seat 5: cacan89 ($228.08 in chips) 
Seat 6: b2k-Snick ($152.46 in chips) 
b2k-Snick: posts small blind $0.50
rao999: posts big blind $1
jeilsons: sits out 
*** HOLE CARDS ***
7bekon7: folds 
avlee1: raises $1.50 to $2.50
cacan89: raises $2.50 to $5
b2k-Snick: folds 
rao999: folds 
avlee1: calls $2.50
*** FLOP *** [9s Kc Qc]
avlee1: checks 
cacan89: bets $5.46
avlee1: raises $10.92 to $16.38
cacan89: calls $10.92
*** TURN *** [9s Kc Qc] [Td]
avlee1: checks 
cacan89: bets $21.03
avlee1: folds 
Uncalled bet ($21.03) returned to cacan89
cacan89 collected $42.05 from pot
*** SUMMARY ***
Total pot $44.26 | Rake $2.21 
Board [9s Kc Qc Td]
Seat 4: jeilsons
Seat 1: rao999 (big blind) folded before Flop
Seat 2: 7bekon7 folded before Flop (didn't bet)
Seat 3: avlee1 folded on the Turn
Seat 5: cacan89 (button) collected ($42.05)
Seat 6: b2k-Snick (small blind) folded before Flop



PokerStars Hand #254185280781:  Hold'em No Limit ($0.50/$1.00 USD) - 2025/01/04 6:11:08 WET [2025/01/04 1:11:08 ET]
Table 'Istria II' 6-max Seat #6 is the button
Seat 4: jeilsons ($100 in chips) is sitting out
Seat 1: rao999 ($109.88 in chips) 
Seat 2: 7bekon7 ($101.50 in chips) 
Seat 3: avlee1 ($100 in chips) 
Seat 5: cacan89 ($248.75 in chips) 
Seat 6: b2k-Snick ($151.96 in chips) 
rao999: posts small blind $0.50
7bekon7: posts big blind $1
jeilsons: sits out 
*** HOLE CARDS ***
avlee1: folds 
cacan89: folds 
b2k-Snick: raises $1.50 to $2.50
rao999: folds 
7bekon7: folds 
Uncalled bet ($1.50) returned to b2k-Snick
b2k-Snick collected $2.50 from pot
b2k-Snick: doesn't show hand 
*** SUMMARY ***
Total pot $2.50 | Rake $0 
Seat 4: jeilsons
Seat 1: rao999 (small blind) folded before Flop
Seat 2: 7bekon7 (big blind) folded before Flop
Seat 3: avlee1 folded before Flop (didn't bet)
Seat 5: cacan89 folded before Flop (didn't bet)
Seat 6: b2k-Snick (button) collected ($2.50)



PokerStars Hand #254185282238:  Hold'em No Limit ($0.50/$1.00 USD) - 2025/01/04 6:11:24 WET [2025/01/04 1:11:24 ET]
Table 'Istria II' 6-max Seat #1 is the button
Seat 4: jeilsons ($100 in chips) is sitting out
Seat 1: rao999 ($109.38 in chips) 
Seat 2: 7bekon7 ($100.50 in chips) 
Seat 3: avlee1 ($100 in chips) 
Seat 5: cacan89 ($248.75 in chips) 
Seat 6: b2k-Snick ($153.46 in chips) 
7bekon7: posts small blind $0.50
avlee1: posts big blind $1
jeilsons: sits out 
*** HOLE CARDS ***
cacan89: calls $1
b2k-Snick: folds 
rao999: calls $1
7bekon7: raises $4 to $5
avlee1: folds 
cacan89: calls $4
rao999: calls $4
*** FLOP *** [Kc 7d 3d]
7bekon7: bets $3.80
cacan89: raises $6.20 to $10
rao999: folds 
7bekon7: folds 
Uncalled bet ($6.20) returned to cacan89
cacan89 collected $22.42 from pot
*** SUMMARY ***
Total pot $23.60 | Rake $1.18 
Board [Kc 7d 3d]
Seat 4: jeilsons
Seat 1: rao999 (button) folded on the Flop
Seat 2: 7bekon7 (small blind) folded on the Flop
Seat 3: avlee1 (big blind) folded before Flop
Seat 5: cacan89 collected ($22.42)
Seat 6: b2k-Snick folded before Flop (didn't bet)



PokerStars Hand #254185286942:  Hold'em No Limit ($0.50/$1.00 USD) - 2025/01/04 6:12:17 WET [2025/01/04 1:12:17 ET]
Table 'Istria II' 6-max Seat #2 is the button
Seat 1: rao999 ($104.38 in chips) 
Seat 2: 7bekon7 ($100 in chips) 
Seat 3: avlee1 ($100 in chips) 
Seat 4: jeilsons ($100 in chips) 
Seat 5: cacan89 ($262.37 in chips) 
Seat 6: b2k-Snick ($153.46 in chips) 
avlee1: posts small blind $0.50
jeilsons: posts big blind $1
*** HOLE CARDS ***
cacan89: folds 
b2k-Snick: raises $1 to $2
rao999: folds 
7bekon7: raises $5.50 to $7.50
avlee1: folds 
jeilsons: folds 
b2k-Snick: folds 
Uncalled bet ($5.50) returned to 7bekon7
7bekon7 collected $5.50 from pot
7bekon7: doesn't show hand 
*** SUMMARY ***
Total pot $5.50 | Rake $0 
Seat 1: rao999 folded before Flop (didn't bet)
Seat 2: 7bekon7 (button) collected ($5.50)
Seat 3: avlee1 (small blind) folded before Flop
Seat 4: jeilsons (big blind) folded before Flop
Seat 5: cacan89 folded before Flop (didn't bet)
Seat 6: b2k-Snick folded before Flop



PokerStars Hand #254185289351:  Hold'em No Limit ($0.50/$1.00 USD) - 2025/01/04 6:12:45 WET [2025/01/04 1:12:45 ET]
Table 'Istria II' 6-max Seat #3 is the button
Seat 1: rao999 ($104.38 in chips) 
Seat 2: 7bekon7 ($103.50 in chips) 
Seat 3: avlee1 ($100 in chips) 
Seat 4: jeilsons ($100 in chips) 
Seat 5: cacan89 ($262.37 in chips) 
Seat 6: b2k-Snick ($151.46 in chips) 
jeilsons: posts small blind $0.50
cacan89: posts big blind $1
*** HOLE CARDS ***
b2k-Snick: folds 
rao999: raises $1.50 to $2.50
7bekon7: folds 
avlee1: folds 
jeilsons: calls $2
cacan89: folds 
*** FLOP *** [Qc 9c 8d]
jeilsons: checks 
rao999: bets $1.88
jeilsons: calls $1.88
*** TURN *** [Qc 9c 8d] [8h]
jeilsons: checks 
rao999: checks 
*** RIVER *** [Qc 9c 8d 8h] [7d]
jeilsons: bets $9.27
rao999: calls $9.27
*** SHOW DOWN ***
jeilsons: shows [Qd As] (two pair, Queens and Eights)
rao999: mucks hand 
jeilsons collected $26.88 from pot
*** SUMMARY ***
Total pot $28.30 | Rake $1.42 
Board [Qc 9c 8d 8h 7d]
Seat 1: rao999 mucked
Seat 2: 7bekon7 folded before Flop (didn't bet)
Seat 3: avlee1 (button) folded before Flop (didn't bet)
Seat 4: jeilsons (small blind) showed [Qd As] and won ($26.88) with two pair, Queens and Eights
Seat 5: cacan89 (big blind) folded before Flop
Seat 6: b2k-Snick folded before Flop (didn't bet)



PokerStars Hand #254185394030:  Hold'em No Limit ($0.50/$1.00 USD) - 2025/01/04 6:33:15 WET [2025/01/04 1:33:15 ET]
Table 'Istria II' 6-max Seat #1 is the button
Seat 1: rao999 ($110.52 in chips) 
Seat 2: Sadyhov V.V. ($100 in chips) 
Seat 3: For_the_idea ($100 in chips) 
Seat 4: jeilsons ($117.26 in chips) 
Seat 5: cacan89 ($283.81 in chips) 
Seat 6: Ysiven ($103.94 in chips) 
Sadyhov V.V.: posts small blind $0.50
For_the_idea: posts big blind $1
*** HOLE CARDS ***
jeilsons: folds 
cacan89: raises $1 to $2
Ysiven: raises $4.50 to $6.50
rao999: folds 
Sadyhov V.V.: folds 
For_the_idea: folds 
cacan89: calls $4.50
*** FLOP *** [8s 7s Js]
cacan89: checks 
Ysiven: bets $4.55
cacan89: calls $4.55
*** TURN *** [8s 7s Js] [Th]
cacan89: checks 
Ysiven: bets $14.50
cacan89: calls $14.50
*** RIVER *** [8s 7s Js Th] [4s]
cacan89: checks 
Ysiven: bets $78.39 and is all-in
cacan89: folds 
Uncalled bet ($78.39) returned to Ysiven
Ysiven collected $50.10 from pot
Ysiven: doesn't show hand 
*** SUMMARY ***
Total pot $52.60 | Rake $2.50 
Board [8s 7s Js Th 4s]
Seat 1: rao999 (button) folded before Flop (didn't bet)
Seat 2: Sadyhov V.V. (small blind) folded before Flop
Seat 3: For_the_idea (big blind) folded before Flop
Seat 4: jeilsons folded before Flop (didn't bet)
Seat 5: cacan89 folded on the River
Seat 6: Ysiven collected ($50.10)



PokerStars Hand #254185404823:  Hold'em No Limit ($0.50/$1.00 USD) - 2025/01/04 6:35:28 WET [2025/01/04 1:35:28 ET]
Table 'Istria II' 6-max Seat #2 is the button
Seat 1: rao999 ($110.52 in chips) 
Seat 2: Sadyhov V.V. ($100 in chips) 
Seat 3: For_the_idea ($100 in chips) 
Seat 4: jeilsons ($117.26 in chips) 
Seat 5: cacan89 ($258.26 in chips) 
Seat 6: Ysiven ($128.49 in chips) 
For_the_idea: posts small blind $0.50
jeilsons: posts big blind $1
*** HOLE CARDS ***
cacan89: folds 
Ysiven: folds 
rao999: folds 
Sadyhov V.V.: folds 
For_the_idea: folds 
Uncalled bet ($0.50) returned to jeilsons
jeilsons collected $1 from pot
jeilsons: doesn't show hand 
*** SUMMARY ***
Total pot $1 | Rake $0 
Seat 1: rao999 folded before Flop (didn't bet)
Seat 2: Sadyhov V.V. (button) folded before Flop (didn't bet)
Seat 3: For_the_idea (small blind) folded before Flop
Seat 4: jeilsons (big blind) collected ($1)
Seat 5: cacan89 folded before Flop (didn't bet)
Seat 6: Ysiven folded before Flop (didn't bet)



PokerStars Hand #254185406628:  Hold'em No Limit ($0.50/$1.00 USD) - 2025/01/04 6:35:50 WET [2025/01/04 1:35:50 ET]
Table 'Istria II' 6-max Seat #3 is the button
Seat 1: rao999 ($110.52 in chips) 
Seat 2: Sadyhov V.V. ($100 in chips) 
Seat 3: For_the_idea ($100 in chips) 
Seat 4: jeilsons ($117.76 in chips) 
Seat 5: cacan89 ($258.26 in chips) 
Seat 6: Ysiven ($128.49 in chips) 
jeilsons: posts small blind $0.50
cacan89: posts big blind $1
*** HOLE CARDS ***
Ysiven: folds 
rao999: folds 
Sadyhov V.V.: folds 
For_the_idea: raises $1.50 to $2.50
jeilsons: folds 
cacan89: folds 
Uncalled bet ($1.50) returned to For_the_idea
For_the_idea collected $2.50 from pot
For_the_idea: doesn't show hand 
*** SUMMARY ***
Total pot $2.50 | Rake $0 
Seat 1: rao999 folded before Flop (didn't bet)
Seat 2: Sadyhov V.V. folded before Flop (didn't bet)
Seat 3: For_the_idea (button) collected ($2.50)
Seat 4: jeilsons (small blind) folded before Flop
Seat 5: cacan89 (big blind) folded before Flop
Seat 6: Ysiven folded before Flop (didn't bet)



PokerStars Hand #254185408206:  Hold'em No Limit ($0.50/$1.00 USD) - 2025/01/04 6:36:09 WET [2025/01/04 1:36:09 ET]
Table 'Istria II' 6-max Seat #4 is the button
Seat 1: rao999 ($110.52 in chips) 
Seat 2: Sadyhov V.V. ($100 in chips) 
Seat 3: For_the_idea ($101.50 in chips) 
Seat 4: jeilsons ($117.26 in chips) 
Seat 5: cacan89 ($257.26 in chips) 
Seat 6: Ysiven ($128.49 in chips) 
cacan89: posts small blind $0.50
Ysiven: posts big blind $1
*** HOLE CARDS ***
rao999: folds 
Sadyhov V.V.: folds 
For_the_idea: raises $1.25 to $2.25
jeilsons: folds 
cacan89: folds 
Ysiven: folds 
Uncalled bet ($1.25) returned to For_the_idea
cacan89 leaves the table
For_the_idea collected $2.50 from pot
For_the_idea: doesn't show hand 
*** SUMMARY ***
Total pot $2.50 | Rake $0 
Seat 1: rao999 folded before Flop (didn't bet)
Seat 2: Sadyhov V.V. folded before Flop (didn't bet)
Seat 3: For_the_idea collected ($2.50)
Seat 4: jeilsons (button) folded before Flop (didn't bet)
Seat 5: cacan89 (small blind) folded before Flop
Seat 6: Ysiven (big blind) folded before Flop



PokerStars Hand #254185409327:  Hold'em No Limit ($0.50/$1.00 USD) - 2025/01/04 6:36:23 WET [2025/01/04 1:36:23 ET]
Table 'Istria II' 6-max Seat #6 is the button
Seat 2: Sadyhov V.V. ($100 in chips) is sitting out
Seat 1: rao999 ($110.52 in chips) 
Seat 3: For_the_idea ($103 in chips) 
Seat 4: jeilsons ($117.26 in chips) 
Seat 6: Ysiven ($127.49 in chips) 
rao999: posts small blind $0.50
Sadyhov V.V.: is sitting out 
For_the_idea: posts big blind $1
*** HOLE CARDS ***
jeilsons: folds 
Ysiven: folds 
Sadyhov V.V. leaves the table
rao999: raises $2 to $3
For_the_idea: folds 
Uncalled bet ($2) returned to rao999
rao999 collected $2 from pot
rao999: doesn't show hand 
*** SUMMARY ***
Total pot $2 | Rake $0 
Seat 2: Sadyhov V.V.
Seat 1: rao999 (small blind) collected ($2)
Seat 3: For_the_idea (big blind) folded before Flop
Seat 4: jeilsons folded before Flop (didn't bet)
Seat 6: Ysiven (button) folded before Flop (didn't bet)



PokerStars Hand #254185410520:  Hold'em No Limit ($0.50/$1.00 USD) - 2025/01/04 6:36:37 WET [2025/01/04 1:36:37 ET]
Table 'Istria II' 6-max Seat #1 is the button
Seat 1: rao999 ($111.52 in chips) 
Seat 3: For_the_idea ($102 in chips) 
Seat 4: jeilsons ($117.26 in chips) 
Seat 6: Ysiven ($127.49 in chips) 
For_the_idea: posts small blind $0.50
jeilsons: posts big blind $1
*** HOLE CARDS ***
Ysiven: raises $1.30 to $2.30
rao999: folds 
For_the_idea: folds 
jeilsons: folds 
Uncalled bet ($1.30) returned to Ysiven
Ysiven collected $2.50 from pot
Ysiven: doesn't show hand 
*** SUMMARY ***
Total pot $2.50 | Rake $0 
Seat 1: rao999 (button) folded before Flop (didn't bet)
Seat 3: For_the_idea (small blind) folded before Flop
Seat 4: jeilsons (big blind) folded before Flop
Seat 6: Ysiven collected ($2.50)



PokerStars Hand #254185411848:  Hold'em No Limit ($0.50/$1.00 USD) - 2025/01/04 6:36:53 WET [2025/01/04 1:36:53 ET]
Table 'Istria II' 6-max Seat #3 is the button
Seat 1: rao999 ($111.52 in chips) 
Seat 3: For_the_idea ($101.50 in chips) 
Seat 4: jeilsons ($116.26 in chips) 
Seat 6: Ysiven ($128.99 in chips) 
jeilsons: posts small blind $0.50
Ysiven: posts big blind $1
*** HOLE CARDS ***
rao999: folds 
For_the_idea: raises $1.50 to $2.50
jeilsons: folds 
Ysiven: folds 
Uncalled bet ($1.50) returned to For_the_idea
For_the_idea collected $2.50 from pot
For_the_idea: doesn't show hand 
*** SUMMARY ***
Total pot $2.50 | Rake $0 
Seat 1: rao999 folded before Flop (didn't bet)
Seat 3: For_the_idea (button) collected ($2.50)
Seat 4: jeilsons (small blind) folded before Flop
Seat 6: Ysiven (big blind) folded before Flop



PokerStars Hand #254185412840:  Hold'em No Limit ($0.50/$1.00 USD) - 2025/01/04 6:37:06 WET [2025/01/04 1:37:06 ET]
Table 'Istria II' 6-max Seat #6 is the button
Seat 1: rao999 ($111.52 in chips) is sitting out
Seat 3: For_the_idea ($103 in chips) is sitting out
Seat 4: jeilsons ($115.76 in chips) 
Seat 6: Ysiven ($127.99 in chips) 
Ysiven: posts small blind $0.50
rao999: is sitting out 
For_the_idea: is sitting out 
jeilsons: posts big blind $1
*** HOLE CARDS ***
Ysiven: folds 
Uncalled bet ($0.50) returned to jeilsons
jeilsons collected $1 from pot
jeilsons: doesn't show hand 
*** SUMMARY ***
Total pot $1 | Rake $0 
Seat 1: rao999
Seat 3: For_the_idea
Seat 4: jeilsons (big blind) collected ($1)
Seat 6: Ysiven (button) (small blind) folded before Flop



PokerStars Hand #254185413473:  Hold'em No Limit ($0.50/$1.00 USD) - 2025/01/04 6:37:13 WET [2025/01/04 1:37:13 ET]
Table 'Istria II' 6-max Seat #4 is the button
Seat 1: rao999 ($111.52 in chips) is sitting out
Seat 3: For_the_idea ($103 in chips) is sitting out
Seat 4: jeilsons ($116.26 in chips) 
Seat 6: Ysiven ($127.49 in chips) 
jeilsons: posts small blind $0.50
Ysiven: posts big blind $1
*** HOLE CARDS ***
jeilsons: folds 
Uncalled bet ($0.50) returned to Ysiven
Ysiven collected $1 from pot
Ysiven: doesn't show hand 
*** SUMMARY ***
Total pot $1 | Rake $0 
Seat 1: rao999
Seat 3: For_the_idea
Seat 4: jeilsons (button) (small blind) folded before Flop
Seat 6: Ysiven (big blind) collected ($1)



PokerStars Hand #254185414090:  Hold'em No Limit ($0.50/$1.00 USD) - 2025/01/04 6:37:20 WET [2025/01/04 1:37:20 ET]
Table 'Istria II' 6-max Seat #6 is the button
Seat 1: rao999 ($111.52 in chips) is sitting out
Seat 3: For_the_idea ($103 in chips) is sitting out
Seat 4: jeilsons ($115.76 in chips) 
Seat 6: Ysiven ($127.99 in chips) 
Ysiven: posts small blind $0.50
jeilsons: posts big blind $1
*** HOLE CARDS ***
Ysiven: raises $1.50 to $2.50
jeilsons: calls $1.50
*** FLOP *** [Qh 7h 9s]
jeilsons: checks 
Ysiven: bets $2.85
jeilsons: calls $2.85
*** TURN *** [Qh 7h 9s] [6d]
jeilsons: checks 
For_the_idea leaves the table
Ysiven: checks 
*** RIVER *** [Qh 7h 9s 6d] [Ac]
jeilsons: checks 
Ysiven: bets $5.10
jeilsons: calls $5.10
*** SHOW DOWN ***
Ysiven: shows [2h As] (a pair of Aces)
jeilsons: mucks hand 
Ysiven collected $19.90 from pot
*** SUMMARY ***
Total pot $20.90 | Rake $1 
Board [Qh 7h 9s 6d Ac]
Seat 1: rao999
Seat 3: For_the_idea
Seat 4: jeilsons (big blind) mucked
Seat 6: Ysiven (button) (small blind) showed [2h As] and won ($19.90) with a pair of Aces



PokerStars Hand #254185418370:  Hold'em No Limit ($0.50/$1.00 USD) - 2025/01/04 6:38:12 WET [2025/01/04 1:38:12 ET]
Table 'Istria II' 6-max Seat #4 is the button
Seat 1: rao999 ($111.52 in chips) is sitting out
Seat 4: jeilsons ($105.31 in chips) 
Seat 6: Ysiven ($137.44 in chips) 
jeilsons: posts small blind $0.50
Ysiven: posts big blind $1
*** HOLE CARDS ***
jeilsons: folds 
Uncalled bet ($0.50) returned to Ysiven
Ysiven collected $1 from pot
Ysiven: doesn't show hand 
*** SUMMARY ***
Total pot $1 | Rake $0 
Seat 1: rao999
Seat 4: jeilsons (button) (small blind) folded before Flop
Seat 6: Ysiven (big blind) collected ($1)



PokerStars Hand #254185418847:  Hold'em No Limit ($0.50/$1.00 USD) - 2025/01/04 6:38:18 WET [2025/01/04 1:38:18 ET]
Table 'Istria II' 6-max Seat #6 is the button
Seat 1: rao999 ($111.52 in chips) is sitting out
Seat 4: jeilsons ($104.81 in chips) 
Seat 6: Ysiven ($137.94 in chips) 
Ysiven: posts small blind $0.50
jeilsons: posts big blind $1
*** HOLE CARDS ***
Ysiven: raises $1.50 to $2.50
jeilsons: raises $7.50 to $10
Ysiven: folds 
Uncalled bet ($7.50) returned to jeilsons
jeilsons collected $5 from pot
jeilsons: doesn't show hand 
*** SUMMARY ***
Total pot $5 | Rake $0 
Seat 1: rao999
Seat 4: jeilsons (big blind) collected ($5)
Seat 6: Ysiven (button) (small blind) folded before Flop



PokerStars Hand #254185420057:  Hold'em No Limit ($0.50/$1.00 USD) - 2025/01/04 6:38:32 WET [2025/01/04 1:38:32 ET]
Table 'Istria II' 6-max Seat #4 is the button
Seat 1: rao999 ($111.52 in chips) is sitting out
Seat 4: jeilsons ($107.31 in chips) 
Seat 6: Ysiven ($135.44 in chips) 
jeilsons: posts small blind $0.50
Ysiven: posts big blind $1
*** HOLE CARDS ***
jeilsons: raises $2 to $3
Ysiven: raises $9 to $12
jeilsons: calls $9
*** FLOP *** [4c Qc 2h]
Ysiven: checks 
jeilsons: bets $5.98
Ysiven: calls $5.98
*** TURN *** [4c Qc 2h] [6h]
Ysiven: checks 
jeilsons: bets $17.48
Ysiven: folds 
Uncalled bet ($17.48) returned to jeilsons
jeilsons collected $34.96 from pot
jeilsons: doesn't show hand 
*** SUMMARY ***
Total pot $35.96 | Rake $1 
Board [4c Qc 2h 6h]
Seat 1: rao999
Seat 4: jeilsons (button) (small blind) collected ($34.96)
Seat 6: Ysiven (big blind) folded on the Turn



PokerStars Hand #254185425517:  Hold'em No Limit ($0.50/$1.00 USD) - 2025/01/04 6:39:38 WET [2025/01/04 1:39:38 ET]
Table 'Istria II' 6-max Seat #6 is the button
Seat 1: rao999 ($111.52 in chips) is sitting out
Seat 4: jeilsons ($124.29 in chips) 
Seat 6: Ysiven ($117.46 in chips) 
Ysiven: posts small blind $0.50
jeilsons: posts big blind $1
*** HOLE CARDS ***
Ysiven: raises $1.50 to $2.50
jeilsons: folds 
Uncalled bet ($1.50) returned to Ysiven
Ysiven collected $2 from pot
Ysiven: doesn't show hand 
*** SUMMARY ***
Total pot $2 | Rake $0 
Seat 1: rao999
Seat 4: jeilsons (big blind) folded before Flop
Seat 6: Ysiven (button) (small blind) collected ($2)



PokerStars Hand #254185426179:  Hold'em No Limit ($0.50/$1.00 USD) - 2025/01/04 6:39:47 WET [2025/01/04 1:39:47 ET]
Table 'Istria II' 6-max Seat #4 is the button
Seat 1: rao999 ($111.52 in chips) is sitting out
Seat 4: jeilsons ($123.29 in chips) 
Seat 6: Ysiven ($118.46 in chips) 
jeilsons: posts small blind $0.50
Ysiven: posts big blind $1
*** HOLE CARDS ***
jeilsons: raises $2 to $3
Ysiven: raises $9 to $12
jeilsons: raises $16 to $28
Ysiven: folds 
Uncalled bet ($16) returned to jeilsons
jeilsons collected $24 from pot
jeilsons: doesn't show hand 
*** SUMMARY ***
Total pot $24 | Rake $0 
Seat 1: rao999
Seat 4: jeilsons (button) (small blind) collected ($24)
Seat 6: Ysiven (big blind) folded before Flop



PokerStars Hand #254185428203:  Hold'em No Limit ($0.50/$1.00 USD) - 2025/01/04 6:40:11 WET [2025/01/04 1:40:11 ET]
Table 'Istria II' 6-max Seat #6 is the button
Seat 1: rao999 ($111.52 in chips) is sitting out
Seat 4: jeilsons ($135.29 in chips) 
Seat 6: Ysiven ($106.46 in chips) 
Ysiven: posts small blind $0.50
jeilsons: posts big blind $1
*** HOLE CARDS ***
Ysiven: raises $1.50 to $2.50
jeilsons: calls $1.50
*** FLOP *** [Qs 9h 3s]
jeilsons: checks 
Ysiven: checks 
*** TURN *** [Qs 9h 3s] [Ts]
jeilsons: bets $1.24
Ysiven: calls $1.24
*** RIVER *** [Qs 9h 3s Ts] [5d]
jeilsons: bets $7.11
Ysiven: folds 
Uncalled bet ($7.11) returned to jeilsons
jeilsons collected $7.11 from pot
jeilsons: doesn't show hand 
*** SUMMARY ***
Total pot $7.48 | Rake $0.37 
Board [Qs 9h 3s Ts 5d]
Seat 1: rao999
Seat 4: jeilsons (big blind) collected ($7.11)
Seat 6: Ysiven (button) (small blind) folded on the River



PokerStars Hand #254185433898:  Hold'em No Limit ($0.50/$1.00 USD) - 2025/01/04 6:41:20 WET [2025/01/04 1:41:20 ET]
Table 'Istria II' 6-max Seat #4 is the button
Seat 1: rao999 ($111.52 in chips) is sitting out
Seat 4: jeilsons ($138.66 in chips) 
Seat 6: Ysiven ($102.72 in chips) 
jeilsons: posts small blind $0.50
Ysiven: posts big blind $1
*** HOLE CARDS ***
jeilsons: folds 
Uncalled bet ($0.50) returned to Ysiven
Ysiven collected $1 from pot
Ysiven: doesn't show hand 
rao999 leaves the table
*** SUMMARY ***
Total pot $1 | Rake $0 
Seat 1: rao999
Seat 4: jeilsons (button) (small blind) folded before Flop
Seat 6: Ysiven (big blind) collected ($1)



PokerStars Hand #254185467632:  Hold'em No Limit ($0.50/$1.00 USD) - 2025/01/04 6:48:06 WET [2025/01/04 1:48:06 ET]
Table 'Istria II' 6-max Seat #6 is the button
Seat 1: jeilsons ($138.16 in chips) is sitting out
Seat 4: shootingGRID ($100 in chips) 
Seat 6: G.HANSEN333 ($100 in chips) 
G.HANSEN333: posts small blind $0.50
shootingGRID: posts big blind $1
*** HOLE CARDS ***
G.HANSEN333: raises $2 to $3
shootingGRID: folds 
Uncalled bet ($2) returned to G.HANSEN333
G.HANSEN333 collected $2 from pot
G.HANSEN333: doesn't show hand 
*** SUMMARY ***
Total pot $2 | Rake $0 
Seat 1: jeilsons
Seat 4: shootingGRID (big blind) folded before Flop
Seat 6: G.HANSEN333 (button) (small blind) collected ($2)



PokerStars Hand #254185468200:  Hold'em No Limit ($0.50/$1.00 USD) - 2025/01/04 6:48:13 WET [2025/01/04 1:48:13 ET]
Table 'Istria II' 6-max Seat #4 is the button
Seat 1: jeilsons ($138.16 in chips) is sitting out
Seat 4: shootingGRID ($100 in chips) 
Seat 6: G.HANSEN333 ($101 in chips) 
shootingGRID: posts small blind $0.50
G.HANSEN333: posts big blind $1
*** HOLE CARDS ***
shootingGRID: raises $1.25 to $2.25
G.HANSEN333: folds 
Uncalled bet ($1.25) returned to shootingGRID
shootingGRID collected $2 from pot
*** SUMMARY ***
Total pot $2 | Rake $0 
Seat 1: jeilsons
Seat 4: shootingGRID (button) (small blind) collected ($2)
Seat 6: G.HANSEN333 (big blind) folded before Flop



PokerStars Hand #254185468795:  Hold'em No Limit ($0.50/$1.00 USD) - 2025/01/04 6:48:20 WET [2025/01/04 1:48:20 ET]
Table 'Istria II' 6-max Seat #6 is the button
Seat 1: jeilsons ($138.16 in chips) is sitting out
Seat 4: shootingGRID ($101 in chips) 
Seat 6: G.HANSEN333 ($100 in chips) 
G.HANSEN333: posts small blind $0.50
shootingGRID: posts big blind $1
*** HOLE CARDS ***
G.HANSEN333: raises $2 to $3
shootingGRID: calls $2
*** FLOP *** [Qs 9s 3s]
shootingGRID: checks 
G.HANSEN333: bets $3.71
shootingGRID: calls $3.71
*** TURN *** [Qs 9s 3s] [4h]
shootingGRID: checks 
G.HANSEN333: bets $9.56
shootingGRID: calls $9.56
*** RIVER *** [Qs 9s 3s 4h] [8d]
shootingGRID: checks 
G.HANSEN333: bets $23.66
shootingGRID: calls $23.66
*** SHOW DOWN ***
G.HANSEN333: shows [As Js] (a flush, Ace high)
shootingGRID: mucks hand 
G.HANSEN333 collected $78.86 from pot
*** SUMMARY ***
Total pot $79.86 | Rake $1 
Board [Qs 9s 3s 4h 8d]
Seat 1: jeilsons
Seat 4: shootingGRID (big blind) mucked
Seat 6: G.HANSEN333 (button) (small blind) showed [As Js] and won ($78.86) with a flush, Ace high



PokerStars Hand #254185473369:  Hold'em No Limit ($0.50/$1.00 USD) - 2025/01/04 6:49:15 WET [2025/01/04 1:49:15 ET]
Table 'Istria II' 6-max Seat #4 is the button
Seat 1: jeilsons ($138.16 in chips) is sitting out
Seat 4: shootingGRID ($100 in chips) 
Seat 6: G.HANSEN333 ($138.93 in chips) 
shootingGRID: posts small blind $0.50
G.HANSEN333: posts big blind $1
*** HOLE CARDS ***
shootingGRID: raises $1.25 to $2.25
G.HANSEN333: folds 
Uncalled bet ($1.25) returned to shootingGRID
shootingGRID collected $2 from pot
*** SUMMARY ***
Total pot $2 | Rake $0 
Seat 1: jeilsons
Seat 4: shootingGRID (button) (small blind) collected ($2)
Seat 6: G.HANSEN333 (big blind) folded before Flop



PokerStars Hand #254185474278:  Hold'em No Limit ($0.50/$1.00 USD) - 2025/01/04 6:49:26 WET [2025/01/04 1:49:26 ET]
Table 'Istria II' 6-max Seat #6 is the button
Seat 1: jeilsons ($138.16 in chips) is sitting out
Seat 4: shootingGRID ($101 in chips) 
Seat 6: G.HANSEN333 ($137.93 in chips) 
G.HANSEN333: posts small blind $0.50
shootingGRID: posts big blind $1
*** HOLE CARDS ***
G.HANSEN333: folds 
Uncalled bet ($0.50) returned to shootingGRID
shootingGRID collected $1 from pot
*** SUMMARY ***
Total pot $1 | Rake $0 
Seat 1: jeilsons
Seat 4: shootingGRID (big blind) collected ($1)
Seat 6: G.HANSEN333 (button) (small blind) folded before Flop



PokerStars Hand #254185474939:  Hold'em No Limit ($0.50/$1.00 USD) - 2025/01/04 6:49:34 WET [2025/01/04 1:49:34 ET]
Table 'Istria II' 6-max Seat #4 is the button
Seat 1: jeilsons ($138.16 in chips) is sitting out
Seat 4: shootingGRID ($101.50 in chips) 
Seat 6: G.HANSEN333 ($137.43 in chips) 
shootingGRID: posts small blind $0.50
G.HANSEN333: posts big blind $1
*** HOLE CARDS ***
shootingGRID: raises $1.25 to $2.25
G.HANSEN333: folds 
Uncalled bet ($1.25) returned to shootingGRID
shootingGRID collected $2 from pot
*** SUMMARY ***
Total pot $2 | Rake $0 
Seat 1: jeilsons
Seat 4: shootingGRID (button) (small blind) collected ($2)
Seat 6: G.HANSEN333 (big blind) folded before Flop



PokerStars Hand #254185476190:  Hold'em No Limit ($0.50/$1.00 USD) - 2025/01/04 6:49:50 WET [2025/01/04 1:49:50 ET]
Table 'Istria II' 6-max Seat #6 is the button
Seat 1: jeilsons ($138.16 in chips) is sitting out
Seat 4: shootingGRID ($102.50 in chips) 
Seat 6: G.HANSEN333 ($136.43 in chips) 
G.HANSEN333: posts small blind $0.50
shootingGRID: posts big blind $1
*** HOLE CARDS ***
G.HANSEN333: raises $2 to $3
shootingGRID: folds 
Uncalled bet ($2) returned to G.HANSEN333
G.HANSEN333 collected $2 from pot
G.HANSEN333: doesn't show hand 
*** SUMMARY ***
Total pot $2 | Rake $0 
Seat 1: jeilsons
Seat 4: shootingGRID (big blind) folded before Flop
Seat 6: G.HANSEN333 (button) (small blind) collected ($2)



PokerStars Hand #254185476783:  Hold'em No Limit ($0.50/$1.00 USD) - 2025/01/04 6:49:57 WET [2025/01/04 1:49:57 ET]
Table 'Istria II' 6-max Seat #4 is the button
Seat 1: jeilsons ($138.16 in chips) is sitting out
Seat 4: shootingGRID ($101.50 in chips) 
Seat 6: G.HANSEN333 ($137.43 in chips) 
shootingGRID: posts small blind $0.50
G.HANSEN333: posts big blind $1
*** HOLE CARDS ***
shootingGRID: raises $1.25 to $2.25
G.HANSEN333: raises $8.75 to $11
shootingGRID: folds 
Uncalled bet ($8.75) returned to G.HANSEN333
G.HANSEN333 collected $4.50 from pot
G.HANSEN333: doesn't show hand 
*** SUMMARY ***
Total pot $4.50 | Rake $0 
Seat 1: jeilsons
Seat 4: shootingGRID (button) (small blind) folded before Flop
Seat 6: G.HANSEN333 (big blind) collected ($4.50)



PokerStars Hand #254185480583:  Hold'em No Limit ($0.50/$1.00 USD) - 2025/01/04 6:50:42 WET [2025/01/04 1:50:42 ET]
Table 'Istria II' 6-max Seat #6 is the button
Seat 1: jeilsons ($138.16 in chips) is sitting out
Seat 4: shootingGRID ($100 in chips) 
Seat 6: G.HANSEN333 ($139.68 in chips) 
G.HANSEN333: posts small blind $0.50
shootingGRID: posts big blind $1
*** HOLE CARDS ***
G.HANSEN333: raises $2 to $3
shootingGRID: folds 
Uncalled bet ($2) returned to G.HANSEN333
G.HANSEN333 collected $2 from pot
G.HANSEN333: doesn't show hand 
*** SUMMARY ***
Total pot $2 | Rake $0 
Seat 1: jeilsons
Seat 4: shootingGRID (big blind) folded before Flop
Seat 6: G.HANSEN333 (button) (small blind) collected ($2)



PokerStars Hand #254185482216:  Hold'em No Limit ($0.50/$1.00 USD) - 2025/01/04 6:51:02 WET [2025/01/04 1:51:02 ET]
Table 'Istria II' 6-max Seat #4 is the button
Seat 1: jeilsons ($138.16 in chips) is sitting out
Seat 4: shootingGRID ($100 in chips) 
Seat 6: G.HANSEN333 ($140.68 in chips) 
shootingGRID: posts small blind $0.50
G.HANSEN333: posts big blind $1
*** HOLE CARDS ***
shootingGRID: folds 
Uncalled bet ($0.50) returned to G.HANSEN333
G.HANSEN333 collected $1 from pot
G.HANSEN333: doesn't show hand 
*** SUMMARY ***
Total pot $1 | Rake $0 
Seat 1: jeilsons
Seat 4: shootingGRID (button) (small blind) folded before Flop
Seat 6: G.HANSEN333 (big blind) collected ($1)



PokerStars Hand #254185483461:  Hold'em No Limit ($0.50/$1.00 USD) - 2025/01/04 6:51:17 WET [2025/01/04 1:51:17 ET]
Table 'Istria II' 6-max Seat #6 is the button
Seat 1: jeilsons ($138.16 in chips) is sitting out
Seat 4: shootingGRID ($100 in chips) 
Seat 6: G.HANSEN333 ($141.18 in chips) 
G.HANSEN333: posts small blind $0.50
shootingGRID: posts big blind $1
*** HOLE CARDS ***
G.HANSEN333: raises $2 to $3
shootingGRID: raises $9 to $12
G.HANSEN333: folds 
Uncalled bet ($9) returned to shootingGRID
shootingGRID collected $6 from pot
*** SUMMARY ***
Total pot $6 | Rake $0 
Seat 1: jeilsons
Seat 4: shootingGRID (big blind) collected ($6)
Seat 6: G.HANSEN333 (button) (small blind) folded before Flop



PokerStars Hand #254185484711:  Hold'em No Limit ($0.50/$1.00 USD) - 2025/01/04 6:51:33 WET [2025/01/04 1:51:33 ET]
Table 'Istria II' 6-max Seat #4 is the button
Seat 1: jeilsons ($138.16 in chips) is sitting out
Seat 4: shootingGRID ($103 in chips) 
Seat 6: G.HANSEN333 ($138.18 in chips) 
shootingGRID: posts small blind $0.50
G.HANSEN333: posts big blind $1
*** HOLE CARDS ***
shootingGRID: raises $1.25 to $2.25
G.HANSEN333: calls $1.25
*** FLOP *** [Td 2s Qc]
G.HANSEN333: checks 
shootingGRID: checks 
*** TURN *** [Td 2s Qc] [Jc]
G.HANSEN333: checks 
shootingGRID: bets $2.82
G.HANSEN333: folds 
Uncalled bet ($2.82) returned to shootingGRID
shootingGRID collected $4.28 from pot
*** SUMMARY ***
Total pot $4.50 | Rake $0.22 
Board [Td 2s Qc Jc]
Seat 1: jeilsons
Seat 4: shootingGRID (button) (small blind) collected ($4.28)
Seat 6: G.HANSEN333 (big blind) folded on the Turn



PokerStars Hand #254185487510:  Hold'em No Limit ($0.50/$1.00 USD) - 2025/01/04 6:52:07 WET [2025/01/04 1:52:07 ET]
Table 'Istria II' 6-max Seat #6 is the button
Seat 1: jeilsons ($138.16 in chips) is sitting out
Seat 4: shootingGRID ($105.03 in chips) 
Seat 6: G.HANSEN333 ($135.93 in chips) 
G.HANSEN333: posts small blind $0.50
shootingGRID: posts big blind $1
*** HOLE CARDS ***
G.HANSEN333: raises $2 to $3
shootingGRID: calls $2
*** FLOP *** [Kh 6h 5c]
shootingGRID: checks 
G.HANSEN333: bets $3
shootingGRID: calls $3
*** TURN *** [Kh 6h 5c] [3s]
shootingGRID: checks 
G.HANSEN333: checks 
*** RIVER *** [Kh 6h 5c 3s] [9d]
shootingGRID: checks 
G.HANSEN333: checks 
*** SHOW DOWN ***
shootingGRID: shows [Jd 6d] (a pair of Sixes)
G.HANSEN333: mucks hand 
shootingGRID collected $11.40 from pot
*** SUMMARY ***
Total pot $12 | Rake $0.60 
Board [Kh 6h 5c 3s 9d]
Seat 1: jeilsons
Seat 4: shootingGRID (big blind) showed [Jd 6d] and won ($11.40) with a pair of Sixes
Seat 6: G.HANSEN333 (button) (small blind) mucked



PokerStars Hand #254185294517:  Hold'em No Limit ($0.50/$1.00 USD) - 2025/01/04 6:13:42 WET [2025/01/04 1:13:42 ET]
Table 'Istria II' 6-max Seat #4 is the button
Seat 6: b2k-Snick ($151.46 in chips) is sitting out
Seat 1: rao999 ($100 in chips) 
Seat 2: 7bekon7 ($103.50 in chips) 
Seat 3: avlee1 ($100 in chips) 
Seat 4: jeilsons ($113.23 in chips) 
Seat 5: cacan89 ($261.37 in chips) 
cacan89: posts small blind $0.50
b2k-Snick: is sitting out 
rao999: posts big blind $1
*** HOLE CARDS ***
b2k-Snick leaves the table
7bekon7: raises $1.25 to $2.25
avlee1: folds 
jeilsons: folds 
cacan89: calls $1.75
rao999: folds 
*** FLOP *** [4h 3d Ad]
cacan89: checks 
7bekon7: bets $1.31
cacan89: calls $1.31
*** TURN *** [4h 3d Ad] [2d]
cacan89: bets $3.86
7bekon7: folds 
Uncalled bet ($3.86) returned to cacan89
cacan89 collected $7.71 from pot
*** SUMMARY ***
Total pot $8.12 | Rake $0.41 
Board [4h 3d Ad 2d]
Seat 6: b2k-Snick
Seat 1: rao999 (big blind) folded before Flop
Seat 2: 7bekon7 folded on the Turn
Seat 3: avlee1 folded before Flop (didn't bet)
Seat 4: jeilsons (button) folded before Flop (didn't bet)
Seat 5: cacan89 (small blind) collected ($7.71)



PokerStars Hand #254185300502:  Hold'em No Limit ($0.50/$1.00 USD) - 2025/01/04 6:14:50 WET [2025/01/04 1:14:50 ET]
Table 'Istria II' 6-max Seat #5 is the button
Seat 1: rao999 ($100 in chips) 
Seat 2: 7bekon7 ($100 in chips) 
Seat 3: avlee1 ($100 in chips) 
Seat 4: jeilsons ($113.23 in chips) 
Seat 5: cacan89 ($265.52 in chips) 
rao999: posts small blind $0.50
7bekon7: posts big blind $1
*** HOLE CARDS ***
avlee1: folds 
Ysiven joins the table at seat #6 
jeilsons: raises $1.30 to $2.30
cacan89: calls $2.30
rao999: folds 
7bekon7: calls $1.30
*** FLOP *** [Kd 6s As]
7bekon7: checks 
jeilsons: checks 
cacan89: checks 
*** TURN *** [Kd 6s As] [5c]
7bekon7: checks 
jeilsons: checks 
cacan89: bets $3.52
7bekon7: folds 
jeilsons: folds 
Uncalled bet ($3.52) returned to cacan89
cacan89 collected $7.03 from pot
*** SUMMARY ***
Total pot $7.40 | Rake $0.37 
Board [Kd 6s As 5c]
Seat 1: rao999 (small blind) folded before Flop
Seat 2: 7bekon7 (big blind) folded on the Turn
Seat 3: avlee1 folded before Flop (didn't bet)
Seat 4: jeilsons folded on the Turn
Seat 5: cacan89 (button) collected ($7.03)



PokerStars Hand #254185306638:  Hold'em No Limit ($0.50/$1.00 USD) - 2025/01/04 6:16:00 WET [2025/01/04 1:16:00 ET]
Table 'Istria II' 6-max Seat #1 is the button
Seat 3: avlee1 ($100 in chips) is sitting out
Seat 6: Ysiven ($100 in chips) is sitting out
Seat 1: rao999 ($100 in chips) 
Seat 2: 7bekon7 ($100 in chips) 
Seat 4: jeilsons ($110.93 in chips) 
Seat 5: cacan89 ($270.25 in chips) 
7bekon7: posts small blind $0.50
avlee1: is sitting out 
jeilsons: posts big blind $1
Ysiven: sits out 
*** HOLE CARDS ***
cacan89: folds 
rao999: folds 
avlee1 leaves the table
7bekon7: raises $2 to $3
jeilsons: folds 
Uncalled bet ($2) returned to 7bekon7
7bekon7 collected $2 from pot
7bekon7: doesn't show hand 
*** SUMMARY ***
Total pot $2 | Rake $0 
Seat 3: avlee1
Seat 6: Ysiven
Seat 1: rao999 (button) folded before Flop (didn't bet)
Seat 2: 7bekon7 (small blind) collected ($2)
Seat 4: jeilsons (big blind) folded before Flop
Seat 5: cacan89 folded before Flop (didn't bet)



PokerStars Hand #254185308956:  Hold'em No Limit ($0.50/$1.00 USD) - 2025/01/04 6:16:27 WET [2025/01/04 1:16:27 ET]
Table 'Istria II' 6-max Seat #2 is the button
Seat 6: Ysiven ($100 in chips) is sitting out
Seat 1: rao999 ($100 in chips) 
Seat 2: 7bekon7 ($101 in chips) 
Seat 4: jeilsons ($109.93 in chips) 
Seat 5: cacan89 ($270.25 in chips) 
jeilsons: posts small blind $0.50
cacan89: posts big blind $1
Ysiven: sits out 
*** HOLE CARDS ***
rao999: folds 
7bekon7: raises $2 to $3
jeilsons: calls $2.50
cacan89: calls $2
*** FLOP *** [Ad Td 2s]
jeilsons: checks 
cacan89: checks 
7bekon7: bets $2.14
jeilsons: calls $2.14
cacan89: calls $2.14
*** TURN *** [Ad Td 2s] [Jd]
jeilsons: checks 
cacan89: checks 
For_the_idea joins the table at seat #3 
7bekon7: checks 
*** RIVER *** [Ad Td 2s Jd] [7h]
jeilsons: bets $17.58
cacan89: folds 
7bekon7: folds 
Uncalled bet ($17.58) returned to jeilsons
jeilsons collected $14.65 from pot
jeilsons: doesn't show hand 
*** SUMMARY ***
Total pot $15.42 | Rake $0.77 
Board [Ad Td 2s Jd 7h]
Seat 6: Ysiven
Seat 1: rao999 folded before Flop (didn't bet)
Seat 2: 7bekon7 (button) folded on the River
Seat 4: jeilsons (small blind) collected ($14.65)
Seat 5: cacan89 (big blind) folded on the River



PokerStars Hand #254185314968:  Hold'em No Limit ($0.50/$1.00 USD) - 2025/01/04 6:17:35 WET [2025/01/04 1:17:35 ET]
Table 'Istria II' 6-max Seat #4 is the button
Seat 3: For_the_idea ($102.50 in chips) is sitting out
Seat 1: rao999 ($100 in chips) 
Seat 2: 7bekon7 ($100 in chips) 
Seat 4: jeilsons ($119.44 in chips) 
Seat 5: cacan89 ($265.11 in chips) 
Seat 6: Ysiven ($100 in chips) 
cacan89: posts small blind $0.50
Ysiven: posts big blind $1
For_the_idea: sits out 
*** HOLE CARDS ***
rao999: raises $1.50 to $2.50
7bekon7: folds 
jeilsons: calls $2.50
cacan89: folds 
Ysiven: folds 
*** FLOP *** [9h 5c 4d]
rao999: bets $4.08
jeilsons: raises $10.20 to $14.28
rao999: folds 
Uncalled bet ($10.20) returned to jeilsons
jeilsons collected $13.93 from pot
jeilsons: doesn't show hand 
*** SUMMARY ***
Total pot $14.66 | Rake $0.73 
Board [9h 5c 4d]
Seat 3: For_the_idea
Seat 1: rao999 folded on the Flop
Seat 2: 7bekon7 folded before Flop (didn't bet)
Seat 4: jeilsons (button) collected ($13.93)
Seat 5: cacan89 (small blind) folded before Flop
Seat 6: Ysiven (big blind) folded before Flop



PokerStars Hand #254185320024:  Hold'em No Limit ($0.50/$1.00 USD) - 2025/01/04 6:18:33 WET [2025/01/04 1:18:33 ET]
Table 'Istria II' 6-max Seat #5 is the button
Seat 3: For_the_idea ($102.50 in chips) is sitting out
Seat 1: rao999 ($100 in chips) 
Seat 2: 7bekon7 ($100 in chips) 
Seat 4: jeilsons ($126.79 in chips) 
Seat 5: cacan89 ($264.61 in chips) 
Seat 6: Ysiven ($100 in chips) 
Ysiven: posts small blind $0.50
rao999: posts big blind $1
For_the_idea: sits out 
*** HOLE CARDS ***
7bekon7: folds 
jeilsons: raises $1.30 to $2.30
cacan89: folds 
Ysiven: raises $9.20 to $11.50
rao999: folds 
jeilsons: folds 
Uncalled bet ($9.20) returned to Ysiven
Ysiven collected $5.60 from pot
Ysiven: doesn't show hand 
*** SUMMARY ***
Total pot $5.60 | Rake $0 
Seat 3: For_the_idea
Seat 1: rao999 (big blind) folded before Flop
Seat 2: 7bekon7 folded before Flop (didn't bet)
Seat 4: jeilsons folded before Flop
Seat 5: cacan89 (button) folded before Flop (didn't bet)
Seat 6: Ysiven (small blind) collected ($5.60)



PokerStars Hand #254185321898:  Hold'em No Limit ($0.50/$1.00 USD) - 2025/01/04 6:18:55 WET [2025/01/04 1:18:55 ET]
Table 'Istria II' 6-max Seat #6 is the button
Seat 3: For_the_idea ($102.50 in chips) is sitting out
Seat 1: rao999 ($100 in chips) 
Seat 2: 7bekon7 ($100 in chips) 
Seat 4: jeilsons ($124.49 in chips) 
Seat 5: cacan89 ($264.61 in chips) 
Seat 6: Ysiven ($103.30 in chips) 
rao999: posts small blind $0.50
7bekon7: posts big blind $1
For_the_idea: sits out 
*** HOLE CARDS ***
jeilsons: folds 
cacan89: raises $2 to $3
Ysiven: folds 
rao999: calls $2.50
7bekon7: calls $2
*** FLOP *** [Tc 7d Ks]
rao999: checks 
7bekon7: checks 
cacan89: bets $4.28
rao999: calls $4.28
7bekon7: calls $4.28
*** TURN *** [Tc 7d Ks] [3d]
rao999: checks 
7bekon7: checks 
cacan89: bets $17
rao999: folds 
7bekon7: folds 
Uncalled bet ($17) returned to cacan89
cacan89 collected $20.75 from pot
*** SUMMARY ***
Total pot $21.84 | Rake $1.09 
Board [Tc 7d Ks 3d]
Seat 3: For_the_idea
Seat 1: rao999 (small blind) folded on the Turn
Seat 2: 7bekon7 (big blind) folded on the Turn
Seat 4: jeilsons folded before Flop (didn't bet)
Seat 5: cacan89 collected ($20.75)
Seat 6: Ysiven (button) folded before Flop (didn't bet)



PokerStars Hand #254185329163:  Hold'em No Limit ($0.50/$1.00 USD) - 2025/01/04 6:20:19 WET [2025/01/04 1:20:19 ET]
Table 'Istria II' 6-max Seat #1 is the button
Seat 1: rao999 ($100 in chips) 
Seat 2: 7bekon7 ($100 in chips) 
Seat 3: For_the_idea ($102.50 in chips) 
Seat 4: jeilsons ($124.49 in chips) 
Seat 5: cacan89 ($278.08 in chips) 
Seat 6: Ysiven ($103.30 in chips) 
7bekon7: posts small blind $0.50
For_the_idea: posts big blind $1
*** HOLE CARDS ***
jeilsons: folds 
cacan89: folds 
Ysiven: folds 
rao999: folds 
7bekon7: calls $0.50
For_the_idea: checks 
*** FLOP *** [6c 7c Tc]
7bekon7: checks 
For_the_idea: checks 
*** TURN *** [6c 7c Tc] [Ks]
7bekon7: checks 
For_the_idea: checks 
*** RIVER *** [6c 7c Tc Ks] [Kd]
7bekon7: checks 
For_the_idea: checks 
*** SHOW DOWN ***
7bekon7: shows [Ad 8h] (a pair of Kings)
For_the_idea: shows [Th 5s] (two pair, Kings and Tens)
For_the_idea collected $1.90 from pot
*** SUMMARY ***
Total pot $2 | Rake $0.10 
Board [6c 7c Tc Ks Kd]
Seat 1: rao999 (button) folded before Flop (didn't bet)
Seat 2: 7bekon7 (small blind) showed [Ad 8h] and lost with a pair of Kings
Seat 3: For_the_idea (big blind) showed [Th 5s] and won ($1.90) with two pair, Kings and Tens
Seat 4: jeilsons folded before Flop (didn't bet)
Seat 5: cacan89 folded before Flop (didn't bet)
Seat 6: Ysiven folded before Flop (didn't bet)



PokerStars Hand #254185336228:  Hold'em No Limit ($0.50/$1.00 USD) - 2025/01/04 6:21:41 WET [2025/01/04 1:21:41 ET]
Table 'Istria II' 6-max Seat #2 is the button
Seat 1: rao999 ($100 in chips) 
Seat 2: 7bekon7 ($100 in chips) 
Seat 3: For_the_idea ($103.40 in chips) 
Seat 4: jeilsons ($124.49 in chips) 
Seat 5: cacan89 ($278.08 in chips) 
Seat 6: Ysiven ($103.30 in chips) 
For_the_idea: posts small blind $0.50
jeilsons: posts big blind $1
*** HOLE CARDS ***
cacan89: folds 
Ysiven: raises $1 to $2
rao999: folds 
7bekon7: folds 
For_the_idea: folds 
jeilsons: calls $1
*** FLOP *** [6c 4c 7d]
jeilsons: checks 
Ysiven: bets $2
jeilsons: calls $2
*** TURN *** [6c 4c 7d] [Qc]
jeilsons: checks 
Ysiven: checks 
*** RIVER *** [6c 4c 7d Qc] [3d]
jeilsons: checks 
Ysiven: bets $5.70
jeilsons: folds 
Uncalled bet ($5.70) returned to Ysiven
Ysiven collected $8.08 from pot
Ysiven: doesn't show hand 
*** SUMMARY ***
Total pot $8.50 | Rake $0.42 
Board [6c 4c 7d Qc 3d]
Seat 1: rao999 folded before Flop (didn't bet)
Seat 2: 7bekon7 (button) folded before Flop (didn't bet)
Seat 3: For_the_idea (small blind) folded before Flop
Seat 4: jeilsons (big blind) folded on the River
Seat 5: cacan89 folded before Flop (didn't bet)
Seat 6: Ysiven collected ($8.08)



PokerStars Hand #254185342727:  Hold'em No Limit ($0.50/$1.00 USD) - 2025/01/04 6:22:58 WET [2025/01/04 1:22:58 ET]
Table 'Istria II' 6-max Seat #3 is the button
Seat 1: rao999 ($100 in chips) 
Seat 2: 7bekon7 ($100 in chips) 
Seat 3: For_the_idea ($102.90 in chips) 
Seat 4: jeilsons ($120.49 in chips) 
Seat 5: cacan89 ($278.08 in chips) 
Seat 6: Ysiven ($107.38 in chips) 
jeilsons: posts small blind $0.50
cacan89: posts big blind $1
*** HOLE CARDS ***
Ysiven: raises $1 to $2
rao999: folds 
7bekon7: folds 
For_the_idea: folds 
jeilsons: calls $1.50
cacan89: calls $1
*** FLOP *** [4s 8d Kc]
jeilsons: checks 
cacan89: checks 
Ysiven: bets $1.88
jeilsons: folds 
cacan89: calls $1.88
*** TURN *** [4s 8d Kc] [Jc]
cacan89: checks 
Ysiven: checks 
*** RIVER *** [4s 8d Kc Jc] [6h]
cacan89: bets $9.27
Ysiven: folds 
Uncalled bet ($9.27) returned to cacan89
cacan89 collected $9.27 from pot
*** SUMMARY ***
Total pot $9.76 | Rake $0.49 
Board [4s 8d Kc Jc 6h]
Seat 1: rao999 folded before Flop (didn't bet)
Seat 2: 7bekon7 folded before Flop (didn't bet)
Seat 3: For_the_idea (button) folded before Flop (didn't bet)
Seat 4: jeilsons (small blind) folded on the Flop
Seat 5: cacan89 (big blind) collected ($9.27)
Seat 6: Ysiven folded on the River



PokerStars Hand #254185351376:  Hold'em No Limit ($0.50/$1.00 USD) - 2025/01/04 6:24:39 WET [2025/01/04 1:24:39 ET]
Table 'Istria II' 6-max Seat #4 is the button
Seat 1: rao999 ($100 in chips) 
Seat 2: 7bekon7 ($100 in chips) 
Seat 3: For_the_idea ($102.90 in chips) 
Seat 4: jeilsons ($118.49 in chips) 
Seat 5: cacan89 ($283.47 in chips) 
Seat 6: Ysiven ($103.50 in chips) 
cacan89: posts small blind $0.50
Ysiven: posts big blind $1
*** HOLE CARDS ***
rao999: folds 
7bekon7: folds 
For_the_idea: folds 
jeilsons: raises $1.50 to $2.50
cacan89: folds 
Ysiven: folds 
Uncalled bet ($1.50) returned to jeilsons
jeilsons collected $2.50 from pot
jeilsons: doesn't show hand 
*** SUMMARY ***
Total pot $2.50 | Rake $0 
Seat 1: rao999 folded before Flop (didn't bet)
Seat 2: 7bekon7 folded before Flop (didn't bet)
Seat 3: For_the_idea folded before Flop (didn't bet)
Seat 4: jeilsons (button) collected ($2.50)
Seat 5: cacan89 (small blind) folded before Flop
Seat 6: Ysiven (big blind) folded before Flop



PokerStars Hand #254185352562:  Hold'em No Limit ($0.50/$1.00 USD) - 2025/01/04 6:24:53 WET [2025/01/04 1:24:53 ET]
Table 'Istria II' 6-max Seat #5 is the button
Seat 1: rao999 ($100 in chips) 
Seat 2: 7bekon7 ($100 in chips) 
Seat 3: For_the_idea ($102.90 in chips) 
Seat 4: jeilsons ($119.99 in chips) 
Seat 5: cacan89 ($282.97 in chips) 
Seat 6: Ysiven ($102.50 in chips) 
Ysiven: posts small blind $0.50
rao999: posts big blind $1
*** HOLE CARDS ***
7bekon7: folds 
For_the_idea: folds 
7bekon7 leaves the table
jeilsons: folds 
cacan89: calls $1
Ysiven: folds 
Sadyhov V.V. joins the table at seat #2 
rao999: checks 
*** FLOP *** [Td 8d 4c]
rao999: checks 
cacan89: bets $1.19
rao999: calls $1.19
*** TURN *** [Td 8d 4c] [4h]
rao999: checks 
cacan89: checks 
*** RIVER *** [Td 8d 4c 4h] [9h]
rao999: bets $1.53
cacan89: calls $1.53
*** SHOW DOWN ***
rao999: shows [4d 5c] (three of a kind, Fours)
cacan89: mucks hand 
rao999 collected $7.54 from pot
*** SUMMARY ***
Total pot $7.94 | Rake $0.40 
Board [Td 8d 4c 4h 9h]
Seat 1: rao999 (big blind) showed [4d 5c] and won ($7.54) with three of a kind, Fours
Seat 2: 7bekon7 folded before Flop (didn't bet)
Seat 3: For_the_idea folded before Flop (didn't bet)
Seat 4: jeilsons folded before Flop (didn't bet)
Seat 5: cacan89 (button) mucked
Seat 6: Ysiven (small blind) folded before Flop



PokerStars Hand #254185358095:  Hold'em No Limit ($0.50/$1.00 USD) - 2025/01/04 6:25:59 WET [2025/01/04 1:25:59 ET]
Table 'Istria II' 6-max Seat #6 is the button
Seat 1: rao999 ($103.82 in chips) 
Seat 2: Sadyhov V.V. ($100 in chips) 
Seat 3: For_the_idea ($102.90 in chips) 
Seat 4: jeilsons ($119.99 in chips) 
Seat 5: cacan89 ($279.25 in chips) 
Seat 6: Ysiven ($102 in chips) 
rao999: posts small blind $0.50
Sadyhov V.V.: posts big blind $1
*** HOLE CARDS ***
For_the_idea: folds 
jeilsons: folds 
cacan89: folds 
Ysiven: raises $1.50 to $2.50
rao999: raises $9.50 to $12
Sadyhov V.V.: folds 
Ysiven: folds 
Uncalled bet ($9.50) returned to rao999
rao999 collected $6 from pot
rao999: doesn't show hand 
*** SUMMARY ***
Total pot $6 | Rake $0 
Seat 1: rao999 (small blind) collected ($6)
Seat 2: Sadyhov V.V. (big blind) folded before Flop
Seat 3: For_the_idea folded before Flop (didn't bet)
Seat 4: jeilsons folded before Flop (didn't bet)
Seat 5: cacan89 folded before Flop (didn't bet)
Seat 6: Ysiven (button) folded before Flop



PokerStars Hand #254185359880:  Hold'em No Limit ($0.50/$1.00 USD) - 2025/01/04 6:26:21 WET [2025/01/04 1:26:21 ET]
Table 'Istria II' 6-max Seat #1 is the button
Seat 1: rao999 ($107.32 in chips) 
Seat 2: Sadyhov V.V. ($100 in chips) 
Seat 3: For_the_idea ($102.90 in chips) 
Seat 4: jeilsons ($119.99 in chips) 
Seat 5: cacan89 ($279.25 in chips) 
Seat 6: Ysiven ($100 in chips) 
Sadyhov V.V.: posts small blind $0.50
For_the_idea: posts big blind $1
*** HOLE CARDS ***
jeilsons: folds 
cacan89: raises $1 to $2
Ysiven: folds 
rao999: folds 
Sadyhov V.V.: folds 
For_the_idea: folds 
Uncalled bet ($1) returned to cacan89
cacan89 collected $2.50 from pot
*** SUMMARY ***
Total pot $2.50 | Rake $0 
Seat 1: rao999 (button) folded before Flop (didn't bet)
Seat 2: Sadyhov V.V. (small blind) folded before Flop
Seat 3: For_the_idea (big blind) folded before Flop
Seat 4: jeilsons folded before Flop (didn't bet)
Seat 5: cacan89 collected ($2.50)
Seat 6: Ysiven folded before Flop (didn't bet)



PokerStars Hand #254185360853:  Hold'em No Limit ($0.50/$1.00 USD) - 2025/01/04 6:26:33 WET [2025/01/04 1:26:33 ET]
Table 'Istria II' 6-max Seat #2 is the button
Seat 1: rao999 ($107.32 in chips) 
Seat 2: Sadyhov V.V. ($100 in chips) 
Seat 3: For_the_idea ($101.90 in chips) 
Seat 4: jeilsons ($119.99 in chips) 
Seat 5: cacan89 ($280.75 in chips) 
Seat 6: Ysiven ($100 in chips) 
For_the_idea: posts small blind $0.50
jeilsons: posts big blind $1
*** HOLE CARDS ***
cacan89: folds 
Ysiven: folds 
rao999: folds 
Sadyhov V.V.: raises $1.50 to $2.50
For_the_idea: folds 
jeilsons: calls $1.50
*** FLOP *** [3s 8h Qh]
jeilsons: checks 
Sadyhov V.V.: bets $1.72
jeilsons: calls $1.72
*** TURN *** [3s 8h Qh] [9d]
jeilsons: checks 
Sadyhov V.V.: checks 
*** RIVER *** [3s 8h Qh 9d] [9s]
jeilsons: bets $12.73
Sadyhov V.V.: folds 
Uncalled bet ($12.73) returned to jeilsons
jeilsons collected $8.49 from pot
jeilsons: doesn't show hand 
*** SUMMARY ***
Total pot $8.94 | Rake $0.45 
Board [3s 8h Qh 9d 9s]
Seat 1: rao999 folded before Flop (didn't bet)
Seat 2: Sadyhov V.V. (button) folded on the River
Seat 3: For_the_idea (small blind) folded before Flop
Seat 4: jeilsons (big blind) collected ($8.49)
Seat 5: cacan89 folded before Flop (didn't bet)
Seat 6: Ysiven folded before Flop (didn't bet)



PokerStars Hand #254185367510:  Hold'em No Limit ($0.50/$1.00 USD) - 2025/01/04 6:27:52 WET [2025/01/04 1:27:52 ET]
Table 'Istria II' 6-max Seat #3 is the button
Seat 1: rao999 ($107.32 in chips) 
Seat 2: Sadyhov V.V. ($100 in chips) 
Seat 3: For_the_idea ($101.40 in chips) 
Seat 4: jeilsons ($124.26 in chips) 
Seat 5: cacan89 ($280.75 in chips) 
Seat 6: Ysiven ($100 in chips) 
jeilsons: posts small blind $0.50
cacan89: posts big blind $1
*** HOLE CARDS ***
Ysiven: raises $1 to $2
rao999: folds 
Sadyhov V.V.: folds 
For_the_idea: folds 
jeilsons: folds 
cacan89: folds 
Uncalled bet ($1) returned to Ysiven
Ysiven collected $2.50 from pot
Ysiven: doesn't show hand 
*** SUMMARY ***
Total pot $2.50 | Rake $0 
Seat 1: rao999 folded before Flop (didn't bet)
Seat 2: Sadyhov V.V. folded before Flop (didn't bet)
Seat 3: For_the_idea (button) folded before Flop (didn't bet)
Seat 4: jeilsons (small blind) folded before Flop
Seat 5: cacan89 (big blind) folded before Flop
Seat 6: Ysiven collected ($2.50)



PokerStars Hand #254185369045:  Hold'em No Limit ($0.50/$1.00 USD) - 2025/01/04 6:28:10 WET [2025/01/04 1:28:10 ET]
Table 'Istria II' 6-max Seat #4 is the button
Seat 1: rao999 ($107.32 in chips) 
Seat 2: Sadyhov V.V. ($100 in chips) 
Seat 3: For_the_idea ($101.40 in chips) 
Seat 4: jeilsons ($123.76 in chips) 
Seat 5: cacan89 ($279.75 in chips) 
Seat 6: Ysiven ($101.50 in chips) 
cacan89: posts small blind $0.50
Ysiven: posts big blind $1
*** HOLE CARDS ***
rao999: folds 
Sadyhov V.V.: folds 
For_the_idea: folds 
jeilsons: raises $1.50 to $2.50
cacan89: folds 
Ysiven: calls $1.50
*** FLOP *** [Qc 4c As]
Ysiven: checks 
jeilsons: checks 
*** TURN *** [Qc 4c As] [2d]
Ysiven: bets $12.50
jeilsons: folds 
Uncalled bet ($12.50) returned to Ysiven
Ysiven collected $5.22 from pot
Ysiven: doesn't show hand 
*** SUMMARY ***
Total pot $5.50 | Rake $0.28 
Board [Qc 4c As 2d]
Seat 1: rao999 folded before Flop (didn't bet)
Seat 2: Sadyhov V.V. folded before Flop (didn't bet)
Seat 3: For_the_idea folded before Flop (didn't bet)
Seat 4: jeilsons (button) folded on the Turn
Seat 5: cacan89 (small blind) folded before Flop
Seat 6: Ysiven (big blind) collected ($5.22)



PokerStars Hand #254185372696:  Hold'em No Limit ($0.50/$1.00 USD) - 2025/01/04 6:28:53 WET [2025/01/04 1:28:53 ET]
Table 'Istria II' 6-max Seat #5 is the button
Seat 1: rao999 ($107.32 in chips) 
Seat 2: Sadyhov V.V. ($100 in chips) 
Seat 3: For_the_idea ($101.40 in chips) 
Seat 4: jeilsons ($121.26 in chips) 
Seat 5: cacan89 ($279.25 in chips) 
Seat 6: Ysiven ($104.22 in chips) 
Ysiven: posts small blind $0.50
rao999: posts big blind $1
*** HOLE CARDS ***
Sadyhov V.V.: folds 
For_the_idea: folds 
jeilsons: folds 
cacan89: raises $1 to $2
Ysiven: folds 
rao999: folds 
Uncalled bet ($1) returned to cacan89
cacan89 collected $2.50 from pot
*** SUMMARY ***
Total pot $2.50 | Rake $0 
Seat 1: rao999 (big blind) folded before Flop
Seat 2: Sadyhov V.V. folded before Flop (didn't bet)
Seat 3: For_the_idea folded before Flop (didn't bet)
Seat 4: jeilsons folded before Flop (didn't bet)
Seat 5: cacan89 (button) collected ($2.50)
Seat 6: Ysiven (small blind) folded before Flop



PokerStars Hand #254185374909:  Hold'em No Limit ($0.50/$1.00 USD) - 2025/01/04 6:29:20 WET [2025/01/04 1:29:20 ET]
Table 'Istria II' 6-max Seat #6 is the button
Seat 1: rao999 ($106.32 in chips) 
Seat 2: Sadyhov V.V. ($100 in chips) 
Seat 3: For_the_idea ($101.40 in chips) 
Seat 4: jeilsons ($121.26 in chips) 
Seat 5: cacan89 ($280.75 in chips) 
Seat 6: Ysiven ($103.72 in chips) 
rao999: posts small blind $0.50
Sadyhov V.V.: posts big blind $1
*** HOLE CARDS ***
For_the_idea: folds 
jeilsons: folds 
cacan89: folds 
Ysiven: folds 
rao999: folds 
Uncalled bet ($0.50) returned to Sadyhov V.V.
Sadyhov V.V. collected $1 from pot
Sadyhov V.V.: doesn't show hand 
*** SUMMARY ***
Total pot $1 | Rake $0 
Seat 1: rao999 (small blind) folded before Flop
Seat 2: Sadyhov V.V. (big blind) collected ($1)
Seat 3: For_the_idea folded before Flop (didn't bet)
Seat 4: jeilsons folded before Flop (didn't bet)
Seat 5: cacan89 folded before Flop (didn't bet)
Seat 6: Ysiven (button) folded before Flop (didn't bet)



PokerStars Hand #254185377100:  Hold'em No Limit ($0.50/$1.00 USD) - 2025/01/04 6:29:47 WET [2025/01/04 1:29:47 ET]
Table 'Istria II' 6-max Seat #1 is the button
Seat 1: rao999 ($105.82 in chips) 
Seat 2: Sadyhov V.V. ($100.50 in chips) 
Seat 3: For_the_idea ($101.40 in chips) 
Seat 4: jeilsons ($121.26 in chips) 
Seat 5: cacan89 ($280.75 in chips) 
Seat 6: Ysiven ($103.72 in chips) 
Sadyhov V.V.: posts small blind $0.50
For_the_idea: posts big blind $1
*** HOLE CARDS ***
jeilsons: folds 
cacan89: calls $1
Ysiven: folds 
rao999: folds 
Sadyhov V.V.: folds 
For_the_idea: checks 
*** FLOP *** [Jd 3c 5s]
For_the_idea: checks 
cacan89: checks 
*** TURN *** [Jd 3c 5s] [5c]
For_the_idea: checks 
cacan89: bets $1.19
For_the_idea: folds 
Uncalled bet ($1.19) returned to cacan89
cacan89 collected $2.38 from pot
*** SUMMARY ***
Total pot $2.50 | Rake $0.12 
Board [Jd 3c 5s 5c]
Seat 1: rao999 (button) folded before Flop (didn't bet)
Seat 2: Sadyhov V.V. (small blind) folded before Flop
Seat 3: For_the_idea (big blind) folded on the Turn
Seat 4: jeilsons folded before Flop (didn't bet)
Seat 5: cacan89 collected ($2.38)
Seat 6: Ysiven folded before Flop (didn't bet)



PokerStars Hand #254185380730:  Hold'em No Limit ($0.50/$1.00 USD) - 2025/01/04 6:30:31 WET [2025/01/04 1:30:31 ET]
Table 'Istria II' 6-max Seat #2 is the button
Seat 1: rao999 ($105.82 in chips) 
Seat 2: Sadyhov V.V. ($100 in chips) 
Seat 3: For_the_idea ($100.40 in chips) 
Seat 4: jeilsons ($121.26 in chips) 
Seat 5: cacan89 ($282.13 in chips) 
Seat 6: Ysiven ($103.72 in chips) 
For_the_idea: posts small blind $0.50
jeilsons: posts big blind $1
*** HOLE CARDS ***
cacan89: folds 
Ysiven: folds 
rao999: raises $1.50 to $2.50
Sadyhov V.V.: folds 
For_the_idea: folds 
jeilsons: folds 
Uncalled bet ($1.50) returned to rao999
rao999 collected $2.50 from pot
rao999: doesn't show hand 
*** SUMMARY ***
Total pot $2.50 | Rake $0 
Seat 1: rao999 collected ($2.50)
Seat 2: Sadyhov V.V. (button) folded before Flop (didn't bet)
Seat 3: For_the_idea (small blind) folded before Flop
Seat 4: jeilsons (big blind) folded before Flop
Seat 5: cacan89 folded before Flop (didn't bet)
Seat 6: Ysiven folded before Flop (didn't bet)



PokerStars Hand #254185382325:  Hold'em No Limit ($0.50/$1.00 USD) - 2025/01/04 6:30:51 WET [2025/01/04 1:30:51 ET]
Table 'Istria II' 6-max Seat #3 is the button
Seat 1: rao999 ($107.32 in chips) 
Seat 2: Sadyhov V.V. ($100 in chips) 
Seat 3: For_the_idea ($100 in chips) 
Seat 4: jeilsons ($120.26 in chips) 
Seat 5: cacan89 ($282.13 in chips) 
Seat 6: Ysiven ($103.72 in chips) 
jeilsons: posts small blind $0.50
cacan89: posts big blind $1
*** HOLE CARDS ***
Ysiven: raises $1 to $2
rao999: raises $5.50 to $7.50
Sadyhov V.V.: folds 
For_the_idea: folds 
jeilsons: folds 
cacan89: folds 
Ysiven: folds 
Uncalled bet ($5.50) returned to rao999
rao999 collected $5.50 from pot
rao999: doesn't show hand 
*** SUMMARY ***
Total pot $5.50 | Rake $0 
Seat 1: rao999 collected ($5.50)
Seat 2: Sadyhov V.V. folded before Flop (didn't bet)
Seat 3: For_the_idea (button) folded before Flop (didn't bet)
Seat 4: jeilsons (small blind) folded before Flop
Seat 5: cacan89 (big blind) folded before Flop
Seat 6: Ysiven folded before Flop



PokerStars Hand #254185383989:  Hold'em No Limit ($0.50/$1.00 USD) - 2025/01/04 6:31:12 WET [2025/01/04 1:31:12 ET]
Table 'Istria II' 6-max Seat #4 is the button
Seat 1: rao999 ($110.82 in chips) 
Seat 2: Sadyhov V.V. ($100 in chips) 
Seat 3: For_the_idea ($100 in chips) 
Seat 4: jeilsons ($119.76 in chips) 
Seat 5: cacan89 ($281.13 in chips) 
Seat 6: Ysiven ($101.72 in chips) 
cacan89: posts small blind $0.50
Ysiven: posts big blind $1
*** HOLE CARDS ***
rao999: folds 
Sadyhov V.V.: folds 
For_the_idea: folds 
jeilsons: raises $1.50 to $2.50
cacan89: folds 
Ysiven: calls $1.50
*** FLOP *** [Th 2s As]
Ysiven: checks 
jeilsons: checks 
*** TURN *** [Th 2s As] [9h]
Ysiven: bets $13
jeilsons: folds 
Uncalled bet ($13) returned to Ysiven
Ysiven collected $5.22 from pot
Ysiven: doesn't show hand 
*** SUMMARY ***
Total pot $5.50 | Rake $0.28 
Board [Th 2s As 9h]
Seat 1: rao999 folded before Flop (didn't bet)
Seat 2: Sadyhov V.V. folded before Flop (didn't bet)
Seat 3: For_the_idea folded before Flop (didn't bet)
Seat 4: jeilsons (button) folded on the Turn
Seat 5: cacan89 (small blind) folded before Flop
Seat 6: Ysiven (big blind) collected ($5.22)



PokerStars Hand #254185388355:  Hold'em No Limit ($0.50/$1.00 USD) - 2025/01/04 6:32:05 WET [2025/01/04 1:32:05 ET]
Table 'Istria II' 6-max Seat #5 is the button
Seat 1: rao999 ($110.82 in chips) 
Seat 2: Sadyhov V.V. ($100 in chips) 
Seat 3: For_the_idea ($100 in chips) 
Seat 4: jeilsons ($117.26 in chips) 
Seat 5: cacan89 ($280.63 in chips) 
Seat 6: Ysiven ($104.44 in chips) 
Ysiven: posts small blind $0.50
rao999: posts big blind $1
*** HOLE CARDS ***
Sadyhov V.V.: folds 
For_the_idea: folds 
jeilsons: folds 
cacan89: raises $2 to $3
Ysiven: folds 
rao999: calls $2
*** FLOP *** [4s 7h Qs]
rao999: checks 
cacan89: checks 
*** TURN *** [4s 7h Qs] [Js]
rao999: checks 
cacan89: bets $3.09
rao999: folds 
Uncalled bet ($3.09) returned to cacan89
cacan89 collected $6.18 from pot
*** SUMMARY ***
Total pot $6.50 | Rake $0.32 
Board [4s 7h Qs Js]
Seat 1: rao999 (big blind) folded on the Turn
Seat 2: Sadyhov V.V. folded before Flop (didn't bet)
Seat 3: For_the_idea folded before Flop (didn't bet)
Seat 4: jeilsons folded before Flop (didn't bet)
Seat 5: cacan89 (button) collected ($6.18)
Seat 6: Ysiven (small blind) folded before Flop



PokerStars Hand #254185391074:  Hold'em No Limit ($0.50/$1.00 USD) - 2025/01/04 6:32:38 WET [2025/01/04 1:32:38 ET]
Table 'Istria II' 6-max Seat #6 is the button
Seat 1: rao999 ($107.82 in chips) 
Seat 2: Sadyhov V.V. ($100 in chips) 
Seat 3: For_the_idea ($100 in chips) 
Seat 4: jeilsons ($117.26 in chips) 
Seat 5: cacan89 ($283.81 in chips) 
Seat 6: Ysiven ($103.94 in chips) 
rao999: posts small blind $0.50
Sadyhov V.V.: posts big blind $1
*** HOLE CARDS ***
For_the_idea: folds 
jeilsons: folds 
cacan89: folds 
Ysiven: folds 
rao999: raises $2 to $3
Sadyhov V.V.: calls $2
*** FLOP *** [2d 6s Td]
rao999: checks 
Sadyhov V.V.: checks 
*** TURN *** [2d 6s Td] [Ts]
rao999: bets $3.76
Sadyhov V.V.: folds 
Uncalled bet ($3.76) returned to rao999
rao999 collected $5.70 from pot
rao999: doesn't show hand 
*** SUMMARY ***
Total pot $6 | Rake $0.30 
Board [2d 6s Td Ts]
Seat 1: rao999 (small blind) collected ($5.70)
Seat 2: Sadyhov V.V. (big blind) folded on the Turn
Seat 3: For_the_idea folded before Flop (didn't bet)
Seat 4: jeilsons folded before Flop (didn't bet)
Seat 5: cacan89 folded before Flop (didn't bet)
Seat 6: Ysiven (button) folded before Flop (didn't bet)



