PokerStars Hand #254189314088:  Hold'em No Limit ($0.50/$1.00 USD) - 2025/01/04 14:12:14 WET [2025/01/04 9:12:14 ET]
Table 'Niels II' 6-max Seat #1 is the button
Seat 1: BoyLoc0 ($100.50 in chips) 
Seat 2: 24holdm ($14.47 in chips) 
BoyLoc0: posts small blind $0.50
24holdm: posts big blind $1
*** HOLE CARDS ***
BoyLoc0: raises $99.50 to $100.50 and is all-in
24holdm: calls $13.47 and is all-in
Uncalled bet ($86.03) returned to BoyLoc0
*** FLOP *** [5h 5c Ks]
*** TURN *** [5h 5c Ks] [Ad]
*** RIVER *** [5h 5c Ks Ad] [4c]
*** SHOW DOWN ***
24holdm: shows [Tc Th] (two pair, Tens and Fives)
BoyLoc0: shows [Ah 5d] (a full house, Fives full of Aces)
BoyLoc0 collected $27.94 from pot
24holdm cashed out the hand for $19.21 | Cash Out Fee $0.39
*** SUMMARY ***
Total pot $28.94 | Rake $1 
Board [5h 5c Ks Ad 4c]
Seat 1: BoyLoc0 (button) (small blind) showed [Ah 5d] and won ($27.94) with a full house, Fives full of Aces
Seat 2: 24holdm (big blind) showed [Tc Th] and lost with two pair, Tens and Fives (cashed out).



PokerStars Hand #254189368004:  Hold'em No Limit ($0.50/$1.00 USD) - 2025/01/04 14:16:30 WET [2025/01/04 9:16:30 ET]
Table 'Niels II' 6-max Seat #5 is the button
Seat 2: 24holdm ($19.21 in chips) is sitting out
Seat 1: BoyLoc0 ($113.97 in chips) 
Seat 5: LuckyShikari ($100 in chips) 
LuckyShikari: posts small blind $0.50
BoyLoc0: posts big blind $1
*** HOLE CARDS ***
LuckyShikari: raises $1 to $2
BoyLoc0: calls $1
*** FLOP *** [2c Td Qh]
BoyLoc0: checks 
24holdm is disconnected 
LuckyShikari: checks 
*** TURN *** [2c Td Qh] [4s]
BoyLoc0: checks 
LuckyShikari: checks 
*** RIVER *** [2c Td Qh 4s] [3h]
BoyLoc0: bets $1.25
LuckyShikari: raises $21.25 to $22.50
BoyLoc0: folds 
Uncalled bet ($21.25) returned to LuckyShikari
LuckyShikari collected $6.18 from pot
LuckyShikari: doesn't show hand 
*** SUMMARY ***
Total pot $6.50 | Rake $0.32 
Board [2c Td Qh 4s 3h]
Seat 2: 24holdm
Seat 1: BoyLoc0 (big blind) folded on the River
Seat 5: LuckyShikari (button) (small blind) collected ($6.18)



PokerStars Hand #254189379028:  Hold'em No Limit ($0.50/$1.00 USD) - 2025/01/04 14:17:22 WET [2025/01/04 9:17:22 ET]
Table 'Niels II' 6-max Seat #1 is the button
Seat 2: 24holdm ($19.21 in chips) is sitting out
Seat 1: BoyLoc0 ($110.72 in chips) 
Seat 5: LuckyShikari ($102.93 in chips) 
BoyLoc0: posts small blind $0.50
LuckyShikari: posts big blind $1
*** HOLE CARDS ***
BoyLoc0: folds 
Uncalled bet ($0.50) returned to LuckyShikari
LuckyShikari collected $1 from pot
LuckyShikari: doesn't show hand 
*** SUMMARY ***
Total pot $1 | Rake $0 
Seat 2: 24holdm
Seat 1: BoyLoc0 (button) (small blind) folded before Flop
Seat 5: LuckyShikari (big blind) collected ($1)



PokerStars Hand #254189380396:  Hold'em No Limit ($0.50/$1.00 USD) - 2025/01/04 14:17:28 WET [2025/01/04 9:17:28 ET]
Table 'Niels II' 6-max Seat #5 is the button
Seat 2: 24holdm ($19.21 in chips) is sitting out
Seat 1: BoyLoc0 ($110.22 in chips) 
Seat 5: LuckyShikari ($103.43 in chips) 
LuckyShikari: posts small blind $0.50
BoyLoc0: posts big blind $1
*** HOLE CARDS ***
LuckyShikari has timed out
LuckyShikari: folds 
Uncalled bet ($0.50) returned to BoyLoc0
BoyLoc0 collected $1 from pot
BoyLoc0: doesn't show hand 
*** SUMMARY ***
Total pot $1 | Rake $0 
Seat 2: 24holdm
Seat 1: BoyLoc0 (big blind) collected ($1)
Seat 5: LuckyShikari (button) (small blind) folded before Flop



PokerStars Hand #254189384755:  Hold'em No Limit ($0.50/$1.00 USD) - 2025/01/04 14:17:49 WET [2025/01/04 9:17:49 ET]
Table 'Niels II' 6-max Seat #1 is the button
Seat 2: 24holdm ($19.21 in chips) is sitting out
Seat 1: BoyLoc0 ($110.72 in chips) 
Seat 5: LuckyShikari ($102.93 in chips) 
BoyLoc0: posts small blind $0.50
LuckyShikari: posts big blind $1
*** HOLE CARDS ***
BoyLoc0: raises $1.50 to $2.50
LuckyShikari: folds 
Uncalled bet ($1.50) returned to BoyLoc0
BoyLoc0 collected $2 from pot
BoyLoc0: doesn't show hand 
*** SUMMARY ***
Total pot $2 | Rake $0 
Seat 2: 24holdm
Seat 1: BoyLoc0 (button) (small blind) collected ($2)
Seat 5: LuckyShikari (big blind) folded before Flop



PokerStars Hand #254189388055:  Hold'em No Limit ($0.50/$1.00 USD) - 2025/01/04 14:18:05 WET [2025/01/04 9:18:05 ET]
Table 'Niels II' 6-max Seat #5 is the button
Seat 2: 24holdm ($19.21 in chips) is sitting out
Seat 1: BoyLoc0 ($111.72 in chips) 
Seat 5: LuckyShikari ($101.93 in chips) 
LuckyShikari: posts small blind $0.50
BoyLoc0: posts big blind $1
*** HOLE CARDS ***
LuckyShikari: raises $1 to $2
BoyLoc0: calls $1
*** FLOP *** [Ad Kd Td]
BoyLoc0: checks 
LuckyShikari: checks 
*** TURN *** [Ad Kd Td] [7c]
BoyLoc0: checks 
LuckyShikari: checks 
*** RIVER *** [Ad Kd Td 7c] [9d]
BoyLoc0: bets $5.70
LuckyShikari: raises $11.40 to $17.10
BoyLoc0: folds 
Uncalled bet ($11.40) returned to LuckyShikari
BoyLoc0 leaves the table
LuckyShikari collected $14.63 from pot
LuckyShikari: doesn't show hand 
*** SUMMARY ***
Total pot $15.40 | Rake $0.77 
Board [Ad Kd Td 7c 9d]
Seat 2: 24holdm
Seat 1: BoyLoc0 (big blind) folded on the River
Seat 5: LuckyShikari (button) (small blind) collected ($14.63)



PokerStars Hand #254189463700:  Hold'em No Limit ($0.50/$1.00 USD) - 2025/01/04 14:24:00 WET [2025/01/04 9:24:00 ET]
Table 'Niels II' 6-max Seat #4 is the button
Seat 2: 24holdm ($19.21 in chips) is sitting out
Seat 4: Royal012023 ($100 in chips) 
Seat 5: Gfoer ($100 in chips) 
Royal012023: posts small blind $0.50
Gfoer: posts big blind $1
*** HOLE CARDS ***
Royal012023: raises $2 to $3
Gfoer: folds 
Uncalled bet ($2) returned to Royal012023
Royal012023 collected $2 from pot
Royal012023: doesn't show hand 
*** SUMMARY ***
Total pot $2 | Rake $0 
Seat 2: 24holdm
Seat 4: Royal012023 (button) (small blind) collected ($2)
Seat 5: Gfoer (big blind) folded before Flop



PokerStars Hand #254189465519:  Hold'em No Limit ($0.50/$1.00 USD) - 2025/01/04 14:24:08 WET [2025/01/04 9:24:08 ET]
Table 'Niels II' 6-max Seat #5 is the button
Seat 2: 24holdm ($19.21 in chips) is sitting out
Seat 4: Royal012023 ($101 in chips) 
Seat 5: Gfoer ($100 in chips) 
Gfoer: posts small blind $0.50
Royal012023: posts big blind $1
*** HOLE CARDS ***
Gfoer: raises $1 to $2
24holdm is disconnected 
Royal012023: calls $1
*** FLOP *** [Kh 2h Qc]
Royal012023: checks 
24holdm is disconnected 
Gfoer: checks 
*** TURN *** [Kh 2h Qc] [7h]
Royal012023: checks 
Gfoer: bets $1.90
Royal012023: folds 
Uncalled bet ($1.90) returned to Gfoer
Gfoer collected $3.80 from pot
Gfoer: doesn't show hand 
*** SUMMARY ***
Total pot $4 | Rake $0.20 
Board [Kh 2h Qc 7h]
Seat 2: 24holdm
Seat 4: Royal012023 (big blind) folded on the Turn
Seat 5: Gfoer (button) (small blind) collected ($3.80)



PokerStars Hand #254189705110:  Hold'em No Limit ($0.50/$1.00 USD) - 2025/01/04 14:42:26 WET [2025/01/04 9:42:26 ET]
Table 'Niels II' 6-max Seat #3 is the button
Seat 1: mr.Jckpot ($100.50 in chips) 
Seat 2: CichiChanMarian ($100 in chips) 
Seat 3: vadjkeee ($100 in chips) 
Seat 4: Joker007r ($100 in chips) 
Seat 5: Dshadow79 ($65.70 in chips) 
Seat 6: Gfoer ($103.70 in chips) 
Joker007r: posts small blind $0.50
Dshadow79: posts big blind $1
*** HOLE CARDS ***
Gfoer: raises $1.20 to $2.20
mr.Jckpot: folds 
CichiChanMarian: folds 
vadjkeee: calls $2.20
Joker007r: folds 
Dshadow79: calls $1.20
*** FLOP *** [8d 8c 8s]
Dshadow79: checks 
Gfoer: checks 
vadjkeee: checks 
*** TURN *** [8d 8c 8s] [5d]
Dshadow79: checks 
Gfoer: bets $2.12
vadjkeee: folds 
Dshadow79: folds 
Uncalled bet ($2.12) returned to Gfoer
Gfoer collected $6.74 from pot
Gfoer: doesn't show hand 
*** SUMMARY ***
Total pot $7.10 | Rake $0.36 
Board [8d 8c 8s 5d]
Seat 1: mr.Jckpot folded before Flop (didn't bet)
Seat 2: CichiChanMarian folded before Flop (didn't bet)
Seat 3: vadjkeee (button) folded on the Turn
Seat 4: Joker007r (small blind) folded before Flop
Seat 5: Dshadow79 (big blind) folded on the Turn
Seat 6: Gfoer collected ($6.74)



PokerStars Hand #254189718428:  Hold'em No Limit ($0.50/$1.00 USD) - 2025/01/04 14:43:25 WET [2025/01/04 9:43:25 ET]
Table 'Niels II' 6-max Seat #4 is the button
Seat 1: mr.Jckpot ($100.50 in chips) 
Seat 2: CichiChanMarian ($100 in chips) 
Seat 3: vadjkeee ($100 in chips) 
Seat 4: Joker007r ($100 in chips) 
Seat 5: Dshadow79 ($63.50 in chips) 
Seat 6: Gfoer ($108.24 in chips) 
Dshadow79: posts small blind $0.50
Gfoer: posts big blind $1
*** HOLE CARDS ***
mr.Jckpot: folds 
CichiChanMarian: raises $1.50 to $2.50
vadjkeee: folds 
Joker007r: calls $2.50
Dshadow79: raises $8.50 to $11
Gfoer: folds 
CichiChanMarian: calls $8.50
Joker007r: calls $8.50
*** FLOP *** [5c Td Qs]
Dshadow79: checks 
CichiChanMarian: checks 
Joker007r: checks 
*** TURN *** [5c Td Qs] [3c]
Dshadow79: bets $16.15
CichiChanMarian: calls $16.15
Joker007r: folds 
*** RIVER *** [5c Td Qs 3c] [Ad]
Dshadow79: bets $1
CichiChanMarian: raises $71.85 to $72.85 and is all-in
Dshadow79: calls $35.35 and is all-in
Uncalled bet ($36.50) returned to CichiChanMarian
*** SHOW DOWN ***
CichiChanMarian: shows [7c 8c] (high card Ace)
Dshadow79: shows [As Kd] (a pair of Aces)
Dshadow79 collected $136.50 from pot
*** SUMMARY ***
Total pot $139 | Rake $2.50 
Board [5c Td Qs 3c Ad]
Seat 1: mr.Jckpot folded before Flop (didn't bet)
Seat 2: CichiChanMarian showed [7c 8c] and lost with high card Ace
Seat 3: vadjkeee folded before Flop (didn't bet)
Seat 4: Joker007r (button) folded on the Turn
Seat 5: Dshadow79 (small blind) showed [As Kd] and won ($136.50) with a pair of Aces
Seat 6: Gfoer (big blind) folded before Flop



PokerStars Hand #254189737964:  Hold'em No Limit ($0.50/$1.00 USD) - 2025/01/04 14:44:51 WET [2025/01/04 9:44:51 ET]
Table 'Niels II' 6-max Seat #5 is the button
Seat 1: mr.Jckpot ($100.50 in chips) 
Seat 2: CichiChanMarian ($100 in chips) 
Seat 3: vadjkeee ($100 in chips) 
Seat 4: Joker007r ($100 in chips) 
Seat 5: Dshadow79 ($136.50 in chips) 
Seat 6: Gfoer ($107.24 in chips) 
Gfoer: posts small blind $0.50
mr.Jckpot: posts big blind $1
*** HOLE CARDS ***
CichiChanMarian: folds 
vadjkeee: folds 
Joker007r: folds 
Dshadow79: folds 
Gfoer: folds 
Uncalled bet ($0.50) returned to mr.Jckpot
mr.Jckpot collected $1 from pot
mr.Jckpot: doesn't show hand 
*** SUMMARY ***
Total pot $1 | Rake $0 
Seat 1: mr.Jckpot (big blind) collected ($1)
Seat 2: CichiChanMarian folded before Flop (didn't bet)
Seat 3: vadjkeee folded before Flop (didn't bet)
Seat 4: Joker007r folded before Flop (didn't bet)
Seat 5: Dshadow79 (button) folded before Flop (didn't bet)
Seat 6: Gfoer (small blind) folded before Flop



PokerStars Hand #254189740908:  Hold'em No Limit ($0.50/$1.00 USD) - 2025/01/04 14:45:04 WET [2025/01/04 9:45:04 ET]
Table 'Niels II' 6-max Seat #6 is the button
Seat 1: mr.Jckpot ($101 in chips) 
Seat 2: CichiChanMarian ($100 in chips) 
Seat 3: vadjkeee ($100 in chips) 
Seat 4: Joker007r ($100 in chips) 
Seat 5: Dshadow79 ($136.50 in chips) 
Seat 6: Gfoer ($106.74 in chips) 
mr.Jckpot: posts small blind $0.50
CichiChanMarian: posts big blind $1
*** HOLE CARDS ***
vadjkeee: folds 
Joker007r: folds 
Dshadow79: folds 
Gfoer: folds 
mr.Jckpot: folds 
Uncalled bet ($0.50) returned to CichiChanMarian
CichiChanMarian collected $1 from pot
CichiChanMarian: doesn't show hand 
*** SUMMARY ***
Total pot $1 | Rake $0 
Seat 1: mr.Jckpot (small blind) folded before Flop
Seat 2: CichiChanMarian (big blind) collected ($1)
Seat 3: vadjkeee folded before Flop (didn't bet)
Seat 4: Joker007r folded before Flop (didn't bet)
Seat 5: Dshadow79 folded before Flop (didn't bet)
Seat 6: Gfoer (button) folded before Flop (didn't bet)



PokerStars Hand #254189743650:  Hold'em No Limit ($0.50/$1.00 USD) - 2025/01/04 14:45:16 WET [2025/01/04 9:45:16 ET]
Table 'Niels II' 6-max Seat #1 is the button
Seat 1: mr.Jckpot ($100.50 in chips) 
Seat 2: CichiChanMarian ($100.50 in chips) 
Seat 3: vadjkeee ($100 in chips) 
Seat 4: Joker007r ($100 in chips) 
Seat 5: Dshadow79 ($136.50 in chips) 
Seat 6: Gfoer ($106.74 in chips) 
CichiChanMarian: posts small blind $0.50
vadjkeee: posts big blind $1
*** HOLE CARDS ***
Joker007r: raises $2 to $3
Dshadow79: folds 
Gfoer: folds 
mr.Jckpot: folds 
CichiChanMarian: folds 
vadjkeee: folds 
Uncalled bet ($2) returned to Joker007r
Joker007r collected $2.50 from pot
Joker007r: doesn't show hand 
*** SUMMARY ***
Total pot $2.50 | Rake $0 
Seat 1: mr.Jckpot (button) folded before Flop (didn't bet)
Seat 2: CichiChanMarian (small blind) folded before Flop
Seat 3: vadjkeee (big blind) folded before Flop
Seat 4: Joker007r collected ($2.50)
Seat 5: Dshadow79 folded before Flop (didn't bet)
Seat 6: Gfoer folded before Flop (didn't bet)



PokerStars Hand #254189747578:  Hold'em No Limit ($0.50/$1.00 USD) - 2025/01/04 14:45:33 WET [2025/01/04 9:45:33 ET]
Table 'Niels II' 6-max Seat #2 is the button
Seat 1: mr.Jckpot ($100.50 in chips) 
Seat 2: CichiChanMarian ($100 in chips) 
Seat 3: vadjkeee ($100 in chips) 
Seat 4: Joker007r ($101.50 in chips) 
Seat 5: Dshadow79 ($136.50 in chips) 
Seat 6: Gfoer ($106.74 in chips) 
vadjkeee: posts small blind $0.50
Joker007r: posts big blind $1
*** HOLE CARDS ***
Dshadow79: folds 
Gfoer: folds 
mr.Jckpot: folds 
CichiChanMarian: folds 
vadjkeee: folds 
Uncalled bet ($0.50) returned to Joker007r
Joker007r collected $1 from pot
Joker007r: doesn't show hand 
*** SUMMARY ***
Total pot $1 | Rake $0 
Seat 1: mr.Jckpot folded before Flop (didn't bet)
Seat 2: CichiChanMarian (button) folded before Flop (didn't bet)
Seat 3: vadjkeee (small blind) folded before Flop
Seat 4: Joker007r (big blind) collected ($1)
Seat 5: Dshadow79 folded before Flop (didn't bet)
Seat 6: Gfoer folded before Flop (didn't bet)



PokerStars Hand #254189750971:  Hold'em No Limit ($0.50/$1.00 USD) - 2025/01/04 14:45:48 WET [2025/01/04 9:45:48 ET]
Table 'Niels II' 6-max Seat #3 is the button
Seat 1: mr.Jckpot ($100.50 in chips) 
Seat 2: CichiChanMarian ($100 in chips) 
Seat 3: vadjkeee ($100 in chips) 
Seat 4: Joker007r ($102 in chips) 
Seat 5: Dshadow79 ($136.50 in chips) 
Seat 6: Gfoer ($106.74 in chips) 
Joker007r: posts small blind $0.50
Dshadow79: posts big blind $1
*** HOLE CARDS ***
Gfoer: folds 
mr.Jckpot: folds 
CichiChanMarian: folds 
vadjkeee: folds 
Joker007r: raises $2 to $3
Dshadow79: calls $2
*** FLOP *** [3h 8d 4h]
Joker007r: checks 
Dshadow79: checks 
*** TURN *** [3h 8d 4h] [3c]
Joker007r: checks 
Dshadow79: bets $2.85
Joker007r: calls $2.85
*** RIVER *** [3h 8d 4h 3c] [9d]
Joker007r: checks 
Dshadow79: bets $5.56
Joker007r: calls $5.56
*** SHOW DOWN ***
Dshadow79: shows [Ad 5d] (a pair of Threes)
Joker007r: mucks hand 
Dshadow79 collected $21.68 from pot
*** SUMMARY ***
Total pot $22.82 | Rake $1.14 
Board [3h 8d 4h 3c 9d]
Seat 1: mr.Jckpot folded before Flop (didn't bet)
Seat 2: CichiChanMarian folded before Flop (didn't bet)
Seat 3: vadjkeee (button) folded before Flop (didn't bet)
Seat 4: Joker007r (small blind) mucked
Seat 5: Dshadow79 (big blind) showed [Ad 5d] and won ($21.68) with a pair of Threes
Seat 6: Gfoer folded before Flop (didn't bet)



PokerStars Hand #254189764340:  Hold'em No Limit ($0.50/$1.00 USD) - 2025/01/04 14:46:47 WET [2025/01/04 9:46:47 ET]
Table 'Niels II' 6-max Seat #4 is the button
Seat 1: mr.Jckpot ($100.50 in chips) 
Seat 2: CichiChanMarian ($100 in chips) 
Seat 3: vadjkeee ($100 in chips) 
Seat 4: Joker007r ($100 in chips) 
Seat 5: Dshadow79 ($146.77 in chips) 
Seat 6: Gfoer ($106.74 in chips) 
Dshadow79: posts small blind $0.50
Gfoer: posts big blind $1
*** HOLE CARDS ***
mr.Jckpot: folds 
CichiChanMarian: raises $1.50 to $2.50
vadjkeee: folds 
Joker007r: folds 
Dshadow79: raises $6 to $8.50
Gfoer: folds 
CichiChanMarian: calls $6
*** FLOP *** [Ah Js 3s]
Dshadow79: checks 
CichiChanMarian: checks 
*** TURN *** [Ah Js 3s] [As]
Dshadow79: bets $8.55
CichiChanMarian: folds 
Uncalled bet ($8.55) returned to Dshadow79
Dshadow79 collected $17.10 from pot
*** SUMMARY ***
Total pot $18 | Rake $0.90 
Board [Ah Js 3s As]
Seat 1: mr.Jckpot folded before Flop (didn't bet)
Seat 2: CichiChanMarian folded on the Turn
Seat 3: vadjkeee folded before Flop (didn't bet)
Seat 4: Joker007r (button) folded before Flop (didn't bet)
Seat 5: Dshadow79 (small blind) collected ($17.10)
Seat 6: Gfoer (big blind) folded before Flop



PokerStars Hand #254189773824:  Hold'em No Limit ($0.50/$1.00 USD) - 2025/01/04 14:47:29 WET [2025/01/04 9:47:29 ET]
Table 'Niels II' 6-max Seat #5 is the button
Seat 1: mr.Jckpot ($100.50 in chips) 
Seat 2: CichiChanMarian ($100 in chips) 
Seat 3: vadjkeee ($100 in chips) 
Seat 4: Joker007r ($100 in chips) 
Seat 5: Dshadow79 ($155.37 in chips) 
Seat 6: Gfoer ($105.74 in chips) 
Gfoer: posts small blind $0.50
mr.Jckpot: posts big blind $1
*** HOLE CARDS ***
CichiChanMarian: folds 
vadjkeee: raises $1.50 to $2.50
Joker007r: folds 
Dshadow79: calls $2.50
Gfoer: folds 
mr.Jckpot: folds 
*** FLOP *** [7s 9c 2s]
vadjkeee: bets $2.04
Dshadow79: calls $2.04
*** TURN *** [7s 9c 2s] [Kh]
vadjkeee: checks 
Dshadow79 has timed out
Dshadow79: checks 
*** RIVER *** [7s 9c 2s Kh] [Jc]
vadjkeee: bets $19.09
Dshadow79 has timed out
Dshadow79: folds 
Uncalled bet ($19.09) returned to vadjkeee
vadjkeee collected $10.05 from pot
vadjkeee: doesn't show hand 
*** SUMMARY ***
Total pot $10.58 | Rake $0.53 
Board [7s 9c 2s Kh Jc]
Seat 1: mr.Jckpot (big blind) folded before Flop
Seat 2: CichiChanMarian folded before Flop (didn't bet)
Seat 3: vadjkeee collected ($10.05)
Seat 4: Joker007r folded before Flop (didn't bet)
Seat 5: Dshadow79 (button) folded on the River
Seat 6: Gfoer (small blind) folded before Flop



PokerStars Hand #254189798628:  Hold'em No Limit ($0.50/$1.00 USD) - 2025/01/04 14:49:19 WET [2025/01/04 9:49:19 ET]
Table 'Niels II' 6-max Seat #6 is the button
Seat 1: mr.Jckpot ($100 in chips) 
Seat 2: CichiChanMarian ($100 in chips) 
Seat 3: vadjkeee ($105.51 in chips) 
Seat 4: Joker007r ($100 in chips) 
Seat 5: Dshadow79 ($150.83 in chips) 
Seat 6: Gfoer ($105.24 in chips) 
mr.Jckpot: posts small blind $0.50
CichiChanMarian: posts big blind $1
*** HOLE CARDS ***
vadjkeee: folds 
Joker007r: folds 
Dshadow79: folds 
Gfoer: folds 
mr.Jckpot: folds 
Uncalled bet ($0.50) returned to CichiChanMarian
CichiChanMarian collected $1 from pot
CichiChanMarian: doesn't show hand 
Dshadow79 leaves the table
*** SUMMARY ***
Total pot $1 | Rake $0 
Seat 1: mr.Jckpot (small blind) folded before Flop
Seat 2: CichiChanMarian (big blind) collected ($1)
Seat 3: vadjkeee folded before Flop (didn't bet)
Seat 4: Joker007r folded before Flop (didn't bet)
Seat 5: Dshadow79 folded before Flop (didn't bet)
Seat 6: Gfoer (button) folded before Flop (didn't bet)



PokerStars Hand #254189803105:  Hold'em No Limit ($0.50/$1.00 USD) - 2025/01/04 14:49:39 WET [2025/01/04 9:49:39 ET]
Table 'Niels II' 6-max Seat #1 is the button
Seat 1: mr.Jckpot ($100 in chips) 
Seat 2: CichiChanMarian ($100.50 in chips) 
Seat 3: vadjkeee ($105.51 in chips) 
Seat 4: Joker007r ($100 in chips) 
Seat 6: Gfoer ($105.24 in chips) 
CichiChanMarian: posts small blind $0.50
vadjkeee: posts big blind $1
*** HOLE CARDS ***
Joker007r: folds 
Joker007r leaves the table
Gfoer: folds 
mr.Jckpot: folds 
CichiChanMarian: raises $2 to $3
vadjkeee: folds 
Uncalled bet ($2) returned to CichiChanMarian
CichiChanMarian collected $2 from pot
CichiChanMarian: doesn't show hand 
*** SUMMARY ***
Total pot $2 | Rake $0 
Seat 1: mr.Jckpot (button) folded before Flop (didn't bet)
Seat 2: CichiChanMarian (small blind) collected ($2)
Seat 3: vadjkeee (big blind) folded before Flop
Seat 4: Joker007r folded before Flop (didn't bet)
Seat 6: Gfoer folded before Flop (didn't bet)



PokerStars Hand #254189806313:  Hold'em No Limit ($0.50/$1.00 USD) - 2025/01/04 14:49:52 WET [2025/01/04 9:49:52 ET]
Table 'Niels II' 6-max Seat #2 is the button
Seat 6: Gfoer ($105.24 in chips) is sitting out
Seat 1: mr.Jckpot ($100 in chips) 
Seat 2: CichiChanMarian ($101.50 in chips) 
Seat 3: vadjkeee ($104.51 in chips) 
vadjkeee: posts small blind $0.50
Gfoer: is sitting out 
mr.Jckpot: posts big blind $1
*** HOLE CARDS ***
CichiChanMarian: folds 
vadjkeee: raises $2 to $3
mr.Jckpot: folds 
Uncalled bet ($2) returned to vadjkeee
vadjkeee collected $2 from pot
vadjkeee: doesn't show hand 
*** SUMMARY ***
Total pot $2 | Rake $0 
Seat 6: Gfoer
Seat 1: mr.Jckpot (big blind) folded before Flop
Seat 2: CichiChanMarian (button) folded before Flop (didn't bet)
Seat 3: vadjkeee (small blind) collected ($2)



PokerStars Hand #254189917367:  Hold'em No Limit ($0.50/$1.00 USD) - 2025/01/04 14:58:42 WET [2025/01/04 9:58:42 ET]
Table 'Niels II' 6-max Seat #3 is the button
Seat 1: Pon4uk.ua ($100 in chips) 
Seat 3: vadjkeee ($105.51 in chips) 
Seat 5: The magic MD ($10 in chips) 
The magic MD: posts small blind $0.50
Pon4uk.ua is connected 
Pon4uk.ua: posts big blind $1
*** HOLE CARDS ***
vadjkeee: folds 
The magic MD: raises $9 to $10 and is all-in
Pon4uk.ua: calls $9
*** FLOP *** [Qc Ac 4h]
*** TURN *** [Qc Ac 4h] [9c]
*** RIVER *** [Qc Ac 4h 9c] [9h]
*** SHOW DOWN ***
The magic MD: shows [Jc Jd] (two pair, Jacks and Nines)
Pon4uk.ua: shows [9s Kh] (three of a kind, Nines)
Pon4uk.ua collected $19 from pot
*** SUMMARY ***
Total pot $20 | Rake $1 
Board [Qc Ac 4h 9c 9h]
Seat 1: Pon4uk.ua (big blind) showed [9s Kh] and won ($19) with three of a kind, Nines
Seat 3: vadjkeee (button) folded before Flop (didn't bet)
Seat 5: The magic MD (small blind) showed [Jc Jd] and lost with two pair, Jacks and Nines



PokerStars Hand #254189921405:  Hold'em No Limit ($0.50/$1.00 USD) - 2025/01/04 14:59:05 WET [2025/01/04 9:59:05 ET]
Table 'Niels II' 6-max Seat #5 is the button
Seat 1: Pon4uk.ua ($109 in chips) 
Seat 3: vadjkeee ($105.51 in chips) 
Seat 5: The magic MD ($10 in chips) 
Pon4uk.ua: posts small blind $0.50
vadjkeee: posts big blind $1
*** HOLE CARDS ***
The magic MD: raises $9 to $10 and is all-in
Pon4uk.ua: folds 
vadjkeee: folds 
Uncalled bet ($9) returned to The magic MD
The magic MD collected $2.50 from pot
*** SUMMARY ***
Total pot $2.50 | Rake $0 
Seat 1: Pon4uk.ua (small blind) folded before Flop
Seat 3: vadjkeee (big blind) folded before Flop
Seat 5: The magic MD (button) collected ($2.50)



PokerStars Hand #254189924235:  Hold'em No Limit ($0.50/$1.00 USD) - 2025/01/04 14:59:20 WET [2025/01/04 9:59:20 ET]
Table 'Niels II' 6-max Seat #1 is the button
Seat 1: Pon4uk.ua ($108.50 in chips) 
Seat 3: vadjkeee ($104.51 in chips) 
Seat 5: The magic MD ($11.50 in chips) 
vadjkeee: posts small blind $0.50
The magic MD: posts big blind $1
*** HOLE CARDS ***
Pon4uk.ua: folds 
vadjkeee: raises $11 to $12
The magic MD: folds 
Uncalled bet ($11) returned to vadjkeee
vadjkeee collected $2 from pot
vadjkeee: doesn't show hand 
*** SUMMARY ***
Total pot $2 | Rake $0 
Seat 1: Pon4uk.ua (button) folded before Flop (didn't bet)
Seat 3: vadjkeee (small blind) collected ($2)
Seat 5: The magic MD (big blind) folded before Flop



PokerStars Hand #254189925908:  Hold'em No Limit ($0.50/$1.00 USD) - 2025/01/04 14:59:30 WET [2025/01/04 9:59:30 ET]
Table 'Niels II' 6-max Seat #3 is the button
Seat 1: Pon4uk.ua ($108.50 in chips) 
Seat 3: vadjkeee ($105.51 in chips) 
Seat 5: The magic MD ($10.50 in chips) 
The magic MD: posts small blind $0.50
Pon4uk.ua: posts big blind $1
*** HOLE CARDS ***
vadjkeee: raises $1.50 to $2.50
The magic MD: folds 
Pon4uk.ua: folds 
Uncalled bet ($1.50) returned to vadjkeee
vadjkeee collected $2.50 from pot
vadjkeee: doesn't show hand 
*** SUMMARY ***
Total pot $2.50 | Rake $0 
Seat 1: Pon4uk.ua (big blind) folded before Flop
Seat 3: vadjkeee (button) collected ($2.50)
Seat 5: The magic MD (small blind) folded before Flop



PokerStars Hand #254189928757:  Hold'em No Limit ($0.50/$1.00 USD) - 2025/01/04 14:59:46 WET [2025/01/04 9:59:46 ET]
Table 'Niels II' 6-max Seat #5 is the button
Seat 1: Pon4uk.ua ($107.50 in chips) 
Seat 3: vadjkeee ($107.01 in chips) 
Seat 5: The magic MD ($10 in chips) 
Pon4uk.ua: posts small blind $0.50
vadjkeee: posts big blind $1
*** HOLE CARDS ***
The magic MD: folds 
Pon4uk.ua: raises $1.75 to $2.75
vadjkeee: folds 
Uncalled bet ($1.75) returned to Pon4uk.ua
Pon4uk.ua collected $2 from pot
Pon4uk.ua: doesn't show hand 
*** SUMMARY ***
Total pot $2 | Rake $0 
Seat 1: Pon4uk.ua (small blind) collected ($2)
Seat 3: vadjkeee (big blind) folded before Flop
Seat 5: The magic MD (button) folded before Flop (didn't bet)



PokerStars Hand #254189931170:  Hold'em No Limit ($0.50/$1.00 USD) - 2025/01/04 14:59:59 WET [2025/01/04 9:59:59 ET]
Table 'Niels II' 6-max Seat #1 is the button
Seat 1: Pon4uk.ua ($108.50 in chips) 
Seat 3: vadjkeee ($106.01 in chips) 
Seat 5: The magic MD ($10 in chips) 
vadjkeee: posts small blind $0.50
The magic MD: posts big blind $1
*** HOLE CARDS ***
Pon4uk.ua: folds 
vadjkeee: raises $11 to $12
The magic MD: folds 
Uncalled bet ($11) returned to vadjkeee
vadjkeee collected $2 from pot
vadjkeee: doesn't show hand 
*** SUMMARY ***
Total pot $2 | Rake $0 
Seat 1: Pon4uk.ua (button) folded before Flop (didn't bet)
Seat 3: vadjkeee (small blind) collected ($2)
Seat 5: The magic MD (big blind) folded before Flop



PokerStars Hand #254189933996:  Hold'em No Limit ($0.50/$1.00 USD) - 2025/01/04 15:00:15 WET [2025/01/04 10:00:15 ET]
Table 'Niels II' 6-max Seat #3 is the button
Seat 1: Pon4uk.ua ($108.50 in chips) 
Seat 3: vadjkeee ($107.01 in chips) 
Seat 5: The magic MD ($10 in chips) 
The magic MD: posts small blind $0.50
Pon4uk.ua: posts big blind $1
*** HOLE CARDS ***
vadjkeee: folds 
The magic MD: folds 
Uncalled bet ($0.50) returned to Pon4uk.ua
Pon4uk.ua collected $1 from pot
Pon4uk.ua: doesn't show hand 
*** SUMMARY ***
Total pot $1 | Rake $0 
Seat 1: Pon4uk.ua (big blind) collected ($1)
Seat 3: vadjkeee (button) folded before Flop (didn't bet)
Seat 5: The magic MD (small blind) folded before Flop



PokerStars Hand #254189935763:  Hold'em No Limit ($0.50/$1.00 USD) - 2025/01/04 15:00:24 WET [2025/01/04 10:00:24 ET]
Table 'Niels II' 6-max Seat #5 is the button
Seat 1: Pon4uk.ua ($109 in chips) 
Seat 3: vadjkeee ($107.01 in chips) 
Seat 5: The magic MD ($10 in chips) 
Pon4uk.ua: posts small blind $0.50
vadjkeee: posts big blind $1
*** HOLE CARDS ***
The magic MD: folds 
Pon4uk.ua: folds 
Uncalled bet ($0.50) returned to vadjkeee
vadjkeee collected $1 from pot
vadjkeee: doesn't show hand 
*** SUMMARY ***
Total pot $1 | Rake $0 
Seat 1: Pon4uk.ua (small blind) folded before Flop
Seat 3: vadjkeee (big blind) collected ($1)
Seat 5: The magic MD (button) folded before Flop (didn't bet)



PokerStars Hand #254189937568:  Hold'em No Limit ($0.50/$1.00 USD) - 2025/01/04 15:00:34 WET [2025/01/04 10:00:34 ET]
Table 'Niels II' 6-max Seat #1 is the button
Seat 1: Pon4uk.ua ($108.50 in chips) 
Seat 3: vadjkeee ($107.51 in chips) 
Seat 5: The magic MD ($10 in chips) 
vadjkeee: posts small blind $0.50
The magic MD: posts big blind $1
*** HOLE CARDS ***
Pon4uk.ua: raises $1.50 to $2.50
vadjkeee: folds 
The magic MD: folds 
Uncalled bet ($1.50) returned to Pon4uk.ua
Pon4uk.ua collected $2.50 from pot
Pon4uk.ua: doesn't show hand 
*** SUMMARY ***
Total pot $2.50 | Rake $0 
Seat 1: Pon4uk.ua (button) collected ($2.50)
Seat 3: vadjkeee (small blind) folded before Flop
Seat 5: The magic MD (big blind) folded before Flop



PokerStars Hand #254189939419:  Hold'em No Limit ($0.50/$1.00 USD) - 2025/01/04 15:00:44 WET [2025/01/04 10:00:44 ET]
Table 'Niels II' 6-max Seat #3 is the button
Seat 1: Pon4uk.ua ($110 in chips) 
Seat 3: vadjkeee ($107.01 in chips) 
Seat 5: The magic MD ($10 in chips) 
The magic MD: posts small blind $0.50
Pon4uk.ua: posts big blind $1
*** HOLE CARDS ***
vadjkeee: folds 
The magic MD: folds 
Uncalled bet ($0.50) returned to Pon4uk.ua
Pon4uk.ua collected $1 from pot
Pon4uk.ua: doesn't show hand 
*** SUMMARY ***
Total pot $1 | Rake $0 
Seat 1: Pon4uk.ua (big blind) collected ($1)
Seat 3: vadjkeee (button) folded before Flop (didn't bet)
Seat 5: The magic MD (small blind) folded before Flop



PokerStars Hand #254189941125:  Hold'em No Limit ($0.50/$1.00 USD) - 2025/01/04 15:00:53 WET [2025/01/04 10:00:53 ET]
Table 'Niels II' 6-max Seat #5 is the button
Seat 1: Pon4uk.ua ($110.50 in chips) 
Seat 3: vadjkeee ($107.01 in chips) 
Seat 5: The magic MD ($10 in chips) 
Pon4uk.ua: posts small blind $0.50
vadjkeee: posts big blind $1
*** HOLE CARDS ***
The magic MD: raises $9 to $10 and is all-in
Pon4uk.ua: folds 
vadjkeee: folds 
Uncalled bet ($9) returned to The magic MD
The magic MD collected $2.50 from pot
*** SUMMARY ***
Total pot $2.50 | Rake $0 
Seat 1: Pon4uk.ua (small blind) folded before Flop
Seat 3: vadjkeee (big blind) folded before Flop
Seat 5: The magic MD (button) collected ($2.50)



PokerStars Hand #254189944693:  Hold'em No Limit ($0.50/$1.00 USD) - 2025/01/04 15:01:11 WET [2025/01/04 10:01:11 ET]
Table 'Niels II' 6-max Seat #1 is the button
Seat 1: Pon4uk.ua ($110 in chips) 
Seat 3: vadjkeee ($106.01 in chips) 
Seat 5: The magic MD ($11.50 in chips) 
vadjkeee: posts small blind $0.50
The magic MD: posts big blind $1
*** HOLE CARDS ***
Imparator1978 joins the table at seat #2 
Imparator1978 is disconnected 
Pon4uk.ua: folds 
mr.Jckpot joins the table at seat #4 
vadjkeee: raises $2 to $3
The magic MD: folds 
Uncalled bet ($2) returned to vadjkeee
vadjkeee collected $2 from pot
vadjkeee: doesn't show hand 
*** SUMMARY ***
Total pot $2 | Rake $0 
Seat 1: Pon4uk.ua (button) folded before Flop (didn't bet)
Seat 3: vadjkeee (small blind) collected ($2)
Seat 5: The magic MD (big blind) folded before Flop



PokerStars Hand #254189946855:  Hold'em No Limit ($0.50/$1.00 USD) - 2025/01/04 15:01:22 WET [2025/01/04 10:01:22 ET]
Table 'Niels II' 6-max Seat #3 is the button
Seat 2: Imparator1978 ($100 in chips) is sitting out
Seat 4: mr.Jckpot ($100 in chips) is sitting out
Seat 1: Pon4uk.ua ($110 in chips) 
Seat 3: vadjkeee ($107.01 in chips) 
Seat 5: The magic MD ($10.50 in chips) 
The magic MD: posts small blind $0.50
Pon4uk.ua: posts big blind $1
CichiChanMarian joins the table at seat #6 
Imparator1978: sits out 
*** HOLE CARDS ***
vadjkeee: folds 
The magic MD: folds 
Uncalled bet ($0.50) returned to Pon4uk.ua
Pon4uk.ua collected $1 from pot
Pon4uk.ua: doesn't show hand 
*** SUMMARY ***
Total pot $1 | Rake $0 
Seat 2: Imparator1978
Seat 4: mr.Jckpot
Seat 1: Pon4uk.ua (big blind) collected ($1)
Seat 3: vadjkeee (button) folded before Flop (didn't bet)
Seat 5: The magic MD (small blind) folded before Flop



PokerStars Hand #254189948650:  Hold'em No Limit ($0.50/$1.00 USD) - 2025/01/04 15:01:31 WET [2025/01/04 10:01:31 ET]
Table 'Niels II' 6-max Seat #5 is the button
Seat 4: mr.Jckpot ($100 in chips) is sitting out
Seat 6: CichiChanMarian ($101.50 in chips) is sitting out
Seat 1: Pon4uk.ua ($110.50 in chips) 
Seat 2: Imparator1978 ($100 in chips) 
Seat 3: vadjkeee ($107.01 in chips) 
Seat 5: The magic MD ($10 in chips) 
Pon4uk.ua: posts small blind $0.50
Imparator1978: posts big blind $1
mr.Jckpot: sits out 
*** HOLE CARDS ***
vadjkeee: folds 
The magic MD: folds 
Pon4uk.ua: raises $1.75 to $2.75
Imparator1978: calls $1.75
*** FLOP *** [Ad Jh 9h]
Pon4uk.ua: bets $1.72
Imparator1978: calls $1.72
*** TURN *** [Ad Jh 9h] [Th]
Pon4uk.ua: checks 
Imparator1978: bets $4.25
Pon4uk.ua: folds 
Uncalled bet ($4.25) returned to Imparator1978
Imparator1978 collected $8.38 from pot
*** SUMMARY ***
Total pot $8.94 | Rake $0.56 
Board [Ad Jh 9h Th]
Seat 4: mr.Jckpot
Seat 6: CichiChanMarian
Seat 1: Pon4uk.ua (small blind) folded on the Turn
Seat 2: Imparator1978 (big blind) collected ($8.38)
Seat 3: vadjkeee folded before Flop (didn't bet)
Seat 5: The magic MD (button) folded before Flop (didn't bet)



PokerStars Hand #254189956865:  Hold'em No Limit ($0.50/$1.00 USD) - 2025/01/04 15:02:08 WET [2025/01/04 10:02:08 ET]
Table 'Niels II' 6-max Seat #1 is the button
Seat 4: mr.Jckpot ($100 in chips) is sitting out
Seat 6: CichiChanMarian ($101.50 in chips) is sitting out
Seat 1: Pon4uk.ua ($106.03 in chips) 
Seat 2: Imparator1978 ($103.91 in chips) 
Seat 3: vadjkeee ($107.01 in chips) 
Seat 5: The magic MD ($10 in chips) 
Imparator1978: posts small blind $0.50
vadjkeee: posts big blind $1
mr.Jckpot: sits out 
CichiChanMarian: sits out 
*** HOLE CARDS ***
The magic MD: folds 
Pon4uk.ua: folds 
Imparator1978: raises $2 to $3
vadjkeee: folds 
Uncalled bet ($2) returned to Imparator1978
Imparator1978 collected $2 from pot
*** SUMMARY ***
Total pot $2 | Rake $0 
Seat 4: mr.Jckpot
Seat 6: CichiChanMarian
Seat 1: Pon4uk.ua (button) folded before Flop (didn't bet)
Seat 2: Imparator1978 (small blind) collected ($2)
Seat 3: vadjkeee (big blind) folded before Flop
Seat 5: The magic MD folded before Flop (didn't bet)



PokerStars Hand #254189961285:  Hold'em No Limit ($0.50/$1.00 USD) - 2025/01/04 15:02:28 WET [2025/01/04 10:02:28 ET]
Table 'Niels II' 6-max Seat #2 is the button
Seat 6: CichiChanMarian ($101.50 in chips) is sitting out
Seat 1: Pon4uk.ua ($106.03 in chips) 
Seat 2: Imparator1978 ($104.91 in chips) 
Seat 3: vadjkeee ($106.01 in chips) 
Seat 4: mr.Jckpot ($100 in chips) 
Seat 5: The magic MD ($10 in chips) 
vadjkeee: posts small blind $0.50
mr.Jckpot: posts big blind $1
CichiChanMarian: sits out 
*** HOLE CARDS ***
The magic MD: folds 
Pon4uk.ua: raises $1.50 to $2.50
Imparator1978: calls $2.50
vadjkeee: folds 
mr.Jckpot: calls $1.50
*** FLOP *** [8h 7d 5h]
mr.Jckpot: checks 
Pon4uk.ua: checks 
Imparator1978: bets $3.80
mr.Jckpot: folds 
Pon4uk.ua: folds 
Uncalled bet ($3.80) returned to Imparator1978
Imparator1978 collected $7.50 from pot
*** SUMMARY ***
Total pot $8 | Rake $0.50 
Board [8h 7d 5h]
Seat 6: CichiChanMarian
Seat 1: Pon4uk.ua folded on the Flop
Seat 2: Imparator1978 (button) collected ($7.50)
Seat 3: vadjkeee (small blind) folded before Flop
Seat 4: mr.Jckpot (big blind) folded on the Flop
Seat 5: The magic MD folded before Flop (didn't bet)



PokerStars Hand #254189966279:  Hold'em No Limit ($0.50/$1.00 USD) - 2025/01/04 15:02:51 WET [2025/01/04 10:02:51 ET]
Table 'Niels II' 6-max Seat #3 is the button
Seat 6: CichiChanMarian ($101.50 in chips) is sitting out
Seat 1: Pon4uk.ua ($103.53 in chips) 
Seat 2: Imparator1978 ($109.91 in chips) 
Seat 3: vadjkeee ($105.51 in chips) 
Seat 4: mr.Jckpot ($100 in chips) 
Seat 5: The magic MD ($10 in chips) 
mr.Jckpot: posts small blind $0.50
The magic MD: posts big blind $1
CichiChanMarian: sits out 
*** HOLE CARDS ***
Pon4uk.ua: folds 
Imparator1978: calls $1
vadjkeee: folds 
mr.Jckpot: folds 
The magic MD: checks 
*** FLOP *** [Kh Qh Ks]
The magic MD: bets $1
Imparator1978: raises $2.19 to $3.19
The magic MD: folds 
Uncalled bet ($2.19) returned to Imparator1978
Imparator1978 collected $4.22 from pot
*** SUMMARY ***
Total pot $4.50 | Rake $0.28 
Board [Kh Qh Ks]
Seat 6: CichiChanMarian
Seat 1: Pon4uk.ua folded before Flop (didn't bet)
Seat 2: Imparator1978 collected ($4.22)
Seat 3: vadjkeee (button) folded before Flop (didn't bet)
Seat 4: mr.Jckpot (small blind) folded before Flop
Seat 5: The magic MD (big blind) folded on the Flop



PokerStars Hand #254189972954:  Hold'em No Limit ($0.50/$1.00 USD) - 2025/01/04 15:03:20 WET [2025/01/04 10:03:20 ET]
Table 'Niels II' 6-max Seat #4 is the button
Seat 1: Pon4uk.ua ($103.53 in chips) 
Seat 2: Imparator1978 ($112.13 in chips) 
Seat 3: vadjkeee ($105.51 in chips) 
Seat 4: mr.Jckpot ($100 in chips) 
Seat 5: The magic MD ($10 in chips) 
Seat 6: CichiChanMarian ($101.50 in chips) 
The magic MD: posts small blind $0.50
CichiChanMarian: posts big blind $1
*** HOLE CARDS ***
Pon4uk.ua: folds 
Imparator1978: calls $1
vadjkeee: folds 
mr.Jckpot: raises $3 to $4
The magic MD: folds 
CichiChanMarian: calls $3
Imparator1978: calls $3
*** FLOP *** [7s 2d 9d]
CichiChanMarian: checks 
Imparator1978 is disconnected 
Imparator1978 is connected 
Imparator1978: bets $5.94
mr.Jckpot: folds 
CichiChanMarian: calls $5.94
*** TURN *** [7s 2d 9d] [3d]
CichiChanMarian: checks 
Imparator1978: checks 
*** RIVER *** [7s 2d 9d 3d] [5c]
CichiChanMarian: checks 
Imparator1978: checks 
*** SHOW DOWN ***
CichiChanMarian: shows [9h Jh] (a pair of Nines)
Imparator1978: mucks hand 
CichiChanMarian collected $23.16 from pot
*** SUMMARY ***
Total pot $24.38 | Rake $1.22 
Board [7s 2d 9d 3d 5c]
Seat 1: Pon4uk.ua folded before Flop (didn't bet)
Seat 2: Imparator1978 mucked
Seat 3: vadjkeee folded before Flop (didn't bet)
Seat 4: mr.Jckpot (button) folded on the Flop
Seat 5: The magic MD (small blind) folded before Flop
Seat 6: CichiChanMarian (big blind) showed [9h Jh] and won ($23.16) with a pair of Nines



PokerStars Hand #254189992555:  Hold'em No Limit ($0.50/$1.00 USD) - 2025/01/04 15:04:46 WET [2025/01/04 10:04:46 ET]
Table 'Niels II' 6-max Seat #5 is the button
Seat 1: Pon4uk.ua ($103.53 in chips) 
Seat 2: Imparator1978 ($102.19 in chips) 
Seat 3: vadjkeee ($105.51 in chips) 
Seat 4: mr.Jckpot ($100 in chips) 
Seat 5: The magic MD ($10 in chips) 
Seat 6: CichiChanMarian ($114.72 in chips) 
CichiChanMarian: posts small blind $0.50
Pon4uk.ua: posts big blind $1
*** HOLE CARDS ***
Imparator1978: folds 
vadjkeee: raises $1.50 to $2.50
mr.Jckpot: folds 
The magic MD: folds 
CichiChanMarian: folds 
Pon4uk.ua: folds 
Uncalled bet ($1.50) returned to vadjkeee
vadjkeee collected $2.50 from pot
vadjkeee: doesn't show hand 
*** SUMMARY ***
Total pot $2.50 | Rake $0 
Seat 1: Pon4uk.ua (big blind) folded before Flop
Seat 2: Imparator1978 folded before Flop (didn't bet)
Seat 3: vadjkeee collected ($2.50)
Seat 4: mr.Jckpot folded before Flop (didn't bet)
Seat 5: The magic MD (button) folded before Flop (didn't bet)
Seat 6: CichiChanMarian (small blind) folded before Flop



PokerStars Hand #254189997203:  Hold'em No Limit ($0.50/$1.00 USD) - 2025/01/04 15:05:06 WET [2025/01/04 10:05:06 ET]
Table 'Niels II' 6-max Seat #6 is the button
Seat 1: Pon4uk.ua ($102.53 in chips) 
Seat 2: Imparator1978 ($102.19 in chips) 
Seat 3: vadjkeee ($107.01 in chips) 
Seat 4: mr.Jckpot ($100 in chips) 
Seat 5: The magic MD ($10 in chips) 
Seat 6: CichiChanMarian ($114.22 in chips) 
Pon4uk.ua: posts small blind $0.50
Imparator1978: posts big blind $1
*** HOLE CARDS ***
vadjkeee: folds 
mr.Jckpot: folds 
The magic MD: folds 
CichiChanMarian: folds 
Pon4uk.ua: raises $1.75 to $2.75
Imparator1978: folds 
Uncalled bet ($1.75) returned to Pon4uk.ua
Pon4uk.ua collected $2 from pot
Pon4uk.ua: doesn't show hand 
*** SUMMARY ***
Total pot $2 | Rake $0 
Seat 1: Pon4uk.ua (small blind) collected ($2)
Seat 2: Imparator1978 (big blind) folded before Flop
Seat 3: vadjkeee folded before Flop (didn't bet)
Seat 4: mr.Jckpot folded before Flop (didn't bet)
Seat 5: The magic MD folded before Flop (didn't bet)
Seat 6: CichiChanMarian (button) folded before Flop (didn't bet)



PokerStars Hand #254190001733:  Hold'em No Limit ($0.50/$1.00 USD) - 2025/01/04 15:05:25 WET [2025/01/04 10:05:25 ET]
Table 'Niels II' 6-max Seat #1 is the button
Seat 1: Pon4uk.ua ($103.53 in chips) 
Seat 2: Imparator1978 ($101.19 in chips) 
Seat 3: vadjkeee ($107.01 in chips) 
Seat 4: mr.Jckpot ($100 in chips) 
Seat 5: The magic MD ($10 in chips) 
Seat 6: CichiChanMarian ($114.22 in chips) 
Imparator1978: posts small blind $0.50
vadjkeee: posts big blind $1
*** HOLE CARDS ***
mr.Jckpot: folds 
The magic MD: folds 
CichiChanMarian: folds 
Pon4uk.ua: folds 
Imparator1978: folds 
Uncalled bet ($0.50) returned to vadjkeee
vadjkeee collected $1 from pot
vadjkeee: doesn't show hand 
*** SUMMARY ***
Total pot $1 | Rake $0 
Seat 1: Pon4uk.ua (button) folded before Flop (didn't bet)
Seat 2: Imparator1978 (small blind) folded before Flop
Seat 3: vadjkeee (big blind) collected ($1)
Seat 4: mr.Jckpot folded before Flop (didn't bet)
Seat 5: The magic MD folded before Flop (didn't bet)
Seat 6: CichiChanMarian folded before Flop (didn't bet)



PokerStars Hand #254190006992:  Hold'em No Limit ($0.50/$1.00 USD) - 2025/01/04 15:05:48 WET [2025/01/04 10:05:48 ET]
Table 'Niels II' 6-max Seat #2 is the button
Seat 1: Pon4uk.ua ($103.53 in chips) 
Seat 2: Imparator1978 ($100.69 in chips) 
Seat 3: vadjkeee ($107.51 in chips) 
Seat 4: mr.Jckpot ($100 in chips) 
Seat 5: The magic MD ($10 in chips) 
Seat 6: CichiChanMarian ($114.22 in chips) 
vadjkeee: posts small blind $0.50
mr.Jckpot: posts big blind $1
*** HOLE CARDS ***
The magic MD: raises $1 to $2
CichiChanMarian: folds 
Pon4uk.ua: folds 
Imparator1978: calls $2
vadjkeee: folds 
mr.Jckpot: calls $1
*** FLOP *** [6d 9h 5c]
mr.Jckpot: checks 
The magic MD: checks 
Imparator1978: bets $3.09
mr.Jckpot: folds 
The magic MD: folds 
Uncalled bet ($3.09) returned to Imparator1978
Imparator1978 collected $6.10 from pot
*** SUMMARY ***
Total pot $6.50 | Rake $0.40 
Board [6d 9h 5c]
Seat 1: Pon4uk.ua folded before Flop (didn't bet)
Seat 2: Imparator1978 (button) collected ($6.10)
Seat 3: vadjkeee (small blind) folded before Flop
Seat 4: mr.Jckpot (big blind) folded on the Flop
Seat 5: The magic MD folded on the Flop
Seat 6: CichiChanMarian folded before Flop (didn't bet)



PokerStars Hand #254190013666:  Hold'em No Limit ($0.50/$1.00 USD) - 2025/01/04 15:06:16 WET [2025/01/04 10:06:16 ET]
Table 'Niels II' 6-max Seat #3 is the button
Seat 1: Pon4uk.ua ($103.53 in chips) 
Seat 2: Imparator1978 ($104.79 in chips) 
Seat 3: vadjkeee ($107.01 in chips) 
Seat 4: mr.Jckpot ($100 in chips) 
Seat 5: The magic MD ($10 in chips) 
Seat 6: CichiChanMarian ($114.22 in chips) 
mr.Jckpot: posts small blind $0.50
The magic MD: posts big blind $1
*** HOLE CARDS ***
CichiChanMarian: folds 
Pon4uk.ua: folds 
Imparator1978: raises $1 to $2
vadjkeee: raises $5.50 to $7.50
mr.Jckpot: folds 
The magic MD: folds 
Imparator1978: calls $5.50
*** FLOP *** [8s 6c 5s]
Imparator1978: checks 
vadjkeee: checks 
*** TURN *** [8s 6c 5s] [Ks]
Imparator1978 has timed out
Imparator1978: checks 
vadjkeee: bets $5.17
Imparator1978: folds 
Uncalled bet ($5.17) returned to vadjkeee
vadjkeee collected $15.68 from pot
vadjkeee: doesn't show hand 
*** SUMMARY ***
Total pot $16.50 | Rake $0.82 
Board [8s 6c 5s Ks]
Seat 1: Pon4uk.ua folded before Flop (didn't bet)
Seat 2: Imparator1978 folded on the Turn
Seat 3: vadjkeee (button) collected ($15.68)
Seat 4: mr.Jckpot (small blind) folded before Flop
Seat 5: The magic MD (big blind) folded before Flop
Seat 6: CichiChanMarian folded before Flop (didn't bet)



PokerStars Hand #254190029922:  Hold'em No Limit ($0.50/$1.00 USD) - 2025/01/04 15:07:26 WET [2025/01/04 10:07:26 ET]
Table 'Niels II' 6-max Seat #5 is the button
Seat 4: mr.Jckpot ($100 in chips) is sitting out
Seat 1: Pon4uk.ua ($103.53 in chips) 
Seat 2: Imparator1978 ($97.29 in chips) 
Seat 3: vadjkeee ($115.19 in chips) 
Seat 5: The magic MD ($10 in chips) 
Seat 6: CichiChanMarian ($114.22 in chips) 
CichiChanMarian: posts small blind $0.50
Pon4uk.ua: posts big blind $1
*** HOLE CARDS ***
Imparator1978: raises $1 to $2
vadjkeee: folds 
The magic MD: calls $2
CichiChanMarian: folds 
Pon4uk.ua: folds 
*** FLOP *** [6d Qc 7h]
Imparator1978: checks 
The magic MD: checks 
*** TURN *** [6d Qc 7h] [2h]
Imparator1978: checks 
The magic MD: checks 
*** RIVER *** [6d Qc 7h 2h] [5s]
Imparator1978: checks 
The magic MD: checks 
*** SHOW DOWN ***
Imparator1978: shows [Ac Jh] (high card Ace)
The magic MD: shows [Kd 5d] (a pair of Fives)
The magic MD collected $5.22 from pot
*** SUMMARY ***
Total pot $5.50 | Rake $0.28 
Board [6d Qc 7h 2h 5s]
Seat 4: mr.Jckpot
Seat 1: Pon4uk.ua (big blind) folded before Flop
Seat 2: Imparator1978 showed [Ac Jh] and lost with high card Ace
Seat 3: vadjkeee folded before Flop (didn't bet)
Seat 5: The magic MD (button) showed [Kd 5d] and won ($5.22) with a pair of Fives
Seat 6: CichiChanMarian (small blind) folded before Flop



PokerStars Hand #254190037984:  Hold'em No Limit ($0.50/$1.00 USD) - 2025/01/04 15:08:01 WET [2025/01/04 10:08:01 ET]
Table 'Niels II' 6-max Seat #6 is the button
Seat 4: mr.Jckpot ($100 in chips) is sitting out
Seat 1: Pon4uk.ua ($102.53 in chips) 
Seat 2: Imparator1978 ($95.29 in chips) 
Seat 3: vadjkeee ($115.19 in chips) 
Seat 5: The magic MD ($13.22 in chips) 
Seat 6: CichiChanMarian ($113.72 in chips) 
Pon4uk.ua: posts small blind $0.50
Imparator1978: posts big blind $1
*** HOLE CARDS ***
vadjkeee: folds 
The magic MD: folds 
CichiChanMarian: folds 
Pon4uk.ua: raises $1.75 to $2.75
Imparator1978: folds 
Uncalled bet ($1.75) returned to Pon4uk.ua
Pon4uk.ua collected $2 from pot
Pon4uk.ua: doesn't show hand 
*** SUMMARY ***
Total pot $2 | Rake $0 
Seat 4: mr.Jckpot
Seat 1: Pon4uk.ua (small blind) collected ($2)
Seat 2: Imparator1978 (big blind) folded before Flop
Seat 3: vadjkeee folded before Flop (didn't bet)
Seat 5: The magic MD folded before Flop (didn't bet)
Seat 6: CichiChanMarian (button) folded before Flop (didn't bet)



PokerStars Hand #254190045446:  Hold'em No Limit ($0.50/$1.00 USD) - 2025/01/04 15:08:33 WET [2025/01/04 10:08:33 ET]
Table 'Niels II' 6-max Seat #1 is the button
Seat 1: Pon4uk.ua ($103.53 in chips) 
Seat 2: Imparator1978 ($94.29 in chips) 
Seat 3: vadjkeee ($115.19 in chips) 
Seat 4: mr.Jckpot ($100 in chips) 
Seat 5: The magic MD ($13.22 in chips) 
Seat 6: CichiChanMarian ($113.72 in chips) 
Imparator1978: posts small blind $0.50
vadjkeee: posts big blind $1
*** HOLE CARDS ***
mr.Jckpot: folds 
The magic MD: folds 
CichiChanMarian: raises $1.50 to $2.50
Pon4uk.ua: folds 
Imparator1978: calls $2
vadjkeee: calls $1.50
*** FLOP *** [9h Js 4d]
Imparator1978: checks 
vadjkeee: checks 
CichiChanMarian: checks 
*** TURN *** [9h Js 4d] [7c]
Imparator1978: bets $3.56
vadjkeee: raises $10.44 to $14
CichiChanMarian: folds 
Imparator1978: folds 
Uncalled bet ($10.44) returned to vadjkeee
vadjkeee collected $13.89 from pot
vadjkeee: doesn't show hand 
*** SUMMARY ***
Total pot $14.62 | Rake $0.73 
Board [9h Js 4d 7c]
Seat 1: Pon4uk.ua (button) folded before Flop (didn't bet)
Seat 2: Imparator1978 (small blind) folded on the Turn
Seat 3: vadjkeee (big blind) collected ($13.89)
Seat 4: mr.Jckpot folded before Flop (didn't bet)
Seat 5: The magic MD folded before Flop (didn't bet)
Seat 6: CichiChanMarian folded on the Turn



PokerStars Hand #254190057902:  Hold'em No Limit ($0.50/$1.00 USD) - 2025/01/04 15:09:26 WET [2025/01/04 10:09:26 ET]
Table 'Niels II' 6-max Seat #2 is the button
Seat 1: Pon4uk.ua ($103.53 in chips) 
Seat 2: Imparator1978 ($88.23 in chips) 
Seat 3: vadjkeee ($123.02 in chips) 
Seat 4: mr.Jckpot ($100 in chips) 
Seat 5: The magic MD ($13.22 in chips) 
Seat 6: CichiChanMarian ($111.22 in chips) 
vadjkeee: posts small blind $0.50
mr.Jckpot: posts big blind $1
*** HOLE CARDS ***
The magic MD: folds 
CichiChanMarian: raises $1.50 to $2.50
Pon4uk.ua: folds 
Imparator1978: raises $1.50 to $4
vadjkeee: folds 
mr.Jckpot: folds 
CichiChanMarian: calls $1.50
*** FLOP *** [Kd 7c 4s]
CichiChanMarian: checks 
Imparator1978: bets $4.51
CichiChanMarian: calls $4.51
*** TURN *** [Kd 7c 4s] [2d]
CichiChanMarian: checks 
Imparator1978: bets $8.80
CichiChanMarian: calls $8.80
*** RIVER *** [Kd 7c 4s 2d] [8d]
CichiChanMarian: checks 
Imparator1978 is disconnected 
Imparator1978 is connected 
Imparator1978: bets $17.16
CichiChanMarian: calls $17.16
*** SHOW DOWN ***
Imparator1978: shows [Ac Js] (high card Ace)
CichiChanMarian: shows [Td Ks] (a pair of Kings)
CichiChanMarian collected $67.94 from pot
*** SUMMARY ***
Total pot $70.44 | Rake $2.50 
Board [Kd 7c 4s 2d 8d]
Seat 1: Pon4uk.ua folded before Flop (didn't bet)
Seat 2: Imparator1978 (button) showed [Ac Js] and lost with high card Ace
Seat 3: vadjkeee (small blind) folded before Flop
Seat 4: mr.Jckpot (big blind) folded before Flop
Seat 5: The magic MD folded before Flop (didn't bet)
Seat 6: CichiChanMarian showed [Td Ks] and won ($67.94) with a pair of Kings



PokerStars Hand #254190079189:  Hold'em No Limit ($0.50/$1.00 USD) - 2025/01/04 15:10:58 WET [2025/01/04 10:10:58 ET]
Table 'Niels II' 6-max Seat #3 is the button
Seat 1: Pon4uk.ua ($103.53 in chips) 
Seat 2: Imparator1978 ($53.76 in chips) 
Seat 3: vadjkeee ($122.52 in chips) 
Seat 4: mr.Jckpot ($100 in chips) 
Seat 5: The magic MD ($13.22 in chips) 
Seat 6: CichiChanMarian ($144.69 in chips) 
mr.Jckpot: posts small blind $0.50
The magic MD: posts big blind $1
*** HOLE CARDS ***
CichiChanMarian: folds 
Pon4uk.ua: folds 
Imparator1978: raises $2.50 to $3.50
vadjkeee: folds 
mr.Jckpot: folds 
The magic MD: folds 
Uncalled bet ($2.50) returned to Imparator1978
Imparator1978 collected $2.50 from pot
*** SUMMARY ***
Total pot $2.50 | Rake $0 
Seat 1: Pon4uk.ua folded before Flop (didn't bet)
Seat 2: Imparator1978 collected ($2.50)
Seat 3: vadjkeee (button) folded before Flop (didn't bet)
Seat 4: mr.Jckpot (small blind) folded before Flop
Seat 5: The magic MD (big blind) folded before Flop
Seat 6: CichiChanMarian folded before Flop (didn't bet)



PokerStars Hand #254190083123:  Hold'em No Limit ($0.50/$1.00 USD) - 2025/01/04 15:11:15 WET [2025/01/04 10:11:15 ET]
Table 'Niels II' 6-max Seat #4 is the button
Seat 1: Pon4uk.ua ($103.53 in chips) 
Seat 2: Imparator1978 ($55.26 in chips) 
Seat 3: vadjkeee ($122.52 in chips) 
Seat 4: mr.Jckpot ($100 in chips) 
Seat 5: The magic MD ($12.22 in chips) 
Seat 6: CichiChanMarian ($144.69 in chips) 
The magic MD: posts small blind $0.50
CichiChanMarian: posts big blind $1
*** HOLE CARDS ***
Pon4uk.ua: folds 
Imparator1978: raises $2.50 to $3.50
vadjkeee: folds 
mr.Jckpot: folds 
The magic MD: folds 
CichiChanMarian: folds 
Uncalled bet ($2.50) returned to Imparator1978
Imparator1978 collected $2.50 from pot
*** SUMMARY ***
Total pot $2.50 | Rake $0 
Seat 1: Pon4uk.ua folded before Flop (didn't bet)
Seat 2: Imparator1978 collected ($2.50)
Seat 3: vadjkeee folded before Flop (didn't bet)
Seat 4: mr.Jckpot (button) folded before Flop (didn't bet)
Seat 5: The magic MD (small blind) folded before Flop
Seat 6: CichiChanMarian (big blind) folded before Flop



PokerStars Hand #254190086365:  Hold'em No Limit ($0.50/$1.00 USD) - 2025/01/04 15:11:29 WET [2025/01/04 10:11:29 ET]
Table 'Niels II' 6-max Seat #5 is the button
Seat 1: Pon4uk.ua ($103.53 in chips) 
Seat 2: Imparator1978 ($56.76 in chips) 
Seat 3: vadjkeee ($122.52 in chips) 
Seat 4: mr.Jckpot ($100 in chips) 
Seat 5: The magic MD ($11.72 in chips) 
Seat 6: CichiChanMarian ($143.69 in chips) 
CichiChanMarian: posts small blind $0.50
Pon4uk.ua: posts big blind $1
*** HOLE CARDS ***
Imparator1978: raises $2.50 to $3.50
vadjkeee: folds 
mr.Jckpot: folds 
The magic MD: folds 
CichiChanMarian: calls $3
Pon4uk.ua: folds 
*** FLOP *** [9s Qh As]
CichiChanMarian: checks 
Imparator1978: bets $7.60
CichiChanMarian: calls $7.60
*** TURN *** [9s Qh As] [8s]
CichiChanMarian: checks 
Imparator1978: bets $22.04
CichiChanMarian: raises $22.04 to $44.08
Imparator1978: folds 
Uncalled bet ($22.04) returned to CichiChanMarian
CichiChanMarian collected $64.78 from pot
CichiChanMarian: doesn't show hand 
*** SUMMARY ***
Total pot $67.28 | Rake $2.50 
Board [9s Qh As 8s]
Seat 1: Pon4uk.ua (big blind) folded before Flop
Seat 2: Imparator1978 folded on the Turn
Seat 3: vadjkeee folded before Flop (didn't bet)
Seat 4: mr.Jckpot folded before Flop (didn't bet)
Seat 5: The magic MD (button) folded before Flop (didn't bet)
Seat 6: CichiChanMarian (small blind) collected ($64.78)



PokerStars Hand #254190093524:  Hold'em No Limit ($0.50/$1.00 USD) - 2025/01/04 15:11:59 WET [2025/01/04 10:11:59 ET]
Table 'Niels II' 6-max Seat #6 is the button
Seat 1: Pon4uk.ua ($102.53 in chips) 
Seat 2: Imparator1978 ($23.62 in chips) 
Seat 3: vadjkeee ($122.52 in chips) 
Seat 4: mr.Jckpot ($100 in chips) 
Seat 5: The magic MD ($11.72 in chips) 
Seat 6: CichiChanMarian ($175.33 in chips) 
Pon4uk.ua: posts small blind $0.50
Imparator1978: posts big blind $1
*** HOLE CARDS ***
vadjkeee: raises $2 to $3
mr.Jckpot: folds 
The magic MD: folds 
CichiChanMarian: folds 
Pon4uk.ua: folds 
Imparator1978: raises $20.62 to $23.62 and is all-in
vadjkeee: folds 
Uncalled bet ($20.62) returned to Imparator1978
Imparator1978 collected $6.50 from pot
*** SUMMARY ***
Total pot $6.50 | Rake $0 
Seat 1: Pon4uk.ua (small blind) folded before Flop
Seat 2: Imparator1978 (big blind) collected ($6.50)
Seat 3: vadjkeee folded before Flop
Seat 4: mr.Jckpot folded before Flop (didn't bet)
Seat 5: The magic MD folded before Flop (didn't bet)
Seat 6: CichiChanMarian (button) folded before Flop (didn't bet)



PokerStars Hand #254190103908:  Hold'em No Limit ($0.50/$1.00 USD) - 2025/01/04 15:12:43 WET [2025/01/04 10:12:43 ET]
Table 'Niels II' 6-max Seat #1 is the button
Seat 1: Pon4uk.ua ($102.03 in chips) 
Seat 2: Imparator1978 ($34.66 in chips) 
Seat 3: vadjkeee ($119.52 in chips) 
Seat 4: mr.Jckpot ($100 in chips) 
Seat 5: The magic MD ($11.72 in chips) 
Seat 6: CichiChanMarian ($175.33 in chips) 
Imparator1978: posts small blind $0.50
vadjkeee: posts big blind $1
*** HOLE CARDS ***
mr.Jckpot: folds 
The magic MD: folds 
CichiChanMarian: folds 
Pon4uk.ua: raises $1.50 to $2.50
Imparator1978: calls $2
vadjkeee: folds 
*** FLOP *** [7h Ah Kd]
Imparator1978: checks 
Pon4uk.ua: bets $2.85
Imparator1978: folds 
Uncalled bet ($2.85) returned to Pon4uk.ua
Pon4uk.ua collected $5.70 from pot
Pon4uk.ua: doesn't show hand 
*** SUMMARY ***
Total pot $6 | Rake $0.30 
Board [7h Ah Kd]
Seat 1: Pon4uk.ua (button) collected ($5.70)
Seat 2: Imparator1978 (small blind) folded on the Flop
Seat 3: vadjkeee (big blind) folded before Flop
Seat 4: mr.Jckpot folded before Flop (didn't bet)
Seat 5: The magic MD folded before Flop (didn't bet)
Seat 6: CichiChanMarian folded before Flop (didn't bet)



PokerStars Hand #254190109753:  Hold'em No Limit ($0.50/$1.00 USD) - 2025/01/04 15:13:08 WET [2025/01/04 10:13:08 ET]
Table 'Niels II' 6-max Seat #2 is the button
Seat 1: Pon4uk.ua ($105.23 in chips) 
Seat 2: Imparator1978 ($32.16 in chips) 
Seat 3: vadjkeee ($118.52 in chips) 
Seat 4: mr.Jckpot ($100 in chips) 
Seat 5: The magic MD ($11.72 in chips) 
Seat 6: CichiChanMarian ($175.33 in chips) 
vadjkeee: posts small blind $0.50
mr.Jckpot: posts big blind $1
*** HOLE CARDS ***
The magic MD: raises $1 to $2
CichiChanMarian: folds 
Pon4uk.ua: folds 
Imparator1978: calls $2
vadjkeee: folds 
mr.Jckpot: folds 
*** FLOP *** [8d Tc 6c]
The magic MD: bets $2
Imparator1978: raises $28.16 to $30.16 and is all-in
The magic MD: folds 
Uncalled bet ($28.16) returned to Imparator1978
Imparator1978 collected $8.90 from pot
*** SUMMARY ***
Total pot $9.50 | Rake $0.60 
Board [8d Tc 6c]
Seat 1: Pon4uk.ua folded before Flop (didn't bet)
Seat 2: Imparator1978 (button) collected ($8.90)
Seat 3: vadjkeee (small blind) folded before Flop
Seat 4: mr.Jckpot (big blind) folded before Flop
Seat 5: The magic MD folded on the Flop
Seat 6: CichiChanMarian folded before Flop (didn't bet)



PokerStars Hand #254190117730:  Hold'em No Limit ($0.50/$1.00 USD) - 2025/01/04 15:13:43 WET [2025/01/04 10:13:43 ET]
Table 'Niels II' 6-max Seat #3 is the button
Seat 1: Pon4uk.ua ($105.23 in chips) 
Seat 2: Imparator1978 ($37.06 in chips) 
Seat 3: vadjkeee ($118.02 in chips) 
Seat 4: mr.Jckpot ($100 in chips) 
Seat 5: The magic MD ($10 in chips) 
Seat 6: CichiChanMarian ($175.33 in chips) 
mr.Jckpot: posts small blind $0.50
The magic MD: posts big blind $1
*** HOLE CARDS ***
CichiChanMarian: folds 
Pon4uk.ua: folds 
Imparator1978: raises $2.50 to $3.50
vadjkeee: folds 
mr.Jckpot: folds 
The magic MD: folds 
Uncalled bet ($2.50) returned to Imparator1978
Imparator1978 collected $2.50 from pot
*** SUMMARY ***
Total pot $2.50 | Rake $0 
Seat 1: Pon4uk.ua folded before Flop (didn't bet)
Seat 2: Imparator1978 collected ($2.50)
Seat 3: vadjkeee (button) folded before Flop (didn't bet)
Seat 4: mr.Jckpot (small blind) folded before Flop
Seat 5: The magic MD (big blind) folded before Flop
Seat 6: CichiChanMarian folded before Flop (didn't bet)



PokerStars Hand #254190121123:  Hold'em No Limit ($0.50/$1.00 USD) - 2025/01/04 15:13:57 WET [2025/01/04 10:13:57 ET]
Table 'Niels II' 6-max Seat #4 is the button
Seat 1: Pon4uk.ua ($105.23 in chips) 
Seat 2: Imparator1978 ($38.56 in chips) 
Seat 3: vadjkeee ($118.02 in chips) 
Seat 4: mr.Jckpot ($100 in chips) 
Seat 5: The magic MD ($10 in chips) 
Seat 6: CichiChanMarian ($175.33 in chips) 
The magic MD: posts small blind $0.50
CichiChanMarian: posts big blind $1
*** HOLE CARDS ***
Pon4uk.ua: folds 
Imparator1978: raises $2.50 to $3.50
vadjkeee: folds 
mr.Jckpot: folds 
The magic MD: raises $6.50 to $10 and is all-in
CichiChanMarian: folds 
Imparator1978: calls $6.50
*** FLOP *** [8d Qh 2c]
*** TURN *** [8d Qh 2c] [6s]
*** RIVER *** [8d Qh 2c 6s] [6d]
*** SHOW DOWN ***
The magic MD: shows [Jh As] (a pair of Sixes)
Imparator1978: shows [Jd 9d] (a pair of Sixes - lower kicker)
The magic MD collected $19.95 from pot
*** SUMMARY ***
Total pot $21 | Rake $1.05 
Board [8d Qh 2c 6s 6d]
Seat 1: Pon4uk.ua folded before Flop (didn't bet)
Seat 2: Imparator1978 showed [Jd 9d] and lost with a pair of Sixes
Seat 3: vadjkeee folded before Flop (didn't bet)
Seat 4: mr.Jckpot (button) folded before Flop (didn't bet)
Seat 5: The magic MD (small blind) showed [Jh As] and won ($19.95) with a pair of Sixes
Seat 6: CichiChanMarian (big blind) folded before Flop



PokerStars Hand #254190128224:  Hold'em No Limit ($0.50/$1.00 USD) - 2025/01/04 15:14:28 WET [2025/01/04 10:14:28 ET]
Table 'Niels II' 6-max Seat #5 is the button
Seat 1: Pon4uk.ua ($105.23 in chips) 
Seat 2: Imparator1978 ($28.56 in chips) 
Seat 3: vadjkeee ($118.02 in chips) 
Seat 4: mr.Jckpot ($100 in chips) 
Seat 5: The magic MD ($19.95 in chips) 
Seat 6: CichiChanMarian ($174.33 in chips) 
CichiChanMarian: posts small blind $0.50
Pon4uk.ua: posts big blind $1
*** HOLE CARDS ***
Imparator1978: folds 
vadjkeee: raises $1.50 to $2.50
mr.Jckpot: folds 
The magic MD: folds 
CichiChanMarian: folds 
Pon4uk.ua: folds 
Uncalled bet ($1.50) returned to vadjkeee
vadjkeee collected $2.50 from pot
vadjkeee: doesn't show hand 
*** SUMMARY ***
Total pot $2.50 | Rake $0 
Seat 1: Pon4uk.ua (big blind) folded before Flop
Seat 2: Imparator1978 folded before Flop (didn't bet)
Seat 3: vadjkeee collected ($2.50)
Seat 4: mr.Jckpot folded before Flop (didn't bet)
Seat 5: The magic MD (button) folded before Flop (didn't bet)
Seat 6: CichiChanMarian (small blind) folded before Flop



PokerStars Hand #254190135147:  Hold'em No Limit ($0.50/$1.00 USD) - 2025/01/04 15:14:57 WET [2025/01/04 10:14:57 ET]
Table 'Niels II' 6-max Seat #6 is the button
Seat 1: Pon4uk.ua ($104.23 in chips) 
Seat 2: Imparator1978 ($28.56 in chips) 
Seat 3: vadjkeee ($119.52 in chips) 
Seat 4: mr.Jckpot ($100 in chips) 
Seat 5: The magic MD ($19.95 in chips) 
Seat 6: CichiChanMarian ($173.83 in chips) 
Pon4uk.ua: posts small blind $0.50
Imparator1978: posts big blind $1
*** HOLE CARDS ***
vadjkeee: folds 
mr.Jckpot: folds 
The magic MD: folds 
CichiChanMarian: raises $1.50 to $2.50
Pon4uk.ua: calls $2
Imparator1978: raises $26.06 to $28.56 and is all-in
CichiChanMarian: raises $145.27 to $173.83 and is all-in
Pon4uk.ua: folds 
Uncalled bet ($145.27) returned to CichiChanMarian
*** FLOP *** [2h Ah 5s]
*** TURN *** [2h Ah 5s] [7d]
*** RIVER *** [2h Ah 5s 7d] [6c]
*** SHOW DOWN ***
Imparator1978: shows [Kc Ad] (a pair of Aces)
CichiChanMarian: shows [Ac Js] (a pair of Aces - lower kicker)
Imparator1978 collected $56.50 from pot
*** SUMMARY ***
Total pot $59.62 | Rake $3.12 
Board [2h Ah 5s 7d 6c]
Seat 1: Pon4uk.ua (small blind) folded before Flop
Seat 2: Imparator1978 (big blind) showed [Kc Ad] and won ($56.50) with a pair of Aces
Seat 3: vadjkeee folded before Flop (didn't bet)
Seat 4: mr.Jckpot folded before Flop (didn't bet)
Seat 5: The magic MD folded before Flop (didn't bet)
Seat 6: CichiChanMarian (button) showed [Ac Js] and lost with a pair of Aces



PokerStars Hand #254190144787:  Hold'em No Limit ($0.50/$1.00 USD) - 2025/01/04 15:15:37 WET [2025/01/04 10:15:37 ET]
Table 'Niels II' 6-max Seat #1 is the button
Seat 3: vadjkeee ($119.52 in chips) is sitting out
Seat 1: Pon4uk.ua ($101.73 in chips) 
Seat 2: Imparator1978 ($56.50 in chips) 
Seat 4: mr.Jckpot ($100 in chips) 
Seat 5: The magic MD ($19.95 in chips) 
Seat 6: CichiChanMarian ($145.27 in chips) 
Imparator1978: posts small blind $0.50
mr.Jckpot: posts big blind $1
*** HOLE CARDS ***
The magic MD: folds 
CichiChanMarian: folds 
Pon4uk.ua: raises $1.50 to $2.50
Imparator1978: raises $6 to $8.50
mr.Jckpot: folds 
Pon4uk.ua: folds 
Uncalled bet ($6) returned to Imparator1978
Imparator1978 collected $6 from pot
*** SUMMARY ***
Total pot $6 | Rake $0 
Seat 3: vadjkeee
Seat 1: Pon4uk.ua (button) folded before Flop
Seat 2: Imparator1978 (small blind) collected ($6)
Seat 4: mr.Jckpot (big blind) folded before Flop
Seat 5: The magic MD folded before Flop (didn't bet)
Seat 6: CichiChanMarian folded before Flop (didn't bet)



PokerStars Hand #254190150307:  Hold'em No Limit ($0.50/$1.00 USD) - 2025/01/04 15:16:00 WET [2025/01/04 10:16:00 ET]
Table 'Niels II' 6-max Seat #2 is the button
Seat 3: vadjkeee ($119.52 in chips) is sitting out
Seat 1: Pon4uk.ua ($100 in chips) 
Seat 2: Imparator1978 ($60 in chips) 
Seat 4: mr.Jckpot ($100 in chips) 
Seat 5: The magic MD ($19.95 in chips) 
Seat 6: CichiChanMarian ($145.27 in chips) 
mr.Jckpot: posts small blind $0.50
The magic MD: posts big blind $1
*** HOLE CARDS ***
CichiChanMarian: raises $1.50 to $2.50
Pon4uk.ua: folds 
Imparator1978: raises $6.50 to $9
mr.Jckpot: folds 
The magic MD: folds 
CichiChanMarian: calls $6.50
*** FLOP *** [9d 3h 3s]
CichiChanMarian: checks 
Imparator1978: bets $18.52
CichiChanMarian: folds 
Uncalled bet ($18.52) returned to Imparator1978
Imparator1978 collected $18.28 from pot
*** SUMMARY ***
Total pot $19.50 | Rake $1.22 
Board [9d 3h 3s]
Seat 3: vadjkeee
Seat 1: Pon4uk.ua folded before Flop (didn't bet)
Seat 2: Imparator1978 (button) collected ($18.28)
Seat 4: mr.Jckpot (small blind) folded before Flop
Seat 5: The magic MD (big blind) folded before Flop
Seat 6: CichiChanMarian folded on the Flop



PokerStars Hand #254190158401:  Hold'em No Limit ($0.50/$1.00 USD) - 2025/01/04 15:16:33 WET [2025/01/04 10:16:33 ET]
Table 'Niels II' 6-max Seat #4 is the button
Seat 3: vadjkeee ($119.52 in chips) is sitting out
Seat 1: Pon4uk.ua ($100 in chips) 
Seat 2: Imparator1978 ($69.28 in chips) 
Seat 4: mr.Jckpot ($100 in chips) 
Seat 5: The magic MD ($18.95 in chips) 
Seat 6: CichiChanMarian ($136.27 in chips) 
The magic MD: posts small blind $0.50
CichiChanMarian: posts big blind $1
*** HOLE CARDS ***
Pon4uk.ua: folds 
Imparator1978: raises $2.50 to $3.50
mr.Jckpot: folds 
The magic MD: folds 
CichiChanMarian: calls $2.50
*** FLOP *** [Jc 3d Qc]
CichiChanMarian: checks 
Imparator1978: bets $7.12
CichiChanMarian: calls $7.12
*** TURN *** [Jc 3d Qc] [2c]
CichiChanMarian: checks 
Imparator1978: bets $20.65
CichiChanMarian: calls $20.65
*** RIVER *** [Jc 3d Qc 2c] [8d]
CichiChanMarian: checks 
Imparator1978: bets $38.01 and is all-in
CichiChanMarian: calls $38.01
*** SHOW DOWN ***
Imparator1978: shows [Ah As] (a pair of Aces)
CichiChanMarian: shows [5c 4c] (a flush, Queen high)
CichiChanMarian collected $136.56 from pot
*** SUMMARY ***
Total pot $139.06 | Rake $2.50 
Board [Jc 3d Qc 2c 8d]
Seat 3: vadjkeee
Seat 1: Pon4uk.ua folded before Flop (didn't bet)
Seat 2: Imparator1978 showed [Ah As] and lost with a pair of Aces
Seat 4: mr.Jckpot (button) folded before Flop (didn't bet)
Seat 5: The magic MD (small blind) folded before Flop
Seat 6: CichiChanMarian (big blind) showed [5c 4c] and won ($136.56) with a flush, Queen high



PokerStars Hand #254190165872:  Hold'em No Limit ($0.50/$1.00 USD) - 2025/01/04 15:17:03 WET [2025/01/04 10:17:03 ET]
Table 'Niels II' 6-max Seat #5 is the button
Seat 2: Imparator1978 ($0 in chips) is sitting out
Seat 3: vadjkeee ($119.52 in chips) is sitting out
Seat 1: Pon4uk.ua ($100 in chips) 
Seat 4: mr.Jckpot ($100 in chips) 
Seat 5: The magic MD ($18.45 in chips) 
Seat 6: CichiChanMarian ($203.55 in chips) 
CichiChanMarian: posts small blind $0.50
Pon4uk.ua: posts big blind $1
vadjkeee: sits out 
*** HOLE CARDS ***
mr.Jckpot: folds 
The magic MD: folds 
CichiChanMarian: folds 
Uncalled bet ($0.50) returned to Pon4uk.ua
Pon4uk.ua collected $1 from pot
Pon4uk.ua: doesn't show hand 
*** SUMMARY ***
Total pot $1 | Rake $0 
Seat 2: Imparator1978
Seat 3: vadjkeee
Seat 1: Pon4uk.ua (big blind) collected ($1)
Seat 4: mr.Jckpot folded before Flop (didn't bet)
Seat 5: The magic MD (button) folded before Flop (didn't bet)
Seat 6: CichiChanMarian (small blind) folded before Flop



PokerStars Hand #254190168752:  Hold'em No Limit ($0.50/$1.00 USD) - 2025/01/04 15:17:15 WET [2025/01/04 10:17:15 ET]
Table 'Niels II' 6-max Seat #6 is the button
Seat 3: vadjkeee ($119.52 in chips) is sitting out
Seat 1: Pon4uk.ua ($100.50 in chips) 
Seat 2: Imparator1978 ($100 in chips) 
Seat 4: mr.Jckpot ($100 in chips) 
Seat 5: The magic MD ($18.45 in chips) 
Seat 6: CichiChanMarian ($203.05 in chips) 
Pon4uk.ua: posts small blind $0.50
Imparator1978: posts big blind $1
vadjkeee: sits out 
*** HOLE CARDS ***
mr.Jckpot: folds 
The magic MD: folds 
CichiChanMarian: folds 
Pon4uk.ua: raises $1.75 to $2.75
Imparator1978: calls $1.75
*** FLOP *** [5c Js Ts]
Pon4uk.ua: bets $1.72
Imparator1978: calls $1.72
*** TURN *** [5c Js Ts] [Qh]
Pon4uk.ua: checks 
Imparator1978: bets $8.49
Pon4uk.ua: folds 
Uncalled bet ($8.49) returned to Imparator1978
Imparator1978 collected $8.38 from pot
*** SUMMARY ***
Total pot $8.94 | Rake $0.56 
Board [5c Js Ts Qh]
Seat 3: vadjkeee
Seat 1: Pon4uk.ua (small blind) folded on the Turn
Seat 2: Imparator1978 (big blind) collected ($8.38)
Seat 4: mr.Jckpot folded before Flop (didn't bet)
Seat 5: The magic MD folded before Flop (didn't bet)
Seat 6: CichiChanMarian (button) folded before Flop (didn't bet)



PokerStars Hand #254190180665:  Hold'em No Limit ($0.50/$1.00 USD) - 2025/01/04 15:18:03 WET [2025/01/04 10:18:03 ET]
Table 'Niels II' 6-max Seat #1 is the button
Seat 1: Pon4uk.ua ($100 in chips) 
Seat 2: Imparator1978 ($103.91 in chips) 
Seat 3: vadjkeee ($119.52 in chips) 
Seat 4: mr.Jckpot ($100 in chips) 
Seat 5: The magic MD ($18.45 in chips) 
Seat 6: CichiChanMarian ($203.05 in chips) 
Imparator1978: posts small blind $0.50
vadjkeee: posts big blind $1
*** HOLE CARDS ***
mr.Jckpot: folds 
The magic MD: folds 
CichiChanMarian: folds 
Pon4uk.ua: raises $1.50 to $2.50
Imparator1978: calls $2
vadjkeee: folds 
*** FLOP *** [8s Jc 7c]
Imparator1978: checks 
Pon4uk.ua: bets $2.85
Imparator1978: folds 
Uncalled bet ($2.85) returned to Pon4uk.ua
Pon4uk.ua collected $5.70 from pot
Pon4uk.ua: doesn't show hand 
*** SUMMARY ***
Total pot $6 | Rake $0.30 
Board [8s Jc 7c]
Seat 1: Pon4uk.ua (button) collected ($5.70)
Seat 2: Imparator1978 (small blind) folded on the Flop
Seat 3: vadjkeee (big blind) folded before Flop
Seat 4: mr.Jckpot folded before Flop (didn't bet)
Seat 5: The magic MD folded before Flop (didn't bet)
Seat 6: CichiChanMarian folded before Flop (didn't bet)



PokerStars Hand #254190186003:  Hold'em No Limit ($0.50/$1.00 USD) - 2025/01/04 15:18:25 WET [2025/01/04 10:18:25 ET]
Table 'Niels II' 6-max Seat #2 is the button
Seat 1: Pon4uk.ua ($103.20 in chips) 
Seat 2: Imparator1978 ($101.41 in chips) 
Seat 3: vadjkeee ($118.52 in chips) 
Seat 4: mr.Jckpot ($100 in chips) 
Seat 5: The magic MD ($18.45 in chips) 
Seat 6: CichiChanMarian ($203.05 in chips) 
vadjkeee: posts small blind $0.50
mr.Jckpot: posts big blind $1
*** HOLE CARDS ***
The magic MD: raises $1 to $2
CichiChanMarian: folds 
Pon4uk.ua: folds 
Imparator1978: folds 
vadjkeee: raises $5.50 to $7.50
mr.Jckpot: folds 
The magic MD: folds 
Uncalled bet ($5.50) returned to vadjkeee
vadjkeee collected $5 from pot
vadjkeee: doesn't show hand 
*** SUMMARY ***
Total pot $5 | Rake $0 
Seat 1: Pon4uk.ua folded before Flop (didn't bet)
Seat 2: Imparator1978 (button) folded before Flop (didn't bet)
Seat 3: vadjkeee (small blind) collected ($5)
Seat 4: mr.Jckpot (big blind) folded before Flop
Seat 5: The magic MD folded before Flop
Seat 6: CichiChanMarian folded before Flop (didn't bet)



PokerStars Hand #254190193622:  Hold'em No Limit ($0.50/$1.00 USD) - 2025/01/04 15:18:56 WET [2025/01/04 10:18:56 ET]
Table 'Niels II' 6-max Seat #3 is the button
Seat 1: Pon4uk.ua ($103.20 in chips) 
Seat 2: Imparator1978 ($101.41 in chips) 
Seat 3: vadjkeee ($121.52 in chips) 
Seat 4: mr.Jckpot ($100 in chips) 
Seat 5: The magic MD ($16.45 in chips) 
Seat 6: CichiChanMarian ($203.05 in chips) 
mr.Jckpot: posts small blind $0.50
The magic MD: posts big blind $1
*** HOLE CARDS ***
CichiChanMarian: folds 
Pon4uk.ua: raises $1 to $2
Imparator1978: folds 
vadjkeee: folds 
mr.Jckpot: folds 
The magic MD: folds 
Uncalled bet ($1) returned to Pon4uk.ua
Pon4uk.ua collected $2.50 from pot
Pon4uk.ua: doesn't show hand 
*** SUMMARY ***
Total pot $2.50 | Rake $0 
Seat 1: Pon4uk.ua collected ($2.50)
Seat 2: Imparator1978 folded before Flop (didn't bet)
Seat 3: vadjkeee (button) folded before Flop (didn't bet)
Seat 4: mr.Jckpot (small blind) folded before Flop
Seat 5: The magic MD (big blind) folded before Flop
Seat 6: CichiChanMarian folded before Flop (didn't bet)



PokerStars Hand #254190198132:  Hold'em No Limit ($0.50/$1.00 USD) - 2025/01/04 15:19:14 WET [2025/01/04 10:19:14 ET]
Table 'Niels II' 6-max Seat #4 is the button
Seat 1: Pon4uk.ua ($104.70 in chips) 
Seat 2: Imparator1978 ($101.41 in chips) 
Seat 3: vadjkeee ($121.52 in chips) 
Seat 4: mr.Jckpot ($100 in chips) 
Seat 5: The magic MD ($15.45 in chips) 
Seat 6: CichiChanMarian ($203.05 in chips) 
The magic MD: posts small blind $0.50
CichiChanMarian: posts big blind $1
*** HOLE CARDS ***
Pon4uk.ua: folds 
Imparator1978: raises $2.50 to $3.50
vadjkeee: raises $5.50 to $9
mr.Jckpot: folds 
The magic MD: folds 
CichiChanMarian: folds 
Imparator1978: calls $5.50
*** FLOP *** [6c 7c Jc]
Imparator1978: checks 
vadjkeee: bets $4.63
Imparator1978: calls $4.63
*** TURN *** [6c 7c Jc] [3h]
Imparator1978: checks 
vadjkeee: checks 
*** RIVER *** [6c 7c Jc 3h] [Js]
Imparator1978: bets $13.66
vadjkeee: folds 
Uncalled bet ($13.66) returned to Imparator1978
Imparator1978 collected $26.96 from pot
*** SUMMARY ***
Total pot $28.76 | Rake $1.80 
Board [6c 7c Jc 3h Js]
Seat 1: Pon4uk.ua folded before Flop (didn't bet)
Seat 2: Imparator1978 collected ($26.96)
Seat 3: vadjkeee folded on the River
Seat 4: mr.Jckpot (button) folded before Flop (didn't bet)
Seat 5: The magic MD (small blind) folded before Flop
Seat 6: CichiChanMarian (big blind) folded before Flop



PokerStars Hand #254190211707:  Hold'em No Limit ($0.50/$1.00 USD) - 2025/01/04 15:20:09 WET [2025/01/04 10:20:09 ET]
Table 'Niels II' 6-max Seat #5 is the button
Seat 1: Pon4uk.ua ($104.70 in chips) 
Seat 2: Imparator1978 ($114.74 in chips) 
Seat 3: vadjkeee ($107.89 in chips) 
Seat 4: mr.Jckpot ($100 in chips) 
Seat 5: The magic MD ($30.49 in chips) 
Seat 6: CichiChanMarian ($202.05 in chips) 
CichiChanMarian: posts small blind $0.50
Pon4uk.ua: posts big blind $1
*** HOLE CARDS ***
Imparator1978: raises $2.50 to $3.50
vadjkeee: folds 
mr.Jckpot: raises $5 to $8.50
The magic MD: folds 
CichiChanMarian: raises $11.50 to $20
Pon4uk.ua: folds 
Imparator1978: folds 
mr.Jckpot: calls $11.50
*** FLOP *** [Kh 3c Td]
CichiChanMarian: bets $10.57
mr.Jckpot: calls $10.57
*** TURN *** [Kh 3c Td] [8s]
CichiChanMarian: bets $15.79
mr.Jckpot: calls $15.79
*** RIVER *** [Kh 3c Td 8s] [3d]
CichiChanMarian: checks 
mr.Jckpot: bets $53.64 and is all-in
CichiChanMarian: folds 
Uncalled bet ($53.64) returned to mr.Jckpot
mr.Jckpot collected $94.72 from pot
mr.Jckpot: doesn't show hand 
*** SUMMARY ***
Total pot $97.22 | Rake $2.50 
Board [Kh 3c Td 8s 3d]
Seat 1: Pon4uk.ua (big blind) folded before Flop
Seat 2: Imparator1978 folded before Flop
Seat 3: vadjkeee folded before Flop (didn't bet)
Seat 4: mr.Jckpot collected ($94.72)
Seat 5: The magic MD (button) folded before Flop (didn't bet)
Seat 6: CichiChanMarian (small blind) folded on the River



PokerStars Hand #254190223516:  Hold'em No Limit ($0.50/$1.00 USD) - 2025/01/04 15:20:57 WET [2025/01/04 10:20:57 ET]
Table 'Niels II' 6-max Seat #6 is the button
Seat 1: Pon4uk.ua ($103.70 in chips) 
Seat 2: Imparator1978 ($111.24 in chips) 
Seat 3: vadjkeee ($107.89 in chips) 
Seat 4: mr.Jckpot ($148.36 in chips) 
Seat 5: The magic MD ($30.49 in chips) 
Seat 6: CichiChanMarian ($155.69 in chips) 
Pon4uk.ua: posts small blind $0.50
Imparator1978: posts big blind $1
*** HOLE CARDS ***
vadjkeee: raises $2 to $3
mr.Jckpot: folds 
The magic MD: calls $3
CichiChanMarian: folds 
Pon4uk.ua: folds 
Imparator1978: raises $9.50 to $12.50
vadjkeee: calls $9.50
The magic MD: folds 
*** FLOP *** [9d Qc Qs]
Imparator1978: checks 
vadjkeee: bets $6.77
Imparator1978: calls $6.77
*** TURN *** [9d Qc Qs] [Jh]
Imparator1978: checks 
vadjkeee: checks 
*** RIVER *** [9d Qc Qs Jh] [8d]
Imparator1978: bets $39.94
vadjkeee: calls $39.94
*** SHOW DOWN ***
Imparator1978: shows [7s 9s] (two pair, Queens and Nines)
vadjkeee: shows [Td Jd] (a straight, Eight to Queen)
vadjkeee collected $119.42 from pot
*** SUMMARY ***
Total pot $121.92 | Rake $2.50 
Board [9d Qc Qs Jh 8d]
Seat 1: Pon4uk.ua (small blind) folded before Flop
Seat 2: Imparator1978 (big blind) showed [7s 9s] and lost with two pair, Queens and Nines
Seat 3: vadjkeee showed [Td Jd] and won ($119.42) with a straight, Eight to Queen
Seat 4: mr.Jckpot folded before Flop (didn't bet)
Seat 5: The magic MD folded before Flop
Seat 6: CichiChanMarian (button) folded before Flop (didn't bet)



PokerStars Hand #254190237364:  Hold'em No Limit ($0.50/$1.00 USD) - 2025/01/04 15:21:53 WET [2025/01/04 10:21:53 ET]
Table 'Niels II' 6-max Seat #1 is the button
Seat 1: Pon4uk.ua ($103.20 in chips) 
Seat 2: Imparator1978 ($52.03 in chips) 
Seat 3: vadjkeee ($168.10 in chips) 
Seat 4: mr.Jckpot ($148.36 in chips) 
Seat 5: The magic MD ($27.49 in chips) 
Seat 6: CichiChanMarian ($155.69 in chips) 
Imparator1978: posts small blind $0.50
vadjkeee: posts big blind $1
*** HOLE CARDS ***
mr.Jckpot: folds 
The magic MD: folds 
CichiChanMarian: raises $1.50 to $2.50
Pon4uk.ua: folds 
Imparator1978: raises $6 to $8.50
vadjkeee: folds 
CichiChanMarian: folds 
Uncalled bet ($6) returned to Imparator1978
Imparator1978 collected $6 from pot
*** SUMMARY ***
Total pot $6 | Rake $0 
Seat 1: Pon4uk.ua (button) folded before Flop (didn't bet)
Seat 2: Imparator1978 (small blind) collected ($6)
Seat 3: vadjkeee (big blind) folded before Flop
Seat 4: mr.Jckpot folded before Flop (didn't bet)
Seat 5: The magic MD folded before Flop (didn't bet)
Seat 6: CichiChanMarian folded before Flop



PokerStars Hand #254190244855:  Hold'em No Limit ($0.50/$1.00 USD) - 2025/01/04 15:22:24 WET [2025/01/04 10:22:24 ET]
Table 'Niels II' 6-max Seat #2 is the button
Seat 1: Pon4uk.ua ($103.20 in chips) 
Seat 2: Imparator1978 ($58.90 in chips) 
Seat 3: vadjkeee ($167.10 in chips) 
Seat 4: mr.Jckpot ($148.36 in chips) 
Seat 5: The magic MD ($27.49 in chips) 
Seat 6: CichiChanMarian ($153.19 in chips) 
vadjkeee: posts small blind $0.50
mr.Jckpot: posts big blind $1
*** HOLE CARDS ***
The magic MD: folds 
CichiChanMarian: folds 
Pon4uk.ua: folds 
Imparator1978: raises $2.50 to $3.50
vadjkeee: folds 
mr.Jckpot: folds 
Uncalled bet ($2.50) returned to Imparator1978
Imparator1978 collected $2.50 from pot
*** SUMMARY ***
Total pot $2.50 | Rake $0 
Seat 1: Pon4uk.ua folded before Flop (didn't bet)
Seat 2: Imparator1978 (button) collected ($2.50)
Seat 3: vadjkeee (small blind) folded before Flop
Seat 4: mr.Jckpot (big blind) folded before Flop
Seat 5: The magic MD folded before Flop (didn't bet)
Seat 6: CichiChanMarian folded before Flop (didn't bet)



PokerStars Hand #254190248412:  Hold'em No Limit ($0.50/$1.00 USD) - 2025/01/04 15:22:38 WET [2025/01/04 10:22:38 ET]
Table 'Niels II' 6-max Seat #3 is the button
Seat 1: Pon4uk.ua ($103.20 in chips) 
Seat 2: Imparator1978 ($60.40 in chips) 
Seat 3: vadjkeee ($166.60 in chips) 
Seat 4: mr.Jckpot ($147.36 in chips) 
Seat 5: The magic MD ($27.49 in chips) 
Seat 6: CichiChanMarian ($153.19 in chips) 
mr.Jckpot: posts small blind $0.50
The magic MD: posts big blind $1
*** HOLE CARDS ***
CichiChanMarian: folds 
Pon4uk.ua: folds 
Imparator1978: folds 
vadjkeee: folds 
mr.Jckpot: raises $2 to $3
The magic MD: folds 
Uncalled bet ($2) returned to mr.Jckpot
mr.Jckpot collected $2 from pot
mr.Jckpot: doesn't show hand 
*** SUMMARY ***
Total pot $2 | Rake $0 
Seat 1: Pon4uk.ua folded before Flop (didn't bet)
Seat 2: Imparator1978 folded before Flop (didn't bet)
Seat 3: vadjkeee (button) folded before Flop (didn't bet)
Seat 4: mr.Jckpot (small blind) collected ($2)
Seat 5: The magic MD (big blind) folded before Flop
Seat 6: CichiChanMarian folded before Flop (didn't bet)



PokerStars Hand #254190252985:  Hold'em No Limit ($0.50/$1.00 USD) - 2025/01/04 15:22:56 WET [2025/01/04 10:22:56 ET]
Table 'Niels II' 6-max Seat #4 is the button
Seat 1: Pon4uk.ua ($103.20 in chips) 
Seat 2: Imparator1978 ($60.40 in chips) 
Seat 3: vadjkeee ($166.60 in chips) 
Seat 4: mr.Jckpot ($148.36 in chips) 
Seat 5: The magic MD ($26.49 in chips) 
Seat 6: CichiChanMarian ($153.19 in chips) 
The magic MD: posts small blind $0.50
CichiChanMarian: posts big blind $1
*** HOLE CARDS ***
Pon4uk.ua: folds 
Imparator1978: raises $2.50 to $3.50
vadjkeee: folds 
mr.Jckpot: raises $7 to $10.50
The magic MD: folds 
CichiChanMarian: folds 
Imparator1978: calls $7
*** FLOP *** [8c 2c 3h]
Imparator1978: checks 
mr.Jckpot: bets $11.76
Imparator1978: folds 
Uncalled bet ($11.76) returned to mr.Jckpot
mr.Jckpot collected $21.38 from pot
mr.Jckpot: doesn't show hand 
*** SUMMARY ***
Total pot $22.50 | Rake $1.12 
Board [8c 2c 3h]
Seat 1: Pon4uk.ua folded before Flop (didn't bet)
Seat 2: Imparator1978 folded on the Flop
Seat 3: vadjkeee folded before Flop (didn't bet)
Seat 4: mr.Jckpot (button) collected ($21.38)
Seat 5: The magic MD (small blind) folded before Flop
Seat 6: CichiChanMarian (big blind) folded before Flop



PokerStars Hand #254190259667:  Hold'em No Limit ($0.50/$1.00 USD) - 2025/01/04 15:23:23 WET [2025/01/04 10:23:23 ET]
Table 'Niels II' 6-max Seat #5 is the button
Seat 1: Pon4uk.ua ($103.20 in chips) 
Seat 2: Imparator1978 ($49.90 in chips) 
Seat 3: vadjkeee ($166.60 in chips) 
Seat 4: mr.Jckpot ($159.24 in chips) 
Seat 5: The magic MD ($25.99 in chips) 
Seat 6: CichiChanMarian ($152.19 in chips) 
CichiChanMarian: posts small blind $0.50
Pon4uk.ua: posts big blind $1
*** HOLE CARDS ***
Imparator1978: calls $1
vadjkeee: folds 
mr.Jckpot: raises $2 to $3
The magic MD: folds 
CichiChanMarian: folds 
Pon4uk.ua: folds 
Imparator1978: calls $2
*** FLOP *** [8h Jc Ks]
Imparator1978: checks 
mr.Jckpot: bets $4.63
Imparator1978: folds 
Uncalled bet ($4.63) returned to mr.Jckpot
mr.Jckpot collected $7.12 from pot
mr.Jckpot: doesn't show hand 
*** SUMMARY ***
Total pot $7.50 | Rake $0.38 
Board [8h Jc Ks]
Seat 1: Pon4uk.ua (big blind) folded before Flop
Seat 2: Imparator1978 folded on the Flop
Seat 3: vadjkeee folded before Flop (didn't bet)
Seat 4: mr.Jckpot collected ($7.12)
Seat 5: The magic MD (button) folded before Flop (didn't bet)
Seat 6: CichiChanMarian (small blind) folded before Flop



PokerStars Hand #254190266921:  Hold'em No Limit ($0.50/$1.00 USD) - 2025/01/04 15:23:52 WET [2025/01/04 10:23:52 ET]
Table 'Niels II' 6-max Seat #6 is the button
Seat 1: Pon4uk.ua ($102.20 in chips) 
Seat 2: Imparator1978 ($46.90 in chips) 
Seat 3: vadjkeee ($166.60 in chips) 
Seat 4: mr.Jckpot ($163.36 in chips) 
Seat 5: The magic MD ($25.99 in chips) 
Seat 6: CichiChanMarian ($151.69 in chips) 
Pon4uk.ua: posts small blind $0.50
Imparator1978: posts big blind $1
*** HOLE CARDS ***
vadjkeee: folds 
mr.Jckpot: folds 
The magic MD: folds 
CichiChanMarian: folds 
Pon4uk.ua: raises $1.75 to $2.75
Imparator1978: raises $5.50 to $8.25
Pon4uk.ua: raises $93.95 to $102.20 and is all-in
Imparator1978: calls $38.65 and is all-in
Uncalled bet ($55.30) returned to Pon4uk.ua
*** FLOP *** [8h 2d 7c]
*** TURN *** [8h 2d 7c] [6c]
*** RIVER *** [8h 2d 7c 6c] [Qh]
*** SHOW DOWN ***
Pon4uk.ua: shows [Ks Ac] (high card Ace)
Imparator1978: shows [Qd Ad] (a pair of Queens)
Imparator1978 collected $90.68 from pot
*** SUMMARY ***
Total pot $93.80 | Rake $3.12 
Board [8h 2d 7c 6c Qh]
Seat 1: Pon4uk.ua (small blind) showed [Ks Ac] and lost with high card Ace
Seat 2: Imparator1978 (big blind) showed [Qd Ad] and won ($90.68) with a pair of Queens
Seat 3: vadjkeee folded before Flop (didn't bet)
Seat 4: mr.Jckpot folded before Flop (didn't bet)
Seat 5: The magic MD folded before Flop (didn't bet)
Seat 6: CichiChanMarian (button) folded before Flop (didn't bet)



PokerStars Hand #254190277646:  Hold'em No Limit ($0.50/$1.00 USD) - 2025/01/04 15:24:34 WET [2025/01/04 10:24:34 ET]
Table 'Niels II' 6-max Seat #1 is the button
Seat 1: Pon4uk.ua ($100 in chips) 
Seat 2: Imparator1978 ($90.68 in chips) 
Seat 3: vadjkeee ($166.60 in chips) 
Seat 4: mr.Jckpot ($163.36 in chips) 
Seat 5: The magic MD ($25.99 in chips) 
Seat 6: CichiChanMarian ($151.69 in chips) 
Imparator1978: posts small blind $0.50
vadjkeee: posts big blind $1
*** HOLE CARDS ***
mr.Jckpot: folds 
The magic MD: folds 
CichiChanMarian: raises $1.50 to $2.50
Pon4uk.ua: folds 
Imparator1978: raises $1.50 to $4
vadjkeee: calls $3
CichiChanMarian: calls $1.50
*** FLOP *** [2d 7c 7h]
Imparator1978: bets $5.70
vadjkeee: calls $5.70
CichiChanMarian: folds 
*** TURN *** [2d 7c 7h] [8c]
Imparator1978: checks 
vadjkeee: bets $5.56
Imparator1978: folds 
Uncalled bet ($5.56) returned to vadjkeee
vadjkeee collected $22.23 from pot
vadjkeee: doesn't show hand 
*** SUMMARY ***
Total pot $23.40 | Rake $1.17 
Board [2d 7c 7h 8c]
Seat 1: Pon4uk.ua (button) folded before Flop (didn't bet)
Seat 2: Imparator1978 (small blind) folded on the Turn
Seat 3: vadjkeee (big blind) collected ($22.23)
Seat 4: mr.Jckpot folded before Flop (didn't bet)
Seat 5: The magic MD folded before Flop (didn't bet)
Seat 6: CichiChanMarian folded on the Flop



PokerStars Hand #254190290791:  Hold'em No Limit ($0.50/$1.00 USD) - 2025/01/04 15:25:26 WET [2025/01/04 10:25:26 ET]
Table 'Niels II' 6-max Seat #2 is the button
Seat 1: Pon4uk.ua ($100 in chips) 
Seat 2: Imparator1978 ($80.98 in chips) 
Seat 3: vadjkeee ($179.13 in chips) 
Seat 4: mr.Jckpot ($163.36 in chips) 
Seat 5: The magic MD ($25.99 in chips) 
Seat 6: CichiChanMarian ($147.69 in chips) 
vadjkeee: posts small blind $0.50
mr.Jckpot: posts big blind $1
*** HOLE CARDS ***
The magic MD: folds 
CichiChanMarian: folds 
Pon4uk.ua: raises $1.50 to $2.50
Imparator1978: folds 
vadjkeee: folds 
mr.Jckpot: folds 
Uncalled bet ($1.50) returned to Pon4uk.ua
Pon4uk.ua collected $2.50 from pot
Pon4uk.ua: doesn't show hand 
*** SUMMARY ***
Total pot $2.50 | Rake $0 
Seat 1: Pon4uk.ua collected ($2.50)
Seat 2: Imparator1978 (button) folded before Flop (didn't bet)
Seat 3: vadjkeee (small blind) folded before Flop
Seat 4: mr.Jckpot (big blind) folded before Flop
Seat 5: The magic MD folded before Flop (didn't bet)
Seat 6: CichiChanMarian folded before Flop (didn't bet)



PokerStars Hand #254190296175:  Hold'em No Limit ($0.50/$1.00 USD) - 2025/01/04 15:25:48 WET [2025/01/04 10:25:48 ET]
Table 'Niels II' 6-max Seat #3 is the button
Seat 1: Pon4uk.ua ($101.50 in chips) 
Seat 2: Imparator1978 ($80.98 in chips) 
Seat 3: vadjkeee ($178.63 in chips) 
Seat 4: mr.Jckpot ($162.36 in chips) 
Seat 5: The magic MD ($25.99 in chips) 
Seat 6: CichiChanMarian ($147.69 in chips) 
mr.Jckpot: posts small blind $0.50
The magic MD: posts big blind $1
*** HOLE CARDS ***
CichiChanMarian: folds 
Pon4uk.ua has timed out
Pon4uk.ua: folds 
Imparator1978: raises $1 to $2
vadjkeee: folds 
mr.Jckpot: folds 
The magic MD: calls $1
*** FLOP *** [8d Ah Ks]
The magic MD: checks 
Imparator1978: checks 
*** TURN *** [8d Ah Ks] [4c]
The magic MD: bets $2.14
Imparator1978: folds 
Uncalled bet ($2.14) returned to The magic MD
The magic MD collected $4.28 from pot
*** SUMMARY ***
Total pot $4.50 | Rake $0.22 
Board [8d Ah Ks 4c]
Seat 1: Pon4uk.ua folded before Flop (didn't bet)
Seat 2: Imparator1978 folded on the Turn
Seat 3: vadjkeee (button) folded before Flop (didn't bet)
Seat 4: mr.Jckpot (small blind) folded before Flop
Seat 5: The magic MD (big blind) collected ($4.28)
Seat 6: CichiChanMarian folded before Flop (didn't bet)



PokerStars Hand #254190304316:  Hold'em No Limit ($0.50/$1.00 USD) - 2025/01/04 15:26:19 WET [2025/01/04 10:26:19 ET]
Table 'Niels II' 6-max Seat #4 is the button
Seat 1: Pon4uk.ua ($101.50 in chips) 
Seat 2: Imparator1978 ($78.98 in chips) 
Seat 3: vadjkeee ($178.63 in chips) 
Seat 4: mr.Jckpot ($161.86 in chips) 
Seat 5: The magic MD ($28.27 in chips) 
Seat 6: CichiChanMarian ($147.69 in chips) 
The magic MD: posts small blind $0.50
CichiChanMarian: posts big blind $1
*** HOLE CARDS ***
Pon4uk.ua: folds 
Imparator1978: raises $2.50 to $3.50
vadjkeee: folds 
mr.Jckpot: folds 
The magic MD: calls $3
CichiChanMarian: folds 
*** FLOP *** [9h 8d 7d]
The magic MD: checks 
Imparator1978: bets $7.60
The magic MD: raises $17.17 to $24.77 and is all-in
Imparator1978: calls $17.17
*** TURN *** [9h 8d 7d] [3d]
*** RIVER *** [9h 8d 7d 3d] [7h]
*** SHOW DOWN ***
The magic MD: shows [9d As] (two pair, Nines and Sevens)
Imparator1978: shows [8c 7c] (a full house, Sevens full of Eights)
Imparator1978 collected $54.42 from pot
*** SUMMARY ***
Total pot $57.54 | Rake $3.12 
Board [9h 8d 7d 3d 7h]
Seat 1: Pon4uk.ua folded before Flop (didn't bet)
Seat 2: Imparator1978 showed [8c 7c] and won ($54.42) with a full house, Sevens full of Eights
Seat 3: vadjkeee folded before Flop (didn't bet)
Seat 4: mr.Jckpot (button) folded before Flop (didn't bet)
Seat 5: The magic MD (small blind) showed [9d As] and lost with two pair, Nines and Sevens
Seat 6: CichiChanMarian (big blind) folded before Flop



PokerStars Hand #254190313625:  Hold'em No Limit ($0.50/$1.00 USD) - 2025/01/04 15:26:57 WET [2025/01/04 10:26:57 ET]
Table 'Niels II' 6-max Seat #6 is the button
Seat 5: The magic MD ($0 in chips) is sitting out
Seat 1: Pon4uk.ua ($101.50 in chips) 
Seat 2: Imparator1978 ($105.13 in chips) 
Seat 3: vadjkeee ($178.63 in chips) 
Seat 4: mr.Jckpot ($161.86 in chips) 
Seat 6: CichiChanMarian ($146.69 in chips) 
Pon4uk.ua: posts small blind $0.50
Imparator1978: posts big blind $1
*** HOLE CARDS ***
The magic MD is disconnected 
vadjkeee: raises $2 to $3
mr.Jckpot: folds 
CichiChanMarian: folds 
Pon4uk.ua: folds 
Imparator1978: raises $6.50 to $9.50
vadjkeee: calls $6.50
*** FLOP *** [3h Td 8d]
Imparator1978: checks 
vadjkeee: bets $4.63
Imparator1978: calls $4.63
*** TURN *** [3h Td 8d] [7d]
Imparator1978: checks 
vadjkeee: bets $6.83
Imparator1978: calls $6.83
*** RIVER *** [3h Td 8d 7d] [4h]
Imparator1978: checks 
vadjkeee: checks 
*** SHOW DOWN ***
Imparator1978: shows [Jh Ah] (high card Ace)
vadjkeee: shows [5s 5c] (a pair of Fives)
vadjkeee collected $40.30 from pot
*** SUMMARY ***
Total pot $42.42 | Rake $2.12 
Board [3h Td 8d 7d 4h]
Seat 5: The magic MD
Seat 1: Pon4uk.ua (small blind) folded before Flop
Seat 2: Imparator1978 (big blind) showed [Jh Ah] and lost with high card Ace
Seat 3: vadjkeee showed [5s 5c] and won ($40.30) with a pair of Fives
Seat 4: mr.Jckpot folded before Flop (didn't bet)
Seat 6: CichiChanMarian (button) folded before Flop (didn't bet)



PokerStars Hand #254190326410:  Hold'em No Limit ($0.50/$1.00 USD) - 2025/01/04 15:27:48 WET [2025/01/04 10:27:48 ET]
Table 'Niels II' 6-max Seat #1 is the button
Seat 5: The magic MD ($0 in chips) is sitting out
Seat 1: Pon4uk.ua ($101 in chips) 
Seat 2: Imparator1978 ($84.17 in chips) 
Seat 3: vadjkeee ($197.97 in chips) 
Seat 4: mr.Jckpot ($161.86 in chips) 
Seat 6: CichiChanMarian ($146.69 in chips) 
Imparator1978: posts small blind $0.50
vadjkeee: posts big blind $1
*** HOLE CARDS ***
mr.Jckpot: folds 
CichiChanMarian: raises $1.50 to $2.50
Pon4uk.ua: folds 
Imparator1978: raises $6 to $8.50
vadjkeee: folds 
CichiChanMarian: raises $138.19 to $146.69 and is all-in
Imparator1978: calls $75.67 and is all-in
Uncalled bet ($62.52) returned to CichiChanMarian
*** FLOP *** [5c 9s 6h]
*** TURN *** [5c 9s 6h] [Th]
*** RIVER *** [5c 9s 6h Th] [8s]
*** SHOW DOWN ***
Imparator1978: shows [Jh 4h] (high card Jack)
CichiChanMarian: shows [Ad Kh] (high card Ace)
CichiChanMarian collected $166.84 from pot
*** SUMMARY ***
Total pot $169.34 | Rake $2.50 
Board [5c 9s 6h Th 8s]
Seat 5: The magic MD
Seat 1: Pon4uk.ua (button) folded before Flop (didn't bet)
Seat 2: Imparator1978 (small blind) showed [Jh 4h] and lost with high card Jack
Seat 3: vadjkeee (big blind) folded before Flop
Seat 4: mr.Jckpot folded before Flop (didn't bet)
Seat 6: CichiChanMarian showed [Ad Kh] and won ($166.84) with high card Ace



PokerStars Hand #254190334112:  Hold'em No Limit ($0.50/$1.00 USD) - 2025/01/04 15:28:19 WET [2025/01/04 10:28:19 ET]
Table 'Niels II' 6-max Seat #3 is the button
Seat 2: Imparator1978 ($0 in chips) is sitting out
Seat 5: The magic MD ($0 in chips) is sitting out
Seat 1: Pon4uk.ua ($101 in chips) 
Seat 3: vadjkeee ($196.97 in chips) 
Seat 4: mr.Jckpot ($161.86 in chips) 
Seat 6: CichiChanMarian ($229.36 in chips) 
mr.Jckpot: posts small blind $0.50
CichiChanMarian: posts big blind $1
*** HOLE CARDS ***
Imparator1978 is disconnected 
Pon4uk.ua: raises $1.50 to $2.50
vadjkeee: folds 
mr.Jckpot: folds 
CichiChanMarian: calls $1.50
*** FLOP *** [6d 8d Js]
CichiChanMarian: checks 
Pon4uk.ua: checks 
*** TURN *** [6d 8d Js] [Kh]
CichiChanMarian: checks 
Pon4uk.ua: checks 
*** RIVER *** [6d 8d Js Kh] [5h]
CichiChanMarian: checks 
Pon4uk.ua: bets $1.72
CichiChanMarian: calls $1.72
*** SHOW DOWN ***
Pon4uk.ua: shows [5d 5c] (three of a kind, Fives)
CichiChanMarian: mucks hand 
Pon4uk.ua collected $8.49 from pot
*** SUMMARY ***
Total pot $8.94 | Rake $0.45 
Board [6d 8d Js Kh 5h]
Seat 2: Imparator1978
Seat 5: The magic MD
Seat 1: Pon4uk.ua showed [5d 5c] and won ($8.49) with three of a kind, Fives
Seat 3: vadjkeee (button) folded before Flop (didn't bet)
Seat 4: mr.Jckpot (small blind) folded before Flop
Seat 6: CichiChanMarian (big blind) mucked



PokerStars Hand #254190345288:  Hold'em No Limit ($0.50/$1.00 USD) - 2025/01/04 15:29:05 WET [2025/01/04 10:29:05 ET]
Table 'Niels II' 6-max Seat #4 is the button
Seat 2: Imparator1978 ($0 in chips) is sitting out
Seat 5: The magic MD ($0 in chips) is sitting out
Seat 1: Pon4uk.ua ($105.27 in chips) 
Seat 3: vadjkeee ($196.97 in chips) 
Seat 4: mr.Jckpot ($161.36 in chips) 
Seat 6: CichiChanMarian ($225.14 in chips) 
CichiChanMarian: posts small blind $0.50
Pon4uk.ua: posts big blind $1
*** HOLE CARDS ***
vadjkeee: folds 
mr.Jckpot: raises $1.50 to $2.50
CichiChanMarian: folds 
Pon4uk.ua: folds 
Uncalled bet ($1.50) returned to mr.Jckpot
mr.Jckpot collected $2.50 from pot
mr.Jckpot: doesn't show hand 
*** SUMMARY ***
Total pot $2.50 | Rake $0 
Seat 2: Imparator1978
Seat 5: The magic MD
Seat 1: Pon4uk.ua (big blind) folded before Flop
Seat 3: vadjkeee folded before Flop (didn't bet)
Seat 4: mr.Jckpot (button) collected ($2.50)
Seat 6: CichiChanMarian (small blind) folded before Flop



PokerStars Hand #254190350042:  Hold'em No Limit ($0.50/$1.00 USD) - 2025/01/04 15:29:24 WET [2025/01/04 10:29:24 ET]
Table 'Niels II' 6-max Seat #6 is the button
Seat 2: Imparator1978 ($0 in chips) is sitting out
Seat 5: The magic MD ($0 in chips) is sitting out
Seat 1: Pon4uk.ua ($104.27 in chips) 
Seat 3: vadjkeee ($196.97 in chips) 
Seat 4: mr.Jckpot ($162.86 in chips) 
Seat 6: CichiChanMarian ($224.64 in chips) 
Pon4uk.ua: posts small blind $0.50
vadjkeee: posts big blind $1
*** HOLE CARDS ***
mr.Jckpot: folds 
CichiChanMarian: folds 
Pon4uk.ua: folds 
Uncalled bet ($0.50) returned to vadjkeee
vadjkeee collected $1 from pot
vadjkeee: doesn't show hand 
*** SUMMARY ***
Total pot $1 | Rake $0 
Seat 2: Imparator1978
Seat 5: The magic MD
Seat 1: Pon4uk.ua (small blind) folded before Flop
Seat 3: vadjkeee (big blind) collected ($1)
Seat 4: mr.Jckpot folded before Flop (didn't bet)
Seat 6: CichiChanMarian (button) folded before Flop (didn't bet)



PokerStars Hand #254190352814:  Hold'em No Limit ($0.50/$1.00 USD) - 2025/01/04 15:29:35 WET [2025/01/04 10:29:35 ET]
Table 'Niels II' 6-max Seat #1 is the button
Seat 2: Imparator1978 ($0 in chips) is sitting out
Seat 5: The magic MD ($0 in chips) is sitting out
Seat 1: Pon4uk.ua ($103.77 in chips) 
Seat 3: vadjkeee ($197.47 in chips) 
Seat 4: mr.Jckpot ($162.86 in chips) 
Seat 6: CichiChanMarian ($224.64 in chips) 
vadjkeee: posts small blind $0.50
mr.Jckpot: posts big blind $1
*** HOLE CARDS ***
CichiChanMarian: raises $1.50 to $2.50
Pon4uk.ua: folds 
vadjkeee: folds 
mr.Jckpot: folds 
Uncalled bet ($1.50) returned to CichiChanMarian
CichiChanMarian collected $2.50 from pot
CichiChanMarian: doesn't show hand 
*** SUMMARY ***
Total pot $2.50 | Rake $0 
Seat 2: Imparator1978
Seat 5: The magic MD
Seat 1: Pon4uk.ua (button) folded before Flop (didn't bet)
Seat 3: vadjkeee (small blind) folded before Flop
Seat 4: mr.Jckpot (big blind) folded before Flop
Seat 6: CichiChanMarian collected ($2.50)



PokerStars Hand #254190357217:  Hold'em No Limit ($0.50/$1.00 USD) - 2025/01/04 15:29:52 WET [2025/01/04 10:29:52 ET]
Table 'Niels II' 6-max Seat #3 is the button
Seat 2: Imparator1978 ($0 in chips) is sitting out
Seat 5: The magic MD ($0 in chips) is sitting out
Seat 6: CichiChanMarian ($226.14 in chips) is sitting out
Seat 1: Pon4uk.ua ($103.77 in chips) 
Seat 3: vadjkeee ($196.97 in chips) 
Seat 4: mr.Jckpot ($161.86 in chips) 
mr.Jckpot: posts small blind $0.50
CichiChanMarian: is sitting out 
Pon4uk.ua: posts big blind $1
*** HOLE CARDS ***
vadjkeee: raises $1.50 to $2.50
mr.Jckpot: folds 
Pon4uk.ua: folds 
Uncalled bet ($1.50) returned to vadjkeee
vadjkeee collected $2.50 from pot
vadjkeee: doesn't show hand 
*** SUMMARY ***
Total pot $2.50 | Rake $0 
Seat 2: Imparator1978
Seat 5: The magic MD
Seat 6: CichiChanMarian
Seat 1: Pon4uk.ua (big blind) folded before Flop
Seat 3: vadjkeee (button) collected ($2.50)
Seat 4: mr.Jckpot (small blind) folded before Flop



PokerStars Hand #254190361087:  Hold'em No Limit ($0.50/$1.00 USD) - 2025/01/04 15:30:07 WET [2025/01/04 10:30:07 ET]
Table 'Niels II' 6-max Seat #4 is the button
Seat 2: Imparator1978 ($0 in chips) is sitting out
Seat 5: The magic MD ($0 in chips) is sitting out
Seat 6: CichiChanMarian ($226.14 in chips) is sitting out
Seat 3: vadjkeee ($198.47 in chips) 
Seat 4: mr.Jckpot ($161.36 in chips) 
mr.Jckpot: posts small blind $0.50
Pon4uk.ua leaves the table
vadjkeee: posts big blind $1
*** HOLE CARDS ***
mr.Jckpot: raises $2 to $3
vadjkeee: folds 
Uncalled bet ($2) returned to mr.Jckpot
BoyLoc0 joins the table at seat #1 
mr.Jckpot collected $2 from pot
mr.Jckpot: doesn't show hand 
*** SUMMARY ***
Total pot $2 | Rake $0 
Seat 2: Imparator1978
Seat 5: The magic MD
Seat 6: CichiChanMarian
Seat 3: vadjkeee (big blind) folded before Flop
Seat 4: mr.Jckpot (button) (small blind) collected ($2)



PokerStars Hand #254190363014:  Hold'em No Limit ($0.50/$1.00 USD) - 2025/01/04 15:30:14 WET [2025/01/04 10:30:14 ET]
Table 'Niels II' 6-max Seat #3 is the button
Seat 2: Imparator1978 ($0 in chips) is sitting out
Seat 5: The magic MD ($0 in chips) is sitting out
Seat 6: CichiChanMarian ($226.14 in chips) is sitting out
Seat 1: BoyLoc0 ($104.02 in chips) 
Seat 3: vadjkeee ($197.47 in chips) 
Seat 4: mr.Jckpot ($162.36 in chips) 
mr.Jckpot: posts small blind $0.50
BoyLoc0: posts big blind $1
*** HOLE CARDS ***
vadjkeee: raises $1.50 to $2.50
mr.Jckpot: folds 
BoyLoc0: calls $1.50
*** FLOP *** [7c 9s 4h]
BoyLoc0: checks 
vadjkeee: checks 
*** TURN *** [7c 9s 4h] [3s]
BoyLoc0: bets $3.92
vadjkeee: calls $3.92
*** RIVER *** [7c 9s 4h 3s] [9c]
BoyLoc0: bets $19.01
vadjkeee: calls $19.01
*** SHOW DOWN ***
BoyLoc0: shows [8c Td] (a pair of Nines)
vadjkeee: shows [Qd Ah] (a pair of Nines - Ace kicker)
vadjkeee collected $50.36 from pot
*** SUMMARY ***
Total pot $51.36 | Rake $1 
Board [7c 9s 4h 3s 9c]
Seat 2: Imparator1978
Seat 5: The magic MD
Seat 6: CichiChanMarian
Seat 1: BoyLoc0 (big blind) showed [8c Td] and lost with a pair of Nines
Seat 3: vadjkeee (button) showed [Qd Ah] and won ($50.36) with a pair of Nines
Seat 4: mr.Jckpot (small blind) folded before Flop



PokerStars Hand #254190383328:  Hold'em No Limit ($0.50/$1.00 USD) - 2025/01/04 15:31:34 WET [2025/01/04 10:31:34 ET]
Table 'Niels II' 6-max Seat #4 is the button
Seat 2: Imparator1978 ($0 in chips) is sitting out
Seat 5: The magic MD ($0 in chips) is sitting out
Seat 6: CichiChanMarian ($226.14 in chips) is sitting out
Seat 1: BoyLoc0 ($100 in chips) 
Seat 3: vadjkeee ($222.40 in chips) 
Seat 4: mr.Jckpot ($161.86 in chips) 
BoyLoc0: posts small blind $0.50
vadjkeee: posts big blind $1
*** HOLE CARDS ***
mr.Jckpot: folds 
BoyLoc0: raises $2 to $3
vadjkeee: calls $2
*** FLOP *** [3s 6h Jc]
BoyLoc0: checks 
vadjkeee: checks 
*** TURN *** [3s 6h Jc] [8h]
BoyLoc0: bets $4.28
vadjkeee: raises $17.72 to $22
BoyLoc0: raises $75 to $97 and is all-in
vadjkeee: calls $75
*** RIVER *** [3s 6h Jc 8h] [2s]
*** SHOW DOWN ***
BoyLoc0: shows [Jd Ad] (a pair of Jacks)
vadjkeee: shows [Js 8s] (two pair, Jacks and Eights)
vadjkeee collected $199 from pot
*** SUMMARY ***
Total pot $200 | Rake $1 
Board [3s 6h Jc 8h 2s]
Seat 2: Imparator1978
Seat 5: The magic MD
Seat 6: CichiChanMarian
Seat 1: BoyLoc0 (small blind) showed [Jd Ad] and lost with a pair of Jacks
Seat 3: vadjkeee (big blind) showed [Js 8s] and won ($199) with two pair, Jacks and Eights
Seat 4: mr.Jckpot (button) folded before Flop (didn't bet)



PokerStars Hand #254190396615:  Hold'em No Limit ($0.50/$1.00 USD) - 2025/01/04 15:32:26 WET [2025/01/04 10:32:26 ET]
Table 'Niels II' 6-max Seat #1 is the button
Seat 2: Imparator1978 ($0 in chips) is sitting out
Seat 5: The magic MD ($0 in chips) is sitting out
Seat 6: CichiChanMarian ($226.14 in chips) is sitting out
Seat 1: BoyLoc0 ($100 in chips) 
Seat 3: vadjkeee ($321.40 in chips) 
Seat 4: mr.Jckpot ($161.86 in chips) 
vadjkeee: posts small blind $0.50
mr.Jckpot: posts big blind $1
*** HOLE CARDS ***
BoyLoc0: raises $1.50 to $2.50
vadjkeee: folds 
mr.Jckpot: folds 
Uncalled bet ($1.50) returned to BoyLoc0
BoyLoc0 collected $2.50 from pot
BoyLoc0: doesn't show hand 
*** SUMMARY ***
Total pot $2.50 | Rake $0 
Seat 2: Imparator1978
Seat 5: The magic MD
Seat 6: CichiChanMarian
Seat 1: BoyLoc0 (button) collected ($2.50)
Seat 3: vadjkeee (small blind) folded before Flop
Seat 4: mr.Jckpot (big blind) folded before Flop



PokerStars Hand #254190400531:  Hold'em No Limit ($0.50/$1.00 USD) - 2025/01/04 15:32:42 WET [2025/01/04 10:32:42 ET]
Table 'Niels II' 6-max Seat #3 is the button
Seat 2: Imparator1978 ($0 in chips) is sitting out
Seat 5: The magic MD ($0 in chips) is sitting out
Seat 6: CichiChanMarian ($226.14 in chips) is sitting out
Seat 1: BoyLoc0 ($101.50 in chips) 
Seat 3: vadjkeee ($320.90 in chips) 
Seat 4: mr.Jckpot ($160.86 in chips) 
mr.Jckpot: posts small blind $0.50
BoyLoc0: posts big blind $1
*** HOLE CARDS ***
vadjkeee: folds 
mr.Jckpot: folds 
Uncalled bet ($0.50) returned to BoyLoc0
BoyLoc0 collected $1 from pot
BoyLoc0: doesn't show hand 
*** SUMMARY ***
Total pot $1 | Rake $0 
Seat 2: Imparator1978
Seat 5: The magic MD
Seat 6: CichiChanMarian
Seat 1: BoyLoc0 (big blind) collected ($1)
Seat 3: vadjkeee (button) folded before Flop (didn't bet)
Seat 4: mr.Jckpot (small blind) folded before Flop



PokerStars Hand #254190402645:  Hold'em No Limit ($0.50/$1.00 USD) - 2025/01/04 15:32:49 WET [2025/01/04 10:32:49 ET]
Table 'Niels II' 6-max Seat #1 is the button
Seat 2: Imparator1978 ($0 in chips) is sitting out
Seat 3: vadjkeee ($320.90 in chips) is sitting out
Seat 5: The magic MD ($0 in chips) is sitting out
Seat 6: CichiChanMarian ($226.14 in chips) is sitting out
Seat 1: BoyLoc0 ($102 in chips) 
Seat 4: mr.Jckpot ($160.36 in chips) 
BoyLoc0: posts small blind $0.50
vadjkeee: is sitting out 
mr.Jckpot: posts big blind $1
*** HOLE CARDS ***
vadjkeee leaves the table
BoyLoc0: raises $1.50 to $2.50
mr.Jckpot: folds 
Uncalled bet ($1.50) returned to BoyLoc0
BoyLoc0 collected $2 from pot
The magic MD leaves the table
BoyLoc0: doesn't show hand 
*** SUMMARY ***
Total pot $2 | Rake $0 
Seat 2: Imparator1978
Seat 3: vadjkeee
Seat 5: The magic MD
Seat 6: CichiChanMarian
Seat 1: BoyLoc0 (button) (small blind) collected ($2)
Seat 4: mr.Jckpot (big blind) folded before Flop



PokerStars Hand #254190404953:  Hold'em No Limit ($0.50/$1.00 USD) - 2025/01/04 15:32:59 WET [2025/01/04 10:32:59 ET]
Table 'Niels II' 6-max Seat #4 is the button
Seat 2: Imparator1978 ($0 in chips) is sitting out
Seat 6: CichiChanMarian ($226.14 in chips) is sitting out
Seat 1: BoyLoc0 ($103 in chips) 
Seat 4: mr.Jckpot ($159.36 in chips) 
mr.Jckpot: posts small blind $0.50
BoyLoc0: posts big blind $1
*** HOLE CARDS ***
mr.Jckpot: raises $2 to $3
BoyLoc0: folds 
Uncalled bet ($2) returned to mr.Jckpot
mr.Jckpot collected $2 from pot
mr.Jckpot: doesn't show hand 
*** SUMMARY ***
Total pot $2 | Rake $0 
Seat 2: Imparator1978
Seat 6: CichiChanMarian
Seat 1: BoyLoc0 (big blind) folded before Flop
Seat 4: mr.Jckpot (button) (small blind) collected ($2)



