PokerStars Hand #254186414063:  Hold'em No Limit ($0.50/$1.00 USD) - 2025/01/04 9:48:33 WET [2025/01/04 4:48:33 ET]
Table 'Loreley II' 6-max Seat #1 is the button
Seat 1: Alinyr ($101 in chips) 
Seat 2: Aescul@pius ($102.78 in chips) 
Seat 3: ligeti lajos ($40 in chips) 
Seat 4: blistein ($100 in chips) 
Seat 5: v.sting ($100 in chips) 
Seat 6: Burlica2013 ($100 in chips) 
Aescul@pius: posts small blind $0.50
ligeti lajos: posts big blind $1
*** HOLE CARDS ***
blistein: raises $1.20 to $2.20
v.sting: folds 
Burlica2013: calls $2.20
Alinyr: folds 
Aescul@pius: folds 
ligeti lajos: folds 
*** FLOP *** [Kd 3c Td]
blistein: checks 
Burlica2013: checks 
*** TURN *** [Kd 3c Td] [3h]
blistein: bets $7
Burlica2013: folds 
Uncalled bet ($7) returned to blistein
blistein collected $5.60 from pot
blistein: doesn't show hand 
*** SUMMARY ***
Total pot $5.90 | Rake $0.30 
Board [Kd 3c Td 3h]
Seat 1: Alinyr (button) folded before Flop (didn't bet)
Seat 2: Aescul@pius (small blind) folded before Flop
Seat 3: ligeti lajos (big blind) folded before Flop
Seat 4: blistein collected ($5.60)
Seat 5: v.sting folded before Flop (didn't bet)
Seat 6: Burlica2013 folded on the Turn



PokerStars Hand #254186419821:  Hold'em No Limit ($0.50/$1.00 USD) - 2025/01/04 9:49:26 WET [2025/01/04 4:49:26 ET]
Table 'Loreley II' 6-max Seat #2 is the button
Seat 1: Alinyr ($101 in chips) 
Seat 2: Aescul@pius ($102.28 in chips) 
Seat 3: ligeti lajos ($39 in chips) 
Seat 4: blistein ($103.40 in chips) 
Seat 5: v.sting ($100 in chips) 
Seat 6: Burlica2013 ($100 in chips) 
ligeti lajos: posts small blind $0.50
blistein: posts big blind $1
*** HOLE CARDS ***
v.sting: raises $1.50 to $2.50
Burlica2013: folds 
Alinyr: folds 
Aescul@pius: folds 
ligeti lajos: folds 
blistein: folds 
Uncalled bet ($1.50) returned to v.sting
v.sting collected $2.50 from pot
v.sting: doesn't show hand 
*** SUMMARY ***
Total pot $2.50 | Rake $0 
Seat 1: Alinyr folded before Flop (didn't bet)
Seat 2: Aescul@pius (button) folded before Flop (didn't bet)
Seat 3: ligeti lajos (small blind) folded before Flop
Seat 4: blistein (big blind) folded before Flop
Seat 5: v.sting collected ($2.50)
Seat 6: Burlica2013 folded before Flop (didn't bet)



PokerStars Hand #254186421271:  Hold'em No Limit ($0.50/$1.00 USD) - 2025/01/04 9:49:39 WET [2025/01/04 4:49:39 ET]
Table 'Loreley II' 6-max Seat #3 is the button
Seat 1: Alinyr ($101 in chips) 
Seat 2: Aescul@pius ($102.28 in chips) 
Seat 3: ligeti lajos ($38.50 in chips) 
Seat 4: blistein ($102.40 in chips) 
Seat 5: v.sting ($101.50 in chips) 
Seat 6: Burlica2013 ($100 in chips) 
blistein: posts small blind $0.50
v.sting: posts big blind $1
*** HOLE CARDS ***
Burlica2013: folds 
Alinyr: raises $1.05 to $2.05
Aescul@pius: folds 
ligeti lajos: calls $2.05
blistein: folds 
v.sting: raises $10.45 to $12.50
Alinyr: folds 
ligeti lajos: folds 
Uncalled bet ($10.45) returned to v.sting
v.sting collected $6.65 from pot
v.sting: doesn't show hand 
*** SUMMARY ***
Total pot $6.65 | Rake $0 
Seat 1: Alinyr folded before Flop
Seat 2: Aescul@pius folded before Flop (didn't bet)
Seat 3: ligeti lajos (button) folded before Flop
Seat 4: blistein (small blind) folded before Flop
Seat 5: v.sting (big blind) collected ($6.65)
Seat 6: Burlica2013 folded before Flop (didn't bet)



PokerStars Hand #254186424185:  Hold'em No Limit ($0.50/$1.00 USD) - 2025/01/04 9:50:06 WET [2025/01/04 4:50:06 ET]
Table 'Loreley II' 6-max Seat #4 is the button
Seat 1: Alinyr ($100 in chips) 
Seat 2: Aescul@pius ($102.28 in chips) 
Seat 3: ligeti lajos ($36.45 in chips) 
Seat 4: blistein ($101.90 in chips) 
Seat 5: v.sting ($106.10 in chips) 
Seat 6: Burlica2013 ($100 in chips) 
v.sting: posts small blind $0.50
Burlica2013: posts big blind $1
*** HOLE CARDS ***
Alinyr: folds 
Aescul@pius: folds 
ligeti lajos: folds 
blistein: folds 
v.sting: folds 
Uncalled bet ($0.50) returned to Burlica2013
Burlica2013 collected $1 from pot
Burlica2013: doesn't show hand 
*** SUMMARY ***
Total pot $1 | Rake $0 
Seat 1: Alinyr folded before Flop (didn't bet)
Seat 2: Aescul@pius folded before Flop (didn't bet)
Seat 3: ligeti lajos folded before Flop (didn't bet)
Seat 4: blistein (button) folded before Flop (didn't bet)
Seat 5: v.sting (small blind) folded before Flop
Seat 6: Burlica2013 (big blind) collected ($1)



PokerStars Hand #254186426709:  Hold'em No Limit ($0.50/$1.00 USD) - 2025/01/04 9:50:30 WET [2025/01/04 4:50:30 ET]
Table 'Loreley II' 6-max Seat #5 is the button
Seat 1: Alinyr ($100 in chips) 
Seat 2: Aescul@pius ($102.28 in chips) 
Seat 3: ligeti lajos ($36.45 in chips) 
Seat 4: blistein ($101.90 in chips) 
Seat 5: v.sting ($105.60 in chips) 
Seat 6: Burlica2013 ($100.50 in chips) 
Burlica2013: posts small blind $0.50
Alinyr: posts big blind $1
*** HOLE CARDS ***
Aescul@pius: folds 
ligeti lajos: folds 
blistein: raises $1.30 to $2.30
v.sting: folds 
Burlica2013: folds 
Alinyr: folds 
Uncalled bet ($1.30) returned to blistein
blistein collected $2.50 from pot
blistein: doesn't show hand 
*** SUMMARY ***
Total pot $2.50 | Rake $0 
Seat 1: Alinyr (big blind) folded before Flop
Seat 2: Aescul@pius folded before Flop (didn't bet)
Seat 3: ligeti lajos folded before Flop (didn't bet)
Seat 4: blistein collected ($2.50)
Seat 5: v.sting (button) folded before Flop (didn't bet)
Seat 6: Burlica2013 (small blind) folded before Flop



PokerStars Hand #254186428818:  Hold'em No Limit ($0.50/$1.00 USD) - 2025/01/04 9:50:50 WET [2025/01/04 4:50:50 ET]
Table 'Loreley II' 6-max Seat #6 is the button
Seat 1: Alinyr ($100 in chips) 
Seat 2: Aescul@pius ($102.28 in chips) 
Seat 3: ligeti lajos ($36.45 in chips) 
Seat 4: blistein ($103.40 in chips) 
Seat 5: v.sting ($105.60 in chips) 
Seat 6: Burlica2013 ($100 in chips) 
Alinyr: posts small blind $0.50
Aescul@pius: posts big blind $1
*** HOLE CARDS ***
ligeti lajos: folds 
blistein: folds 
v.sting: raises $1.50 to $2.50
Burlica2013: folds 
Alinyr: raises $9.50 to $12
Aescul@pius: folds 
v.sting: folds 
Uncalled bet ($9.50) returned to Alinyr
Alinyr collected $6 from pot
Alinyr: doesn't show hand 
*** SUMMARY ***
Total pot $6 | Rake $0 
Seat 1: Alinyr (small blind) collected ($6)
Seat 2: Aescul@pius (big blind) folded before Flop
Seat 3: ligeti lajos folded before Flop (didn't bet)
Seat 4: blistein folded before Flop (didn't bet)
Seat 5: v.sting folded before Flop
Seat 6: Burlica2013 (button) folded before Flop (didn't bet)



PokerStars Hand #254186430940:  Hold'em No Limit ($0.50/$1.00 USD) - 2025/01/04 9:51:09 WET [2025/01/04 4:51:09 ET]
Table 'Loreley II' 6-max Seat #1 is the button
Seat 1: Alinyr ($103.50 in chips) 
Seat 2: Aescul@pius ($101.28 in chips) 
Seat 3: ligeti lajos ($36.45 in chips) 
Seat 4: blistein ($103.40 in chips) 
Seat 5: v.sting ($103.10 in chips) 
Seat 6: Burlica2013 ($100 in chips) 
Aescul@pius: posts small blind $0.50
ligeti lajos: posts big blind $1
*** HOLE CARDS ***
blistein: folds 
v.sting: folds 
Burlica2013: folds 
Alinyr: raises $1.50 to $2.50
Aescul@pius: folds 
ligeti lajos: folds 
Uncalled bet ($1.50) returned to Alinyr
Alinyr collected $2.50 from pot
Alinyr: doesn't show hand 
*** SUMMARY ***
Total pot $2.50 | Rake $0 
Seat 1: Alinyr (button) collected ($2.50)
Seat 2: Aescul@pius (small blind) folded before Flop
Seat 3: ligeti lajos (big blind) folded before Flop
Seat 4: blistein folded before Flop (didn't bet)
Seat 5: v.sting folded before Flop (didn't bet)
Seat 6: Burlica2013 folded before Flop (didn't bet)



PokerStars Hand #254186432912:  Hold'em No Limit ($0.50/$1.00 USD) - 2025/01/04 9:51:27 WET [2025/01/04 4:51:27 ET]
Table 'Loreley II' 6-max Seat #2 is the button
Seat 1: Alinyr ($105 in chips) 
Seat 2: Aescul@pius ($100.78 in chips) 
Seat 3: ligeti lajos ($35.45 in chips) 
Seat 4: blistein ($103.40 in chips) 
Seat 5: v.sting ($103.10 in chips) 
Seat 6: Burlica2013 ($100 in chips) 
ligeti lajos: posts small blind $0.50
blistein: posts big blind $1
*** HOLE CARDS ***
v.sting: folds 
Burlica2013: raises $1.20 to $2.20
Alinyr: folds 
Aescul@pius: folds 
ligeti lajos: calls $1.70
blistein: folds 
*** FLOP *** [3d Qs 9d]
ligeti lajos: checks 
Burlica2013: bets $1.69
ligeti lajos: calls $1.69
*** TURN *** [3d Qs 9d] [Qh]
ligeti lajos: checks 
Burlica2013: checks 
*** RIVER *** [3d Qs 9d Qh] [5c]
ligeti lajos: checks 
Burlica2013: checks 
*** SHOW DOWN ***
ligeti lajos: shows [Qc Qd] (four of a kind, Queens)
Burlica2013: mucks hand 
ligeti lajos collected $8.34 from pot
*** SUMMARY ***
Total pot $8.78 | Rake $0.44 
Board [3d Qs 9d Qh 5c]
Seat 1: Alinyr folded before Flop (didn't bet)
Seat 2: Aescul@pius (button) folded before Flop (didn't bet)
Seat 3: ligeti lajos (small blind) showed [Qc Qd] and won ($8.34) with four of a kind, Queens
Seat 4: blistein (big blind) folded before Flop
Seat 5: v.sting folded before Flop (didn't bet)
Seat 6: Burlica2013 mucked



PokerStars Hand #254186438288:  Hold'em No Limit ($0.50/$1.00 USD) - 2025/01/04 9:52:16 WET [2025/01/04 4:52:16 ET]
Table 'Loreley II' 6-max Seat #3 is the button
Seat 1: Alinyr ($105 in chips) 
Seat 2: Aescul@pius ($100.78 in chips) 
Seat 3: ligeti lajos ($39.90 in chips) 
Seat 4: blistein ($102.40 in chips) 
Seat 5: v.sting ($103.10 in chips) 
Seat 6: Burlica2013 ($100 in chips) 
blistein: posts small blind $0.50
v.sting: posts big blind $1
*** HOLE CARDS ***
Burlica2013: folds 
Alinyr: folds 
Aescul@pius: folds 
ligeti lajos: folds 
blistein: raises $2 to $3
v.sting: folds 
Uncalled bet ($2) returned to blistein
blistein collected $2 from pot
blistein: doesn't show hand 
*** SUMMARY ***
Total pot $2 | Rake $0 
Seat 1: Alinyr folded before Flop (didn't bet)
Seat 2: Aescul@pius folded before Flop (didn't bet)
Seat 3: ligeti lajos (button) folded before Flop (didn't bet)
Seat 4: blistein (small blind) collected ($2)
Seat 5: v.sting (big blind) folded before Flop
Seat 6: Burlica2013 folded before Flop (didn't bet)



PokerStars Hand #254186440071:  Hold'em No Limit ($0.50/$1.00 USD) - 2025/01/04 9:52:32 WET [2025/01/04 4:52:32 ET]
Table 'Loreley II' 6-max Seat #4 is the button
Seat 1: Alinyr ($105 in chips) 
Seat 2: Aescul@pius ($100.78 in chips) 
Seat 3: ligeti lajos ($39.90 in chips) 
Seat 4: blistein ($103.40 in chips) 
Seat 5: v.sting ($102.10 in chips) 
Seat 6: Burlica2013 ($100 in chips) 
v.sting: posts small blind $0.50
Burlica2013: posts big blind $1
*** HOLE CARDS ***
Alinyr: folds 
Aescul@pius: folds 
ligeti lajos: folds 
blistein: folds 
v.sting: raises $2 to $3
Burlica2013: folds 
Uncalled bet ($2) returned to v.sting
v.sting collected $2 from pot
v.sting: doesn't show hand 
*** SUMMARY ***
Total pot $2 | Rake $0 
Seat 1: Alinyr folded before Flop (didn't bet)
Seat 2: Aescul@pius folded before Flop (didn't bet)
Seat 3: ligeti lajos folded before Flop (didn't bet)
Seat 4: blistein (button) folded before Flop (didn't bet)
Seat 5: v.sting (small blind) collected ($2)
Seat 6: Burlica2013 (big blind) folded before Flop



PokerStars Hand #254186442396:  Hold'em No Limit ($0.50/$1.00 USD) - 2025/01/04 9:52:53 WET [2025/01/04 4:52:53 ET]
Table 'Loreley II' 6-max Seat #5 is the button
Seat 1: Alinyr ($105 in chips) 
Seat 2: Aescul@pius ($100.78 in chips) 
Seat 3: ligeti lajos ($39.90 in chips) 
Seat 4: blistein ($103.40 in chips) 
Seat 5: v.sting ($103.10 in chips) 
Seat 6: Burlica2013 ($100 in chips) 
Burlica2013: posts small blind $0.50
Alinyr: posts big blind $1
*** HOLE CARDS ***
Aescul@pius: folds 
ligeti lajos: folds 
blistein: folds 
v.sting: folds 
Burlica2013: raises $2 to $3
Alinyr: folds 
Uncalled bet ($2) returned to Burlica2013
Burlica2013 collected $2 from pot
Burlica2013: doesn't show hand 
*** SUMMARY ***
Total pot $2 | Rake $0 
Seat 1: Alinyr (big blind) folded before Flop
Seat 2: Aescul@pius folded before Flop (didn't bet)
Seat 3: ligeti lajos folded before Flop (didn't bet)
Seat 4: blistein folded before Flop (didn't bet)
Seat 5: v.sting (button) folded before Flop (didn't bet)
Seat 6: Burlica2013 (small blind) collected ($2)



PokerStars Hand #254186444741:  Hold'em No Limit ($0.50/$1.00 USD) - 2025/01/04 9:53:15 WET [2025/01/04 4:53:15 ET]
Table 'Loreley II' 6-max Seat #6 is the button
Seat 1: Alinyr ($104 in chips) 
Seat 2: Aescul@pius ($100.78 in chips) 
Seat 3: ligeti lajos ($39.90 in chips) 
Seat 4: blistein ($103.40 in chips) 
Seat 5: v.sting ($103.10 in chips) 
Seat 6: Burlica2013 ($101 in chips) 
Alinyr: posts small blind $0.50
Aescul@pius: posts big blind $1
*** HOLE CARDS ***
ligeti lajos: folds 
blistein: folds 
v.sting: folds 
Burlica2013: raises $1.45 to $2.45
Alinyr: folds 
Aescul@pius: folds 
Uncalled bet ($1.45) returned to Burlica2013
Burlica2013 collected $2.50 from pot
Burlica2013: doesn't show hand 
*** SUMMARY ***
Total pot $2.50 | Rake $0 
Seat 1: Alinyr (small blind) folded before Flop
Seat 2: Aescul@pius (big blind) folded before Flop
Seat 3: ligeti lajos folded before Flop (didn't bet)
Seat 4: blistein folded before Flop (didn't bet)
Seat 5: v.sting folded before Flop (didn't bet)
Seat 6: Burlica2013 (button) collected ($2.50)



PokerStars Hand #254186447201:  Hold'em No Limit ($0.50/$1.00 USD) - 2025/01/04 9:53:38 WET [2025/01/04 4:53:38 ET]
Table 'Loreley II' 6-max Seat #1 is the button
Seat 1: Alinyr ($103.50 in chips) 
Seat 2: Aescul@pius ($100 in chips) 
Seat 3: ligeti lajos ($39.90 in chips) 
Seat 4: blistein ($103.40 in chips) 
Seat 5: v.sting ($103.10 in chips) 
Seat 6: Burlica2013 ($102.50 in chips) 
Aescul@pius: posts small blind $0.50
ligeti lajos: posts big blind $1
*** HOLE CARDS ***
blistein: raises $1.20 to $2.20
v.sting: folds 
Burlica2013: folds 
Alinyr: folds 
Aescul@pius: folds 
ligeti lajos: calls $1.20
*** FLOP *** [7c 3c Jh]
ligeti lajos: checks 
blistein: bets $1.58
ligeti lajos: folds 
Uncalled bet ($1.58) returned to blistein
blistein collected $4.66 from pot
blistein: doesn't show hand 
*** SUMMARY ***
Total pot $4.90 | Rake $0.24 
Board [7c 3c Jh]
Seat 1: Alinyr (button) folded before Flop (didn't bet)
Seat 2: Aescul@pius (small blind) folded before Flop
Seat 3: ligeti lajos (big blind) folded on the Flop
Seat 4: blistein collected ($4.66)
Seat 5: v.sting folded before Flop (didn't bet)
Seat 6: Burlica2013 folded before Flop (didn't bet)



PokerStars Hand #254186451979:  Hold'em No Limit ($0.50/$1.00 USD) - 2025/01/04 9:54:21 WET [2025/01/04 4:54:21 ET]
Table 'Loreley II' 6-max Seat #2 is the button
Seat 1: Alinyr ($103.50 in chips) 
Seat 2: Aescul@pius ($100 in chips) 
Seat 3: ligeti lajos ($37.70 in chips) 
Seat 4: blistein ($105.86 in chips) 
Seat 5: v.sting ($103.10 in chips) 
Seat 6: Burlica2013 ($102.50 in chips) 
ligeti lajos: posts small blind $0.50
blistein: posts big blind $1
*** HOLE CARDS ***
v.sting: folds 
Burlica2013: raises $1.20 to $2.20
Alinyr: folds 
Aescul@pius: folds 
ligeti lajos: folds 
blistein: folds 
Uncalled bet ($1.20) returned to Burlica2013
Burlica2013 collected $2.50 from pot
Burlica2013: doesn't show hand 
*** SUMMARY ***
Total pot $2.50 | Rake $0 
Seat 1: Alinyr folded before Flop (didn't bet)
Seat 2: Aescul@pius (button) folded before Flop (didn't bet)
Seat 3: ligeti lajos (small blind) folded before Flop
Seat 4: blistein (big blind) folded before Flop
Seat 5: v.sting folded before Flop (didn't bet)
Seat 6: Burlica2013 collected ($2.50)



PokerStars Hand #254186453568:  Hold'em No Limit ($0.50/$1.00 USD) - 2025/01/04 9:54:36 WET [2025/01/04 4:54:36 ET]
Table 'Loreley II' 6-max Seat #3 is the button
Seat 1: Alinyr ($103.50 in chips) 
Seat 2: Aescul@pius ($100 in chips) 
Seat 3: ligeti lajos ($37.20 in chips) 
Seat 4: blistein ($104.86 in chips) 
Seat 5: v.sting ($103.10 in chips) 
Seat 6: Burlica2013 ($104 in chips) 
blistein: posts small blind $0.50
v.sting: posts big blind $1
*** HOLE CARDS ***
Burlica2013: folds 
Alinyr: folds 
Aescul@pius: raises $1.20 to $2.20
ligeti lajos: folds 
blistein: folds 
v.sting: folds 
Uncalled bet ($1.20) returned to Aescul@pius
Aescul@pius collected $2.50 from pot
Aescul@pius: doesn't show hand 
*** SUMMARY ***
Total pot $2.50 | Rake $0 
Seat 1: Alinyr folded before Flop (didn't bet)
Seat 2: Aescul@pius collected ($2.50)
Seat 3: ligeti lajos (button) folded before Flop (didn't bet)
Seat 4: blistein (small blind) folded before Flop
Seat 5: v.sting (big blind) folded before Flop
Seat 6: Burlica2013 folded before Flop (didn't bet)



PokerStars Hand #254186455446:  Hold'em No Limit ($0.50/$1.00 USD) - 2025/01/04 9:54:53 WET [2025/01/04 4:54:53 ET]
Table 'Loreley II' 6-max Seat #4 is the button
Seat 1: Alinyr ($103.50 in chips) 
Seat 2: Aescul@pius ($101.50 in chips) 
Seat 3: ligeti lajos ($37.20 in chips) 
Seat 4: blistein ($104.36 in chips) 
Seat 5: v.sting ($102.10 in chips) 
Seat 6: Burlica2013 ($104 in chips) 
v.sting: posts small blind $0.50
Burlica2013: posts big blind $1
*** HOLE CARDS ***
Alinyr: folds 
Aescul@pius: folds 
ligeti lajos: calls $1
blistein: folds 
v.sting: folds 
Burlica2013: checks 
*** FLOP *** [Js 6h Ts]
Burlica2013: checks 
ligeti lajos: checks 
*** TURN *** [Js 6h Ts] [9s]
Burlica2013: bets $1
ligeti lajos: folds 
Uncalled bet ($1) returned to Burlica2013
Burlica2013 collected $2.38 from pot
Burlica2013: doesn't show hand 
*** SUMMARY ***
Total pot $2.50 | Rake $0.12 
Board [Js 6h Ts 9s]
Seat 1: Alinyr folded before Flop (didn't bet)
Seat 2: Aescul@pius folded before Flop (didn't bet)
Seat 3: ligeti lajos folded on the Turn
Seat 4: blistein (button) folded before Flop (didn't bet)
Seat 5: v.sting (small blind) folded before Flop
Seat 6: Burlica2013 (big blind) collected ($2.38)



PokerStars Hand #254186459158:  Hold'em No Limit ($0.50/$1.00 USD) - 2025/01/04 9:55:30 WET [2025/01/04 4:55:30 ET]
Table 'Loreley II' 6-max Seat #5 is the button
Seat 1: Alinyr ($103.50 in chips) is sitting out
Seat 2: Aescul@pius ($101.50 in chips) 
Seat 3: ligeti lajos ($36.20 in chips) 
Seat 4: blistein ($104.36 in chips) 
Seat 5: v.sting ($101.60 in chips) 
Seat 6: Burlica2013 ($105.38 in chips) 
Burlica2013: posts small blind $0.50
Alinyr: is sitting out 
Aescul@pius: posts big blind $1
*** HOLE CARDS ***
ligeti lajos: folds 
blistein: folds 
v.sting: folds 
Burlica2013: folds 
Uncalled bet ($0.50) returned to Aescul@pius
Aescul@pius collected $1 from pot
Aescul@pius: doesn't show hand 
*** SUMMARY ***
Total pot $1 | Rake $0 
Seat 1: Alinyr
Seat 2: Aescul@pius (big blind) collected ($1)
Seat 3: ligeti lajos folded before Flop (didn't bet)
Seat 4: blistein folded before Flop (didn't bet)
Seat 5: v.sting (button) folded before Flop (didn't bet)
Seat 6: Burlica2013 (small blind) folded before Flop



PokerStars Hand #254186460169:  Hold'em No Limit ($0.50/$1.00 USD) - 2025/01/04 9:55:40 WET [2025/01/04 4:55:40 ET]
Table 'Loreley II' 6-max Seat #6 is the button
Seat 1: Alinyr ($103.50 in chips) is sitting out
Seat 2: Aescul@pius ($102 in chips) 
Seat 3: ligeti lajos ($36.20 in chips) 
Seat 4: blistein ($104.36 in chips) 
Seat 5: v.sting ($101.60 in chips) 
Seat 6: Burlica2013 ($104.88 in chips) 
Aescul@pius: posts small blind $0.50
ligeti lajos: posts big blind $1
*** HOLE CARDS ***
blistein: folds 
v.sting: raises $1.50 to $2.50
Burlica2013: calls $2.50
Aescul@pius: folds 
ligeti lajos: calls $1.50
*** FLOP *** [Js 3c 7d]
ligeti lajos: checks 
v.sting: bets $1.90
Burlica2013: calls $1.90
ligeti lajos: calls $1.90
*** TURN *** [Js 3c 7d] [7h]
ligeti lajos: checks 
v.sting: checks 
Burlica2013: checks 
*** RIVER *** [Js 3c 7d 7h] [Ad]
ligeti lajos: checks 
v.sting: bets $9.77
Burlica2013: folds 
ligeti lajos: calls $9.77
*** SHOW DOWN ***
v.sting: shows [Jc Ac] (two pair, Aces and Jacks)
ligeti lajos: mucks hand 
v.sting collected $31.58 from pot
*** SUMMARY ***
Total pot $33.24 | Rake $1.66 
Board [Js 3c 7d 7h Ad]
Seat 1: Alinyr
Seat 2: Aescul@pius (small blind) folded before Flop
Seat 3: ligeti lajos (big blind) mucked
Seat 4: blistein folded before Flop (didn't bet)
Seat 5: v.sting showed [Jc Ac] and won ($31.58) with two pair, Aces and Jacks
Seat 6: Burlica2013 (button) folded on the River



PokerStars Hand #254186466221:  Hold'em No Limit ($0.50/$1.00 USD) - 2025/01/04 9:56:45 WET [2025/01/04 4:56:45 ET]
Table 'Loreley II' 6-max Seat #2 is the button
Seat 1: Alinyr ($103.50 in chips) is sitting out
Seat 2: Aescul@pius ($101.50 in chips) 
Seat 3: ligeti lajos ($22.03 in chips) 
Seat 4: blistein ($104.36 in chips) 
Seat 5: v.sting ($119.01 in chips) 
Seat 6: Burlica2013 ($100.48 in chips) 
ligeti lajos: posts small blind $0.50
blistein: posts big blind $1
Alinyr: sits out 
*** HOLE CARDS ***
v.sting: folds 
Burlica2013: folds 
Aescul@pius: raises $1.50 to $2.50
ligeti lajos: folds 
blistein: calls $1.50
*** FLOP *** [Td 2d 5c]
blistein: checks 
Aescul@pius: bets $1.72
blistein: calls $1.72
*** TURN *** [Td 2d 5c] [3s]
blistein: checks 
Aescul@pius: bets $10.62
blistein: folds 
Uncalled bet ($10.62) returned to Aescul@pius
Aescul@pius collected $8.49 from pot
Aescul@pius: doesn't show hand 
*** SUMMARY ***
Total pot $8.94 | Rake $0.45 
Board [Td 2d 5c 3s]
Seat 1: Alinyr
Seat 2: Aescul@pius (button) collected ($8.49)
Seat 3: ligeti lajos (small blind) folded before Flop
Seat 4: blistein (big blind) folded on the Turn
Seat 5: v.sting folded before Flop (didn't bet)
Seat 6: Burlica2013 folded before Flop (didn't bet)



PokerStars Hand #254186471496:  Hold'em No Limit ($0.50/$1.00 USD) - 2025/01/04 9:57:40 WET [2025/01/04 4:57:40 ET]
Table 'Loreley II' 6-max Seat #3 is the button
Seat 1: Alinyr ($103.50 in chips) is sitting out
Seat 2: Aescul@pius ($105.77 in chips) 
Seat 3: ligeti lajos ($21.53 in chips) 
Seat 4: blistein ($100.14 in chips) 
Seat 5: v.sting ($119.01 in chips) 
Seat 6: Burlica2013 ($100.48 in chips) 
blistein: posts small blind $0.50
v.sting: posts big blind $1
Alinyr: sits out 
*** HOLE CARDS ***
Burlica2013: folds 
Aescul@pius: folds 
ligeti lajos: folds 
blistein: raises $2 to $3
v.sting: folds 
Uncalled bet ($2) returned to blistein
blistein collected $2 from pot
blistein: doesn't show hand 
*** SUMMARY ***
Total pot $2 | Rake $0 
Seat 1: Alinyr
Seat 2: Aescul@pius folded before Flop (didn't bet)
Seat 3: ligeti lajos (button) folded before Flop (didn't bet)
Seat 4: blistein (small blind) collected ($2)
Seat 5: v.sting (big blind) folded before Flop
Seat 6: Burlica2013 folded before Flop (didn't bet)



PokerStars Hand #254186473225:  Hold'em No Limit ($0.50/$1.00 USD) - 2025/01/04 9:57:58 WET [2025/01/04 4:57:58 ET]
Table 'Loreley II' 6-max Seat #4 is the button
Seat 1: Alinyr ($103.50 in chips) is sitting out
Seat 2: Aescul@pius ($105.77 in chips) 
Seat 3: ligeti lajos ($21.53 in chips) 
Seat 4: blistein ($101.14 in chips) 
Seat 5: v.sting ($118.01 in chips) 
Seat 6: Burlica2013 ($100.48 in chips) 
v.sting: posts small blind $0.50
Burlica2013: posts big blind $1
Alinyr: sits out 
*** HOLE CARDS ***
Aescul@pius: folds 
ligeti lajos: calls $1
blistein: folds 
v.sting: folds 
Burlica2013: checks 
*** FLOP *** [Tc Kh 9s]
Burlica2013: checks 
ligeti lajos: bets $2.38
Burlica2013: calls $2.38
*** TURN *** [Tc Kh 9s] [7s]
Burlica2013: checks 
ligeti lajos: checks 
*** RIVER *** [Tc Kh 9s 7s] [4d]
Burlica2013: bets $2.28
ligeti lajos: folds 
Uncalled bet ($2.28) returned to Burlica2013
Burlica2013 collected $6.90 from pot
Burlica2013: doesn't show hand 
*** SUMMARY ***
Total pot $7.26 | Rake $0.36 
Board [Tc Kh 9s 7s 4d]
Seat 1: Alinyr
Seat 2: Aescul@pius folded before Flop (didn't bet)
Seat 3: ligeti lajos folded on the River
Seat 4: blistein (button) folded before Flop (didn't bet)
Seat 5: v.sting (small blind) folded before Flop
Seat 6: Burlica2013 (big blind) collected ($6.90)



PokerStars Hand #254186488705:  Hold'em No Limit ($0.50/$1.00 USD) - 2025/01/04 10:00:38 WET [2025/01/04 5:00:38 ET]
Table 'Loreley II' 6-max Seat #3 is the button
Seat 2: Aescul@pius ($103.62 in chips) 
Seat 3: dervesh ($100.50 in chips) 
dervesh: posts small blind $0.50
Aescul@pius: posts big blind $1
*** HOLE CARDS ***
dervesh: folds 
Uncalled bet ($0.50) returned to Aescul@pius
Aescul@pius collected $1 from pot
Aescul@pius: doesn't show hand 
*** SUMMARY ***
Total pot $1 | Rake $0 
Seat 2: Aescul@pius (big blind) collected ($1)
Seat 3: dervesh (button) (small blind) folded before Flop



