PokerStars Hand #254193038481:  Hold'em No Limit ($0.50/$1.00 USD) - 2025/01/04 18:11:32 WET [2025/01/04 13:11:32 ET]
Table 'Cybele III' 6-max Seat #3 is the button
Seat 6: dreimis190 ($100 in chips) is sitting out
Seat 1: Imparator1978 ($92.70 in chips) 
Seat 2: v.sting ($102.40 in chips) 
Seat 3: SorinS28 ($108.37 in chips) 
Seat 4: NOTfishON ($100 in chips) 
Seat 5: whlzor ($103.18 in chips) 
NOTfishON: posts small blind $0.50
whlzor: posts big blind $1
dreimis190: sits out 
*** HOLE CARDS ***
Imparator1978: raises $2 to $3
v.sting: raises $7.50 to $10.50
SorinS28: folds 
NOTfishON: folds 
whlzor: folds 
Imparator1978: calls $7.50
*** FLOP *** [2c 6d 8h]
Imparator1978: checks 
v.sting: checks 
*** TURN *** [2c 6d 8h] [4h]
Imparator1978: checks 
v.sting: checks 
*** RIVER *** [2c 6d 8h 4h] [Ad]
Imparator1978: checks 
v.sting: bets $5.34
Imparator1978: raises $9.06 to $14.40
v.sting: folds 
Uncalled bet ($9.06) returned to Imparator1978
Imparator1978 collected $31.10 from pot
*** SUMMARY ***
Total pot $33.18 | Rake $2.08 
Board [2c 6d 8h 4h Ad]
Seat 6: dreimis190
Seat 1: Imparator1978 collected ($31.10)
Seat 2: v.sting folded on the River
Seat 3: SorinS28 (button) folded before Flop (didn't bet)
Seat 4: NOTfishON (small blind) folded before Flop
Seat 5: whlzor (big blind) folded before Flop



PokerStars Hand #254193058008:  Hold'em No Limit ($0.50/$1.00 USD) - 2025/01/04 18:12:34 WET [2025/01/04 13:12:34 ET]
Table 'Cybele III' 6-max Seat #4 is the button
Seat 1: Imparator1978 ($107.96 in chips) 
Seat 2: v.sting ($100 in chips) 
Seat 3: SorinS28 ($108.37 in chips) 
Seat 4: NOTfishON ($100 in chips) 
Seat 5: whlzor ($102.18 in chips) 
Seat 6: dreimis190 ($100 in chips) 
whlzor: posts small blind $0.50
dreimis190: posts big blind $1
*** HOLE CARDS ***
Imparator1978: folds 
v.sting: folds 
SorinS28: folds 
NOTfishON: folds 
whlzor: raises $2 to $3
dreimis190: calls $2
*** FLOP *** [4s Ad Ks]
whlzor: bets $1.88
dreimis190: calls $1.88
*** TURN *** [4s Ad Ks] [3c]
whlzor: bets $13.20
dreimis190: folds 
Uncalled bet ($13.20) returned to whlzor
whlzor collected $9.27 from pot
whlzor: doesn't show hand 
*** SUMMARY ***
Total pot $9.76 | Rake $0.49 
Board [4s Ad Ks 3c]
Seat 1: Imparator1978 folded before Flop (didn't bet)
Seat 2: v.sting folded before Flop (didn't bet)
Seat 3: SorinS28 folded before Flop (didn't bet)
Seat 4: NOTfishON (button) folded before Flop (didn't bet)
Seat 5: whlzor (small blind) collected ($9.27)
Seat 6: dreimis190 (big blind) folded on the Turn



PokerStars Hand #254193073535:  Hold'em No Limit ($0.50/$1.00 USD) - 2025/01/04 18:13:23 WET [2025/01/04 13:13:23 ET]
Table 'Cybele III' 6-max Seat #5 is the button
Seat 1: Imparator1978 ($107.96 in chips) 
Seat 2: v.sting ($100 in chips) 
Seat 3: SorinS28 ($108.37 in chips) 
Seat 4: NOTfishON ($100 in chips) 
Seat 5: whlzor ($106.57 in chips) 
Seat 6: dreimis190 ($100 in chips) 
dreimis190: posts small blind $0.50
Imparator1978: posts big blind $1
*** HOLE CARDS ***
v.sting: raises $1.50 to $2.50
SorinS28: calls $2.50
NOTfishON: folds 
whlzor: raises $8.50 to $11
dreimis190: folds 
Imparator1978: folds 
v.sting: raises $15 to $26
SorinS28: folds 
whlzor: folds 
Uncalled bet ($15) returned to v.sting
v.sting collected $26 from pot
v.sting: doesn't show hand 
*** SUMMARY ***
Total pot $26 | Rake $0 
Seat 1: Imparator1978 (big blind) folded before Flop
Seat 2: v.sting collected ($26)
Seat 3: SorinS28 folded before Flop
Seat 4: NOTfishON folded before Flop (didn't bet)
Seat 5: whlzor (button) folded before Flop
Seat 6: dreimis190 (small blind) folded before Flop



PokerStars Hand #254193093391:  Hold'em No Limit ($0.50/$1.00 USD) - 2025/01/04 18:14:27 WET [2025/01/04 13:14:27 ET]
Table 'Cybele III' 6-max Seat #6 is the button
Seat 1: Imparator1978 ($106.96 in chips) 
Seat 2: v.sting ($115 in chips) 
Seat 3: SorinS28 ($105.87 in chips) 
Seat 4: NOTfishON ($100 in chips) 
Seat 5: whlzor ($100 in chips) 
Seat 6: dreimis190 ($100 in chips) 
Imparator1978: posts small blind $0.50
v.sting: posts big blind $1
*** HOLE CARDS ***
SorinS28: raises $1.05 to $2.05
NOTfishON: folds 
whlzor: folds 
dreimis190: raises $4.45 to $6.50
Imparator1978: folds 
v.sting: folds 
SorinS28: folds 
Uncalled bet ($4.45) returned to dreimis190
dreimis190 collected $5.60 from pot
dreimis190: doesn't show hand 
*** SUMMARY ***
Total pot $5.60 | Rake $0 
Seat 1: Imparator1978 (small blind) folded before Flop
Seat 2: v.sting (big blind) folded before Flop
Seat 3: SorinS28 folded before Flop
Seat 4: NOTfishON folded before Flop (didn't bet)
Seat 5: whlzor folded before Flop (didn't bet)
Seat 6: dreimis190 (button) collected ($5.60)



PokerStars Hand #254193104867:  Hold'em No Limit ($0.50/$1.00 USD) - 2025/01/04 18:15:02 WET [2025/01/04 13:15:02 ET]
Table 'Cybele III' 6-max Seat #1 is the button
Seat 1: Imparator1978 ($106.46 in chips) 
Seat 2: v.sting ($114 in chips) 
Seat 3: SorinS28 ($103.82 in chips) 
Seat 4: NOTfishON ($100 in chips) 
Seat 5: whlzor ($100 in chips) 
Seat 6: dreimis190 ($103.55 in chips) 
v.sting: posts small blind $0.50
SorinS28: posts big blind $1
*** HOLE CARDS ***
NOTfishON: folds 
whlzor: folds 
dreimis190: folds 
Imparator1978: folds 
v.sting: folds 
Uncalled bet ($0.50) returned to SorinS28
SorinS28 collected $1 from pot
SorinS28: doesn't show hand 
*** SUMMARY ***
Total pot $1 | Rake $0 
Seat 1: Imparator1978 (button) folded before Flop (didn't bet)
Seat 2: v.sting (small blind) folded before Flop
Seat 3: SorinS28 (big blind) collected ($1)
Seat 4: NOTfishON folded before Flop (didn't bet)
Seat 5: whlzor folded before Flop (didn't bet)
Seat 6: dreimis190 folded before Flop (didn't bet)



PokerStars Hand #254193108487:  Hold'em No Limit ($0.50/$1.00 USD) - 2025/01/04 18:15:13 WET [2025/01/04 13:15:13 ET]
Table 'Cybele III' 6-max Seat #2 is the button
Seat 1: Imparator1978 ($106.46 in chips) 
Seat 2: v.sting ($113.50 in chips) 
Seat 3: SorinS28 ($104.32 in chips) 
Seat 4: NOTfishON ($100 in chips) 
Seat 5: whlzor ($100 in chips) 
Seat 6: dreimis190 ($103.55 in chips) 
SorinS28: posts small blind $0.50
NOTfishON: posts big blind $1
*** HOLE CARDS ***
whlzor: folds 
dreimis190: folds 
Imparator1978: folds 
v.sting: raises $1.10 to $2.10
SorinS28: raises $7.90 to $10
NOTfishON: folds 
v.sting: folds 
Uncalled bet ($7.90) returned to SorinS28
SorinS28 collected $5.20 from pot
SorinS28: doesn't show hand 
*** SUMMARY ***
Total pot $5.20 | Rake $0 
Seat 1: Imparator1978 folded before Flop (didn't bet)
Seat 2: v.sting (button) folded before Flop
Seat 3: SorinS28 (small blind) collected ($5.20)
Seat 4: NOTfishON (big blind) folded before Flop
Seat 5: whlzor folded before Flop (didn't bet)
Seat 6: dreimis190 folded before Flop (didn't bet)



PokerStars Hand #254193121229:  Hold'em No Limit ($0.50/$1.00 USD) - 2025/01/04 18:15:52 WET [2025/01/04 13:15:52 ET]
Table 'Cybele III' 6-max Seat #3 is the button
Seat 1: Imparator1978 ($106.46 in chips) 
Seat 2: v.sting ($111.40 in chips) 
Seat 3: SorinS28 ($107.42 in chips) 
Seat 4: NOTfishON ($100 in chips) 
Seat 5: whlzor ($100 in chips) 
Seat 6: dreimis190 ($103.55 in chips) 
NOTfishON: posts small blind $0.50
whlzor: posts big blind $1
*** HOLE CARDS ***
dreimis190: folds 
Imparator1978: calls $1
v.sting: folds 
SorinS28: folds 
NOTfishON: calls $0.50
whlzor: raises $5 to $6
Imparator1978: folds 
NOTfishON: folds 
Uncalled bet ($5) returned to whlzor
whlzor collected $3 from pot
whlzor: doesn't show hand 
*** SUMMARY ***
Total pot $3 | Rake $0 
Seat 1: Imparator1978 folded before Flop
Seat 2: v.sting folded before Flop (didn't bet)
Seat 3: SorinS28 (button) folded before Flop (didn't bet)
Seat 4: NOTfishON (small blind) folded before Flop
Seat 5: whlzor (big blind) collected ($3)
Seat 6: dreimis190 folded before Flop (didn't bet)



PokerStars Hand #254193138000:  Hold'em No Limit ($0.50/$1.00 USD) - 2025/01/04 18:16:42 WET [2025/01/04 13:16:42 ET]
Table 'Cybele III' 6-max Seat #4 is the button
Seat 1: Imparator1978 ($105.46 in chips) 
Seat 2: v.sting ($111.40 in chips) 
Seat 3: SorinS28 ($107.42 in chips) 
Seat 4: NOTfishON ($100 in chips) 
Seat 5: whlzor ($102 in chips) 
Seat 6: dreimis190 ($103.55 in chips) 
whlzor: posts small blind $0.50
dreimis190: posts big blind $1
*** HOLE CARDS ***
Imparator1978: raises $1 to $2
v.sting: raises $5.25 to $7.25
SorinS28: raises $7.75 to $15
NOTfishON: folds 
whlzor: folds 
dreimis190: folds 
Imparator1978: folds 
v.sting: folds 
Uncalled bet ($7.75) returned to SorinS28
SorinS28 collected $18 from pot
SorinS28: doesn't show hand 
*** SUMMARY ***
Total pot $18 | Rake $0 
Seat 1: Imparator1978 folded before Flop
Seat 2: v.sting folded before Flop
Seat 3: SorinS28 collected ($18)
Seat 4: NOTfishON (button) folded before Flop (didn't bet)
Seat 5: whlzor (small blind) folded before Flop
Seat 6: dreimis190 (big blind) folded before Flop



PokerStars Hand #254193147619:  Hold'em No Limit ($0.50/$1.00 USD) - 2025/01/04 18:17:11 WET [2025/01/04 13:17:11 ET]
Table 'Cybele III' 6-max Seat #5 is the button
Seat 1: Imparator1978 ($103.46 in chips) 
Seat 2: v.sting ($104.15 in chips) 
Seat 3: SorinS28 ($118.17 in chips) 
Seat 4: NOTfishON ($100 in chips) 
Seat 5: whlzor ($101.50 in chips) 
Seat 6: dreimis190 ($102.55 in chips) 
dreimis190: posts small blind $0.50
Imparator1978: posts big blind $1
*** HOLE CARDS ***
v.sting: folds 
SorinS28: folds 
NOTfishON: raises $1.30 to $2.30
whlzor: folds 
dreimis190: folds 
Imparator1978: raises $1.30 to $3.60
NOTfishON: calls $1.30
*** FLOP *** [4s 7c 4c]
Imparator1978: bets $3.66
NOTfishON: folds 
Uncalled bet ($3.66) returned to Imparator1978
Imparator1978 collected $7.22 from pot
*** SUMMARY ***
Total pot $7.70 | Rake $0.48 
Board [4s 7c 4c]
Seat 1: Imparator1978 (big blind) collected ($7.22)
Seat 2: v.sting folded before Flop (didn't bet)
Seat 3: SorinS28 folded before Flop (didn't bet)
Seat 4: NOTfishON folded on the Flop
Seat 5: whlzor (button) folded before Flop (didn't bet)
Seat 6: dreimis190 (small blind) folded before Flop



PokerStars Hand #254193160717:  Hold'em No Limit ($0.50/$1.00 USD) - 2025/01/04 18:17:50 WET [2025/01/04 13:17:50 ET]
Table 'Cybele III' 6-max Seat #6 is the button
Seat 1: Imparator1978 ($107.08 in chips) 
Seat 2: v.sting ($104.15 in chips) 
Seat 3: SorinS28 ($118.17 in chips) 
Seat 4: NOTfishON ($100 in chips) 
Seat 5: whlzor ($101.50 in chips) 
Seat 6: dreimis190 ($102.05 in chips) 
Imparator1978: posts small blind $0.50
v.sting: posts big blind $1
*** HOLE CARDS ***
SorinS28: folds 
NOTfishON: folds 
whlzor: raises $2 to $3
dreimis190: folds 
Imparator1978: calls $2.50
v.sting: folds 
*** FLOP *** [Jc 7s 8c]
Imparator1978: checks 
whlzor: checks 
*** TURN *** [Jc 7s 8c] [Ks]
Imparator1978: bets $6.65
whlzor: calls $6.65
*** RIVER *** [Jc 7s 8c Ks] [Jd]
Imparator1978: checks 
whlzor: checks 
*** SHOW DOWN ***
Imparator1978: shows [8h 7c] (two pair, Jacks and Eights)
whlzor: mucks hand 
Imparator1978 collected $19.02 from pot
*** SUMMARY ***
Total pot $20.30 | Rake $1.28 
Board [Jc 7s 8c Ks Jd]
Seat 1: Imparator1978 (small blind) showed [8h 7c] and won ($19.02) with two pair, Jacks and Eights
Seat 2: v.sting (big blind) folded before Flop
Seat 3: SorinS28 folded before Flop (didn't bet)
Seat 4: NOTfishON folded before Flop (didn't bet)
Seat 5: whlzor mucked
Seat 6: dreimis190 (button) folded before Flop (didn't bet)



PokerStars Hand #254193177333:  Hold'em No Limit ($0.50/$1.00 USD) - 2025/01/04 18:18:40 WET [2025/01/04 13:18:40 ET]
Table 'Cybele III' 6-max Seat #1 is the button
Seat 1: Imparator1978 ($116.45 in chips) 
Seat 2: v.sting ($103.15 in chips) 
Seat 3: SorinS28 ($118.17 in chips) 
Seat 4: NOTfishON ($100 in chips) 
Seat 5: whlzor ($100 in chips) 
Seat 6: dreimis190 ($102.05 in chips) 
v.sting: posts small blind $0.50
SorinS28: posts big blind $1
*** HOLE CARDS ***
NOTfishON: folds 
whlzor: folds 
dreimis190: folds 
Imparator1978: folds 
v.sting: raises $2 to $3
SorinS28: calls $2
*** FLOP *** [2h 5c 2d]
v.sting: checks 
SorinS28: bets $2.85
v.sting: calls $2.85
*** TURN *** [2h 5c 2d] [5d]
v.sting: checks 
SorinS28: bets $5.56
v.sting: calls $5.56
*** RIVER *** [2h 5c 2d 5d] [Qd]
v.sting: checks 
SorinS28: bets $21.46
v.sting: folds 
Uncalled bet ($21.46) returned to SorinS28
SorinS28 collected $21.68 from pot
SorinS28: doesn't show hand 
*** SUMMARY ***
Total pot $22.82 | Rake $1.14 
Board [2h 5c 2d 5d Qd]
Seat 1: Imparator1978 (button) folded before Flop (didn't bet)
Seat 2: v.sting (small blind) folded on the River
Seat 3: SorinS28 (big blind) collected ($21.68)
Seat 4: NOTfishON folded before Flop (didn't bet)
Seat 5: whlzor folded before Flop (didn't bet)
Seat 6: dreimis190 folded before Flop (didn't bet)



PokerStars Hand #254193213167:  Hold'em No Limit ($0.50/$1.00 USD) - 2025/01/04 18:20:26 WET [2025/01/04 13:20:26 ET]
Table 'Cybele III' 6-max Seat #2 is the button
Seat 1: Imparator1978 ($116.45 in chips) 
Seat 2: v.sting ($100 in chips) 
Seat 3: SorinS28 ($128.44 in chips) 
Seat 4: NOTfishON ($100 in chips) 
Seat 5: whlzor ($100 in chips) 
Seat 6: dreimis190 ($102.05 in chips) 
SorinS28: posts small blind $0.50
NOTfishON: posts big blind $1
*** HOLE CARDS ***
whlzor: folds 
dreimis190: folds 
Imparator1978: raises $1 to $2
v.sting: folds 
SorinS28: raises $8 to $10
NOTfishON: folds 
Imparator1978: calls $8
*** FLOP *** [Qs 8c 7d]
SorinS28: bets $4.99
Imparator1978: calls $4.99
*** TURN *** [Qs 8c 7d] [Jd]
SorinS28: checks 
Imparator1978: bets $14.72
SorinS28: calls $14.72
*** RIVER *** [Qs 8c 7d Jd] [6d]
SorinS28: checks 
Imparator1978: bets $28.96
SorinS28: calls $28.96
*** SHOW DOWN ***
Imparator1978: shows [Kc As] (high card Ace)
SorinS28: shows [Ah Js] (a pair of Jacks)
SorinS28 collected $115.84 from pot
*** SUMMARY ***
Total pot $118.34 | Rake $2.50 
Board [Qs 8c 7d Jd 6d]
Seat 1: Imparator1978 showed [Kc As] and lost with high card Ace
Seat 2: v.sting (button) folded before Flop (didn't bet)
Seat 3: SorinS28 (small blind) showed [Ah Js] and won ($115.84) with a pair of Jacks
Seat 4: NOTfishON (big blind) folded before Flop
Seat 5: whlzor folded before Flop (didn't bet)
Seat 6: dreimis190 folded before Flop (didn't bet)



PokerStars Hand #254193233517:  Hold'em No Limit ($0.50/$1.00 USD) - 2025/01/04 18:21:26 WET [2025/01/04 13:21:26 ET]
Table 'Cybele III' 6-max Seat #3 is the button
Seat 1: Imparator1978 ($57.78 in chips) 
Seat 2: v.sting ($100 in chips) 
Seat 3: SorinS28 ($185.61 in chips) 
Seat 4: NOTfishON ($100 in chips) 
Seat 5: whlzor ($100 in chips) 
Seat 6: dreimis190 ($102.05 in chips) 
NOTfishON: posts small blind $0.50
whlzor: posts big blind $1
*** HOLE CARDS ***
dreimis190: folds 
Imparator1978: raises $1 to $2
v.sting: folds 
SorinS28: folds 
NOTfishON: folds 
whlzor: folds 
Uncalled bet ($1) returned to Imparator1978
Imparator1978 collected $2.50 from pot
*** SUMMARY ***
Total pot $2.50 | Rake $0 
Seat 1: Imparator1978 collected ($2.50)
Seat 2: v.sting folded before Flop (didn't bet)
Seat 3: SorinS28 (button) folded before Flop (didn't bet)
Seat 4: NOTfishON (small blind) folded before Flop
Seat 5: whlzor (big blind) folded before Flop
Seat 6: dreimis190 folded before Flop (didn't bet)



PokerStars Hand #254193239273:  Hold'em No Limit ($0.50/$1.00 USD) - 2025/01/04 18:21:43 WET [2025/01/04 13:21:43 ET]
Table 'Cybele III' 6-max Seat #4 is the button
Seat 1: Imparator1978 ($59.28 in chips) 
Seat 2: v.sting ($100 in chips) 
Seat 3: SorinS28 ($185.61 in chips) 
Seat 4: NOTfishON ($100 in chips) 
Seat 5: whlzor ($100 in chips) 
Seat 6: dreimis190 ($102.05 in chips) 
whlzor: posts small blind $0.50
dreimis190: posts big blind $1
*** HOLE CARDS ***
Imparator1978: raises $1 to $2
v.sting: folds 
SorinS28: folds 
NOTfishON: raises $4 to $6
whlzor: folds 
dreimis190: folds 
Imparator1978: raises $13.50 to $19.50
NOTfishON: folds 
Uncalled bet ($13.50) returned to Imparator1978
Imparator1978 collected $13.50 from pot
*** SUMMARY ***
Total pot $13.50 | Rake $0 
Seat 1: Imparator1978 collected ($13.50)
Seat 2: v.sting folded before Flop (didn't bet)
Seat 3: SorinS28 folded before Flop (didn't bet)
Seat 4: NOTfishON (button) folded before Flop
Seat 5: whlzor (small blind) folded before Flop
Seat 6: dreimis190 (big blind) folded before Flop



PokerStars Hand #254193251602:  Hold'em No Limit ($0.50/$1.00 USD) - 2025/01/04 18:22:20 WET [2025/01/04 13:22:20 ET]
Table 'Cybele III' 6-max Seat #5 is the button
Seat 1: Imparator1978 ($66.78 in chips) 
Seat 2: v.sting ($100 in chips) 
Seat 3: SorinS28 ($185.61 in chips) 
Seat 4: NOTfishON ($100 in chips) 
Seat 5: whlzor ($100 in chips) 
Seat 6: dreimis190 ($101.05 in chips) 
dreimis190: posts small blind $0.50
Imparator1978: posts big blind $1
*** HOLE CARDS ***
v.sting: folds 
SorinS28: folds 
NOTfishON: folds 
whlzor: folds 
dreimis190: raises $2 to $3
Imparator1978: calls $2
*** FLOP *** [Kh Qs 3c]
dreimis190: checks 
Imparator1978: checks 
*** TURN *** [Kh Qs 3c] [5h]
dreimis190: checks 
Imparator1978: checks 
*** RIVER *** [Kh Qs 3c 5h] [6d]
dreimis190: bets $1.88
Imparator1978: calls $1.88
*** SHOW DOWN ***
dreimis190: shows [Jd Ks] (a pair of Kings)
Imparator1978: mucks hand 
dreimis190 collected $9.27 from pot
*** SUMMARY ***
Total pot $9.76 | Rake $0.49 
Board [Kh Qs 3c 5h 6d]
Seat 1: Imparator1978 (big blind) mucked
Seat 2: v.sting folded before Flop (didn't bet)
Seat 3: SorinS28 folded before Flop (didn't bet)
Seat 4: NOTfishON folded before Flop (didn't bet)
Seat 5: whlzor (button) folded before Flop (didn't bet)
Seat 6: dreimis190 (small blind) showed [Jd Ks] and won ($9.27) with a pair of Kings



PokerStars Hand #254193269249:  Hold'em No Limit ($0.50/$1.00 USD) - 2025/01/04 18:23:12 WET [2025/01/04 13:23:12 ET]
Table 'Cybele III' 6-max Seat #6 is the button
Seat 1: Imparator1978 ($61.90 in chips) 
Seat 2: v.sting ($100 in chips) 
Seat 3: SorinS28 ($185.61 in chips) 
Seat 4: NOTfishON ($100 in chips) 
Seat 5: whlzor ($100 in chips) 
Seat 6: dreimis190 ($105.44 in chips) 
Imparator1978: posts small blind $0.50
v.sting: posts big blind $1
*** HOLE CARDS ***
SorinS28: folds 
NOTfishON: raises $1.10 to $2.10
whlzor: folds 
dreimis190: folds 
Imparator1978: calls $1.60
v.sting: calls $1.10
*** FLOP *** [6c 9c 4c]
Imparator1978: checks 
v.sting: checks 
NOTfishON: bets $1.85
Imparator1978: calls $1.85
v.sting: folds 
*** TURN *** [6c 9c 4c] [3d]
Imparator1978: checks 
NOTfishON: checks 
*** RIVER *** [6c 9c 4c 3d] [2h]
Imparator1978: bets $9.50
NOTfishON: folds 
Uncalled bet ($9.50) returned to Imparator1978
Imparator1978 collected $9.38 from pot
*** SUMMARY ***
Total pot $10 | Rake $0.62 
Board [6c 9c 4c 3d 2h]
Seat 1: Imparator1978 (small blind) collected ($9.38)
Seat 2: v.sting (big blind) folded on the Flop
Seat 3: SorinS28 folded before Flop (didn't bet)
Seat 4: NOTfishON folded on the River
Seat 5: whlzor folded before Flop (didn't bet)
Seat 6: dreimis190 (button) folded before Flop (didn't bet)



PokerStars Hand #254193292433:  Hold'em No Limit ($0.50/$1.00 USD) - 2025/01/04 18:24:20 WET [2025/01/04 13:24:20 ET]
Table 'Cybele III' 6-max Seat #1 is the button
Seat 1: Imparator1978 ($67.33 in chips) 
Seat 2: v.sting ($100 in chips) 
Seat 3: SorinS28 ($185.61 in chips) 
Seat 4: NOTfishON ($100 in chips) 
Seat 5: whlzor ($100 in chips) 
Seat 6: dreimis190 ($105.44 in chips) 
v.sting: posts small blind $0.50
SorinS28: posts big blind $1
*** HOLE CARDS ***
NOTfishON: folds 
whlzor: folds 
dreimis190: folds 
Imparator1978: raises $1 to $2
v.sting: folds 
SorinS28: calls $1
*** FLOP *** [4s 2c 4h]
SorinS28: checks 
Imparator1978: checks 
*** TURN *** [4s 2c 4h] [Ks]
SorinS28: checks 
Imparator1978: bets $2.14
SorinS28: calls $2.14
*** RIVER *** [4s 2c 4h Ks] [2h]
SorinS28: checks 
Imparator1978: bets $4.17
SorinS28: folds 
Uncalled bet ($4.17) returned to Imparator1978
Imparator1978 collected $8.23 from pot
*** SUMMARY ***
Total pot $8.78 | Rake $0.55 
Board [4s 2c 4h Ks 2h]
Seat 1: Imparator1978 (button) collected ($8.23)
Seat 2: v.sting (small blind) folded before Flop
Seat 3: SorinS28 (big blind) folded on the River
Seat 4: NOTfishON folded before Flop (didn't bet)
Seat 5: whlzor folded before Flop (didn't bet)
Seat 6: dreimis190 folded before Flop (didn't bet)



PokerStars Hand #254193320971:  Hold'em No Limit ($0.50/$1.00 USD) - 2025/01/04 18:25:46 WET [2025/01/04 13:25:46 ET]
Table 'Cybele III' 6-max Seat #2 is the button
Seat 1: Imparator1978 ($71.42 in chips) 
Seat 2: v.sting ($100 in chips) 
Seat 3: SorinS28 ($181.47 in chips) 
Seat 4: NOTfishON ($100 in chips) 
Seat 5: whlzor ($100 in chips) 
Seat 6: dreimis190 ($105.44 in chips) 
SorinS28: posts small blind $0.50
NOTfishON: posts big blind $1
*** HOLE CARDS ***
whlzor: folds 
dreimis190: raises $1 to $2
Imparator1978: folds 
v.sting: folds 
SorinS28: folds 
NOTfishON: folds 
Uncalled bet ($1) returned to dreimis190
dreimis190 collected $2.50 from pot
dreimis190: doesn't show hand 
*** SUMMARY ***
Total pot $2.50 | Rake $0 
Seat 1: Imparator1978 folded before Flop (didn't bet)
Seat 2: v.sting (button) folded before Flop (didn't bet)
Seat 3: SorinS28 (small blind) folded before Flop
Seat 4: NOTfishON (big blind) folded before Flop
Seat 5: whlzor folded before Flop (didn't bet)
Seat 6: dreimis190 collected ($2.50)



PokerStars Hand #254193326430:  Hold'em No Limit ($0.50/$1.00 USD) - 2025/01/04 18:26:02 WET [2025/01/04 13:26:02 ET]
Table 'Cybele III' 6-max Seat #3 is the button
Seat 1: Imparator1978 ($71.42 in chips) 
Seat 2: v.sting ($100 in chips) 
Seat 3: SorinS28 ($180.97 in chips) 
Seat 4: NOTfishON ($100 in chips) 
Seat 5: whlzor ($100 in chips) 
Seat 6: dreimis190 ($106.94 in chips) 
NOTfishON: posts small blind $0.50
whlzor: posts big blind $1
*** HOLE CARDS ***
dreimis190: folds 
Imparator1978: raises $1 to $2
v.sting: folds 
SorinS28: folds 
NOTfishON: folds 
whlzor: calls $1
*** FLOP *** [7d 7s Qc]
whlzor: checks 
Imparator1978: checks 
*** TURN *** [7d 7s Qc] [6c]
whlzor: bets $2.14
Imparator1978: raises $2.14 to $4.28
whlzor: folds 
Uncalled bet ($2.14) returned to Imparator1978
Imparator1978 collected $8.23 from pot
*** SUMMARY ***
Total pot $8.78 | Rake $0.55 
Board [7d 7s Qc 6c]
Seat 1: Imparator1978 collected ($8.23)
Seat 2: v.sting folded before Flop (didn't bet)
Seat 3: SorinS28 (button) folded before Flop (didn't bet)
Seat 4: NOTfishON (small blind) folded before Flop
Seat 5: whlzor (big blind) folded on the Turn
Seat 6: dreimis190 folded before Flop (didn't bet)



PokerStars Hand #254193341969:  Hold'em No Limit ($0.50/$1.00 USD) - 2025/01/04 18:26:49 WET [2025/01/04 13:26:49 ET]
Table 'Cybele III' 6-max Seat #4 is the button
Seat 1: Imparator1978 ($75.51 in chips) 
Seat 2: v.sting ($100 in chips) 
Seat 3: SorinS28 ($180.97 in chips) 
Seat 4: NOTfishON ($100 in chips) 
Seat 5: whlzor ($100 in chips) 
Seat 6: dreimis190 ($106.94 in chips) 
whlzor: posts small blind $0.50
dreimis190: posts big blind $1
*** HOLE CARDS ***
Imparator1978: calls $1
v.sting: folds 
SorinS28: folds 
NOTfishON: folds 
whlzor: folds 
dreimis190: checks 
*** FLOP *** [2d 7c Kc]
dreimis190: checks 
Imparator1978: bets $2.38
dreimis190: folds 
Uncalled bet ($2.38) returned to Imparator1978
Imparator1978 collected $2.35 from pot
*** SUMMARY ***
Total pot $2.50 | Rake $0.15 
Board [2d 7c Kc]
Seat 1: Imparator1978 collected ($2.35)
Seat 2: v.sting folded before Flop (didn't bet)
Seat 3: SorinS28 folded before Flop (didn't bet)
Seat 4: NOTfishON (button) folded before Flop (didn't bet)
Seat 5: whlzor (small blind) folded before Flop
Seat 6: dreimis190 (big blind) folded on the Flop



PokerStars Hand #254193356034:  Hold'em No Limit ($0.50/$1.00 USD) - 2025/01/04 18:27:31 WET [2025/01/04 13:27:31 ET]
Table 'Cybele III' 6-max Seat #5 is the button
Seat 1: Imparator1978 ($76.86 in chips) 
Seat 2: v.sting ($100 in chips) 
Seat 3: SorinS28 ($180.97 in chips) 
Seat 4: NOTfishON ($100 in chips) 
Seat 5: whlzor ($100 in chips) 
Seat 6: dreimis190 ($105.94 in chips) 
dreimis190: posts small blind $0.50
Imparator1978: posts big blind $1
*** HOLE CARDS ***
v.sting: folds 
SorinS28: folds 
NOTfishON: raises $1.30 to $2.30
whlzor: folds 
dreimis190: folds 
Imparator1978: calls $1.30
*** FLOP *** [Qc 8c Ks]
Imparator1978: checks 
NOTfishON: bets $1.50
Imparator1978: folds 
Uncalled bet ($1.50) returned to NOTfishON
NOTfishON collected $4.84 from pot
*** SUMMARY ***
Total pot $5.10 | Rake $0.26 
Board [Qc 8c Ks]
Seat 1: Imparator1978 (big blind) folded on the Flop
Seat 2: v.sting folded before Flop (didn't bet)
Seat 3: SorinS28 folded before Flop (didn't bet)
Seat 4: NOTfishON collected ($4.84)
Seat 5: whlzor (button) folded before Flop (didn't bet)
Seat 6: dreimis190 (small blind) folded before Flop



PokerStars Hand #254193367244:  Hold'em No Limit ($0.50/$1.00 USD) - 2025/01/04 18:28:04 WET [2025/01/04 13:28:04 ET]
Table 'Cybele III' 6-max Seat #6 is the button
Seat 1: Imparator1978 ($74.56 in chips) 
Seat 2: v.sting ($100 in chips) 
Seat 3: SorinS28 ($180.97 in chips) 
Seat 4: NOTfishON ($102.54 in chips) 
Seat 5: whlzor ($100 in chips) 
Seat 6: dreimis190 ($105.44 in chips) 
Imparator1978: posts small blind $0.50
v.sting: posts big blind $1
*** HOLE CARDS ***
SorinS28: folds 
NOTfishON: folds 
whlzor: folds 
dreimis190: raises $1.50 to $2.50
Imparator1978: folds 
v.sting: folds 
Uncalled bet ($1.50) returned to dreimis190
dreimis190 collected $2.50 from pot
dreimis190: doesn't show hand 
*** SUMMARY ***
Total pot $2.50 | Rake $0 
Seat 1: Imparator1978 (small blind) folded before Flop
Seat 2: v.sting (big blind) folded before Flop
Seat 3: SorinS28 folded before Flop (didn't bet)
Seat 4: NOTfishON folded before Flop (didn't bet)
Seat 5: whlzor folded before Flop (didn't bet)
Seat 6: dreimis190 (button) collected ($2.50)



PokerStars Hand #254193374095:  Hold'em No Limit ($0.50/$1.00 USD) - 2025/01/04 18:28:24 WET [2025/01/04 13:28:24 ET]
Table 'Cybele III' 6-max Seat #1 is the button
Seat 1: Imparator1978 ($74.06 in chips) 
Seat 2: v.sting ($100 in chips) 
Seat 3: SorinS28 ($180.97 in chips) 
Seat 4: NOTfishON ($102.54 in chips) 
Seat 5: whlzor ($100 in chips) 
Seat 6: dreimis190 ($106.94 in chips) 
v.sting: posts small blind $0.50
SorinS28: posts big blind $1
*** HOLE CARDS ***
NOTfishON: raises $1.10 to $2.10
whlzor: raises $6.40 to $8.50
dreimis190: folds 
Imparator1978: folds 
v.sting: folds 
SorinS28: folds 
NOTfishON: folds 
Uncalled bet ($6.40) returned to whlzor
whlzor collected $5.70 from pot
whlzor: doesn't show hand 
*** SUMMARY ***
Total pot $5.70 | Rake $0 
Seat 1: Imparator1978 (button) folded before Flop (didn't bet)
Seat 2: v.sting (small blind) folded before Flop
Seat 3: SorinS28 (big blind) folded before Flop
Seat 4: NOTfishON folded before Flop
Seat 5: whlzor collected ($5.70)
Seat 6: dreimis190 folded before Flop (didn't bet)



PokerStars Hand #254193386478:  Hold'em No Limit ($0.50/$1.00 USD) - 2025/01/04 18:29:02 WET [2025/01/04 13:29:02 ET]
Table 'Cybele III' 6-max Seat #2 is the button
Seat 1: Imparator1978 ($74.06 in chips) 
Seat 2: v.sting ($100 in chips) 
Seat 3: SorinS28 ($179.97 in chips) 
Seat 4: NOTfishON ($100.44 in chips) 
Seat 5: whlzor ($103.60 in chips) 
Seat 6: dreimis190 ($106.94 in chips) 
SorinS28: posts small blind $0.50
NOTfishON: posts big blind $1
*** HOLE CARDS ***
whlzor: folds 
dreimis190: folds 
Imparator1978: calls $1
v.sting: folds 
SorinS28: folds 
NOTfishON: checks 
*** FLOP *** [Th 9h Kd]
NOTfishON: checks 
Imparator1978: bets $2.38
NOTfishON: calls $2.38
*** TURN *** [Th 9h Kd] [8h]
NOTfishON: checks 
Imparator1978: bets $3.45
NOTfishON: calls $3.45
*** RIVER *** [Th 9h Kd 8h] [5s]
NOTfishON: checks 
Imparator1978: checks 
*** SHOW DOWN ***
NOTfishON: shows [Jh 9d] (a pair of Nines)
Imparator1978: shows [Kc 4c] (a pair of Kings)
Imparator1978 collected $13.27 from pot
*** SUMMARY ***
Total pot $14.16 | Rake $0.89 
Board [Th 9h Kd 8h 5s]
Seat 1: Imparator1978 showed [Kc 4c] and won ($13.27) with a pair of Kings
Seat 2: v.sting (button) folded before Flop (didn't bet)
Seat 3: SorinS28 (small blind) folded before Flop
Seat 4: NOTfishON (big blind) showed [Jh 9d] and lost with a pair of Nines
Seat 5: whlzor folded before Flop (didn't bet)
Seat 6: dreimis190 folded before Flop (didn't bet)



PokerStars Hand #254193398264:  Hold'em No Limit ($0.50/$1.00 USD) - 2025/01/04 18:29:37 WET [2025/01/04 13:29:37 ET]
Table 'Cybele III' 6-max Seat #3 is the button
Seat 1: Imparator1978 ($80.50 in chips) 
Seat 2: v.sting ($100 in chips) 
Seat 3: SorinS28 ($179.47 in chips) 
Seat 4: NOTfishON ($100 in chips) 
Seat 5: whlzor ($103.60 in chips) 
Seat 6: dreimis190 ($106.94 in chips) 
NOTfishON: posts small blind $0.50
whlzor: posts big blind $1
*** HOLE CARDS ***
dreimis190: folds 
Imparator1978: raises $1 to $2
v.sting: folds 
SorinS28: folds 
NOTfishON: folds 
whlzor: raises $6 to $8
Imparator1978: calls $6
*** FLOP *** [5s 9d 4s]
whlzor: checks 
Imparator1978: bets $7.84
whlzor: folds 
Uncalled bet ($7.84) returned to Imparator1978
Imparator1978 collected $15.48 from pot
*** SUMMARY ***
Total pot $16.50 | Rake $1.02 
Board [5s 9d 4s]
Seat 1: Imparator1978 collected ($15.48)
Seat 2: v.sting folded before Flop (didn't bet)
Seat 3: SorinS28 (button) folded before Flop (didn't bet)
Seat 4: NOTfishON (small blind) folded before Flop
Seat 5: whlzor (big blind) folded on the Flop
Seat 6: dreimis190 folded before Flop (didn't bet)



PokerStars Hand #254193413839:  Hold'em No Limit ($0.50/$1.00 USD) - 2025/01/04 18:30:22 WET [2025/01/04 13:30:22 ET]
Table 'Cybele III' 6-max Seat #4 is the button
Seat 1: Imparator1978 ($87.98 in chips) 
Seat 2: v.sting ($100 in chips) 
Seat 3: SorinS28 ($179.47 in chips) 
Seat 4: NOTfishON ($100 in chips) 
Seat 5: whlzor ($100 in chips) 
Seat 6: dreimis190 ($106.94 in chips) 
whlzor: posts small blind $0.50
dreimis190: posts big blind $1
*** HOLE CARDS ***
Imparator1978: folds 
v.sting: folds 
SorinS28: folds 
NOTfishON: folds 
whlzor: raises $2 to $3
dreimis190: calls $2
*** FLOP *** [Ad Td Jh]
whlzor: bets $2.85
dreimis190: folds 
Uncalled bet ($2.85) returned to whlzor
whlzor collected $5.70 from pot
whlzor: doesn't show hand 
*** SUMMARY ***
Total pot $6 | Rake $0.30 
Board [Ad Td Jh]
Seat 1: Imparator1978 folded before Flop (didn't bet)
Seat 2: v.sting folded before Flop (didn't bet)
Seat 3: SorinS28 folded before Flop (didn't bet)
Seat 4: NOTfishON (button) folded before Flop (didn't bet)
Seat 5: whlzor (small blind) collected ($5.70)
Seat 6: dreimis190 (big blind) folded on the Flop



PokerStars Hand #254193428841:  Hold'em No Limit ($0.50/$1.00 USD) - 2025/01/04 18:31:05 WET [2025/01/04 13:31:05 ET]
Table 'Cybele III' 6-max Seat #5 is the button
Seat 1: Imparator1978 ($87.98 in chips) 
Seat 2: v.sting ($100 in chips) 
Seat 3: SorinS28 ($179.47 in chips) 
Seat 4: NOTfishON ($100 in chips) 
Seat 5: whlzor ($102.70 in chips) 
Seat 6: dreimis190 ($103.94 in chips) 
dreimis190: posts small blind $0.50
Imparator1978: posts big blind $1
*** HOLE CARDS ***
v.sting: folds 
SorinS28: folds 
NOTfishON: folds 
whlzor: folds 
dreimis190: folds 
Uncalled bet ($0.50) returned to Imparator1978
Imparator1978 collected $1 from pot
*** SUMMARY ***
Total pot $1 | Rake $0 
Seat 1: Imparator1978 (big blind) collected ($1)
Seat 2: v.sting folded before Flop (didn't bet)
Seat 3: SorinS28 folded before Flop (didn't bet)
Seat 4: NOTfishON folded before Flop (didn't bet)
Seat 5: whlzor (button) folded before Flop (didn't bet)
Seat 6: dreimis190 (small blind) folded before Flop



PokerStars Hand #254193433038:  Hold'em No Limit ($0.50/$1.00 USD) - 2025/01/04 18:31:17 WET [2025/01/04 13:31:17 ET]
Table 'Cybele III' 6-max Seat #6 is the button
Seat 1: Imparator1978 ($88.48 in chips) 
Seat 2: v.sting ($100 in chips) 
Seat 3: SorinS28 ($179.47 in chips) 
Seat 4: NOTfishON ($100 in chips) 
Seat 5: whlzor ($102.70 in chips) 
Seat 6: dreimis190 ($103.44 in chips) 
Imparator1978: posts small blind $0.50
v.sting: posts big blind $1
*** HOLE CARDS ***
SorinS28: raises $1.05 to $2.05
NOTfishON: folds 
whlzor: raises $6.45 to $8.50
dreimis190: folds 
Imparator1978: folds 
v.sting: folds 
SorinS28: folds 
Uncalled bet ($6.45) returned to whlzor
whlzor collected $5.60 from pot
whlzor: doesn't show hand 
*** SUMMARY ***
Total pot $5.60 | Rake $0 
Seat 1: Imparator1978 (small blind) folded before Flop
Seat 2: v.sting (big blind) folded before Flop
Seat 3: SorinS28 folded before Flop
Seat 4: NOTfishON folded before Flop (didn't bet)
Seat 5: whlzor collected ($5.60)
Seat 6: dreimis190 (button) folded before Flop (didn't bet)



PokerStars Hand #254193444322:  Hold'em No Limit ($0.50/$1.00 USD) - 2025/01/04 18:31:50 WET [2025/01/04 13:31:50 ET]
Table 'Cybele III' 6-max Seat #1 is the button
Seat 1: Imparator1978 ($87.98 in chips) 
Seat 2: v.sting ($100 in chips) 
Seat 3: SorinS28 ($177.42 in chips) 
Seat 4: NOTfishON ($100 in chips) 
Seat 5: whlzor ($106.25 in chips) 
Seat 6: dreimis190 ($103.44 in chips) 
v.sting: posts small blind $0.50
SorinS28: posts big blind $1
*** HOLE CARDS ***
NOTfishON: folds 
whlzor: raises $1.50 to $2.50
dreimis190: raises $5 to $7.50
Imparator1978: folds 
v.sting: folds 
SorinS28: folds 
whlzor: raises $14.50 to $22
dreimis190: folds 
Uncalled bet ($14.50) returned to whlzor
whlzor collected $16.50 from pot
whlzor: doesn't show hand 
*** SUMMARY ***
Total pot $16.50 | Rake $0 
Seat 1: Imparator1978 (button) folded before Flop (didn't bet)
Seat 2: v.sting (small blind) folded before Flop
Seat 3: SorinS28 (big blind) folded before Flop
Seat 4: NOTfishON folded before Flop (didn't bet)
Seat 5: whlzor collected ($16.50)
Seat 6: dreimis190 folded before Flop



PokerStars Hand #254193458103:  Hold'em No Limit ($0.50/$1.00 USD) - 2025/01/04 18:32:30 WET [2025/01/04 13:32:30 ET]
Table 'Cybele III' 6-max Seat #2 is the button
Seat 1: Imparator1978 ($87.98 in chips) 
Seat 2: v.sting ($100 in chips) 
Seat 3: SorinS28 ($176.42 in chips) 
Seat 4: NOTfishON ($100 in chips) 
Seat 5: whlzor ($115.25 in chips) 
Seat 6: dreimis190 ($100 in chips) 
SorinS28: posts small blind $0.50
NOTfishON: posts big blind $1
*** HOLE CARDS ***
whlzor: raises $1.50 to $2.50
dreimis190: folds 
Imparator1978: folds 
v.sting: folds 
SorinS28: folds 
NOTfishON: folds 
Uncalled bet ($1.50) returned to whlzor
whlzor collected $2.50 from pot
whlzor: doesn't show hand 
*** SUMMARY ***
Total pot $2.50 | Rake $0 
Seat 1: Imparator1978 folded before Flop (didn't bet)
Seat 2: v.sting (button) folded before Flop (didn't bet)
Seat 3: SorinS28 (small blind) folded before Flop
Seat 4: NOTfishON (big blind) folded before Flop
Seat 5: whlzor collected ($2.50)
Seat 6: dreimis190 folded before Flop (didn't bet)



PokerStars Hand #254193462581:  Hold'em No Limit ($0.50/$1.00 USD) - 2025/01/04 18:32:43 WET [2025/01/04 13:32:43 ET]
Table 'Cybele III' 6-max Seat #3 is the button
Seat 1: Imparator1978 ($87.98 in chips) 
Seat 2: v.sting ($100 in chips) 
Seat 3: SorinS28 ($175.92 in chips) 
Seat 4: NOTfishON ($100 in chips) 
Seat 5: whlzor ($116.75 in chips) 
Seat 6: dreimis190 ($100 in chips) 
NOTfishON: posts small blind $0.50
whlzor: posts big blind $1
*** HOLE CARDS ***
dreimis190: folds 
Imparator1978: raises $1 to $2
v.sting: folds 
SorinS28: folds 
NOTfishON: raises $7 to $9
whlzor: folds 
Imparator1978: calls $7
*** FLOP *** [As 3c 4h]
NOTfishON: checks 
Imparator1978: checks 
*** TURN *** [As 3c 4h] [2s]
NOTfishON: checks 
Imparator1978: checks 
*** RIVER *** [As 3c 4h 2s] [2c]
NOTfishON: checks 
Imparator1978: bets $9.03
NOTfishON: calls $9.03
*** SHOW DOWN ***
Imparator1978: shows [9c Ad] (two pair, Aces and Deuces)
NOTfishON: shows [Ah Jd] (two pair, Aces and Deuces - Jack kicker)
NOTfishON collected $35.21 from pot
*** SUMMARY ***
Total pot $37.06 | Rake $1.85 
Board [As 3c 4h 2s 2c]
Seat 1: Imparator1978 showed [9c Ad] and lost with two pair, Aces and Deuces
Seat 2: v.sting folded before Flop (didn't bet)
Seat 3: SorinS28 (button) folded before Flop (didn't bet)
Seat 4: NOTfishON (small blind) showed [Ah Jd] and won ($35.21) with two pair, Aces and Deuces
Seat 5: whlzor (big blind) folded before Flop
Seat 6: dreimis190 folded before Flop (didn't bet)



PokerStars Hand #254193479697:  Hold'em No Limit ($0.50/$1.00 USD) - 2025/01/04 18:33:33 WET [2025/01/04 13:33:33 ET]
Table 'Cybele III' 6-max Seat #4 is the button
Seat 1: Imparator1978 ($69.95 in chips) 
Seat 2: v.sting ($100 in chips) 
Seat 3: SorinS28 ($175.92 in chips) 
Seat 4: NOTfishON ($117.18 in chips) 
Seat 5: whlzor ($115.75 in chips) 
Seat 6: dreimis190 ($100 in chips) 
whlzor: posts small blind $0.50
dreimis190: posts big blind $1
*** HOLE CARDS ***
Imparator1978: folds 
v.sting: raises $1.50 to $2.50
SorinS28: folds 
NOTfishON: folds 
whlzor: raises $8.50 to $11
dreimis190: folds 
v.sting: folds 
Uncalled bet ($8.50) returned to whlzor
whlzor collected $6 from pot
whlzor: doesn't show hand 
*** SUMMARY ***
Total pot $6 | Rake $0 
Seat 1: Imparator1978 folded before Flop (didn't bet)
Seat 2: v.sting folded before Flop
Seat 3: SorinS28 folded before Flop (didn't bet)
Seat 4: NOTfishON (button) folded before Flop (didn't bet)
Seat 5: whlzor (small blind) collected ($6)
Seat 6: dreimis190 (big blind) folded before Flop



PokerStars Hand #254193487741:  Hold'em No Limit ($0.50/$1.00 USD) - 2025/01/04 18:33:56 WET [2025/01/04 13:33:56 ET]
Table 'Cybele III' 6-max Seat #5 is the button
Seat 1: Imparator1978 ($69.95 in chips) 
Seat 2: v.sting ($100 in chips) 
Seat 3: SorinS28 ($175.92 in chips) 
Seat 4: NOTfishON ($117.18 in chips) 
Seat 5: whlzor ($119.25 in chips) 
Seat 6: dreimis190 ($100 in chips) 
dreimis190: posts small blind $0.50
Imparator1978: posts big blind $1
*** HOLE CARDS ***
v.sting: raises $1.50 to $2.50
SorinS28: folds 
NOTfishON: folds 
whlzor: folds 
dreimis190: folds 
Imparator1978: calls $1.50
*** FLOP *** [Kd 4h 5d]
Imparator1978: checks 
v.sting: bets $1.30
Imparator1978: calls $1.30
*** TURN *** [Kd 4h 5d] [3c]
Imparator1978: checks 
v.sting: checks 
*** RIVER *** [Kd 4h 5d 3c] [7d]
Imparator1978: bets $7.70
v.sting: folds 
Uncalled bet ($7.70) returned to Imparator1978
Imparator1978 collected $7.60 from pot
*** SUMMARY ***
Total pot $8.10 | Rake $0.50 
Board [Kd 4h 5d 3c 7d]
Seat 1: Imparator1978 (big blind) collected ($7.60)
Seat 2: v.sting folded on the River
Seat 3: SorinS28 folded before Flop (didn't bet)
Seat 4: NOTfishON folded before Flop (didn't bet)
Seat 5: whlzor (button) folded before Flop (didn't bet)
Seat 6: dreimis190 (small blind) folded before Flop



PokerStars Hand #254193508699:  Hold'em No Limit ($0.50/$1.00 USD) - 2025/01/04 18:34:57 WET [2025/01/04 13:34:57 ET]
Table 'Cybele III' 6-max Seat #6 is the button
Seat 1: Imparator1978 ($73.75 in chips) 
Seat 2: v.sting ($100 in chips) 
Seat 3: SorinS28 ($175.92 in chips) 
Seat 4: NOTfishON ($117.18 in chips) 
Seat 5: whlzor ($119.25 in chips) 
Seat 6: dreimis190 ($100 in chips) 
Imparator1978: posts small blind $0.50
v.sting: posts big blind $1
*** HOLE CARDS ***
SorinS28: folds 
NOTfishON: raises $1.10 to $2.10
whlzor: folds 
dreimis190: folds 
Imparator1978: raises $5.20 to $7.30
v.sting: folds 
NOTfishON: calls $5.20
*** FLOP *** [9c As 5s]
Imparator1978: checks 
NOTfishON: bets $4.59
Imparator1978: calls $4.59
*** TURN *** [9c As 5s] [8c]
Imparator1978: checks 
NOTfishON: bets $16.71
Imparator1978: calls $16.71
*** RIVER *** [9c As 5s 8c] [3s]
Imparator1978: checks 
NOTfishON: checks 
*** SHOW DOWN ***
Imparator1978: shows [Ac Kh] (a pair of Aces)
NOTfishON: mucks hand 
Imparator1978 collected $55.08 from pot
*** SUMMARY ***
Total pot $58.20 | Rake $3.12 
Board [9c As 5s 8c 3s]
Seat 1: Imparator1978 (small blind) showed [Ac Kh] and won ($55.08) with a pair of Aces
Seat 2: v.sting (big blind) folded before Flop
Seat 3: SorinS28 folded before Flop (didn't bet)
Seat 4: NOTfishON mucked
Seat 5: whlzor folded before Flop (didn't bet)
Seat 6: dreimis190 (button) folded before Flop (didn't bet)



PokerStars Hand #254193529511:  Hold'em No Limit ($0.50/$1.00 USD) - 2025/01/04 18:35:58 WET [2025/01/04 13:35:58 ET]
Table 'Cybele III' 6-max Seat #1 is the button
Seat 1: Imparator1978 ($100.23 in chips) 
Seat 2: v.sting ($100 in chips) 
Seat 3: SorinS28 ($175.92 in chips) 
Seat 4: NOTfishON ($100 in chips) 
Seat 5: whlzor ($119.25 in chips) 
Seat 6: dreimis190 ($100 in chips) 
v.sting: posts small blind $0.50
SorinS28: posts big blind $1
*** HOLE CARDS ***
NOTfishON: folds 
whlzor: folds 
dreimis190: folds 
Imparator1978: raises $1 to $2
v.sting: folds 
SorinS28: calls $1
*** FLOP *** [Kc 7h Ts]
SorinS28: checks 
Imparator1978: bets $4.28
SorinS28: folds 
Uncalled bet ($4.28) returned to Imparator1978
Imparator1978 collected $4.22 from pot
*** SUMMARY ***
Total pot $4.50 | Rake $0.28 
Board [Kc 7h Ts]
Seat 1: Imparator1978 (button) collected ($4.22)
Seat 2: v.sting (small blind) folded before Flop
Seat 3: SorinS28 (big blind) folded on the Flop
Seat 4: NOTfishON folded before Flop (didn't bet)
Seat 5: whlzor folded before Flop (didn't bet)
Seat 6: dreimis190 folded before Flop (didn't bet)



PokerStars Hand #254193541543:  Hold'em No Limit ($0.50/$1.00 USD) - 2025/01/04 18:36:33 WET [2025/01/04 13:36:33 ET]
Table 'Cybele III' 6-max Seat #2 is the button
Seat 1: Imparator1978 ($102.45 in chips) 
Seat 2: v.sting ($100 in chips) 
Seat 3: SorinS28 ($173.92 in chips) 
Seat 4: NOTfishON ($100 in chips) 
Seat 5: whlzor ($119.25 in chips) 
Seat 6: dreimis190 ($100 in chips) 
SorinS28: posts small blind $0.50
NOTfishON: posts big blind $1
*** HOLE CARDS ***
whlzor: raises $1.50 to $2.50
dreimis190: folds 
Imparator1978: calls $2.50
v.sting: folds 
SorinS28: folds 
NOTfishON: folds 
*** FLOP *** [3d Th Qh]
whlzor: bets $2.04
Imparator1978: calls $2.04
*** TURN *** [3d Th Qh] [7s]
whlzor: checks 
Imparator1978: checks 
*** RIVER *** [3d Th Qh 7s] [7c]
whlzor: checks 
Imparator1978: bets $5.03
whlzor: calls $5.03
*** SHOW DOWN ***
Imparator1978: shows [9d Jh] (a pair of Sevens)
whlzor: shows [Js Ts] (two pair, Tens and Sevens)
whlzor collected $19.61 from pot
*** SUMMARY ***
Total pot $20.64 | Rake $1.03 
Board [3d Th Qh 7s 7c]
Seat 1: Imparator1978 showed [9d Jh] and lost with a pair of Sevens
Seat 2: v.sting (button) folded before Flop (didn't bet)
Seat 3: SorinS28 (small blind) folded before Flop
Seat 4: NOTfishON (big blind) folded before Flop
Seat 5: whlzor showed [Js Ts] and won ($19.61) with two pair, Tens and Sevens
Seat 6: dreimis190 folded before Flop (didn't bet)



PokerStars Hand #254193559482:  Hold'em No Limit ($0.50/$1.00 USD) - 2025/01/04 18:37:26 WET [2025/01/04 13:37:26 ET]
Table 'Cybele III' 6-max Seat #3 is the button
Seat 1: Imparator1978 ($92.88 in chips) 
Seat 2: v.sting ($100 in chips) 
Seat 3: SorinS28 ($173.42 in chips) 
Seat 4: NOTfishON ($100 in chips) 
Seat 5: whlzor ($129.29 in chips) 
Seat 6: dreimis190 ($100 in chips) 
NOTfishON: posts small blind $0.50
whlzor: posts big blind $1
*** HOLE CARDS ***
dreimis190: folds 
Imparator1978: folds 
v.sting: folds 
SorinS28: raises $1.50 to $2.50
NOTfishON: folds 
whlzor: folds 
Uncalled bet ($1.50) returned to SorinS28
SorinS28 collected $2.50 from pot
SorinS28: doesn't show hand 
*** SUMMARY ***
Total pot $2.50 | Rake $0 
Seat 1: Imparator1978 folded before Flop (didn't bet)
Seat 2: v.sting folded before Flop (didn't bet)
Seat 3: SorinS28 (button) collected ($2.50)
Seat 4: NOTfishON (small blind) folded before Flop
Seat 5: whlzor (big blind) folded before Flop
Seat 6: dreimis190 folded before Flop (didn't bet)



PokerStars Hand #254193566885:  Hold'em No Limit ($0.50/$1.00 USD) - 2025/01/04 18:37:47 WET [2025/01/04 13:37:47 ET]
Table 'Cybele III' 6-max Seat #4 is the button
Seat 1: Imparator1978 ($92.88 in chips) 
Seat 2: v.sting ($100 in chips) 
Seat 3: SorinS28 ($174.92 in chips) 
Seat 4: NOTfishON ($100 in chips) 
Seat 5: whlzor ($128.29 in chips) 
Seat 6: dreimis190 ($100 in chips) 
whlzor: posts small blind $0.50
dreimis190: posts big blind $1
*** HOLE CARDS ***
Imparator1978: raises $1 to $2
v.sting: raises $5.50 to $7.50
SorinS28: folds 
NOTfishON: folds 
whlzor: folds 
dreimis190: folds 
Imparator1978: folds 
Uncalled bet ($5.50) returned to v.sting
v.sting collected $5.50 from pot
v.sting: doesn't show hand 
*** SUMMARY ***
Total pot $5.50 | Rake $0 
Seat 1: Imparator1978 folded before Flop
Seat 2: v.sting collected ($5.50)
Seat 3: SorinS28 folded before Flop (didn't bet)
Seat 4: NOTfishON (button) folded before Flop (didn't bet)
Seat 5: whlzor (small blind) folded before Flop
Seat 6: dreimis190 (big blind) folded before Flop



PokerStars Hand #254193573900:  Hold'em No Limit ($0.50/$1.00 USD) - 2025/01/04 18:38:07 WET [2025/01/04 13:38:07 ET]
Table 'Cybele III' 6-max Seat #5 is the button
Seat 1: Imparator1978 ($90.88 in chips) 
Seat 2: v.sting ($103.50 in chips) 
Seat 3: SorinS28 ($174.92 in chips) 
Seat 4: NOTfishON ($100 in chips) 
Seat 5: whlzor ($127.79 in chips) 
Seat 6: dreimis190 ($100 in chips) 
dreimis190: posts small blind $0.50
Imparator1978: posts big blind $1
*** HOLE CARDS ***
v.sting: folds 
SorinS28: raises $1.05 to $2.05
NOTfishON: folds 
whlzor: folds 
dreimis190: folds 
Imparator1978: raises $1.05 to $3.10
SorinS28: raises $10.90 to $14
Imparator1978: folds 
Uncalled bet ($10.90) returned to SorinS28
SorinS28 collected $6.70 from pot
SorinS28: doesn't show hand 
*** SUMMARY ***
Total pot $6.70 | Rake $0 
Seat 1: Imparator1978 (big blind) folded before Flop
Seat 2: v.sting folded before Flop (didn't bet)
Seat 3: SorinS28 collected ($6.70)
Seat 4: NOTfishON folded before Flop (didn't bet)
Seat 5: whlzor (button) folded before Flop (didn't bet)
Seat 6: dreimis190 (small blind) folded before Flop



PokerStars Hand #254193584188:  Hold'em No Limit ($0.50/$1.00 USD) - 2025/01/04 18:38:37 WET [2025/01/04 13:38:37 ET]
Table 'Cybele III' 6-max Seat #6 is the button
Seat 1: Imparator1978 ($87.78 in chips) 
Seat 2: v.sting ($103.50 in chips) 
Seat 3: SorinS28 ($178.52 in chips) 
Seat 4: NOTfishON ($100 in chips) 
Seat 5: whlzor ($127.79 in chips) 
Seat 6: dreimis190 ($100 in chips) 
Imparator1978: posts small blind $0.50
v.sting: posts big blind $1
*** HOLE CARDS ***
SorinS28: folds 
NOTfishON: folds 
whlzor: folds 
dreimis190: raises $1.50 to $2.50
Imparator1978: calls $2
v.sting: folds 
*** FLOP *** [4h 6h Ts]
Imparator1978: checks 
dreimis190: checks 
*** TURN *** [4h 6h Ts] [Ac]
Imparator1978: checks 
dreimis190: bets $3.50
Imparator1978: calls $3.50
*** RIVER *** [4h 6h Ts Ac] [9s]
Imparator1978: checks 
dreimis190: bets $8.50
Imparator1978: raises $29.35 to $37.85
dreimis190: folds 
Uncalled bet ($29.35) returned to Imparator1978
Imparator1978 collected $28.12 from pot
*** SUMMARY ***
Total pot $30 | Rake $1.88 
Board [4h 6h Ts Ac 9s]
Seat 1: Imparator1978 (small blind) collected ($28.12)
Seat 2: v.sting (big blind) folded before Flop
Seat 3: SorinS28 folded before Flop (didn't bet)
Seat 4: NOTfishON folded before Flop (didn't bet)
Seat 5: whlzor folded before Flop (didn't bet)
Seat 6: dreimis190 (button) folded on the River



PokerStars Hand #254193605084:  Hold'em No Limit ($0.50/$1.00 USD) - 2025/01/04 18:39:36 WET [2025/01/04 13:39:36 ET]
Table 'Cybele III' 6-max Seat #1 is the button
Seat 1: Imparator1978 ($101.40 in chips) 
Seat 2: v.sting ($102.50 in chips) 
Seat 3: SorinS28 ($178.52 in chips) 
Seat 4: NOTfishON ($100 in chips) 
Seat 5: whlzor ($127.79 in chips) 
Seat 6: dreimis190 ($100 in chips) 
v.sting: posts small blind $0.50
SorinS28: posts big blind $1
*** HOLE CARDS ***
NOTfishON: folds 
whlzor: folds 
dreimis190: raises $1.50 to $2.50
Imparator1978: folds 
v.sting: folds 
SorinS28: folds 
Uncalled bet ($1.50) returned to dreimis190
dreimis190 collected $2.50 from pot
dreimis190: doesn't show hand 
*** SUMMARY ***
Total pot $2.50 | Rake $0 
Seat 1: Imparator1978 (button) folded before Flop (didn't bet)
Seat 2: v.sting (small blind) folded before Flop
Seat 3: SorinS28 (big blind) folded before Flop
Seat 4: NOTfishON folded before Flop (didn't bet)
Seat 5: whlzor folded before Flop (didn't bet)
Seat 6: dreimis190 collected ($2.50)



PokerStars Hand #254193610594:  Hold'em No Limit ($0.50/$1.00 USD) - 2025/01/04 18:39:52 WET [2025/01/04 13:39:52 ET]
Table 'Cybele III' 6-max Seat #2 is the button
Seat 1: Imparator1978 ($101.40 in chips) 
Seat 2: v.sting ($102 in chips) 
Seat 3: SorinS28 ($177.52 in chips) 
Seat 4: NOTfishON ($100 in chips) 
Seat 5: whlzor ($127.79 in chips) 
Seat 6: dreimis190 ($101.50 in chips) 
SorinS28: posts small blind $0.50
NOTfishON: posts big blind $1
*** HOLE CARDS ***
whlzor: folds 
dreimis190: folds 
Imparator1978: raises $1 to $2
v.sting: folds 
SorinS28: folds 
NOTfishON: calls $1
*** FLOP *** [9s 7s Js]
NOTfishON: checks 
Imparator1978: bets $4.28
NOTfishON: folds 
Uncalled bet ($4.28) returned to Imparator1978
Imparator1978 collected $4.22 from pot
*** SUMMARY ***
Total pot $4.50 | Rake $0.28 
Board [9s 7s Js]
Seat 1: Imparator1978 collected ($4.22)
Seat 2: v.sting (button) folded before Flop (didn't bet)
Seat 3: SorinS28 (small blind) folded before Flop
Seat 4: NOTfishON (big blind) folded on the Flop
Seat 5: whlzor folded before Flop (didn't bet)
Seat 6: dreimis190 folded before Flop (didn't bet)



PokerStars Hand #254193622570:  Hold'em No Limit ($0.50/$1.00 USD) - 2025/01/04 18:40:27 WET [2025/01/04 13:40:27 ET]
Table 'Cybele III' 6-max Seat #3 is the button
Seat 1: Imparator1978 ($103.62 in chips) 
Seat 2: v.sting ($102 in chips) 
Seat 3: SorinS28 ($177.02 in chips) 
Seat 4: NOTfishON ($100 in chips) 
Seat 5: whlzor ($127.79 in chips) 
Seat 6: dreimis190 ($101.50 in chips) 
NOTfishON: posts small blind $0.50
whlzor: posts big blind $1
*** HOLE CARDS ***
dreimis190: folds 
Imparator1978: raises $1 to $2
v.sting: folds 
SorinS28: folds 
NOTfishON: folds 
whlzor: calls $1
*** FLOP *** [Qc As 9c]
whlzor: checks 
Imparator1978: checks 
*** TURN *** [Qc As 9c] [2d]
whlzor: checks 
Imparator1978: checks 
*** RIVER *** [Qc As 9c 2d] [Jd]
whlzor: bets $4.28
Imparator1978: folds 
Uncalled bet ($4.28) returned to whlzor
whlzor collected $4.28 from pot
whlzor: doesn't show hand 
*** SUMMARY ***
Total pot $4.50 | Rake $0.22 
Board [Qc As 9c 2d Jd]
Seat 1: Imparator1978 folded on the River
Seat 2: v.sting folded before Flop (didn't bet)
Seat 3: SorinS28 (button) folded before Flop (didn't bet)
Seat 4: NOTfishON (small blind) folded before Flop
Seat 5: whlzor (big blind) collected ($4.28)
Seat 6: dreimis190 folded before Flop (didn't bet)



PokerStars Hand #254193640165:  Hold'em No Limit ($0.50/$1.00 USD) - 2025/01/04 18:41:18 WET [2025/01/04 13:41:18 ET]
Table 'Cybele III' 6-max Seat #4 is the button
Seat 6: dreimis190 ($101.50 in chips) is sitting out
Seat 1: Imparator1978 ($101.62 in chips) 
Seat 2: v.sting ($102 in chips) 
Seat 3: SorinS28 ($177.02 in chips) 
Seat 4: NOTfishON ($100 in chips) 
Seat 5: whlzor ($130.07 in chips) 
whlzor: posts small blind $0.50
dreimis190: is sitting out 
Imparator1978: posts big blind $1
*** HOLE CARDS ***
v.sting: folds 
SorinS28: folds 
NOTfishON: folds 
whlzor: folds 
Uncalled bet ($0.50) returned to Imparator1978
Imparator1978 collected $1 from pot
*** SUMMARY ***
Total pot $1 | Rake $0 
Seat 6: dreimis190
Seat 1: Imparator1978 (big blind) collected ($1)
Seat 2: v.sting folded before Flop (didn't bet)
Seat 3: SorinS28 folded before Flop (didn't bet)
Seat 4: NOTfishON (button) folded before Flop (didn't bet)
Seat 5: whlzor (small blind) folded before Flop



PokerStars Hand #254193646867:  Hold'em No Limit ($0.50/$1.00 USD) - 2025/01/04 18:41:37 WET [2025/01/04 13:41:37 ET]
Table 'Cybele III' 6-max Seat #5 is the button
Seat 6: dreimis190 ($101.50 in chips) is sitting out
Seat 1: Imparator1978 ($102.12 in chips) 
Seat 2: v.sting ($102 in chips) 
Seat 3: SorinS28 ($177.02 in chips) 
Seat 4: NOTfishON ($100 in chips) 
Seat 5: whlzor ($129.57 in chips) 
Imparator1978: posts small blind $0.50
v.sting: posts big blind $1
*** HOLE CARDS ***
SorinS28: folds 
NOTfishON: folds 
whlzor: raises $2 to $3
Imparator1978: folds 
v.sting: raises $10 to $13
whlzor: folds 
Uncalled bet ($10) returned to v.sting
v.sting collected $6.50 from pot
v.sting: doesn't show hand 
*** SUMMARY ***
Total pot $6.50 | Rake $0 
Seat 6: dreimis190
Seat 1: Imparator1978 (small blind) folded before Flop
Seat 2: v.sting (big blind) collected ($6.50)
Seat 3: SorinS28 folded before Flop (didn't bet)
Seat 4: NOTfishON folded before Flop (didn't bet)
Seat 5: whlzor (button) folded before Flop



PokerStars Hand #254193655487:  Hold'em No Limit ($0.50/$1.00 USD) - 2025/01/04 18:42:02 WET [2025/01/04 13:42:02 ET]
Table 'Cybele III' 6-max Seat #1 is the button
Seat 6: dreimis190 ($101.50 in chips) is sitting out
Seat 1: Imparator1978 ($101.62 in chips) 
Seat 2: v.sting ($105.50 in chips) 
Seat 3: SorinS28 ($177.02 in chips) 
Seat 4: NOTfishON ($100 in chips) 
Seat 5: whlzor ($126.57 in chips) 
v.sting: posts small blind $0.50
SorinS28: posts big blind $1
*** HOLE CARDS ***
NOTfishON: folds 
whlzor: folds 
Imparator1978: folds 
v.sting: folds 
Uncalled bet ($0.50) returned to SorinS28
SorinS28 collected $1 from pot
SorinS28: doesn't show hand 
*** SUMMARY ***
Total pot $1 | Rake $0 
Seat 6: dreimis190
Seat 1: Imparator1978 (button) folded before Flop (didn't bet)
Seat 2: v.sting (small blind) folded before Flop
Seat 3: SorinS28 (big blind) collected ($1)
Seat 4: NOTfishON folded before Flop (didn't bet)
Seat 5: whlzor folded before Flop (didn't bet)



PokerStars Hand #254193660296:  Hold'em No Limit ($0.50/$1.00 USD) - 2025/01/04 18:42:16 WET [2025/01/04 13:42:16 ET]
Table 'Cybele III' 6-max Seat #2 is the button
Seat 6: dreimis190 ($101.50 in chips) is sitting out
Seat 1: Imparator1978 ($101.62 in chips) 
Seat 2: v.sting ($105 in chips) 
Seat 3: SorinS28 ($177.52 in chips) 
Seat 4: NOTfishON ($100 in chips) 
Seat 5: whlzor ($126.57 in chips) 
SorinS28: posts small blind $0.50
NOTfishON: posts big blind $1
*** HOLE CARDS ***
whlzor: folds 
Imparator1978: folds 
v.sting: folds 
SorinS28: raises $2 to $3
NOTfishON: folds 
Uncalled bet ($2) returned to SorinS28
SorinS28 collected $2 from pot
SorinS28: doesn't show hand 
*** SUMMARY ***
Total pot $2 | Rake $0 
Seat 6: dreimis190
Seat 1: Imparator1978 folded before Flop (didn't bet)
Seat 2: v.sting (button) folded before Flop (didn't bet)
Seat 3: SorinS28 (small blind) collected ($2)
Seat 4: NOTfishON (big blind) folded before Flop
Seat 5: whlzor folded before Flop (didn't bet)



PokerStars Hand #254193668230:  Hold'em No Limit ($0.50/$1.00 USD) - 2025/01/04 18:42:39 WET [2025/01/04 13:42:39 ET]
Table 'Cybele III' 6-max Seat #3 is the button
Seat 6: dreimis190 ($101.50 in chips) is sitting out
Seat 1: Imparator1978 ($101.62 in chips) 
Seat 2: v.sting ($105 in chips) 
Seat 3: SorinS28 ($178.52 in chips) 
Seat 4: NOTfishON ($100 in chips) 
Seat 5: whlzor ($126.57 in chips) 
NOTfishON: posts small blind $0.50
whlzor: posts big blind $1
*** HOLE CARDS ***
Imparator1978: folds 
v.sting: raises $1.50 to $2.50
SorinS28: raises $6 to $8.50
NOTfishON: folds 
whlzor: folds 
v.sting: folds 
Uncalled bet ($6) returned to SorinS28
SorinS28 collected $6.50 from pot
SorinS28: doesn't show hand 
*** SUMMARY ***
Total pot $6.50 | Rake $0 
Seat 6: dreimis190
Seat 1: Imparator1978 folded before Flop (didn't bet)
Seat 2: v.sting folded before Flop
Seat 3: SorinS28 (button) collected ($6.50)
Seat 4: NOTfishON (small blind) folded before Flop
Seat 5: whlzor (big blind) folded before Flop



PokerStars Hand #254193679679:  Hold'em No Limit ($0.50/$1.00 USD) - 2025/01/04 18:43:13 WET [2025/01/04 13:43:13 ET]
Table 'Cybele III' 6-max Seat #4 is the button
Seat 6: dreimis190 ($101.50 in chips) is sitting out
Seat 1: Imparator1978 ($101.62 in chips) 
Seat 2: v.sting ($102.50 in chips) 
Seat 3: SorinS28 ($182.52 in chips) 
Seat 4: NOTfishON ($100 in chips) 
Seat 5: whlzor ($125.57 in chips) 
whlzor: posts small blind $0.50
Imparator1978: posts big blind $1
*** HOLE CARDS ***
v.sting: folds 
SorinS28: raises $1.30 to $2.30
NOTfishON: folds 
whlzor: folds 
Imparator1978: calls $1.30
*** FLOP *** [8h 9s 5c]
Imparator1978: checks 
SorinS28: bets $1.36
Imparator1978: calls $1.36
*** TURN *** [8h 9s 5c] [9c]
Imparator1978: checks 
SorinS28: bets $3.72
Imparator1978: calls $3.72
*** RIVER *** [8h 9s 5c 9c] [5d]
Imparator1978: bets $7.25
SorinS28: folds 
Uncalled bet ($7.25) returned to Imparator1978
Imparator1978 collected $14.31 from pot
*** SUMMARY ***
Total pot $15.26 | Rake $0.95 
Board [8h 9s 5c 9c 5d]
Seat 6: dreimis190
Seat 1: Imparator1978 (big blind) collected ($14.31)
Seat 2: v.sting folded before Flop (didn't bet)
Seat 3: SorinS28 folded on the River
Seat 4: NOTfishON (button) folded before Flop (didn't bet)
Seat 5: whlzor (small blind) folded before Flop



PokerStars Hand #254193698695:  Hold'em No Limit ($0.50/$1.00 USD) - 2025/01/04 18:44:09 WET [2025/01/04 13:44:09 ET]
Table 'Cybele III' 6-max Seat #5 is the button
Seat 6: dreimis190 ($101.50 in chips) is sitting out
Seat 1: Imparator1978 ($108.55 in chips) 
Seat 2: v.sting ($102.50 in chips) 
Seat 3: SorinS28 ($175.14 in chips) 
Seat 4: NOTfishON ($100 in chips) 
Seat 5: whlzor ($125.07 in chips) 
Imparator1978: posts small blind $0.50
v.sting: posts big blind $1
*** HOLE CARDS ***
SorinS28: folds 
NOTfishON: folds 
whlzor: raises $2 to $3
Imparator1978: folds 
v.sting: calls $2
*** FLOP *** [7s 6c 4s]
v.sting: checks 
whlzor: checks 
*** TURN *** [7s 6c 4s] [Ts]
v.sting: bets $2.04
whlzor: folds 
Uncalled bet ($2.04) returned to v.sting
v.sting collected $6.18 from pot
v.sting: doesn't show hand 
*** SUMMARY ***
Total pot $6.50 | Rake $0.32 
Board [7s 6c 4s Ts]
Seat 6: dreimis190
Seat 1: Imparator1978 (small blind) folded before Flop
Seat 2: v.sting (big blind) collected ($6.18)
Seat 3: SorinS28 folded before Flop (didn't bet)
Seat 4: NOTfishON folded before Flop (didn't bet)
Seat 5: whlzor (button) folded on the Turn



PokerStars Hand #254193716846:  Hold'em No Limit ($0.50/$1.00 USD) - 2025/01/04 18:45:01 WET [2025/01/04 13:45:01 ET]
Table 'Cybele III' 6-max Seat #1 is the button
Seat 6: dreimis190 ($101.50 in chips) is sitting out
Seat 1: Imparator1978 ($108.05 in chips) 
Seat 2: v.sting ($105.68 in chips) 
Seat 3: SorinS28 ($175.14 in chips) 
Seat 4: NOTfishON ($100 in chips) 
Seat 5: whlzor ($122.07 in chips) 
v.sting: posts small blind $0.50
SorinS28: posts big blind $1
dreimis190: sits out 
*** HOLE CARDS ***
NOTfishON: folds 
whlzor: folds 
Imparator1978: raises $1 to $2
v.sting: folds 
SorinS28: folds 
Uncalled bet ($1) returned to Imparator1978
Imparator1978 collected $2.50 from pot
*** SUMMARY ***
Total pot $2.50 | Rake $0 
Seat 6: dreimis190
Seat 1: Imparator1978 (button) collected ($2.50)
Seat 2: v.sting (small blind) folded before Flop
Seat 3: SorinS28 (big blind) folded before Flop
Seat 4: NOTfishON folded before Flop (didn't bet)
Seat 5: whlzor folded before Flop (didn't bet)



PokerStars Hand #254193721534:  Hold'em No Limit ($0.50/$1.00 USD) - 2025/01/04 18:45:15 WET [2025/01/04 13:45:15 ET]
Table 'Cybele III' 6-max Seat #2 is the button
Seat 6: dreimis190 ($101.50 in chips) is sitting out
Seat 1: Imparator1978 ($109.55 in chips) 
Seat 2: v.sting ($105.18 in chips) 
Seat 3: SorinS28 ($174.14 in chips) 
Seat 4: NOTfishON ($100 in chips) 
Seat 5: whlzor ($122.07 in chips) 
SorinS28: posts small blind $0.50
NOTfishON: posts big blind $1
dreimis190: sits out 
*** HOLE CARDS ***
whlzor: folds 
Imparator1978: folds 
v.sting: folds 
SorinS28: raises $2 to $3
NOTfishON: folds 
Uncalled bet ($2) returned to SorinS28
SorinS28 collected $2 from pot
SorinS28: doesn't show hand 
*** SUMMARY ***
Total pot $2 | Rake $0 
Seat 6: dreimis190
Seat 1: Imparator1978 folded before Flop (didn't bet)
Seat 2: v.sting (button) folded before Flop (didn't bet)
Seat 3: SorinS28 (small blind) collected ($2)
Seat 4: NOTfishON (big blind) folded before Flop
Seat 5: whlzor folded before Flop (didn't bet)



PokerStars Hand #254193725793:  Hold'em No Limit ($0.50/$1.00 USD) - 2025/01/04 18:45:28 WET [2025/01/04 13:45:28 ET]
Table 'Cybele III' 6-max Seat #3 is the button
Seat 6: dreimis190 ($101.50 in chips) is sitting out
Seat 1: Imparator1978 ($109.55 in chips) 
Seat 2: v.sting ($105.18 in chips) 
Seat 3: SorinS28 ($175.14 in chips) 
Seat 4: NOTfishON ($100 in chips) 
Seat 5: whlzor ($122.07 in chips) 
NOTfishON: posts small blind $0.50
whlzor: posts big blind $1
dreimis190: sits out 
*** HOLE CARDS ***
Imparator1978: folds 
v.sting: folds 
SorinS28: folds 
NOTfishON: folds 
Uncalled bet ($0.50) returned to whlzor
whlzor collected $1 from pot
whlzor: doesn't show hand 
*** SUMMARY ***
Total pot $1 | Rake $0 
Seat 6: dreimis190
Seat 1: Imparator1978 folded before Flop (didn't bet)
Seat 2: v.sting folded before Flop (didn't bet)
Seat 3: SorinS28 (button) folded before Flop (didn't bet)
Seat 4: NOTfishON (small blind) folded before Flop
Seat 5: whlzor (big blind) collected ($1)



PokerStars Hand #254193734337:  Hold'em No Limit ($0.50/$1.00 USD) - 2025/01/04 18:45:53 WET [2025/01/04 13:45:53 ET]
Table 'Cybele III' 6-max Seat #4 is the button
Seat 1: Imparator1978 ($109.55 in chips) 
Seat 2: v.sting ($105.18 in chips) 
Seat 3: SorinS28 ($175.14 in chips) 
Seat 4: NOTfishON ($100 in chips) 
Seat 5: whlzor ($122.57 in chips) 
Seat 6: dreimis190 ($101.50 in chips) 
whlzor: posts small blind $0.50
dreimis190: posts big blind $1
*** HOLE CARDS ***
Imparator1978: folds 
v.sting: folds 
SorinS28: folds 
NOTfishON: folds 
whlzor: folds 
Uncalled bet ($0.50) returned to dreimis190
dreimis190 collected $1 from pot
dreimis190: doesn't show hand 
*** SUMMARY ***
Total pot $1 | Rake $0 
Seat 1: Imparator1978 folded before Flop (didn't bet)
Seat 2: v.sting folded before Flop (didn't bet)
Seat 3: SorinS28 folded before Flop (didn't bet)
Seat 4: NOTfishON (button) folded before Flop (didn't bet)
Seat 5: whlzor (small blind) folded before Flop
Seat 6: dreimis190 (big blind) collected ($1)



PokerStars Hand #254193747997:  Hold'em No Limit ($0.50/$1.00 USD) - 2025/01/04 18:46:33 WET [2025/01/04 13:46:33 ET]
Table 'Cybele III' 6-max Seat #5 is the button
Seat 1: Imparator1978 ($109.55 in chips) 
Seat 2: v.sting ($105.18 in chips) 
Seat 3: SorinS28 ($175.14 in chips) 
Seat 4: NOTfishON ($100 in chips) 
Seat 5: whlzor ($122.07 in chips) 
Seat 6: dreimis190 ($102 in chips) 
dreimis190: posts small blind $0.50
Imparator1978: posts big blind $1
*** HOLE CARDS ***
v.sting: folds 
SorinS28: folds 
NOTfishON: raises $1.30 to $2.30
whlzor: folds 
dreimis190: folds 
Imparator1978: calls $1.30
*** FLOP *** [7d 5s 4h]
Imparator1978: bets $2.42
NOTfishON: calls $2.42
*** TURN *** [7d 5s 4h] [2d]
Imparator1978: bets $3.72
NOTfishON: calls $3.72
*** RIVER *** [7d 5s 4h 2d] [2h]
Imparator1978: bets $3
NOTfishON: raises $15.98 to $18.98
Imparator1978: folds 
Uncalled bet ($15.98) returned to NOTfishON
NOTfishON collected $22.21 from pot
*** SUMMARY ***
Total pot $23.38 | Rake $1.17 
Board [7d 5s 4h 2d 2h]
Seat 1: Imparator1978 (big blind) folded on the River
Seat 2: v.sting folded before Flop (didn't bet)
Seat 3: SorinS28 folded before Flop (didn't bet)
Seat 4: NOTfishON collected ($22.21)
Seat 5: whlzor (button) folded before Flop (didn't bet)
Seat 6: dreimis190 (small blind) folded before Flop



PokerStars Hand #254193768924:  Hold'em No Limit ($0.50/$1.00 USD) - 2025/01/04 18:47:35 WET [2025/01/04 13:47:35 ET]
Table 'Cybele III' 6-max Seat #6 is the button
Seat 1: Imparator1978 ($98.11 in chips) 
Seat 2: v.sting ($105.18 in chips) 
Seat 3: SorinS28 ($175.14 in chips) 
Seat 4: NOTfishON ($110.77 in chips) 
Seat 5: whlzor ($122.07 in chips) 
Seat 6: dreimis190 ($101.50 in chips) 
Imparator1978: posts small blind $0.50
v.sting: posts big blind $1
*** HOLE CARDS ***
SorinS28: folds 
NOTfishON: folds 
whlzor: folds 
dreimis190: folds 
Imparator1978: calls $0.50
v.sting: checks 
*** FLOP *** [9h 2c 6s]
Imparator1978: checks 
v.sting: bets $1
Imparator1978: calls $1
*** TURN *** [9h 2c 6s] [4d]
Imparator1978: checks 
v.sting: checks 
*** RIVER *** [9h 2c 6s 4d] [Qd]
Imparator1978: bets $3.80
v.sting: calls $3.80
*** SHOW DOWN ***
Imparator1978: shows [Qc 7h] (a pair of Queens)
v.sting: mucks hand 
Imparator1978 collected $10.88 from pot
*** SUMMARY ***
Total pot $11.60 | Rake $0.72 
Board [9h 2c 6s 4d Qd]
Seat 1: Imparator1978 (small blind) showed [Qc 7h] and won ($10.88) with a pair of Queens
Seat 2: v.sting (big blind) mucked
Seat 3: SorinS28 folded before Flop (didn't bet)
Seat 4: NOTfishON folded before Flop (didn't bet)
Seat 5: whlzor folded before Flop (didn't bet)
Seat 6: dreimis190 (button) folded before Flop (didn't bet)



PokerStars Hand #254193795187:  Hold'em No Limit ($0.50/$1.00 USD) - 2025/01/04 18:48:52 WET [2025/01/04 13:48:52 ET]
Table 'Cybele III' 6-max Seat #1 is the button
Seat 1: Imparator1978 ($103.19 in chips) 
Seat 2: v.sting ($100 in chips) 
Seat 3: SorinS28 ($175.14 in chips) 
Seat 4: NOTfishON ($110.77 in chips) 
Seat 5: whlzor ($122.07 in chips) 
Seat 6: dreimis190 ($101.50 in chips) 
v.sting: posts small blind $0.50
SorinS28: posts big blind $1
*** HOLE CARDS ***
NOTfishON: folds 
whlzor: folds 
dreimis190: folds 
Imparator1978: calls $1
v.sting: folds 
SorinS28: checks 
*** FLOP *** [Qd 2c Ac]
SorinS28: checks 
Imparator1978: checks 
*** TURN *** [Qd 2c Ac] [6d]
SorinS28: checks 
Imparator1978: checks 
*** RIVER *** [Qd 2c Ac 6d] [4s]
SorinS28: checks 
Imparator1978: checks 
*** SHOW DOWN ***
SorinS28: shows [9h Kd] (high card Ace)
Imparator1978: shows [Kh 9d] (high card Ace)
SorinS28 collected $1.19 from pot
Imparator1978 collected $1.17 from pot
*** SUMMARY ***
Total pot $2.50 | Rake $0.14 
Board [Qd 2c Ac 6d 4s]
Seat 1: Imparator1978 (button) showed [Kh 9d] and won ($1.17) with high card Ace
Seat 2: v.sting (small blind) folded before Flop
Seat 3: SorinS28 (big blind) showed [9h Kd] and won ($1.19) with high card Ace
Seat 4: NOTfishON folded before Flop (didn't bet)
Seat 5: whlzor folded before Flop (didn't bet)
Seat 6: dreimis190 folded before Flop (didn't bet)



PokerStars Hand #254193810142:  Hold'em No Limit ($0.50/$1.00 USD) - 2025/01/04 18:49:36 WET [2025/01/04 13:49:36 ET]
Table 'Cybele III' 6-max Seat #2 is the button
Seat 1: Imparator1978 ($103.36 in chips) 
Seat 2: v.sting ($100 in chips) 
Seat 3: SorinS28 ($175.33 in chips) 
Seat 4: NOTfishON ($110.77 in chips) 
Seat 5: whlzor ($122.07 in chips) 
Seat 6: dreimis190 ($101.50 in chips) 
SorinS28: posts small blind $0.50
NOTfishON: posts big blind $1
*** HOLE CARDS ***
whlzor: folds 
dreimis190: folds 
Imparator1978: folds 
v.sting: raises $1.10 to $2.10
SorinS28: raises $8.40 to $10.50
NOTfishON: folds 
v.sting: folds 
Uncalled bet ($8.40) returned to SorinS28
SorinS28 collected $5.20 from pot
SorinS28: doesn't show hand 
*** SUMMARY ***
Total pot $5.20 | Rake $0 
Seat 1: Imparator1978 folded before Flop (didn't bet)
Seat 2: v.sting (button) folded before Flop
Seat 3: SorinS28 (small blind) collected ($5.20)
Seat 4: NOTfishON (big blind) folded before Flop
Seat 5: whlzor folded before Flop (didn't bet)
Seat 6: dreimis190 folded before Flop (didn't bet)



PokerStars Hand #254193824124:  Hold'em No Limit ($0.50/$1.00 USD) - 2025/01/04 18:50:17 WET [2025/01/04 13:50:17 ET]
Table 'Cybele III' 6-max Seat #4 is the button
Seat 1: Imparator1978 ($103.36 in chips) 
Seat 2: v.sting ($100 in chips) 
Seat 3: SorinS28 ($178.43 in chips) 
Seat 4: NOTfishON ($109.27 in chips) 
Seat 5: whlzor ($122.57 in chips) 
Seat 6: dreimis190 ($101.50 in chips) 
whlzor: posts small blind $0.50
dreimis190: posts big blind $1
*** HOLE CARDS ***
Imparator1978: calls $1
v.sting: folds 
SorinS28: folds 
NOTfishON: folds 
whlzor: folds 
dreimis190: checks 
*** FLOP *** [2h As 3d]
dreimis190: bets $1.19
Imparator1978: calls $1.19
*** TURN *** [2h As 3d] [2c]
dreimis190: bets $2.12
Imparator1978: calls $2.12
*** RIVER *** [2h As 3d 2c] [Ks]
dreimis190: checks 
Imparator1978: bets $4.33
dreimis190: folds 
Uncalled bet ($4.33) returned to Imparator1978
Imparator1978 collected $8.54 from pot
*** SUMMARY ***
Total pot $9.12 | Rake $0.58 
Board [2h As 3d 2c Ks]
Seat 1: Imparator1978 collected ($8.54)
Seat 2: v.sting folded before Flop (didn't bet)
Seat 3: SorinS28 folded before Flop (didn't bet)
Seat 4: NOTfishON (button) folded before Flop (didn't bet)
Seat 5: whlzor (small blind) folded before Flop
Seat 6: dreimis190 (big blind) folded on the River



PokerStars Hand #254193845258:  Hold'em No Limit ($0.50/$1.00 USD) - 2025/01/04 18:51:18 WET [2025/01/04 13:51:18 ET]
Table 'Cybele III' 6-max Seat #5 is the button
Seat 1: Imparator1978 ($107.59 in chips) 
Seat 2: v.sting ($100 in chips) 
Seat 3: SorinS28 ($178.43 in chips) 
Seat 4: NOTfishON ($109.27 in chips) 
Seat 5: whlzor ($122.07 in chips) 
Seat 6: dreimis190 ($100 in chips) 
dreimis190: posts small blind $0.50
Imparator1978: posts big blind $1
*** HOLE CARDS ***
v.sting: raises $1.50 to $2.50
SorinS28: folds 
NOTfishON: calls $2.50
whlzor: folds 
dreimis190: folds 
Imparator1978: raises $8 to $10.50
v.sting: calls $8
NOTfishON: folds 
*** FLOP *** [5s Kd Js]
Imparator1978: checks 
v.sting: bets $5.70
Imparator1978: calls $5.70
*** TURN *** [5s Kd Js] [As]
Imparator1978: checks 
v.sting: bets $18.50
Imparator1978: folds 
Uncalled bet ($18.50) returned to v.sting
v.sting collected $33.63 from pot
v.sting: doesn't show hand 
*** SUMMARY ***
Total pot $35.40 | Rake $1.77 
Board [5s Kd Js As]
Seat 1: Imparator1978 (big blind) folded on the Turn
Seat 2: v.sting collected ($33.63)
Seat 3: SorinS28 folded before Flop (didn't bet)
Seat 4: NOTfishON folded before Flop
Seat 5: whlzor (button) folded before Flop (didn't bet)
Seat 6: dreimis190 (small blind) folded before Flop



PokerStars Hand #254193865301:  Hold'em No Limit ($0.50/$1.00 USD) - 2025/01/04 18:52:17 WET [2025/01/04 13:52:17 ET]
Table 'Cybele III' 6-max Seat #6 is the button
Seat 1: Imparator1978 ($91.39 in chips) 
Seat 2: v.sting ($117.43 in chips) 
Seat 3: SorinS28 ($178.43 in chips) 
Seat 4: NOTfishON ($106.77 in chips) 
Seat 5: whlzor ($122.07 in chips) 
Seat 6: dreimis190 ($100 in chips) 
Imparator1978: posts small blind $0.50
v.sting: posts big blind $1
*** HOLE CARDS ***
SorinS28: raises $1.05 to $2.05
NOTfishON: folds 
whlzor: folds 
dreimis190: folds 
Imparator1978: calls $1.55
v.sting: folds 
*** FLOP *** [Qc Js 2c]
Imparator1978: checks 
SorinS28: checks 
*** TURN *** [Qc Js 2c] [7d]
Imparator1978: bets $2.42
SorinS28: folds 
Uncalled bet ($2.42) returned to Imparator1978
Imparator1978 collected $4.78 from pot
*** SUMMARY ***
Total pot $5.10 | Rake $0.32 
Board [Qc Js 2c 7d]
Seat 1: Imparator1978 (small blind) collected ($4.78)
Seat 2: v.sting (big blind) folded before Flop
Seat 3: SorinS28 folded on the Turn
Seat 4: NOTfishON folded before Flop (didn't bet)
Seat 5: whlzor folded before Flop (didn't bet)
Seat 6: dreimis190 (button) folded before Flop (didn't bet)



PokerStars Hand #254193884292:  Hold'em No Limit ($0.50/$1.00 USD) - 2025/01/04 18:53:12 WET [2025/01/04 13:53:12 ET]
Table 'Cybele III' 6-max Seat #1 is the button
Seat 1: Imparator1978 ($94.12 in chips) 
Seat 2: v.sting ($116.43 in chips) 
Seat 3: SorinS28 ($176.38 in chips) 
Seat 4: NOTfishON ($106.77 in chips) 
Seat 5: whlzor ($122.07 in chips) 
Seat 6: dreimis190 ($100 in chips) 
v.sting: posts small blind $0.50
SorinS28: posts big blind $1
*** HOLE CARDS ***
NOTfishON: folds 
whlzor: folds 
dreimis190: folds 
Imparator1978: raises $1 to $2
v.sting: folds 
SorinS28: folds 
Uncalled bet ($1) returned to Imparator1978
Imparator1978 collected $2.50 from pot
*** SUMMARY ***
Total pot $2.50 | Rake $0 
Seat 1: Imparator1978 (button) collected ($2.50)
Seat 2: v.sting (small blind) folded before Flop
Seat 3: SorinS28 (big blind) folded before Flop
Seat 4: NOTfishON folded before Flop (didn't bet)
Seat 5: whlzor folded before Flop (didn't bet)
Seat 6: dreimis190 folded before Flop (didn't bet)



PokerStars Hand #254193890237:  Hold'em No Limit ($0.50/$1.00 USD) - 2025/01/04 18:53:29 WET [2025/01/04 13:53:29 ET]
Table 'Cybele III' 6-max Seat #2 is the button
Seat 1: Imparator1978 ($95.62 in chips) 
Seat 2: v.sting ($115.93 in chips) 
Seat 3: SorinS28 ($175.38 in chips) 
Seat 4: NOTfishON ($106.77 in chips) 
Seat 5: whlzor ($122.07 in chips) 
Seat 6: dreimis190 ($100 in chips) 
SorinS28: posts small blind $0.50
NOTfishON: posts big blind $1
*** HOLE CARDS ***
whlzor: folds 
dreimis190: folds 
Imparator1978: calls $1
v.sting: folds 
SorinS28: calls $0.50
NOTfishON: checks 
*** FLOP *** [2d Ah Tc]
SorinS28: checks 
NOTfishON: checks 
Imparator1978: bets $1
SorinS28: calls $1
NOTfishON: folds 
*** TURN *** [2d Ah Tc] [Jd]
SorinS28: checks 
Imparator1978: bets $2.38
SorinS28: folds 
Uncalled bet ($2.38) returned to Imparator1978
Imparator1978 collected $4.69 from pot
*** SUMMARY ***
Total pot $5 | Rake $0.31 
Board [2d Ah Tc Jd]
Seat 1: Imparator1978 collected ($4.69)
Seat 2: v.sting (button) folded before Flop (didn't bet)
Seat 3: SorinS28 (small blind) folded on the Turn
Seat 4: NOTfishON (big blind) folded on the Flop
Seat 5: whlzor folded before Flop (didn't bet)
Seat 6: dreimis190 folded before Flop (didn't bet)



PokerStars Hand #254193918130:  Hold'em No Limit ($0.50/$1.00 USD) - 2025/01/04 18:54:51 WET [2025/01/04 13:54:51 ET]
Table 'Cybele III' 6-max Seat #3 is the button
Seat 1: Imparator1978 ($98.31 in chips) 
Seat 2: v.sting ($115.93 in chips) 
Seat 3: SorinS28 ($173.38 in chips) 
Seat 4: NOTfishON ($105.77 in chips) 
Seat 5: whlzor ($122.07 in chips) 
Seat 6: dreimis190 ($100 in chips) 
NOTfishON: posts small blind $0.50
whlzor: posts big blind $1
*** HOLE CARDS ***
dreimis190: folds 
Imparator1978: raises $1 to $2
v.sting: folds 
SorinS28: folds 
NOTfishON: folds 
whlzor: folds 
Uncalled bet ($1) returned to Imparator1978
Imparator1978 collected $2.50 from pot
*** SUMMARY ***
Total pot $2.50 | Rake $0 
Seat 1: Imparator1978 collected ($2.50)
Seat 2: v.sting folded before Flop (didn't bet)
Seat 3: SorinS28 (button) folded before Flop (didn't bet)
Seat 4: NOTfishON (small blind) folded before Flop
Seat 5: whlzor (big blind) folded before Flop
Seat 6: dreimis190 folded before Flop (didn't bet)



PokerStars Hand #254193927737:  Hold'em No Limit ($0.50/$1.00 USD) - 2025/01/04 18:55:25 WET [2025/01/04 13:55:25 ET]
Table 'Cybele III' 6-max Seat #4 is the button
Seat 1: Imparator1978 ($99.81 in chips) 
Seat 2: v.sting ($115.93 in chips) 
Seat 3: SorinS28 ($173.38 in chips) 
Seat 4: NOTfishON ($105.27 in chips) 
Seat 5: whlzor ($121.07 in chips) 
Seat 6: dreimis190 ($100 in chips) 
whlzor: posts small blind $0.50
dreimis190: posts big blind $1
*** HOLE CARDS ***
Imparator1978: raises $1 to $2
v.sting: folds 
SorinS28: folds 
NOTfishON: calls $2
whlzor: folds 
dreimis190: calls $1
*** FLOP *** [6c 7s 4h]
dreimis190: checks 
Imparator1978: bets $3.09
NOTfishON: folds 
dreimis190: folds 
Uncalled bet ($3.09) returned to Imparator1978
Imparator1978 collected $6.10 from pot
*** SUMMARY ***
Total pot $6.50 | Rake $0.40 
Board [6c 7s 4h]
Seat 1: Imparator1978 collected ($6.10)
Seat 2: v.sting folded before Flop (didn't bet)
Seat 3: SorinS28 folded before Flop (didn't bet)
Seat 4: NOTfishON (button) folded on the Flop
Seat 5: whlzor (small blind) folded before Flop
Seat 6: dreimis190 (big blind) folded on the Flop



PokerStars Hand #254193938402:  Hold'em No Limit ($0.50/$1.00 USD) - 2025/01/04 18:56:15 WET [2025/01/04 13:56:15 ET]
Table 'Cybele III' 6-max Seat #5 is the button
Seat 1: Imparator1978 ($103.91 in chips) 
Seat 2: v.sting ($115.93 in chips) 
Seat 3: SorinS28 ($173.38 in chips) 
Seat 4: NOTfishON ($103.27 in chips) 
Seat 5: whlzor ($120.57 in chips) 
Seat 6: dreimis190 ($100 in chips) 
dreimis190: posts small blind $0.50
Imparator1978: posts big blind $1
*** HOLE CARDS ***
v.sting: folds 
SorinS28: folds 
NOTfishON: folds 
whlzor: folds 
dreimis190: raises $1.50 to $2.50
Imparator1978: calls $1.50
*** FLOP *** [9d 4d 9s]
dreimis190: bets $2.18
Imparator1978: folds 
Uncalled bet ($2.18) returned to dreimis190
dreimis190 collected $4.75 from pot
dreimis190: doesn't show hand 
*** SUMMARY ***
Total pot $5 | Rake $0.25 
Board [9d 4d 9s]
Seat 1: Imparator1978 (big blind) folded on the Flop
Seat 2: v.sting folded before Flop (didn't bet)
Seat 3: SorinS28 folded before Flop (didn't bet)
Seat 4: NOTfishON folded before Flop (didn't bet)
Seat 5: whlzor (button) folded before Flop (didn't bet)
Seat 6: dreimis190 (small blind) collected ($4.75)



PokerStars Hand #254193942351:  Hold'em No Limit ($0.50/$1.00 USD) - 2025/01/04 18:56:34 WET [2025/01/04 13:56:34 ET]
Table 'Cybele III' 6-max Seat #6 is the button
Seat 1: Imparator1978 ($101.41 in chips) 
Seat 2: v.sting ($115.93 in chips) 
Seat 3: SorinS28 ($173.38 in chips) 
Seat 4: NOTfishON ($103.27 in chips) 
Seat 5: whlzor ($120.57 in chips) 
Seat 6: dreimis190 ($102.25 in chips) 
Imparator1978: posts small blind $0.50
v.sting: posts big blind $1
*** HOLE CARDS ***
SorinS28: raises $1.05 to $2.05
NOTfishON: folds 
whlzor: folds 
dreimis190: folds 
Imparator1978: folds 
v.sting: folds 
Uncalled bet ($1.05) returned to SorinS28
SorinS28 collected $2.50 from pot
SorinS28: doesn't show hand 
*** SUMMARY ***
Total pot $2.50 | Rake $0 
Seat 1: Imparator1978 (small blind) folded before Flop
Seat 2: v.sting (big blind) folded before Flop
Seat 3: SorinS28 collected ($2.50)
Seat 4: NOTfishON folded before Flop (didn't bet)
Seat 5: whlzor folded before Flop (didn't bet)
Seat 6: dreimis190 (button) folded before Flop (didn't bet)



PokerStars Hand #254193946335:  Hold'em No Limit ($0.50/$1.00 USD) - 2025/01/04 18:56:52 WET [2025/01/04 13:56:52 ET]
Table 'Cybele III' 6-max Seat #1 is the button
Seat 1: Imparator1978 ($100.91 in chips) 
Seat 2: v.sting ($114.93 in chips) 
Seat 3: SorinS28 ($174.88 in chips) 
Seat 4: NOTfishON ($103.27 in chips) 
Seat 5: whlzor ($120.57 in chips) 
Seat 6: dreimis190 ($102.25 in chips) 
v.sting: posts small blind $0.50
SorinS28: posts big blind $1
*** HOLE CARDS ***
NOTfishON: folds 
whlzor: raises $1.50 to $2.50
dreimis190: folds 
Imparator1978: folds 
v.sting: folds 
SorinS28: calls $1.50
*** FLOP *** [Ac Ts Ks]
SorinS28: checks 
whlzor: bets $3.45
SorinS28: folds 
Uncalled bet ($3.45) returned to whlzor
whlzor collected $5.22 from pot
whlzor: doesn't show hand 
*** SUMMARY ***
Total pot $5.50 | Rake $0.28 
Board [Ac Ts Ks]
Seat 1: Imparator1978 (button) folded before Flop (didn't bet)
Seat 2: v.sting (small blind) folded before Flop
Seat 3: SorinS28 (big blind) folded on the Flop
Seat 4: NOTfishON folded before Flop (didn't bet)
Seat 5: whlzor collected ($5.22)
Seat 6: dreimis190 folded before Flop (didn't bet)



PokerStars Hand #254193953933:  Hold'em No Limit ($0.50/$1.00 USD) - 2025/01/04 18:57:27 WET [2025/01/04 13:57:27 ET]
Table 'Cybele III' 6-max Seat #2 is the button
Seat 1: Imparator1978 ($100.91 in chips) 
Seat 2: v.sting ($114.43 in chips) 
Seat 3: SorinS28 ($172.38 in chips) 
Seat 4: NOTfishON ($103.27 in chips) 
Seat 5: whlzor ($123.29 in chips) 
Seat 6: dreimis190 ($102.25 in chips) 
SorinS28: posts small blind $0.50
NOTfishON: posts big blind $1
*** HOLE CARDS ***
whlzor: folds 
dreimis190: folds 
Imparator1978: raises $1 to $2
v.sting: folds 
SorinS28: folds 
NOTfishON: raises $7.40 to $9.40
Imparator1978: folds 
Uncalled bet ($7.40) returned to NOTfishON
NOTfishON collected $4.50 from pot
*** SUMMARY ***
Total pot $4.50 | Rake $0 
Seat 1: Imparator1978 folded before Flop
Seat 2: v.sting (button) folded before Flop (didn't bet)
Seat 3: SorinS28 (small blind) folded before Flop
Seat 4: NOTfishON (big blind) collected ($4.50)
Seat 5: whlzor folded before Flop (didn't bet)
Seat 6: dreimis190 folded before Flop (didn't bet)



PokerStars Hand #254193960918:  Hold'em No Limit ($0.50/$1.00 USD) - 2025/01/04 18:57:59 WET [2025/01/04 13:57:59 ET]
Table 'Cybele III' 6-max Seat #3 is the button
Seat 1: Imparator1978 ($98.91 in chips) 
Seat 2: v.sting ($114.43 in chips) 
Seat 3: SorinS28 ($171.88 in chips) 
Seat 4: NOTfishON ($105.77 in chips) 
Seat 5: whlzor ($123.29 in chips) 
Seat 6: dreimis190 ($102.25 in chips) 
NOTfishON: posts small blind $0.50
whlzor: posts big blind $1
*** HOLE CARDS ***
dreimis190: folds 
Imparator1978: raises $1 to $2
v.sting: folds 
SorinS28: folds 
NOTfishON: raises $7.40 to $9.40
whlzor: folds 
Imparator1978: folds 
Uncalled bet ($7.40) returned to NOTfishON
NOTfishON collected $5 from pot
*** SUMMARY ***
Total pot $5 | Rake $0 
Seat 1: Imparator1978 folded before Flop
Seat 2: v.sting folded before Flop (didn't bet)
Seat 3: SorinS28 (button) folded before Flop (didn't bet)
Seat 4: NOTfishON (small blind) collected ($5)
Seat 5: whlzor (big blind) folded before Flop
Seat 6: dreimis190 folded before Flop (didn't bet)



PokerStars Hand #254193966398:  Hold'em No Limit ($0.50/$1.00 USD) - 2025/01/04 18:58:24 WET [2025/01/04 13:58:24 ET]
Table 'Cybele III' 6-max Seat #4 is the button
Seat 1: Imparator1978 ($96.91 in chips) 
Seat 2: v.sting ($114.43 in chips) 
Seat 3: SorinS28 ($171.88 in chips) 
Seat 4: NOTfishON ($108.77 in chips) 
Seat 5: whlzor ($122.29 in chips) 
Seat 6: dreimis190 ($102.25 in chips) 
whlzor: posts small blind $0.50
dreimis190: posts big blind $1
*** HOLE CARDS ***
Imparator1978: raises $1 to $2
v.sting: raises $5.25 to $7.25
SorinS28: folds 
NOTfishON: folds 
whlzor: folds 
dreimis190: folds 
Imparator1978: folds 
Uncalled bet ($5.25) returned to v.sting
v.sting collected $5.50 from pot
v.sting: doesn't show hand 
*** SUMMARY ***
Total pot $5.50 | Rake $0 
Seat 1: Imparator1978 folded before Flop
Seat 2: v.sting collected ($5.50)
Seat 3: SorinS28 folded before Flop (didn't bet)
Seat 4: NOTfishON (button) folded before Flop (didn't bet)
Seat 5: whlzor (small blind) folded before Flop
Seat 6: dreimis190 (big blind) folded before Flop



PokerStars Hand #254194119435:  Hold'em No Limit ($0.50/$1.00 USD) - 2025/01/04 19:06:52 WET [2025/01/04 14:06:52 ET]
Table 'Cybele III' 6-max Seat #1 is the button
Seat 6: dreimis190 ($104.55 in chips) is sitting out
Seat 1: Imparator1978 ($96.98 in chips) 
Seat 2: v.sting ($118.07 in chips) 
Seat 3: SorinS28 ($169.25 in chips) 
Seat 4: NOTfishON ($108.41 in chips) 
Seat 5: whlzor ($114.79 in chips) 
v.sting: posts small blind $0.50
SorinS28: posts big blind $1
dreimis190: sits out 
*** HOLE CARDS ***
NOTfishON: raises $1.10 to $2.10
whlzor: folds 
Imparator1978: folds 
v.sting: folds 
SorinS28: folds 
Uncalled bet ($1.10) returned to NOTfishON
NOTfishON collected $2.50 from pot
*** SUMMARY ***
Total pot $2.50 | Rake $0 
Seat 6: dreimis190
Seat 1: Imparator1978 (button) folded before Flop (didn't bet)
Seat 2: v.sting (small blind) folded before Flop
Seat 3: SorinS28 (big blind) folded before Flop
Seat 4: NOTfishON collected ($2.50)
Seat 5: whlzor folded before Flop (didn't bet)



PokerStars Hand #254194125570:  Hold'em No Limit ($0.50/$1.00 USD) - 2025/01/04 19:07:09 WET [2025/01/04 14:07:09 ET]
Table 'Cybele III' 6-max Seat #2 is the button
Seat 6: dreimis190 ($104.55 in chips) is sitting out
Seat 1: Imparator1978 ($96.98 in chips) 
Seat 2: v.sting ($117.57 in chips) 
Seat 3: SorinS28 ($168.25 in chips) 
Seat 4: NOTfishON ($109.91 in chips) 
Seat 5: whlzor ($114.79 in chips) 
SorinS28: posts small blind $0.50
NOTfishON: posts big blind $1
dreimis190: sits out 
*** HOLE CARDS ***
whlzor: folds 
Imparator1978: raises $1 to $2
v.sting: folds 
SorinS28: calls $1.50
NOTfishON: calls $1
*** FLOP *** [6d 6c 9c]
SorinS28: checks 
NOTfishON: checks 
Imparator1978: checks 
*** TURN *** [6d 6c 9c] [3h]
SorinS28: checks 
NOTfishON: bets $5
Imparator1978: folds 
SorinS28: folds 
Uncalled bet ($5) returned to NOTfishON
NOTfishON collected $5.70 from pot
*** SUMMARY ***
Total pot $6 | Rake $0.30 
Board [6d 6c 9c 3h]
Seat 6: dreimis190
Seat 1: Imparator1978 folded on the Turn
Seat 2: v.sting (button) folded before Flop (didn't bet)
Seat 3: SorinS28 (small blind) folded on the Turn
Seat 4: NOTfishON (big blind) collected ($5.70)
Seat 5: whlzor folded before Flop (didn't bet)



PokerStars Hand #254194148840:  Hold'em No Limit ($0.50/$1.00 USD) - 2025/01/04 19:08:16 WET [2025/01/04 14:08:16 ET]
Table 'Cybele III' 6-max Seat #3 is the button
Seat 6: dreimis190 ($104.55 in chips) is sitting out
Seat 1: Imparator1978 ($94.98 in chips) 
Seat 2: v.sting ($117.57 in chips) 
Seat 3: SorinS28 ($166.25 in chips) 
Seat 4: NOTfishON ($113.61 in chips) 
Seat 5: whlzor ($114.79 in chips) 
NOTfishON: posts small blind $0.50
whlzor: posts big blind $1
dreimis190: sits out 
*** HOLE CARDS ***
Imparator1978: folds 
v.sting: raises $1.50 to $2.50
SorinS28: folds 
NOTfishON: folds 
whlzor: calls $1.50
*** FLOP *** [Kc Kh 3c]
whlzor: checks 
v.sting: bets $1.72
whlzor: calls $1.72
*** TURN *** [Kc Kh 3c] [2c]
whlzor: checks 
v.sting: checks 
*** RIVER *** [Kc Kh 3c 2c] [7c]
whlzor: checks 
v.sting: checks 
*** SHOW DOWN ***
whlzor: shows [As Qd] (a pair of Kings)
v.sting: shows [9h 7h] (two pair, Kings and Sevens)
v.sting collected $8.49 from pot
*** SUMMARY ***
Total pot $8.94 | Rake $0.45 
Board [Kc Kh 3c 2c 7c]
Seat 6: dreimis190
Seat 1: Imparator1978 folded before Flop (didn't bet)
Seat 2: v.sting showed [9h 7h] and won ($8.49) with two pair, Kings and Sevens
Seat 3: SorinS28 (button) folded before Flop (didn't bet)
Seat 4: NOTfishON (small blind) folded before Flop
Seat 5: whlzor (big blind) showed [As Qd] and lost with a pair of Kings



PokerStars Hand #254194169119:  Hold'em No Limit ($0.50/$1.00 USD) - 2025/01/04 19:09:14 WET [2025/01/04 14:09:14 ET]
Table 'Cybele III' 6-max Seat #4 is the button
Seat 1: Imparator1978 ($94.98 in chips) 
Seat 2: v.sting ($121.84 in chips) 
Seat 3: SorinS28 ($166.25 in chips) 
Seat 4: NOTfishON ($113.11 in chips) 
Seat 5: whlzor ($110.57 in chips) 
Seat 6: dreimis190 ($104.55 in chips) 
whlzor: posts small blind $0.50
dreimis190: posts big blind $1
*** HOLE CARDS ***
Imparator1978: folds 
v.sting: folds 
SorinS28: folds 
NOTfishON: folds 
whlzor: folds 
Uncalled bet ($0.50) returned to dreimis190
dreimis190 collected $1 from pot
dreimis190: doesn't show hand 
*** SUMMARY ***
Total pot $1 | Rake $0 
Seat 1: Imparator1978 folded before Flop (didn't bet)
Seat 2: v.sting folded before Flop (didn't bet)
Seat 3: SorinS28 folded before Flop (didn't bet)
Seat 4: NOTfishON (button) folded before Flop (didn't bet)
Seat 5: whlzor (small blind) folded before Flop
Seat 6: dreimis190 (big blind) collected ($1)



PokerStars Hand #254194173876:  Hold'em No Limit ($0.50/$1.00 USD) - 2025/01/04 19:09:27 WET [2025/01/04 14:09:27 ET]
Table 'Cybele III' 6-max Seat #5 is the button
Seat 1: Imparator1978 ($94.98 in chips) 
Seat 2: v.sting ($121.84 in chips) 
Seat 3: SorinS28 ($166.25 in chips) 
Seat 4: NOTfishON ($113.11 in chips) 
Seat 5: whlzor ($110.07 in chips) 
Seat 6: dreimis190 ($105.05 in chips) 
dreimis190: posts small blind $0.50
Imparator1978: posts big blind $1
*** HOLE CARDS ***
v.sting: folds 
SorinS28: folds 
NOTfishON: folds 
whlzor: folds 
dreimis190: folds 
Uncalled bet ($0.50) returned to Imparator1978
Imparator1978 collected $1 from pot
*** SUMMARY ***
Total pot $1 | Rake $0 
Seat 1: Imparator1978 (big blind) collected ($1)
Seat 2: v.sting folded before Flop (didn't bet)
Seat 3: SorinS28 folded before Flop (didn't bet)
Seat 4: NOTfishON folded before Flop (didn't bet)
Seat 5: whlzor (button) folded before Flop (didn't bet)
Seat 6: dreimis190 (small blind) folded before Flop



PokerStars Hand #254194179337:  Hold'em No Limit ($0.50/$1.00 USD) - 2025/01/04 19:09:43 WET [2025/01/04 14:09:43 ET]
Table 'Cybele III' 6-max Seat #6 is the button
Seat 1: Imparator1978 ($95.48 in chips) 
Seat 2: v.sting ($121.84 in chips) 
Seat 3: SorinS28 ($166.25 in chips) 
Seat 4: NOTfishON ($113.11 in chips) 
Seat 5: whlzor ($110.07 in chips) 
Seat 6: dreimis190 ($104.55 in chips) 
Imparator1978: posts small blind $0.50
v.sting: posts big blind $1
*** HOLE CARDS ***
SorinS28: folds 
NOTfishON: folds 
whlzor: raises $2 to $3
dreimis190: folds 
Imparator1978: raises $2 to $5
v.sting: folds 
whlzor: calls $2
*** FLOP *** [Qc Ks 7c]
Imparator1978: bets $5.23
whlzor: calls $5.23
*** TURN *** [Qc Ks 7c] [8d]
Imparator1978: checks 
whlzor: checks 
*** RIVER *** [Qc Ks 7c 8d] [9d]
Imparator1978: checks 
whlzor: checks 
*** SHOW DOWN ***
Imparator1978: shows [Ac Jh] (high card Ace)
whlzor: shows [7h Ah] (a pair of Sevens)
whlzor collected $20.39 from pot
*** SUMMARY ***
Total pot $21.46 | Rake $1.07 
Board [Qc Ks 7c 8d 9d]
Seat 1: Imparator1978 (small blind) showed [Ac Jh] and lost with high card Ace
Seat 2: v.sting (big blind) folded before Flop
Seat 3: SorinS28 folded before Flop (didn't bet)
Seat 4: NOTfishON folded before Flop (didn't bet)
Seat 5: whlzor showed [7h Ah] and won ($20.39) with a pair of Sevens
Seat 6: dreimis190 (button) folded before Flop (didn't bet)



PokerStars Hand #254193816648:  Hold'em No Limit ($0.50/$1.00 USD) - 2025/01/04 18:49:55 WET [2025/01/04 13:49:55 ET]
Table 'Cybele III' 6-max Seat #3 is the button
Seat 1: Imparator1978 ($103.36 in chips) 
Seat 2: v.sting ($100 in chips) 
Seat 3: SorinS28 ($178.43 in chips) 
Seat 4: NOTfishON ($109.77 in chips) 
Seat 5: whlzor ($122.07 in chips) 
Seat 6: dreimis190 ($101.50 in chips) 
NOTfishON: posts small blind $0.50
whlzor: posts big blind $1
*** HOLE CARDS ***
dreimis190: folds 
Imparator1978: folds 
v.sting: folds 
SorinS28: folds 
NOTfishON: folds 
Uncalled bet ($0.50) returned to whlzor
whlzor collected $1 from pot
whlzor: doesn't show hand 
*** SUMMARY ***
Total pot $1 | Rake $0 
Seat 1: Imparator1978 folded before Flop (didn't bet)
Seat 2: v.sting folded before Flop (didn't bet)
Seat 3: SorinS28 (button) folded before Flop (didn't bet)
Seat 4: NOTfishON (small blind) folded before Flop
Seat 5: whlzor (big blind) collected ($1)
Seat 6: dreimis190 folded before Flop (didn't bet)



PokerStars Hand #254194198158:  Hold'em No Limit ($0.50/$1.00 USD) - 2025/01/04 19:10:37 WET [2025/01/04 14:10:37 ET]
Table 'Cybele III' 6-max Seat #1 is the button
Seat 1: Imparator1978 ($85.25 in chips) 
Seat 2: v.sting ($120.84 in chips) 
Seat 3: SorinS28 ($166.25 in chips) 
Seat 4: NOTfishON ($113.11 in chips) 
Seat 5: whlzor ($120.23 in chips) 
Seat 6: dreimis190 ($104.55 in chips) 
v.sting: posts small blind $0.50
SorinS28: posts big blind $1
*** HOLE CARDS ***
NOTfishON: folds 
whlzor: folds 
dreimis190: folds 
Imparator1978: raises $2 to $3
v.sting: folds 
SorinS28: calls $2
*** FLOP *** [5h Ad 8d]
SorinS28: checks 
Imparator1978: bets $3.09
SorinS28: calls $3.09
*** TURN *** [5h Ad 8d] [Jd]
SorinS28: checks 
Imparator1978: bets $8.03
SorinS28: calls $8.03
*** RIVER *** [5h Ad 8d Jd] [Td]
SorinS28: checks 
Imparator1978: checks 
*** SHOW DOWN ***
SorinS28: shows [Ah 7h] (a pair of Aces)
Imparator1978: shows [8s Ac] (two pair, Aces and Eights)
Imparator1978 collected $26.94 from pot
*** SUMMARY ***
Total pot $28.74 | Rake $1.80 
Board [5h Ad 8d Jd Td]
Seat 1: Imparator1978 (button) showed [8s Ac] and won ($26.94) with two pair, Aces and Eights
Seat 2: v.sting (small blind) folded before Flop
Seat 3: SorinS28 (big blind) showed [Ah 7h] and lost with a pair of Aces
Seat 4: NOTfishON folded before Flop (didn't bet)
Seat 5: whlzor folded before Flop (didn't bet)
Seat 6: dreimis190 folded before Flop (didn't bet)



PokerStars Hand #254194218669:  Hold'em No Limit ($0.50/$1.00 USD) - 2025/01/04 19:11:37 WET [2025/01/04 14:11:37 ET]
Table 'Cybele III' 6-max Seat #2 is the button
Seat 1: Imparator1978 ($98.07 in chips) 
Seat 2: v.sting ($120.34 in chips) 
Seat 3: SorinS28 ($152.13 in chips) 
Seat 4: NOTfishON ($113.11 in chips) 
Seat 5: whlzor ($120.23 in chips) 
Seat 6: dreimis190 ($104.55 in chips) 
SorinS28: posts small blind $0.50
NOTfishON: posts big blind $1
*** HOLE CARDS ***
whlzor: folds 
dreimis190: raises $1 to $2
Imparator1978: folds 
v.sting: folds 
SorinS28: folds 
NOTfishON: folds 
Uncalled bet ($1) returned to dreimis190
dreimis190 collected $2.50 from pot
dreimis190: doesn't show hand 
*** SUMMARY ***
Total pot $2.50 | Rake $0 
Seat 1: Imparator1978 folded before Flop (didn't bet)
Seat 2: v.sting (button) folded before Flop (didn't bet)
Seat 3: SorinS28 (small blind) folded before Flop
Seat 4: NOTfishON (big blind) folded before Flop
Seat 5: whlzor folded before Flop (didn't bet)
Seat 6: dreimis190 collected ($2.50)



PokerStars Hand #254194230199:  Hold'em No Limit ($0.50/$1.00 USD) - 2025/01/04 19:12:10 WET [2025/01/04 14:12:10 ET]
Table 'Cybele III' 6-max Seat #3 is the button
Seat 1: Imparator1978 ($98.07 in chips) 
Seat 2: v.sting ($120.34 in chips) 
Seat 3: SorinS28 ($151.63 in chips) 
Seat 4: NOTfishON ($112.11 in chips) 
Seat 5: whlzor ($120.23 in chips) 
Seat 6: dreimis190 ($106.05 in chips) 
NOTfishON: posts small blind $0.50
whlzor: posts big blind $1
*** HOLE CARDS ***
dreimis190: folds 
Imparator1978: raises $2.50 to $3.50
v.sting: folds 
SorinS28: folds 
NOTfishON: folds 
whlzor: folds 
Uncalled bet ($2.50) returned to Imparator1978
Imparator1978 collected $2.50 from pot
*** SUMMARY ***
Total pot $2.50 | Rake $0 
Seat 1: Imparator1978 collected ($2.50)
Seat 2: v.sting folded before Flop (didn't bet)
Seat 3: SorinS28 (button) folded before Flop (didn't bet)
Seat 4: NOTfishON (small blind) folded before Flop
Seat 5: whlzor (big blind) folded before Flop
Seat 6: dreimis190 folded before Flop (didn't bet)



PokerStars Hand #254194238286:  Hold'em No Limit ($0.50/$1.00 USD) - 2025/01/04 19:12:34 WET [2025/01/04 14:12:34 ET]
Table 'Cybele III' 6-max Seat #4 is the button
Seat 1: Imparator1978 ($99.57 in chips) 
Seat 2: v.sting ($120.34 in chips) 
Seat 3: SorinS28 ($151.63 in chips) 
Seat 4: NOTfishON ($111.61 in chips) 
Seat 5: whlzor ($119.23 in chips) 
Seat 6: dreimis190 ($106.05 in chips) 
whlzor: posts small blind $0.50
dreimis190: posts big blind $1
*** HOLE CARDS ***
Imparator1978: raises $1 to $2
v.sting: folds 
SorinS28: folds 
NOTfishON: raises $7 to $9
whlzor: raises $18 to $27
dreimis190: folds 
Imparator1978: folds 
NOTfishON: folds 
Uncalled bet ($18) returned to whlzor
whlzor collected $21 from pot
whlzor: doesn't show hand 
*** SUMMARY ***
Total pot $21 | Rake $0 
Seat 1: Imparator1978 folded before Flop
Seat 2: v.sting folded before Flop (didn't bet)
Seat 3: SorinS28 folded before Flop (didn't bet)
Seat 4: NOTfishON (button) folded before Flop
Seat 5: whlzor (small blind) collected ($21)
Seat 6: dreimis190 (big blind) folded before Flop



PokerStars Hand #254194249212:  Hold'em No Limit ($0.50/$1.00 USD) - 2025/01/04 19:13:05 WET [2025/01/04 14:13:05 ET]
Table 'Cybele III' 6-max Seat #5 is the button
Seat 1: Imparator1978 ($97.57 in chips) 
Seat 2: v.sting ($120.34 in chips) 
Seat 3: SorinS28 ($151.63 in chips) 
Seat 4: NOTfishON ($102.61 in chips) 
Seat 5: whlzor ($131.23 in chips) 
Seat 6: dreimis190 ($105.05 in chips) 
dreimis190: posts small blind $0.50
Imparator1978: posts big blind $1
*** HOLE CARDS ***
v.sting: folds 
SorinS28: folds 
NOTfishON: raises $1.30 to $2.30
whlzor: folds 
dreimis190: raises $8.20 to $10.50
Imparator1978: folds 
NOTfishON: folds 
Uncalled bet ($8.20) returned to dreimis190
dreimis190 collected $5.60 from pot
dreimis190: doesn't show hand 
*** SUMMARY ***
Total pot $5.60 | Rake $0 
Seat 1: Imparator1978 (big blind) folded before Flop
Seat 2: v.sting folded before Flop (didn't bet)
Seat 3: SorinS28 folded before Flop (didn't bet)
Seat 4: NOTfishON folded before Flop
Seat 5: whlzor (button) folded before Flop (didn't bet)
Seat 6: dreimis190 (small blind) collected ($5.60)



PokerStars Hand #254194258491:  Hold'em No Limit ($0.50/$1.00 USD) - 2025/01/04 19:13:32 WET [2025/01/04 14:13:32 ET]
Table 'Cybele III' 6-max Seat #6 is the button
Seat 1: Imparator1978 ($96.57 in chips) 
Seat 2: v.sting ($120.34 in chips) 
Seat 3: SorinS28 ($151.63 in chips) 
Seat 4: NOTfishON ($100.31 in chips) 
Seat 5: whlzor ($131.23 in chips) 
Seat 6: dreimis190 ($108.35 in chips) 
Imparator1978: posts small blind $0.50
v.sting: posts big blind $1
*** HOLE CARDS ***
SorinS28: folds 
NOTfishON: raises $1.10 to $2.10
whlzor: folds 
dreimis190: folds 
Imparator1978: raises $3.10 to $5.20
v.sting: folds 
NOTfishON: calls $3.10
*** FLOP *** [9c 2h 3d]
Imparator1978: checks 
NOTfishON: checks 
*** TURN *** [9c 2h 3d] [6h]
Imparator1978: bets $5.42
NOTfishON: calls $5.42
*** RIVER *** [9c 2h 3d 6h] [Qc]
Imparator1978: bets $21.13
NOTfishON: folds 
Uncalled bet ($21.13) returned to Imparator1978
Imparator1978 collected $20.85 from pot
*** SUMMARY ***
Total pot $22.24 | Rake $1.39 
Board [9c 2h 3d 6h Qc]
Seat 1: Imparator1978 (small blind) collected ($20.85)
Seat 2: v.sting (big blind) folded before Flop
Seat 3: SorinS28 folded before Flop (didn't bet)
Seat 4: NOTfishON folded on the River
Seat 5: whlzor folded before Flop (didn't bet)
Seat 6: dreimis190 (button) folded before Flop (didn't bet)



PokerStars Hand #254194277442:  Hold'em No Limit ($0.50/$1.00 USD) - 2025/01/04 19:14:27 WET [2025/01/04 14:14:27 ET]
Table 'Cybele III' 6-max Seat #1 is the button
Seat 1: Imparator1978 ($106.80 in chips) 
Seat 2: v.sting ($119.34 in chips) 
Seat 3: SorinS28 ($151.63 in chips) 
Seat 4: NOTfishON ($100 in chips) 
Seat 5: whlzor ($131.23 in chips) 
Seat 6: dreimis190 ($108.35 in chips) 
v.sting: posts small blind $0.50
SorinS28: posts big blind $1
*** HOLE CARDS ***
NOTfishON: folds 
whlzor: folds 
dreimis190: folds 
NOTfishON leaves the table
Imparator1978: raises $1 to $2
v.sting: folds 
SorinS28: calls $1
*** FLOP *** [8h 2c Qh]
SorinS28: checks 
Imparator1978: bets $2.14
nikalas22 joins the table at seat #4 
SorinS28: calls $2.14
*** TURN *** [8h 2c Qh] [4s]
SorinS28: checks 
Imparator1978: checks 
*** RIVER *** [8h 2c Qh 4s] [Tc]
SorinS28: checks 
Imparator1978: bets $4.17
SorinS28: folds 
Uncalled bet ($4.17) returned to Imparator1978
Imparator1978 collected $8.23 from pot
*** SUMMARY ***
Total pot $8.78 | Rake $0.55 
Board [8h 2c Qh 4s Tc]
Seat 1: Imparator1978 (button) collected ($8.23)
Seat 2: v.sting (small blind) folded before Flop
Seat 3: SorinS28 (big blind) folded on the River
Seat 4: NOTfishON folded before Flop (didn't bet)
Seat 5: whlzor folded before Flop (didn't bet)
Seat 6: dreimis190 folded before Flop (didn't bet)



PokerStars Hand #254194293706:  Hold'em No Limit ($0.50/$1.00 USD) - 2025/01/04 19:15:15 WET [2025/01/04 14:15:15 ET]
Table 'Cybele III' 6-max Seat #2 is the button
Seat 1: Imparator1978 ($110.89 in chips) 
Seat 2: v.sting ($118.84 in chips) 
Seat 3: SorinS28 ($147.49 in chips) 
Seat 4: nikalas22 ($100 in chips) 
Seat 5: whlzor ($131.23 in chips) 
Seat 6: dreimis190 ($108.35 in chips) 
SorinS28: posts small blind $0.50
nikalas22: posts big blind $1
*** HOLE CARDS ***
whlzor: folds 
dreimis190: folds 
Imparator1978: raises $2 to $3
v.sting: folds 
SorinS28: folds 
nikalas22: folds 
Uncalled bet ($2) returned to Imparator1978
Imparator1978 collected $2.50 from pot
*** SUMMARY ***
Total pot $2.50 | Rake $0 
Seat 1: Imparator1978 collected ($2.50)
Seat 2: v.sting (button) folded before Flop (didn't bet)
Seat 3: SorinS28 (small blind) folded before Flop
Seat 4: nikalas22 (big blind) folded before Flop
Seat 5: whlzor folded before Flop (didn't bet)
Seat 6: dreimis190 folded before Flop (didn't bet)



PokerStars Hand #254194300801:  Hold'em No Limit ($0.50/$1.00 USD) - 2025/01/04 19:15:35 WET [2025/01/04 14:15:35 ET]
Table 'Cybele III' 6-max Seat #3 is the button
Seat 1: Imparator1978 ($112.39 in chips) 
Seat 2: v.sting ($118.84 in chips) 
Seat 3: SorinS28 ($146.99 in chips) 
Seat 4: nikalas22 ($100 in chips) 
Seat 5: whlzor ($131.23 in chips) 
Seat 6: dreimis190 ($108.35 in chips) 
nikalas22: posts small blind $0.50
whlzor: posts big blind $1
*** HOLE CARDS ***
dreimis190: folds 
Imparator1978: folds 
v.sting: folds 
SorinS28: raises $1.50 to $2.50
nikalas22: raises $9.50 to $12
whlzor: folds 
SorinS28: folds 
Uncalled bet ($9.50) returned to nikalas22
nikalas22 collected $6 from pot
nikalas22: doesn't show hand 
*** SUMMARY ***
Total pot $6 | Rake $0 
Seat 1: Imparator1978 folded before Flop (didn't bet)
Seat 2: v.sting folded before Flop (didn't bet)
Seat 3: SorinS28 (button) folded before Flop
Seat 4: nikalas22 (small blind) collected ($6)
Seat 5: whlzor (big blind) folded before Flop
Seat 6: dreimis190 folded before Flop (didn't bet)



PokerStars Hand #254194308885:  Hold'em No Limit ($0.50/$1.00 USD) - 2025/01/04 19:15:58 WET [2025/01/04 14:15:58 ET]
Table 'Cybele III' 6-max Seat #4 is the button
Seat 1: Imparator1978 ($112.39 in chips) 
Seat 2: v.sting ($118.84 in chips) 
Seat 3: SorinS28 ($144.49 in chips) 
Seat 4: nikalas22 ($103.50 in chips) 
Seat 5: whlzor ($130.23 in chips) 
Seat 6: dreimis190 ($108.35 in chips) 
whlzor: posts small blind $0.50
dreimis190: posts big blind $1
*** HOLE CARDS ***
Imparator1978: raises $1 to $2
v.sting: folds 
SorinS28: folds 
nikalas22: folds 
whlzor: folds 
dreimis190: calls $1
*** FLOP *** [7d 9s 2s]
dreimis190: checks 
Imparator1978: bets $2.14
dreimis190: calls $2.14
*** TURN *** [7d 9s 2s] [Ks]
dreimis190: checks 
Imparator1978: bets $4.17
dreimis190: folds 
Uncalled bet ($4.17) returned to Imparator1978
Imparator1978 collected $8.23 from pot
*** SUMMARY ***
Total pot $8.78 | Rake $0.55 
Board [7d 9s 2s Ks]
Seat 1: Imparator1978 collected ($8.23)
Seat 2: v.sting folded before Flop (didn't bet)
Seat 3: SorinS28 folded before Flop (didn't bet)
Seat 4: nikalas22 (button) folded before Flop (didn't bet)
Seat 5: whlzor (small blind) folded before Flop
Seat 6: dreimis190 (big blind) folded on the Turn



PokerStars Hand #254194325683:  Hold'em No Limit ($0.50/$1.00 USD) - 2025/01/04 19:16:48 WET [2025/01/04 14:16:48 ET]
Table 'Cybele III' 6-max Seat #5 is the button
Seat 1: Imparator1978 ($116.48 in chips) 
Seat 2: v.sting ($118.84 in chips) 
Seat 3: SorinS28 ($144.49 in chips) 
Seat 4: nikalas22 ($103.50 in chips) 
Seat 5: whlzor ($129.73 in chips) 
Seat 6: dreimis190 ($104.21 in chips) 
dreimis190: posts small blind $0.50
Imparator1978: posts big blind $1
*** HOLE CARDS ***
v.sting: folds 
SorinS28: folds 
nikalas22: raises $1.50 to $2.50
whlzor: folds 
dreimis190: calls $2
Imparator1978: folds 
*** FLOP *** [8c 9h 7d]
dreimis190: bets $1.38
nikalas22: folds 
Uncalled bet ($1.38) returned to dreimis190
dreimis190 collected $5.70 from pot
dreimis190: doesn't show hand 
*** SUMMARY ***
Total pot $6 | Rake $0.30 
Board [8c 9h 7d]
Seat 1: Imparator1978 (big blind) folded before Flop
Seat 2: v.sting folded before Flop (didn't bet)
Seat 3: SorinS28 folded before Flop (didn't bet)
Seat 4: nikalas22 folded on the Flop
Seat 5: whlzor (button) folded before Flop (didn't bet)
Seat 6: dreimis190 (small blind) collected ($5.70)



PokerStars Hand #254194337101:  Hold'em No Limit ($0.50/$1.00 USD) - 2025/01/04 19:17:21 WET [2025/01/04 14:17:21 ET]
Table 'Cybele III' 6-max Seat #6 is the button
Seat 1: Imparator1978 ($115.48 in chips) 
Seat 2: v.sting ($118.84 in chips) 
Seat 3: SorinS28 ($144.49 in chips) 
Seat 4: nikalas22 ($101 in chips) 
Seat 5: whlzor ($129.73 in chips) 
Seat 6: dreimis190 ($107.41 in chips) 
Imparator1978: posts small blind $0.50
v.sting: posts big blind $1
*** HOLE CARDS ***
SorinS28: folds 
nikalas22: folds 
whlzor: folds 
dreimis190: folds 
Imparator1978: raises $1 to $2
v.sting: calls $1
*** FLOP *** [7d 3c Ks]
Imparator1978: bets $1.90
v.sting: folds 
Uncalled bet ($1.90) returned to Imparator1978
Imparator1978 collected $3.75 from pot
*** SUMMARY ***
Total pot $4 | Rake $0.25 
Board [7d 3c Ks]
Seat 1: Imparator1978 (small blind) collected ($3.75)
Seat 2: v.sting (big blind) folded on the Flop
Seat 3: SorinS28 folded before Flop (didn't bet)
Seat 4: nikalas22 folded before Flop (didn't bet)
Seat 5: whlzor folded before Flop (didn't bet)
Seat 6: dreimis190 (button) folded before Flop (didn't bet)



PokerStars Hand #254194346257:  Hold'em No Limit ($0.50/$1.00 USD) - 2025/01/04 19:17:47 WET [2025/01/04 14:17:47 ET]
Table 'Cybele III' 6-max Seat #1 is the button
Seat 1: Imparator1978 ($117.23 in chips) 
Seat 2: v.sting ($116.84 in chips) 
Seat 3: SorinS28 ($144.49 in chips) 
Seat 4: nikalas22 ($101 in chips) 
Seat 5: whlzor ($129.73 in chips) 
Seat 6: dreimis190 ($107.41 in chips) 
v.sting: posts small blind $0.50
SorinS28: posts big blind $1
*** HOLE CARDS ***
nikalas22: folds 
whlzor: folds 
dreimis190: folds 
Imparator1978: raises $1 to $2
v.sting: folds 
SorinS28: folds 
Uncalled bet ($1) returned to Imparator1978
Imparator1978 collected $2.50 from pot
*** SUMMARY ***
Total pot $2.50 | Rake $0 
Seat 1: Imparator1978 (button) collected ($2.50)
Seat 2: v.sting (small blind) folded before Flop
Seat 3: SorinS28 (big blind) folded before Flop
Seat 4: nikalas22 folded before Flop (didn't bet)
Seat 5: whlzor folded before Flop (didn't bet)
Seat 6: dreimis190 folded before Flop (didn't bet)



PokerStars Hand #254194351080:  Hold'em No Limit ($0.50/$1.00 USD) - 2025/01/04 19:18:02 WET [2025/01/04 14:18:02 ET]
Table 'Cybele III' 6-max Seat #2 is the button
Seat 1: Imparator1978 ($118.73 in chips) 
Seat 2: v.sting ($116.34 in chips) 
Seat 3: SorinS28 ($143.49 in chips) 
Seat 4: nikalas22 ($101 in chips) 
Seat 5: whlzor ($129.73 in chips) 
Seat 6: dreimis190 ($107.41 in chips) 
SorinS28: posts small blind $0.50
nikalas22: posts big blind $1
*** HOLE CARDS ***
whlzor: folds 
dreimis190: raises $1 to $2
Imparator1978: calls $2
v.sting: raises $10.50 to $12.50
SorinS28: folds 
nikalas22: folds 
dreimis190: folds 
Imparator1978: folds 
Uncalled bet ($10.50) returned to v.sting
v.sting collected $7.50 from pot
v.sting: doesn't show hand 
*** SUMMARY ***
Total pot $7.50 | Rake $0 
Seat 1: Imparator1978 folded before Flop
Seat 2: v.sting (button) collected ($7.50)
Seat 3: SorinS28 (small blind) folded before Flop
Seat 4: nikalas22 (big blind) folded before Flop
Seat 5: whlzor folded before Flop (didn't bet)
Seat 6: dreimis190 folded before Flop



PokerStars Hand #254194363415:  Hold'em No Limit ($0.50/$1.00 USD) - 2025/01/04 19:18:37 WET [2025/01/04 14:18:37 ET]
Table 'Cybele III' 6-max Seat #3 is the button
Seat 1: Imparator1978 ($116.73 in chips) 
Seat 2: v.sting ($121.84 in chips) 
Seat 3: SorinS28 ($142.99 in chips) 
Seat 4: nikalas22 ($100 in chips) 
Seat 5: whlzor ($129.73 in chips) 
Seat 6: dreimis190 ($105.41 in chips) 
nikalas22: posts small blind $0.50
whlzor: posts big blind $1
*** HOLE CARDS ***
dreimis190: folds 
Imparator1978: raises $1 to $2
v.sting: folds 
SorinS28: folds 
nikalas22: folds 
whlzor: folds 
Uncalled bet ($1) returned to Imparator1978
Imparator1978 collected $2.50 from pot
*** SUMMARY ***
Total pot $2.50 | Rake $0 
Seat 1: Imparator1978 collected ($2.50)
Seat 2: v.sting folded before Flop (didn't bet)
Seat 3: SorinS28 (button) folded before Flop (didn't bet)
Seat 4: nikalas22 (small blind) folded before Flop
Seat 5: whlzor (big blind) folded before Flop
Seat 6: dreimis190 folded before Flop (didn't bet)



PokerStars Hand #254194370109:  Hold'em No Limit ($0.50/$1.00 USD) - 2025/01/04 19:18:57 WET [2025/01/04 14:18:57 ET]
Table 'Cybele III' 6-max Seat #4 is the button
Seat 1: Imparator1978 ($118.23 in chips) 
Seat 2: v.sting ($121.84 in chips) 
Seat 3: SorinS28 ($142.99 in chips) 
Seat 4: nikalas22 ($100 in chips) 
Seat 5: whlzor ($128.73 in chips) 
Seat 6: dreimis190 ($105.41 in chips) 
whlzor: posts small blind $0.50
dreimis190: posts big blind $1
*** HOLE CARDS ***
Imparator1978: raises $1 to $2
v.sting: folds 
SorinS28: raises $6 to $8
nikalas22: folds 
whlzor: folds 
dreimis190: folds 
Imparator1978: calls $6
*** FLOP *** [Tc Th 5c]
Imparator1978: checks 
SorinS28: bets $8.31
Imparator1978: calls $8.31
*** TURN *** [Tc Th 5c] [6s]
Imparator1978: checks 
SorinS28: bets $21.71
Imparator1978: folds 
Uncalled bet ($21.71) returned to SorinS28
SorinS28 collected $32.41 from pot
SorinS28: doesn't show hand 
*** SUMMARY ***
Total pot $34.12 | Rake $1.71 
Board [Tc Th 5c 6s]
Seat 1: Imparator1978 folded on the Turn
Seat 2: v.sting folded before Flop (didn't bet)
Seat 3: SorinS28 collected ($32.41)
Seat 4: nikalas22 (button) folded before Flop (didn't bet)
Seat 5: whlzor (small blind) folded before Flop
Seat 6: dreimis190 (big blind) folded before Flop



PokerStars Hand #254194391995:  Hold'em No Limit ($0.50/$1.00 USD) - 2025/01/04 19:20:01 WET [2025/01/04 14:20:01 ET]
Table 'Cybele III' 6-max Seat #5 is the button
Seat 1: Imparator1978 ($101.92 in chips) 
Seat 2: v.sting ($121.84 in chips) 
Seat 3: SorinS28 ($159.09 in chips) 
Seat 4: nikalas22 ($100 in chips) 
Seat 5: whlzor ($128.23 in chips) 
Seat 6: dreimis190 ($104.41 in chips) 
dreimis190: posts small blind $0.50
Imparator1978: posts big blind $1
*** HOLE CARDS ***
v.sting: folds 
SorinS28: folds 
nikalas22: folds 
whlzor: folds 
dreimis190: raises $1.50 to $2.50
Imparator1978: calls $1.50
*** FLOP *** [5d Ad Ac]
dreimis190: bets $1.07
Imparator1978: folds 
Uncalled bet ($1.07) returned to dreimis190
dreimis190 collected $4.75 from pot
dreimis190: doesn't show hand 
*** SUMMARY ***
Total pot $5 | Rake $0.25 
Board [5d Ad Ac]
Seat 1: Imparator1978 (big blind) folded on the Flop
Seat 2: v.sting folded before Flop (didn't bet)
Seat 3: SorinS28 folded before Flop (didn't bet)
Seat 4: nikalas22 folded before Flop (didn't bet)
Seat 5: whlzor (button) folded before Flop (didn't bet)
Seat 6: dreimis190 (small blind) collected ($4.75)



PokerStars Hand #254194402747:  Hold'em No Limit ($0.50/$1.00 USD) - 2025/01/04 19:20:34 WET [2025/01/04 14:20:34 ET]
Table 'Cybele III' 6-max Seat #6 is the button
Seat 1: Imparator1978 ($99.42 in chips) 
Seat 2: v.sting ($121.84 in chips) 
Seat 3: SorinS28 ($159.09 in chips) 
Seat 4: nikalas22 ($100 in chips) 
Seat 5: whlzor ($128.23 in chips) 
Seat 6: dreimis190 ($106.66 in chips) 
Imparator1978: posts small blind $0.50
v.sting: posts big blind $1
*** HOLE CARDS ***
SorinS28: raises $1.05 to $2.05
nikalas22: folds 
whlzor: folds 
dreimis190: folds 
Imparator1978: folds 
v.sting: folds 
Uncalled bet ($1.05) returned to SorinS28
SorinS28 collected $2.50 from pot
SorinS28: doesn't show hand 
*** SUMMARY ***
Total pot $2.50 | Rake $0 
Seat 1: Imparator1978 (small blind) folded before Flop
Seat 2: v.sting (big blind) folded before Flop
Seat 3: SorinS28 collected ($2.50)
Seat 4: nikalas22 folded before Flop (didn't bet)
Seat 5: whlzor folded before Flop (didn't bet)
Seat 6: dreimis190 (button) folded before Flop (didn't bet)



PokerStars Hand #254194408933:  Hold'em No Limit ($0.50/$1.00 USD) - 2025/01/04 19:20:52 WET [2025/01/04 14:20:52 ET]
Table 'Cybele III' 6-max Seat #1 is the button
Seat 1: Imparator1978 ($98.92 in chips) 
Seat 2: v.sting ($120.84 in chips) 
Seat 3: SorinS28 ($160.59 in chips) 
Seat 4: nikalas22 ($100 in chips) 
Seat 5: whlzor ($128.23 in chips) 
Seat 6: dreimis190 ($106.66 in chips) 
v.sting: posts small blind $0.50
SorinS28: posts big blind $1
*** HOLE CARDS ***
nikalas22: folds 
whlzor: raises $1.50 to $2.50
dreimis190: folds 
Imparator1978: raises $3.50 to $6
v.sting: folds 
SorinS28: folds 
whlzor: calls $3.50
*** FLOP *** [5h Kh 9h]
whlzor: checks 
Imparator1978: bets $6.41
whlzor: folds 
Uncalled bet ($6.41) returned to Imparator1978
Imparator1978 collected $12.65 from pot
*** SUMMARY ***
Total pot $13.50 | Rake $0.85 
Board [5h Kh 9h]
Seat 1: Imparator1978 (button) collected ($12.65)
Seat 2: v.sting (small blind) folded before Flop
Seat 3: SorinS28 (big blind) folded before Flop
Seat 4: nikalas22 folded before Flop (didn't bet)
Seat 5: whlzor folded on the Flop
Seat 6: dreimis190 folded before Flop (didn't bet)



PokerStars Hand #254194427590:  Hold'em No Limit ($0.50/$1.00 USD) - 2025/01/04 19:21:47 WET [2025/01/04 14:21:47 ET]
Table 'Cybele III' 6-max Seat #2 is the button
Seat 1: Imparator1978 ($105.57 in chips) 
Seat 2: v.sting ($120.34 in chips) 
Seat 3: SorinS28 ($159.59 in chips) 
Seat 4: nikalas22 ($100 in chips) 
Seat 5: whlzor ($122.23 in chips) 
Seat 6: dreimis190 ($106.66 in chips) 
SorinS28: posts small blind $0.50
nikalas22: posts big blind $1
*** HOLE CARDS ***
whlzor: raises $1.50 to $2.50
dreimis190: folds 
Imparator1978: folds 
v.sting: folds 
SorinS28: folds 
nikalas22: folds 
Uncalled bet ($1.50) returned to whlzor
whlzor collected $2.50 from pot
whlzor: doesn't show hand 
*** SUMMARY ***
Total pot $2.50 | Rake $0 
Seat 1: Imparator1978 folded before Flop (didn't bet)
Seat 2: v.sting (button) folded before Flop (didn't bet)
Seat 3: SorinS28 (small blind) folded before Flop
Seat 4: nikalas22 (big blind) folded before Flop
Seat 5: whlzor collected ($2.50)
Seat 6: dreimis190 folded before Flop (didn't bet)



PokerStars Hand #254194434197:  Hold'em No Limit ($0.50/$1.00 USD) - 2025/01/04 19:22:07 WET [2025/01/04 14:22:07 ET]
Table 'Cybele III' 6-max Seat #3 is the button
Seat 1: Imparator1978 ($105.57 in chips) 
Seat 2: v.sting ($120.34 in chips) 
Seat 3: SorinS28 ($159.09 in chips) 
Seat 4: nikalas22 ($100 in chips) 
Seat 5: whlzor ($123.73 in chips) 
Seat 6: dreimis190 ($106.66 in chips) 
nikalas22: posts small blind $0.50
whlzor: posts big blind $1
*** HOLE CARDS ***
dreimis190: folds 
Imparator1978: raises $2 to $3
v.sting: folds 
SorinS28: folds 
nikalas22: folds 
whlzor: folds 
Uncalled bet ($2) returned to Imparator1978
Imparator1978 collected $2.50 from pot
*** SUMMARY ***
Total pot $2.50 | Rake $0 
Seat 1: Imparator1978 collected ($2.50)
Seat 2: v.sting folded before Flop (didn't bet)
Seat 3: SorinS28 (button) folded before Flop (didn't bet)
Seat 4: nikalas22 (small blind) folded before Flop
Seat 5: whlzor (big blind) folded before Flop
Seat 6: dreimis190 folded before Flop (didn't bet)



PokerStars Hand #254194441721:  Hold'em No Limit ($0.50/$1.00 USD) - 2025/01/04 19:22:29 WET [2025/01/04 14:22:29 ET]
Table 'Cybele III' 6-max Seat #4 is the button
Seat 1: Imparator1978 ($107.07 in chips) 
Seat 2: v.sting ($120.34 in chips) 
Seat 3: SorinS28 ($159.09 in chips) 
Seat 4: nikalas22 ($100 in chips) 
Seat 5: whlzor ($122.73 in chips) 
Seat 6: dreimis190 ($106.66 in chips) 
whlzor: posts small blind $0.50
dreimis190: posts big blind $1
*** HOLE CARDS ***
Imparator1978: folds 
v.sting: folds 
SorinS28: raises $1.30 to $2.30
nikalas22: folds 
whlzor: folds 
dreimis190: raises $9.20 to $11.50
SorinS28: calls $9.20
*** FLOP *** [Qc Kc Ad]
dreimis190: bets $5.37
SorinS28: calls $5.37
*** TURN *** [Qc Kc Ad] [Jc]
dreimis190: checks 
SorinS28: checks 
*** RIVER *** [Qc Kc Ad Jc] [Tc]
dreimis190: checks 
SorinS28: bets $32.20
dreimis190: raises $57.59 to $89.79 and is all-in
SorinS28: folds 
Uncalled bet ($57.59) returned to dreimis190
dreimis190 collected $96.14 from pot
dreimis190: doesn't show hand 
*** SUMMARY ***
Total pot $98.64 | Rake $2.50 
Board [Qc Kc Ad Jc Tc]
Seat 1: Imparator1978 folded before Flop (didn't bet)
Seat 2: v.sting folded before Flop (didn't bet)
Seat 3: SorinS28 folded on the River
Seat 4: nikalas22 (button) folded before Flop (didn't bet)
Seat 5: whlzor (small blind) folded before Flop
Seat 6: dreimis190 (big blind) collected ($96.14)



PokerStars Hand #254194491225:  Hold'em No Limit ($0.50/$1.00 USD) - 2025/01/04 19:24:55 WET [2025/01/04 14:24:55 ET]
Table 'Cybele III' 6-max Seat #5 is the button
Seat 1: Imparator1978 ($107.07 in chips) 
Seat 2: v.sting ($120.34 in chips) 
Seat 3: SorinS28 ($110.02 in chips) 
Seat 4: nikalas22 ($100 in chips) 
Seat 5: whlzor ($122.23 in chips) 
Seat 6: dreimis190 ($153.73 in chips) 
dreimis190: posts small blind $0.50
Imparator1978: posts big blind $1
*** HOLE CARDS ***
v.sting: folds 
SorinS28: folds 
nikalas22: folds 
whlzor: folds 
dreimis190: folds 
Uncalled bet ($0.50) returned to Imparator1978
Imparator1978 collected $1 from pot
*** SUMMARY ***
Total pot $1 | Rake $0 
Seat 1: Imparator1978 (big blind) collected ($1)
Seat 2: v.sting folded before Flop (didn't bet)
Seat 3: SorinS28 folded before Flop (didn't bet)
Seat 4: nikalas22 folded before Flop (didn't bet)
Seat 5: whlzor (button) folded before Flop (didn't bet)
Seat 6: dreimis190 (small blind) folded before Flop



PokerStars Hand #254194496757:  Hold'em No Limit ($0.50/$1.00 USD) - 2025/01/04 19:25:12 WET [2025/01/04 14:25:12 ET]
Table 'Cybele III' 6-max Seat #6 is the button
Seat 1: Imparator1978 ($107.57 in chips) 
Seat 2: v.sting ($120.34 in chips) 
Seat 3: SorinS28 ($110.02 in chips) 
Seat 4: nikalas22 ($100 in chips) 
Seat 5: whlzor ($122.23 in chips) 
Seat 6: dreimis190 ($153.23 in chips) 
Imparator1978: posts small blind $0.50
v.sting: posts big blind $1
*** HOLE CARDS ***
SorinS28: folds 
SorinS28 leaves the table
nikalas22: raises $1.50 to $2.50
whlzor: folds 
dreimis190: folds 
Imparator1978: raises $6 to $8.50
v.sting: folds 
nikalas22: folds 
Uncalled bet ($6) returned to Imparator1978
BoyLoc0 joins the table at seat #3 
Imparator1978 collected $6 from pot
*** SUMMARY ***
Total pot $6 | Rake $0 
Seat 1: Imparator1978 (small blind) collected ($6)
Seat 2: v.sting (big blind) folded before Flop
Seat 3: SorinS28 folded before Flop (didn't bet)
Seat 4: nikalas22 folded before Flop
Seat 5: whlzor folded before Flop (didn't bet)
Seat 6: dreimis190 (button) folded before Flop (didn't bet)



PokerStars Hand #254194502769:  Hold'em No Limit ($0.50/$1.00 USD) - 2025/01/04 19:25:30 WET [2025/01/04 14:25:30 ET]
Table 'Cybele III' 6-max Seat #1 is the button
Seat 4: nikalas22 ($100 in chips) is sitting out
Seat 1: Imparator1978 ($111.07 in chips) 
Seat 2: v.sting ($119.34 in chips) 
Seat 3: BoyLoc0 ($100 in chips) 
Seat 5: whlzor ($122.23 in chips) 
Seat 6: dreimis190 ($153.23 in chips) 
v.sting: posts small blind $0.50
BoyLoc0: posts big blind $1
*** HOLE CARDS ***
whlzor: folds 
nikalas22 leaves the table
dreimis190: folds 
Imparator1978: folds 
v.sting: raises $2 to $3
BoyLoc0: folds 
Uncalled bet ($2) returned to v.sting
v.sting collected $2 from pot
v.sting: doesn't show hand 
*** SUMMARY ***
Total pot $2 | Rake $0 
Seat 4: nikalas22
Seat 1: Imparator1978 (button) folded before Flop (didn't bet)
Seat 2: v.sting (small blind) collected ($2)
Seat 3: BoyLoc0 (big blind) folded before Flop
Seat 5: whlzor folded before Flop (didn't bet)
Seat 6: dreimis190 folded before Flop (didn't bet)



PokerStars Hand #254194509416:  Hold'em No Limit ($0.50/$1.00 USD) - 2025/01/04 19:25:49 WET [2025/01/04 14:25:49 ET]
Table 'Cybele III' 6-max Seat #2 is the button
Seat 1: Imparator1978 ($111.07 in chips) 
Seat 2: v.sting ($120.34 in chips) 
Seat 3: BoyLoc0 ($100 in chips) 
Seat 5: whlzor ($122.23 in chips) 
Seat 6: dreimis190 ($153.23 in chips) 
BoyLoc0: posts small blind $0.50
whlzor: posts big blind $1
*** HOLE CARDS ***
dreimis190: folds 
Imparator1978: folds 
v.sting: folds 
BoyLoc0: folds 
Uncalled bet ($0.50) returned to whlzor
shootingGRID joins the table at seat #4 
whlzor collected $1 from pot
whlzor: doesn't show hand 
*** SUMMARY ***
Total pot $1 | Rake $0 
Seat 1: Imparator1978 folded before Flop (didn't bet)
Seat 2: v.sting (button) folded before Flop (didn't bet)
Seat 3: BoyLoc0 (small blind) folded before Flop
Seat 5: whlzor (big blind) collected ($1)
Seat 6: dreimis190 folded before Flop (didn't bet)



PokerStars Hand #254194514950:  Hold'em No Limit ($0.50/$1.00 USD) - 2025/01/04 19:26:06 WET [2025/01/04 14:26:06 ET]
Table 'Cybele III' 6-max Seat #3 is the button
Seat 4: shootingGRID ($100 in chips) is sitting out
Seat 1: Imparator1978 ($111.07 in chips) 
Seat 2: v.sting ($120.34 in chips) 
Seat 3: BoyLoc0 ($100 in chips) 
Seat 5: whlzor ($122.73 in chips) 
Seat 6: dreimis190 ($153.23 in chips) 
whlzor: posts small blind $0.50
dreimis190: posts big blind $1
*** HOLE CARDS ***
Imparator1978: folds 
v.sting: raises $1.50 to $2.50
BoyLoc0: raises $5 to $7.50
whlzor: raises $14.50 to $22
dreimis190: folds 
v.sting: raises $98.34 to $120.34 and is all-in
BoyLoc0: folds 
whlzor: folds 
Uncalled bet ($98.34) returned to v.sting
v.sting collected $52.50 from pot
v.sting: doesn't show hand 
*** SUMMARY ***
Total pot $52.50 | Rake $0 
Seat 4: shootingGRID
Seat 1: Imparator1978 folded before Flop (didn't bet)
Seat 2: v.sting collected ($52.50)
Seat 3: BoyLoc0 (button) folded before Flop
Seat 5: whlzor (small blind) folded before Flop
Seat 6: dreimis190 (big blind) folded before Flop



PokerStars Hand #254194533128:  Hold'em No Limit ($0.50/$1.00 USD) - 2025/01/04 19:27:00 WET [2025/01/04 14:27:00 ET]
Table 'Cybele III' 6-max Seat #5 is the button
Seat 4: shootingGRID ($100 in chips) is sitting out
Seat 1: Imparator1978 ($111.07 in chips) 
Seat 2: v.sting ($150.84 in chips) 
Seat 3: BoyLoc0 ($100 in chips) 
Seat 5: whlzor ($100.73 in chips) 
Seat 6: dreimis190 ($152.23 in chips) 
dreimis190: posts small blind $0.50
Imparator1978: posts big blind $1
shootingGRID: sits out 
*** HOLE CARDS ***
v.sting: folds 
BoyLoc0: folds 
whlzor: folds 
dreimis190: folds 
Uncalled bet ($0.50) returned to Imparator1978
Imparator1978 collected $1 from pot
*** SUMMARY ***
Total pot $1 | Rake $0 
Seat 4: shootingGRID
Seat 1: Imparator1978 (big blind) collected ($1)
Seat 2: v.sting folded before Flop (didn't bet)
Seat 3: BoyLoc0 folded before Flop (didn't bet)
Seat 5: whlzor (button) folded before Flop (didn't bet)
Seat 6: dreimis190 (small blind) folded before Flop



PokerStars Hand #254194535786:  Hold'em No Limit ($0.50/$1.00 USD) - 2025/01/04 19:27:08 WET [2025/01/04 14:27:08 ET]
Table 'Cybele III' 6-max Seat #6 is the button
Seat 4: shootingGRID ($100 in chips) is sitting out
Seat 1: Imparator1978 ($111.57 in chips) 
Seat 2: v.sting ($150.84 in chips) 
Seat 3: BoyLoc0 ($100 in chips) 
Seat 5: whlzor ($100.73 in chips) 
Seat 6: dreimis190 ($151.73 in chips) 
Imparator1978: posts small blind $0.50
v.sting: posts big blind $1
shootingGRID: sits out 
*** HOLE CARDS ***
BoyLoc0: folds 
whlzor: folds 
dreimis190: folds 
Imparator1978: raises $1 to $2
v.sting: calls $1
*** FLOP *** [Tc 2s 3h]
Imparator1978: bets $1
v.sting: calls $1
*** TURN *** [Tc 2s 3h] [9h]
Imparator1978: bets $1
v.sting: calls $1
*** RIVER *** [Tc 2s 3h 9h] [6d]
Imparator1978: bets $3.80
v.sting: folds 
Uncalled bet ($3.80) returned to Imparator1978
Imparator1978 collected $7.50 from pot
*** SUMMARY ***
Total pot $8 | Rake $0.50 
Board [Tc 2s 3h 9h 6d]
Seat 4: shootingGRID
Seat 1: Imparator1978 (small blind) collected ($7.50)
Seat 2: v.sting (big blind) folded on the River
Seat 3: BoyLoc0 folded before Flop (didn't bet)
Seat 5: whlzor folded before Flop (didn't bet)
Seat 6: dreimis190 (button) folded before Flop (didn't bet)



PokerStars Hand #254194545061:  Hold'em No Limit ($0.50/$1.00 USD) - 2025/01/04 19:27:35 WET [2025/01/04 14:27:35 ET]
Table 'Cybele III' 6-max Seat #1 is the button
Seat 4: shootingGRID ($100 in chips) is sitting out
Seat 1: Imparator1978 ($115.07 in chips) 
Seat 2: v.sting ($146.84 in chips) 
Seat 3: BoyLoc0 ($100 in chips) 
Seat 5: whlzor ($100.73 in chips) 
Seat 6: dreimis190 ($151.73 in chips) 
v.sting: posts small blind $0.50
BoyLoc0: posts big blind $1
shootingGRID: sits out 
*** HOLE CARDS ***
whlzor: folds 
dreimis190: folds 
Imparator1978: folds 
v.sting: folds 
Uncalled bet ($0.50) returned to BoyLoc0
BoyLoc0 collected $1 from pot
BoyLoc0: doesn't show hand 
*** SUMMARY ***
Total pot $1 | Rake $0 
Seat 4: shootingGRID
Seat 1: Imparator1978 (button) folded before Flop (didn't bet)
Seat 2: v.sting (small blind) folded before Flop
Seat 3: BoyLoc0 (big blind) collected ($1)
Seat 5: whlzor folded before Flop (didn't bet)
Seat 6: dreimis190 folded before Flop (didn't bet)



PokerStars Hand #254194548108:  Hold'em No Limit ($0.50/$1.00 USD) - 2025/01/04 19:27:44 WET [2025/01/04 14:27:44 ET]
Table 'Cybele III' 6-max Seat #2 is the button
Seat 1: Imparator1978 ($115.07 in chips) 
Seat 2: v.sting ($146.34 in chips) 
Seat 3: BoyLoc0 ($100.50 in chips) 
Seat 4: shootingGRID ($100 in chips) 
Seat 5: whlzor ($100.73 in chips) 
Seat 6: dreimis190 ($151.73 in chips) 
BoyLoc0: posts small blind $0.50
shootingGRID: posts big blind $1
*** HOLE CARDS ***
whlzor: folds 
dreimis190: raises $1 to $2
Imparator1978: calls $2
v.sting: folds 
BoyLoc0: folds 
shootingGRID: folds 
*** FLOP *** [4h 4s As]
dreimis190: bets $2.61
Imparator1978: folds 
Uncalled bet ($2.61) returned to dreimis190
dreimis190 collected $5.22 from pot
dreimis190: doesn't show hand 
*** SUMMARY ***
Total pot $5.50 | Rake $0.28 
Board [4h 4s As]
Seat 1: Imparator1978 folded on the Flop
Seat 2: v.sting (button) folded before Flop (didn't bet)
Seat 3: BoyLoc0 (small blind) folded before Flop
Seat 4: shootingGRID (big blind) folded before Flop
Seat 5: whlzor folded before Flop (didn't bet)
Seat 6: dreimis190 collected ($5.22)



PokerStars Hand #254194556355:  Hold'em No Limit ($0.50/$1.00 USD) - 2025/01/04 19:28:09 WET [2025/01/04 14:28:09 ET]
Table 'Cybele III' 6-max Seat #3 is the button
Seat 1: Imparator1978 ($113.07 in chips) 
Seat 2: v.sting ($146.34 in chips) 
Seat 3: BoyLoc0 ($100 in chips) 
Seat 4: shootingGRID ($100 in chips) 
Seat 5: whlzor ($100.73 in chips) 
Seat 6: dreimis190 ($154.95 in chips) 
shootingGRID: posts small blind $0.50
whlzor: posts big blind $1
*** HOLE CARDS ***
dreimis190: folds 
Imparator1978: folds 
v.sting: raises $1.50 to $2.50
BoyLoc0: folds 
shootingGRID: folds 
whlzor: folds 
Uncalled bet ($1.50) returned to v.sting
v.sting collected $2.50 from pot
v.sting: doesn't show hand 
*** SUMMARY ***
Total pot $2.50 | Rake $0 
Seat 1: Imparator1978 folded before Flop (didn't bet)
Seat 2: v.sting collected ($2.50)
Seat 3: BoyLoc0 (button) folded before Flop (didn't bet)
Seat 4: shootingGRID (small blind) folded before Flop
Seat 5: whlzor (big blind) folded before Flop
Seat 6: dreimis190 folded before Flop (didn't bet)



PokerStars Hand #254194629285:  Hold'em No Limit ($0.50/$1.00 USD) - 2025/01/04 19:31:45 WET [2025/01/04 14:31:45 ET]
Table 'Cybele III' 6-max Seat #4 is the button
Seat 2: LuckyShikari ($100 in chips) is sitting out
Seat 1: Imparator1978 ($111.57 in chips) 
Seat 3: BoyLoc0 ($108.60 in chips) 
Seat 4: shootingGRID ($100 in chips) 
Seat 5: whlzor ($100.50 in chips) 
Seat 6: dreimis190 ($149.82 in chips) 
whlzor: posts small blind $0.50
dreimis190: posts big blind $1
LuckyShikari: sits out 
*** HOLE CARDS ***
Imparator1978: folds 
BoyLoc0: raises $1.50 to $2.50
shootingGRID: folds 
whlzor: folds 
dreimis190: calls $1.50
*** FLOP *** [Tc 7d 4s]
dreimis190: checks 
BoyLoc0: checks 
*** TURN *** [Tc 7d 4s] [2c]
dreimis190: bets $2.11
BoyLoc0: folds 
Uncalled bet ($2.11) returned to dreimis190
dreimis190 collected $5.22 from pot
dreimis190: doesn't show hand 
*** SUMMARY ***
Total pot $5.50 | Rake $0.28 
Board [Tc 7d 4s 2c]
Seat 2: LuckyShikari
Seat 1: Imparator1978 folded before Flop (didn't bet)
Seat 3: BoyLoc0 folded on the Turn
Seat 4: shootingGRID (button) folded before Flop (didn't bet)
Seat 5: whlzor (small blind) folded before Flop
Seat 6: dreimis190 (big blind) collected ($5.22)



PokerStars Hand #254194642617:  Hold'em No Limit ($0.50/$1.00 USD) - 2025/01/04 19:32:24 WET [2025/01/04 14:32:24 ET]
Table 'Cybele III' 6-max Seat #5 is the button
Seat 2: LuckyShikari ($100 in chips) is sitting out
Seat 1: Imparator1978 ($111.57 in chips) 
Seat 3: BoyLoc0 ($106.10 in chips) 
Seat 4: shootingGRID ($100 in chips) 
Seat 5: whlzor ($100 in chips) 
Seat 6: dreimis190 ($152.54 in chips) 
dreimis190: posts small blind $0.50
Imparator1978: posts big blind $1
LuckyShikari: sits out 
*** HOLE CARDS ***
BoyLoc0: folds 
shootingGRID: folds 
whlzor: raises $2 to $3
dreimis190: folds 
Imparator1978: calls $2
*** FLOP *** [4d 7c Qs]
Imparator1978: checks 
whlzor: bets $2.04
Imparator1978: calls $2.04
*** TURN *** [4d 7c Qs] [Ac]
Imparator1978: checks 
whlzor: bets $5.03
Imparator1978: folds 
Uncalled bet ($5.03) returned to whlzor
whlzor collected $10.05 from pot
whlzor: doesn't show hand 
*** SUMMARY ***
Total pot $10.58 | Rake $0.53 
Board [4d 7c Qs Ac]
Seat 2: LuckyShikari
Seat 1: Imparator1978 (big blind) folded on the Turn
Seat 3: BoyLoc0 folded before Flop (didn't bet)
Seat 4: shootingGRID folded before Flop (didn't bet)
Seat 5: whlzor (button) collected ($10.05)
Seat 6: dreimis190 (small blind) folded before Flop



PokerStars Hand #254194654096:  Hold'em No Limit ($0.50/$1.00 USD) - 2025/01/04 19:32:57 WET [2025/01/04 14:32:57 ET]
Table 'Cybele III' 6-max Seat #6 is the button
Seat 1: Imparator1978 ($106.53 in chips) 
Seat 2: LuckyShikari ($100 in chips) 
Seat 3: BoyLoc0 ($106.10 in chips) 
Seat 4: shootingGRID ($100 in chips) 
Seat 5: whlzor ($105.01 in chips) 
Seat 6: dreimis190 ($152.04 in chips) 
Imparator1978: posts small blind $0.50
LuckyShikari: posts big blind $1
*** HOLE CARDS ***
BoyLoc0: folds 
shootingGRID: raises $1.25 to $2.25
whlzor: folds 
dreimis190: calls $2.25
Imparator1978: folds 
LuckyShikari: folds 
*** FLOP *** [Jd 7s 6d]
shootingGRID: checks 
dreimis190: checks 
*** TURN *** [Jd 7s 6d] [4s]
shootingGRID: bets $4.28
dreimis190: calls $4.28
*** RIVER *** [Jd 7s 6d 4s] [Qh]
shootingGRID: checks 
dreimis190: checks 
*** SHOW DOWN ***
shootingGRID: shows [Tc Jc] (a pair of Jacks)
dreimis190: mucks hand 
shootingGRID collected $13.83 from pot
*** SUMMARY ***
Total pot $14.56 | Rake $0.73 
Board [Jd 7s 6d 4s Qh]
Seat 1: Imparator1978 (small blind) folded before Flop
Seat 2: LuckyShikari (big blind) folded before Flop
Seat 3: BoyLoc0 folded before Flop (didn't bet)
Seat 4: shootingGRID showed [Tc Jc] and won ($13.83) with a pair of Jacks
Seat 5: whlzor folded before Flop (didn't bet)
Seat 6: dreimis190 (button) mucked



PokerStars Hand #254194678408:  Hold'em No Limit ($0.50/$1.00 USD) - 2025/01/04 19:34:08 WET [2025/01/04 14:34:08 ET]
Table 'Cybele III' 6-max Seat #1 is the button
Seat 1: Imparator1978 ($106.03 in chips) 
Seat 2: LuckyShikari ($100 in chips) 
Seat 3: BoyLoc0 ($106.10 in chips) 
Seat 4: shootingGRID ($107.30 in chips) 
Seat 5: whlzor ($105.01 in chips) 
Seat 6: dreimis190 ($145.51 in chips) 
LuckyShikari: posts small blind $0.50
BoyLoc0: posts big blind $1
*** HOLE CARDS ***
shootingGRID: folds 
whlzor: folds 
dreimis190: folds 
Imparator1978: raises $1 to $2
LuckyShikari: folds 
BoyLoc0: folds 
Uncalled bet ($1) returned to Imparator1978
Imparator1978 collected $2.50 from pot
*** SUMMARY ***
Total pot $2.50 | Rake $0 
Seat 1: Imparator1978 (button) collected ($2.50)
Seat 2: LuckyShikari (small blind) folded before Flop
Seat 3: BoyLoc0 (big blind) folded before Flop
Seat 4: shootingGRID folded before Flop (didn't bet)
Seat 5: whlzor folded before Flop (didn't bet)
Seat 6: dreimis190 folded before Flop (didn't bet)



PokerStars Hand #254194683468:  Hold'em No Limit ($0.50/$1.00 USD) - 2025/01/04 19:34:23 WET [2025/01/04 14:34:23 ET]
Table 'Cybele III' 6-max Seat #2 is the button
Seat 1: Imparator1978 ($107.53 in chips) 
Seat 2: LuckyShikari ($100 in chips) 
Seat 3: BoyLoc0 ($105.10 in chips) 
Seat 4: shootingGRID ($107.30 in chips) 
Seat 5: whlzor ($105.01 in chips) 
Seat 6: dreimis190 ($145.51 in chips) 
BoyLoc0: posts small blind $0.50
shootingGRID: posts big blind $1
*** HOLE CARDS ***
whlzor: raises $1.50 to $2.50
dreimis190: folds 
Imparator1978: folds 
LuckyShikari: folds 
BoyLoc0: folds 
shootingGRID: folds 
Uncalled bet ($1.50) returned to whlzor
whlzor collected $2.50 from pot
whlzor: doesn't show hand 
*** SUMMARY ***
Total pot $2.50 | Rake $0 
Seat 1: Imparator1978 folded before Flop (didn't bet)
Seat 2: LuckyShikari (button) folded before Flop (didn't bet)
Seat 3: BoyLoc0 (small blind) folded before Flop
Seat 4: shootingGRID (big blind) folded before Flop
Seat 5: whlzor collected ($2.50)
Seat 6: dreimis190 folded before Flop (didn't bet)



PokerStars Hand #254194691549:  Hold'em No Limit ($0.50/$1.00 USD) - 2025/01/04 19:34:47 WET [2025/01/04 14:34:47 ET]
Table 'Cybele III' 6-max Seat #3 is the button
Seat 1: Imparator1978 ($107.53 in chips) 
Seat 2: LuckyShikari ($100 in chips) 
Seat 3: BoyLoc0 ($104.60 in chips) 
Seat 4: shootingGRID ($106.30 in chips) 
Seat 5: whlzor ($106.51 in chips) 
Seat 6: dreimis190 ($145.51 in chips) 
shootingGRID: posts small blind $0.50
whlzor: posts big blind $1
*** HOLE CARDS ***
dreimis190: folds 
Imparator1978: folds 
LuckyShikari: folds 
BoyLoc0: raises $1.50 to $2.50
shootingGRID: folds 
whlzor: folds 
Uncalled bet ($1.50) returned to BoyLoc0
BoyLoc0 collected $2.50 from pot
BoyLoc0: doesn't show hand 
*** SUMMARY ***
Total pot $2.50 | Rake $0 
Seat 1: Imparator1978 folded before Flop (didn't bet)
Seat 2: LuckyShikari folded before Flop (didn't bet)
Seat 3: BoyLoc0 (button) collected ($2.50)
Seat 4: shootingGRID (small blind) folded before Flop
Seat 5: whlzor (big blind) folded before Flop
Seat 6: dreimis190 folded before Flop (didn't bet)



PokerStars Hand #254194699472:  Hold'em No Limit ($0.50/$1.00 USD) - 2025/01/04 19:35:10 WET [2025/01/04 14:35:10 ET]
Table 'Cybele III' 6-max Seat #4 is the button
Seat 1: Imparator1978 ($107.53 in chips) 
Seat 2: LuckyShikari ($100 in chips) 
Seat 3: BoyLoc0 ($106.10 in chips) 
Seat 4: shootingGRID ($105.80 in chips) 
Seat 5: whlzor ($105.51 in chips) 
Seat 6: dreimis190 ($145.51 in chips) 
whlzor: posts small blind $0.50
dreimis190: posts big blind $1
*** HOLE CARDS ***
Imparator1978: raises $1 to $2
LuckyShikari: folds 
BoyLoc0: folds 
shootingGRID: folds 
whlzor: folds 
dreimis190: calls $1
*** FLOP *** [Ad 4c Jc]
dreimis190: checks 
Imparator1978: checks 
*** TURN *** [Ad 4c Jc] [3h]
dreimis190: checks 
Imparator1978: checks 
*** RIVER *** [Ad 4c Jc 3h] [7h]
dreimis190: bets $3.21
Imparator1978: folds 
Uncalled bet ($3.21) returned to dreimis190
dreimis190 collected $4.28 from pot
dreimis190: doesn't show hand 
*** SUMMARY ***
Total pot $4.50 | Rake $0.22 
Board [Ad 4c Jc 3h 7h]
Seat 1: Imparator1978 folded on the River
Seat 2: LuckyShikari folded before Flop (didn't bet)
Seat 3: BoyLoc0 folded before Flop (didn't bet)
Seat 4: shootingGRID (button) folded before Flop (didn't bet)
Seat 5: whlzor (small blind) folded before Flop
Seat 6: dreimis190 (big blind) collected ($4.28)



PokerStars Hand #254194710694:  Hold'em No Limit ($0.50/$1.00 USD) - 2025/01/04 19:35:44 WET [2025/01/04 14:35:44 ET]
Table 'Cybele III' 6-max Seat #5 is the button
Seat 1: Imparator1978 ($105.53 in chips) 
Seat 2: LuckyShikari ($100 in chips) 
Seat 3: BoyLoc0 ($106.10 in chips) 
Seat 4: shootingGRID ($105.80 in chips) 
Seat 5: whlzor ($105.01 in chips) 
Seat 6: dreimis190 ($147.79 in chips) 
dreimis190: posts small blind $0.50
Imparator1978: posts big blind $1
*** HOLE CARDS ***
LuckyShikari: folds 
BoyLoc0: raises $1.50 to $2.50
shootingGRID: raises $5 to $7.50
whlzor: raises $10.50 to $18
dreimis190: folds 
Imparator1978: folds 
BoyLoc0: folds 
shootingGRID: folds 
Uncalled bet ($10.50) returned to whlzor
whlzor collected $19 from pot
whlzor: doesn't show hand 
*** SUMMARY ***
Total pot $19 | Rake $0 
Seat 1: Imparator1978 (big blind) folded before Flop
Seat 2: LuckyShikari folded before Flop (didn't bet)
Seat 3: BoyLoc0 folded before Flop
Seat 4: shootingGRID folded before Flop
Seat 5: whlzor (button) collected ($19)
Seat 6: dreimis190 (small blind) folded before Flop



PokerStars Hand #254194724022:  Hold'em No Limit ($0.50/$1.00 USD) - 2025/01/04 19:36:23 WET [2025/01/04 14:36:23 ET]
Table 'Cybele III' 6-max Seat #6 is the button
Seat 1: Imparator1978 ($104.53 in chips) 
Seat 2: LuckyShikari ($100 in chips) 
Seat 3: BoyLoc0 ($103.60 in chips) 
Seat 4: shootingGRID ($100 in chips) 
Seat 5: whlzor ($116.51 in chips) 
Seat 6: dreimis190 ($147.29 in chips) 
Imparator1978: posts small blind $0.50
LuckyShikari: posts big blind $1
*** HOLE CARDS ***
BoyLoc0: folds 
shootingGRID: raises $1.25 to $2.25
whlzor: folds 
dreimis190: folds 
Imparator1978: calls $1.75
LuckyShikari: calls $1.25
*** FLOP *** [Kc Ts 9d]
Imparator1978: checks 
LuckyShikari: checks 
shootingGRID: bets $3.21
Imparator1978: calls $3.21
LuckyShikari: calls $3.21
*** TURN *** [Kc Ts 9d] [6s]
Imparator1978: checks 
LuckyShikari: checks 
shootingGRID: bets $23
Imparator1978: folds 
LuckyShikari: folds 
Uncalled bet ($23) returned to shootingGRID
shootingGRID collected $15.56 from pot
*** SUMMARY ***
Total pot $16.38 | Rake $0.82 
Board [Kc Ts 9d 6s]
Seat 1: Imparator1978 (small blind) folded on the Turn
Seat 2: LuckyShikari (big blind) folded on the Turn
Seat 3: BoyLoc0 folded before Flop (didn't bet)
Seat 4: shootingGRID collected ($15.56)
Seat 5: whlzor folded before Flop (didn't bet)
Seat 6: dreimis190 (button) folded before Flop (didn't bet)



PokerStars Hand #254194744575:  Hold'em No Limit ($0.50/$1.00 USD) - 2025/01/04 19:37:24 WET [2025/01/04 14:37:24 ET]
Table 'Cybele III' 6-max Seat #1 is the button
Seat 1: Imparator1978 ($99.07 in chips) 
Seat 2: LuckyShikari ($100 in chips) 
Seat 3: BoyLoc0 ($103.60 in chips) 
Seat 4: shootingGRID ($110.10 in chips) 
Seat 5: whlzor ($116.51 in chips) 
Seat 6: dreimis190 ($147.29 in chips) 
LuckyShikari: posts small blind $0.50
BoyLoc0: posts big blind $1
*** HOLE CARDS ***
shootingGRID: raises $1.25 to $2.25
whlzor: raises $6.25 to $8.50
dreimis190: folds 
Imparator1978: folds 
LuckyShikari: folds 
BoyLoc0: folds 
shootingGRID: folds 
Uncalled bet ($6.25) returned to whlzor
whlzor collected $6 from pot
whlzor: doesn't show hand 
*** SUMMARY ***
Total pot $6 | Rake $0 
Seat 1: Imparator1978 (button) folded before Flop (didn't bet)
Seat 2: LuckyShikari (small blind) folded before Flop
Seat 3: BoyLoc0 (big blind) folded before Flop
Seat 4: shootingGRID folded before Flop
Seat 5: whlzor collected ($6)
Seat 6: dreimis190 folded before Flop (didn't bet)



PokerStars Hand #254194752866:  Hold'em No Limit ($0.50/$1.00 USD) - 2025/01/04 19:37:49 WET [2025/01/04 14:37:49 ET]
Table 'Cybele III' 6-max Seat #2 is the button
Seat 1: Imparator1978 ($99.07 in chips) 
Seat 2: LuckyShikari ($100 in chips) 
Seat 3: BoyLoc0 ($102.60 in chips) 
Seat 4: shootingGRID ($107.85 in chips) 
Seat 5: whlzor ($120.26 in chips) 
Seat 6: dreimis190 ($147.29 in chips) 
BoyLoc0: posts small blind $0.50
shootingGRID: posts big blind $1
*** HOLE CARDS ***
whlzor: raises $1.50 to $2.50
dreimis190: raises $5 to $7.50
Imparator1978: folds 
LuckyShikari: folds 
BoyLoc0: folds 
shootingGRID: folds 
whlzor: folds 
Uncalled bet ($5) returned to dreimis190
dreimis190 collected $6.50 from pot
dreimis190: doesn't show hand 
*** SUMMARY ***
Total pot $6.50 | Rake $0 
Seat 1: Imparator1978 folded before Flop (didn't bet)
Seat 2: LuckyShikari (button) folded before Flop (didn't bet)
Seat 3: BoyLoc0 (small blind) folded before Flop
Seat 4: shootingGRID (big blind) folded before Flop
Seat 5: whlzor folded before Flop
Seat 6: dreimis190 collected ($6.50)



PokerStars Hand #254194761536:  Hold'em No Limit ($0.50/$1.00 USD) - 2025/01/04 19:38:15 WET [2025/01/04 14:38:15 ET]
Table 'Cybele III' 6-max Seat #3 is the button
Seat 1: Imparator1978 ($99.07 in chips) 
Seat 2: LuckyShikari ($100 in chips) 
Seat 3: BoyLoc0 ($102.10 in chips) 
Seat 4: shootingGRID ($106.85 in chips) 
Seat 5: whlzor ($117.76 in chips) 
Seat 6: dreimis190 ($151.29 in chips) 
shootingGRID: posts small blind $0.50
whlzor: posts big blind $1
*** HOLE CARDS ***
dreimis190: raises $1 to $2
Imparator1978: calls $2
LuckyShikari: folds 
BoyLoc0: folds 
shootingGRID: folds 
whlzor: folds 
*** FLOP *** [Ah 8s 7h]
dreimis190: bets $2.11
Imparator1978: folds 
Uncalled bet ($2.11) returned to dreimis190
dreimis190 collected $5.22 from pot
dreimis190: doesn't show hand 
*** SUMMARY ***
Total pot $5.50 | Rake $0.28 
Board [Ah 8s 7h]
Seat 1: Imparator1978 folded on the Flop
Seat 2: LuckyShikari folded before Flop (didn't bet)
Seat 3: BoyLoc0 (button) folded before Flop (didn't bet)
Seat 4: shootingGRID (small blind) folded before Flop
Seat 5: whlzor (big blind) folded before Flop
Seat 6: dreimis190 collected ($5.22)



PokerStars Hand #254194768028:  Hold'em No Limit ($0.50/$1.00 USD) - 2025/01/04 19:38:34 WET [2025/01/04 14:38:34 ET]
Table 'Cybele III' 6-max Seat #4 is the button
Seat 1: Imparator1978 ($97.07 in chips) 
Seat 2: LuckyShikari ($100 in chips) 
Seat 3: BoyLoc0 ($102.10 in chips) 
Seat 4: shootingGRID ($106.35 in chips) 
Seat 5: whlzor ($116.76 in chips) 
Seat 6: dreimis190 ($154.51 in chips) 
whlzor: posts small blind $0.50
dreimis190: posts big blind $1
*** HOLE CARDS ***
Imparator1978: raises $1 to $2
LuckyShikari: folds 
BoyLoc0: folds 
shootingGRID: raises $5.50 to $7.50
whlzor: folds 
dreimis190: folds 
Imparator1978: folds 
Uncalled bet ($5.50) returned to shootingGRID
shootingGRID collected $5.50 from pot
*** SUMMARY ***
Total pot $5.50 | Rake $0 
Seat 1: Imparator1978 folded before Flop
Seat 2: LuckyShikari folded before Flop (didn't bet)
Seat 3: BoyLoc0 folded before Flop (didn't bet)
Seat 4: shootingGRID (button) collected ($5.50)
Seat 5: whlzor (small blind) folded before Flop
Seat 6: dreimis190 (big blind) folded before Flop



PokerStars Hand #254194773489:  Hold'em No Limit ($0.50/$1.00 USD) - 2025/01/04 19:38:50 WET [2025/01/04 14:38:50 ET]
Table 'Cybele III' 6-max Seat #5 is the button
Seat 1: Imparator1978 ($95.07 in chips) 
Seat 2: LuckyShikari ($100 in chips) 
Seat 3: BoyLoc0 ($102.10 in chips) 
Seat 4: shootingGRID ($109.85 in chips) 
Seat 5: whlzor ($116.26 in chips) 
Seat 6: dreimis190 ($153.51 in chips) 
dreimis190: posts small blind $0.50
Imparator1978: posts big blind $1
*** HOLE CARDS ***
LuckyShikari: folds 
BoyLoc0: folds 
shootingGRID: raises $1.25 to $2.25
whlzor: raises $6.25 to $8.50
dreimis190: folds 
Imparator1978: raises $19.75 to $28.25
shootingGRID: folds 
whlzor: raises $88.01 to $116.26 and is all-in
Imparator1978: calls $66.82 and is all-in
Uncalled bet ($21.19) returned to whlzor
*** FLOP *** [9h Qc 9s]
*** TURN *** [9h Qc 9s] [5c]
*** RIVER *** [9h Qc 9s 5c] [7s]
*** SHOW DOWN ***
Imparator1978: shows [Tc Th] (two pair, Tens and Nines)
whlzor: shows [Jh Jc] (two pair, Jacks and Nines)
whlzor collected $190.39 from pot
Imparator1978 cashed out the hand for $32.33 | Cash Out Fee $0.66
*** SUMMARY ***
Total pot $192.89 | Rake $2.50 
Board [9h Qc 9s 5c 7s]
Seat 1: Imparator1978 (big blind) showed [Tc Th] and lost with two pair, Tens and Nines (cashed out).
Seat 2: LuckyShikari folded before Flop (didn't bet)
Seat 3: BoyLoc0 folded before Flop (didn't bet)
Seat 4: shootingGRID folded before Flop
Seat 5: whlzor (button) showed [Jh Jc] and won ($190.39) with two pair, Jacks and Nines
Seat 6: dreimis190 (small blind) folded before Flop



PokerStars Hand #254194796249:  Hold'em No Limit ($0.50/$1.00 USD) - 2025/01/04 19:39:58 WET [2025/01/04 14:39:58 ET]
Table 'Cybele III' 6-max Seat #6 is the button
Seat 1: Imparator1978 ($32.33 in chips) 
Seat 2: LuckyShikari ($100 in chips) 
Seat 3: BoyLoc0 ($102.10 in chips) 
Seat 4: shootingGRID ($107.60 in chips) 
Seat 5: whlzor ($211.58 in chips) 
Seat 6: dreimis190 ($153.01 in chips) 
Imparator1978: posts small blind $0.50
LuckyShikari: posts big blind $1
*** HOLE CARDS ***
BoyLoc0: raises $1.50 to $2.50
shootingGRID: folds 
whlzor: folds 
dreimis190: folds 
Imparator1978: raises $6 to $8.50
LuckyShikari: folds 
BoyLoc0: calls $6
*** FLOP *** [2c Ks 5s]
Imparator1978: bets $23.83 and is all-in
BoyLoc0: folds 
Uncalled bet ($23.83) returned to Imparator1978
Imparator1978 collected $16.88 from pot
*** SUMMARY ***
Total pot $18 | Rake $1.12 
Board [2c Ks 5s]
Seat 1: Imparator1978 (small blind) collected ($16.88)
Seat 2: LuckyShikari (big blind) folded before Flop
Seat 3: BoyLoc0 folded on the Flop
Seat 4: shootingGRID folded before Flop (didn't bet)
Seat 5: whlzor folded before Flop (didn't bet)
Seat 6: dreimis190 (button) folded before Flop (didn't bet)



PokerStars Hand #254194806015:  Hold'em No Limit ($0.50/$1.00 USD) - 2025/01/04 19:40:27 WET [2025/01/04 14:40:27 ET]
Table 'Cybele III' 6-max Seat #1 is the button
Seat 1: Imparator1978 ($40.71 in chips) 
Seat 2: LuckyShikari ($100 in chips) 
Seat 3: BoyLoc0 ($100 in chips) 
Seat 4: shootingGRID ($107.60 in chips) 
Seat 5: whlzor ($211.58 in chips) 
Seat 6: dreimis190 ($153.01 in chips) 
LuckyShikari: posts small blind $0.50
BoyLoc0: posts big blind $1
*** HOLE CARDS ***
shootingGRID: raises $1.25 to $2.25
whlzor: folds 
dreimis190: folds 
Imparator1978: raises $6 to $8.25
LuckyShikari: folds 
BoyLoc0: folds 
shootingGRID: raises $99.35 to $107.60 and is all-in
Imparator1978: calls $32.46 and is all-in
Uncalled bet ($66.89) returned to shootingGRID
*** FLOP *** [Ks 6d 7s]
*** TURN *** [Ks 6d 7s] [Th]
*** RIVER *** [Ks 6d 7s Th] [3d]
*** SHOW DOWN ***
shootingGRID: shows [7d 7c] (three of a kind, Sevens)
Imparator1978: shows [5h 6h] (a pair of Sixes)
shootingGRID collected $80.42 from pot
Imparator1978 cashed out the hand for $15.18 | Cash Out Fee $0.31
*** SUMMARY ***
Total pot $82.92 | Rake $2.50 
Board [Ks 6d 7s Th 3d]
Seat 1: Imparator1978 (button) showed [5h 6h] and lost with a pair of Sixes (cashed out).
Seat 2: LuckyShikari (small blind) folded before Flop
Seat 3: BoyLoc0 (big blind) folded before Flop
Seat 4: shootingGRID showed [7d 7c] and won ($80.42) with three of a kind, Sevens
Seat 5: whlzor folded before Flop (didn't bet)
Seat 6: dreimis190 folded before Flop (didn't bet)



PokerStars Hand #254194815592:  Hold'em No Limit ($0.50/$1.00 USD) - 2025/01/04 19:40:56 WET [2025/01/04 14:40:56 ET]
Table 'Cybele III' 6-max Seat #2 is the button
Seat 1: Imparator1978 ($15.18 in chips) 
Seat 2: LuckyShikari ($100 in chips) 
Seat 3: BoyLoc0 ($100 in chips) 
Seat 4: shootingGRID ($147.31 in chips) 
Seat 5: whlzor ($211.58 in chips) 
Seat 6: dreimis190 ($153.01 in chips) 
BoyLoc0: posts small blind $0.50
shootingGRID: posts big blind $1
*** HOLE CARDS ***
whlzor: raises $1.50 to $2.50
dreimis190: folds 
Imparator1978: raises $12.68 to $15.18 and is all-in
LuckyShikari: folds 
BoyLoc0: folds 
shootingGRID: folds 
whlzor: calls $12.68
*** FLOP *** [Kd Kc 4d]
*** TURN *** [Kd Kc 4d] [Qd]
*** RIVER *** [Kd Kc 4d Qd] [8s]
*** SHOW DOWN ***
whlzor: shows [7h 7c] (two pair, Kings and Sevens)
Imparator1978: shows [Ks Qh] (a full house, Kings full of Queens)
Imparator1978 collected $29.87 from pot
*** SUMMARY ***
Total pot $31.86 | Rake $1.99 
Board [Kd Kc 4d Qd 8s]
Seat 1: Imparator1978 showed [Ks Qh] and won ($29.87) with a full house, Kings full of Queens
Seat 2: LuckyShikari (button) folded before Flop (didn't bet)
Seat 3: BoyLoc0 (small blind) folded before Flop
Seat 4: shootingGRID (big blind) folded before Flop
Seat 5: whlzor showed [7h 7c] and lost with two pair, Kings and Sevens
Seat 6: dreimis190 folded before Flop (didn't bet)



PokerStars Hand #254194827351:  Hold'em No Limit ($0.50/$1.00 USD) - 2025/01/04 19:41:31 WET [2025/01/04 14:41:31 ET]
Table 'Cybele III' 6-max Seat #3 is the button
Seat 1: Imparator1978 ($29.87 in chips) 
Seat 2: LuckyShikari ($100 in chips) 
Seat 3: BoyLoc0 ($100 in chips) 
Seat 4: shootingGRID ($146.31 in chips) 
Seat 5: whlzor ($196.40 in chips) 
Seat 6: dreimis190 ($153.01 in chips) 
shootingGRID: posts small blind $0.50
whlzor: posts big blind $1
*** HOLE CARDS ***
dreimis190: folds 
Imparator1978: folds 
LuckyShikari: folds 
BoyLoc0: raises $1.50 to $2.50
shootingGRID: folds 
whlzor: folds 
Uncalled bet ($1.50) returned to BoyLoc0
BoyLoc0 collected $2.50 from pot
BoyLoc0: doesn't show hand 
*** SUMMARY ***
Total pot $2.50 | Rake $0 
Seat 1: Imparator1978 folded before Flop (didn't bet)
Seat 2: LuckyShikari folded before Flop (didn't bet)
Seat 3: BoyLoc0 (button) collected ($2.50)
Seat 4: shootingGRID (small blind) folded before Flop
Seat 5: whlzor (big blind) folded before Flop
Seat 6: dreimis190 folded before Flop (didn't bet)



PokerStars Hand #254194833053:  Hold'em No Limit ($0.50/$1.00 USD) - 2025/01/04 19:41:48 WET [2025/01/04 14:41:48 ET]
Table 'Cybele III' 6-max Seat #4 is the button
Seat 1: Imparator1978 ($29.87 in chips) 
Seat 2: LuckyShikari ($100 in chips) 
Seat 3: BoyLoc0 ($101.50 in chips) 
Seat 4: shootingGRID ($145.81 in chips) 
Seat 5: whlzor ($195.40 in chips) 
Seat 6: dreimis190 ($153.01 in chips) 
whlzor: posts small blind $0.50
dreimis190: posts big blind $1
*** HOLE CARDS ***
Imparator1978: folds 
LuckyShikari: folds 
BoyLoc0: folds 
shootingGRID: folds 
whlzor: folds 
Uncalled bet ($0.50) returned to dreimis190
dreimis190 collected $1 from pot
dreimis190: doesn't show hand 
*** SUMMARY ***
Total pot $1 | Rake $0 
Seat 1: Imparator1978 folded before Flop (didn't bet)
Seat 2: LuckyShikari folded before Flop (didn't bet)
Seat 3: BoyLoc0 folded before Flop (didn't bet)
Seat 4: shootingGRID (button) folded before Flop (didn't bet)
Seat 5: whlzor (small blind) folded before Flop
Seat 6: dreimis190 (big blind) collected ($1)



PokerStars Hand #254194838281:  Hold'em No Limit ($0.50/$1.00 USD) - 2025/01/04 19:42:03 WET [2025/01/04 14:42:03 ET]
Table 'Cybele III' 6-max Seat #5 is the button
Seat 1: Imparator1978 ($29.87 in chips) 
Seat 2: LuckyShikari ($100 in chips) 
Seat 3: BoyLoc0 ($101.50 in chips) 
Seat 4: shootingGRID ($145.81 in chips) 
Seat 5: whlzor ($194.90 in chips) 
Seat 6: dreimis190 ($153.51 in chips) 
dreimis190: posts small blind $0.50
Imparator1978: posts big blind $1
*** HOLE CARDS ***
LuckyShikari: folds 
BoyLoc0: folds 
shootingGRID: folds 
whlzor: raises $1 to $2
dreimis190: folds 
Imparator1978: raises $27.87 to $29.87 and is all-in
whlzor: folds 
Uncalled bet ($27.87) returned to Imparator1978
Imparator1978 collected $4.50 from pot
*** SUMMARY ***
Total pot $4.50 | Rake $0 
Seat 1: Imparator1978 (big blind) collected ($4.50)
Seat 2: LuckyShikari folded before Flop (didn't bet)
Seat 3: BoyLoc0 folded before Flop (didn't bet)
Seat 4: shootingGRID folded before Flop (didn't bet)
Seat 5: whlzor (button) folded before Flop
Seat 6: dreimis190 (small blind) folded before Flop



PokerStars Hand #254194844218:  Hold'em No Limit ($0.50/$1.00 USD) - 2025/01/04 19:42:21 WET [2025/01/04 14:42:21 ET]
Table 'Cybele III' 6-max Seat #6 is the button
Seat 1: Imparator1978 ($32.37 in chips) 
Seat 2: LuckyShikari ($100 in chips) 
Seat 3: BoyLoc0 ($101.50 in chips) 
Seat 4: shootingGRID ($145.81 in chips) 
Seat 5: whlzor ($192.90 in chips) 
Seat 6: dreimis190 ($153.01 in chips) 
Imparator1978: posts small blind $0.50
LuckyShikari: posts big blind $1
*** HOLE CARDS ***
BoyLoc0: folds 
shootingGRID: folds 
whlzor: folds 
dreimis190: raises $1 to $2
Imparator1978: raises $30.37 to $32.37 and is all-in
LuckyShikari: raises $67.63 to $100 and is all-in
dreimis190: folds 
Uncalled bet ($67.63) returned to LuckyShikari
*** FLOP *** [6h Ts Kd]
*** TURN *** [6h Ts Kd] [Td]
*** RIVER *** [6h Ts Kd Td] [9c]
*** SHOW DOWN ***
Imparator1978: shows [Qh Kc] (two pair, Kings and Tens)
LuckyShikari: shows [Jc Ac] (a pair of Tens)
Imparator1978 collected $63.62 from pot
*** SUMMARY ***
Total pot $66.74 | Rake $3.12 
Board [6h Ts Kd Td 9c]
Seat 1: Imparator1978 (small blind) showed [Qh Kc] and won ($63.62) with two pair, Kings and Tens
Seat 2: LuckyShikari (big blind) showed [Jc Ac] and lost with a pair of Tens
Seat 3: BoyLoc0 folded before Flop (didn't bet)
Seat 4: shootingGRID folded before Flop (didn't bet)
Seat 5: whlzor folded before Flop (didn't bet)
Seat 6: dreimis190 (button) folded before Flop



PokerStars Hand #254194855582:  Hold'em No Limit ($0.50/$1.00 USD) - 2025/01/04 19:42:55 WET [2025/01/04 14:42:55 ET]
Table 'Cybele III' 6-max Seat #1 is the button
Seat 1: Imparator1978 ($63.62 in chips) 
Seat 2: LuckyShikari ($100 in chips) 
Seat 3: BoyLoc0 ($101.50 in chips) 
Seat 4: shootingGRID ($145.81 in chips) 
Seat 5: whlzor ($192.90 in chips) 
Seat 6: dreimis190 ($151.01 in chips) 
LuckyShikari: posts small blind $0.50
BoyLoc0: posts big blind $1
*** HOLE CARDS ***
shootingGRID: folds 
whlzor: folds 
dreimis190: folds 
Imparator1978: raises $2.50 to $3.50
LuckyShikari: folds 
BoyLoc0: raises $10.50 to $14
Imparator1978: raises $49.62 to $63.62 and is all-in
BoyLoc0: calls $49.62
*** FLOP *** [Ks 6c Ad]
*** TURN *** [Ks 6c Ad] [As]
*** RIVER *** [Ks 6c Ad As] [6d]
*** SHOW DOWN ***
BoyLoc0: shows [Tc Td] (two pair, Aces and Tens)
Imparator1978: shows [Qd Ah] (a full house, Aces full of Sixes)
Imparator1978 collected $124.62 from pot
*** SUMMARY ***
Total pot $127.74 | Rake $3.12 
Board [Ks 6c Ad As 6d]
Seat 1: Imparator1978 (button) showed [Qd Ah] and won ($124.62) with a full house, Aces full of Sixes
Seat 2: LuckyShikari (small blind) folded before Flop
Seat 3: BoyLoc0 (big blind) showed [Tc Td] and lost with two pair, Aces and Tens
Seat 4: shootingGRID folded before Flop (didn't bet)
Seat 5: whlzor folded before Flop (didn't bet)
Seat 6: dreimis190 folded before Flop (didn't bet)



PokerStars Hand #254194865699:  Hold'em No Limit ($0.50/$1.00 USD) - 2025/01/04 19:43:25 WET [2025/01/04 14:43:25 ET]
Table 'Cybele III' 6-max Seat #2 is the button
Seat 1: Imparator1978 ($124.62 in chips) 
Seat 2: LuckyShikari ($100 in chips) 
Seat 3: BoyLoc0 ($100 in chips) 
Seat 4: shootingGRID ($145.81 in chips) 
Seat 5: whlzor ($192.90 in chips) 
Seat 6: dreimis190 ($151.01 in chips) 
BoyLoc0: posts small blind $0.50
shootingGRID: posts big blind $1
*** HOLE CARDS ***
whlzor: folds 
dreimis190: folds 
Imparator1978: raises $2.50 to $3.50
LuckyShikari: folds 
BoyLoc0: folds 
shootingGRID: calls $2.50
*** FLOP *** [3h 4s 3s]
shootingGRID: checks 
Imparator1978: bets $7.12
shootingGRID: calls $7.12
*** TURN *** [3h 4s 3s] [Jd]
shootingGRID: checks 
Imparator1978: bets $20.65
shootingGRID: calls $20.65
*** RIVER *** [3h 4s 3s Jd] [Jc]
shootingGRID: checks 
Imparator1978: checks 
*** SHOW DOWN ***
shootingGRID: shows [6h 5d] (two pair, Jacks and Threes)
Imparator1978: shows [Qd Qs] (two pair, Queens and Jacks)
Imparator1978 collected $59.92 from pot
*** SUMMARY ***
Total pot $63.04 | Rake $3.12 
Board [3h 4s 3s Jd Jc]
Seat 1: Imparator1978 showed [Qd Qs] and won ($59.92) with two pair, Queens and Jacks
Seat 2: LuckyShikari (button) folded before Flop (didn't bet)
Seat 3: BoyLoc0 (small blind) folded before Flop
Seat 4: shootingGRID (big blind) showed [6h 5d] and lost with two pair, Jacks and Threes
Seat 5: whlzor folded before Flop (didn't bet)
Seat 6: dreimis190 folded before Flop (didn't bet)



PokerStars Hand #254194881807:  Hold'em No Limit ($0.50/$1.00 USD) - 2025/01/04 19:44:13 WET [2025/01/04 14:44:13 ET]
Table 'Cybele III' 6-max Seat #3 is the button
Seat 1: Imparator1978 ($153.27 in chips) 
Seat 2: LuckyShikari ($100 in chips) 
Seat 3: BoyLoc0 ($100 in chips) 
Seat 4: shootingGRID ($114.54 in chips) 
Seat 5: whlzor ($192.90 in chips) 
Seat 6: dreimis190 ($151.01 in chips) 
shootingGRID: posts small blind $0.50
whlzor: posts big blind $1
*** HOLE CARDS ***
dreimis190: raises $1 to $2
Imparator1978: calls $2
LuckyShikari: folds 
BoyLoc0: folds 
shootingGRID: folds 
whlzor: folds 
*** FLOP *** [Kd Jd Th]
dreimis190: checks 
Imparator1978: checks 
*** TURN *** [Kd Jd Th] [8s]
dreimis190: checks 
Imparator1978: bets $5.22
dreimis190: calls $5.22
*** RIVER *** [Kd Jd Th 8s] [Qd]
dreimis190: checks 
Imparator1978: bets $15.14
dreimis190: calls $15.14
*** SHOW DOWN ***
Imparator1978: shows [7d 6d] (a flush, King high)
dreimis190: mucks hand 
Imparator1978 collected $43.33 from pot
*** SUMMARY ***
Total pot $46.22 | Rake $2.89 
Board [Kd Jd Th 8s Qd]
Seat 1: Imparator1978 showed [7d 6d] and won ($43.33) with a flush, King high
Seat 2: LuckyShikari folded before Flop (didn't bet)
Seat 3: BoyLoc0 (button) folded before Flop (didn't bet)
Seat 4: shootingGRID (small blind) folded before Flop
Seat 5: whlzor (big blind) folded before Flop
Seat 6: dreimis190 mucked



PokerStars Hand #254194909521:  Hold'em No Limit ($0.50/$1.00 USD) - 2025/01/04 19:45:35 WET [2025/01/04 14:45:35 ET]
Table 'Cybele III' 6-max Seat #4 is the button
Seat 1: Imparator1978 ($174.24 in chips) 
Seat 2: LuckyShikari ($100 in chips) 
Seat 3: BoyLoc0 ($100 in chips) 
Seat 4: shootingGRID ($114.04 in chips) 
Seat 5: whlzor ($191.90 in chips) 
Seat 6: dreimis190 ($128.65 in chips) 
whlzor: posts small blind $0.50
dreimis190: posts big blind $1
*** HOLE CARDS ***
Imparator1978 is disconnected 
Imparator1978 has timed out while disconnected
Imparator1978: folds 
LuckyShikari: folds 
BoyLoc0: folds 
shootingGRID: raises $1.25 to $2.25
whlzor: folds 
dreimis190: folds 
Uncalled bet ($1.25) returned to shootingGRID
shootingGRID collected $2.50 from pot
*** SUMMARY ***
Total pot $2.50 | Rake $0 
Seat 1: Imparator1978 folded before Flop (didn't bet)
Seat 2: LuckyShikari folded before Flop (didn't bet)
Seat 3: BoyLoc0 folded before Flop (didn't bet)
Seat 4: shootingGRID (button) collected ($2.50)
Seat 5: whlzor (small blind) folded before Flop
Seat 6: dreimis190 (big blind) folded before Flop



PokerStars Hand #254194916588:  Hold'em No Limit ($0.50/$1.00 USD) - 2025/01/04 19:45:56 WET [2025/01/04 14:45:56 ET]
Table 'Cybele III' 6-max Seat #5 is the button
Seat 1: Imparator1978 ($174.24 in chips) is sitting out
Seat 2: LuckyShikari ($100 in chips) is sitting out
Seat 3: BoyLoc0 ($100 in chips) 
Seat 4: shootingGRID ($115.54 in chips) 
Seat 5: whlzor ($191.40 in chips) 
Seat 6: dreimis190 ($127.65 in chips) 
dreimis190: posts small blind $0.50
LuckyShikari: is sitting out 
BoyLoc0: posts big blind $1
*** HOLE CARDS ***
shootingGRID: folds 
whlzor: folds 
dreimis190: raises $2 to $3
BoyLoc0: raises $7 to $10
dreimis190: folds 
Uncalled bet ($7) returned to BoyLoc0
BoyLoc0 collected $6 from pot
BoyLoc0: doesn't show hand 
*** SUMMARY ***
Total pot $6 | Rake $0 
Seat 1: Imparator1978
Seat 2: LuckyShikari
Seat 3: BoyLoc0 (big blind) collected ($6)
Seat 4: shootingGRID folded before Flop (didn't bet)
Seat 5: whlzor (button) folded before Flop (didn't bet)
Seat 6: dreimis190 (small blind) folded before Flop



PokerStars Hand #254194927486:  Hold'em No Limit ($0.50/$1.00 USD) - 2025/01/04 19:46:29 WET [2025/01/04 14:46:29 ET]
Table 'Cybele III' 6-max Seat #6 is the button
Seat 1: Imparator1978 ($174.24 in chips) is sitting out
Seat 2: LuckyShikari ($100 in chips) is sitting out
Seat 3: BoyLoc0 ($103 in chips) 
Seat 4: shootingGRID ($115.54 in chips) 
Seat 5: whlzor ($191.40 in chips) 
Seat 6: dreimis190 ($124.65 in chips) 
BoyLoc0: posts small blind $0.50
shootingGRID: posts big blind $1
*** HOLE CARDS ***
whlzor: folds 
dreimis190: folds 
BoyLoc0: folds 
Uncalled bet ($0.50) returned to shootingGRID
shootingGRID collected $1 from pot
*** SUMMARY ***
Total pot $1 | Rake $0 
Seat 1: Imparator1978
Seat 2: LuckyShikari
Seat 3: BoyLoc0 (small blind) folded before Flop
Seat 4: shootingGRID (big blind) collected ($1)
Seat 5: whlzor folded before Flop (didn't bet)
Seat 6: dreimis190 (button) folded before Flop (didn't bet)



PokerStars Hand #254194929621:  Hold'em No Limit ($0.50/$1.00 USD) - 2025/01/04 19:46:35 WET [2025/01/04 14:46:35 ET]
Table 'Cybele III' 6-max Seat #3 is the button
Seat 1: Imparator1978 ($174.24 in chips) is sitting out
Seat 2: LuckyShikari ($100 in chips) is sitting out
Seat 5: whlzor ($191.40 in chips) is sitting out
Seat 3: BoyLoc0 ($102.50 in chips) 
Seat 4: shootingGRID ($116.04 in chips) 
Seat 6: dreimis190 ($124.65 in chips) 
shootingGRID: posts small blind $0.50
whlzor: is sitting out 
dreimis190: posts big blind $1
*** HOLE CARDS ***
whlzor leaves the table
BoyLoc0: raises $1.50 to $2.50
shootingGRID: folds 
dreimis190: folds 
Uncalled bet ($1.50) returned to BoyLoc0
BoyLoc0 collected $2.50 from pot
BoyLoc0: doesn't show hand 
*** SUMMARY ***
Total pot $2.50 | Rake $0 
Seat 1: Imparator1978
Seat 2: LuckyShikari
Seat 5: whlzor
Seat 3: BoyLoc0 (button) collected ($2.50)
Seat 4: shootingGRID (small blind) folded before Flop
Seat 6: dreimis190 (big blind) folded before Flop



PokerStars Hand #254194935791:  Hold'em No Limit ($0.50/$1.00 USD) - 2025/01/04 19:46:53 WET [2025/01/04 14:46:53 ET]
Table 'Cybele III' 6-max Seat #4 is the button
Seat 1: Imparator1978 ($174.24 in chips) is sitting out
Seat 2: LuckyShikari ($100 in chips) is sitting out
Seat 3: BoyLoc0 ($104 in chips) 
Seat 4: shootingGRID ($115.54 in chips) 
Seat 6: dreimis190 ($123.65 in chips) 
dreimis190: posts small blind $0.50
BoyLoc0: posts big blind $1
*** HOLE CARDS ***
shootingGRID: raises $1.25 to $2.25
ka100pka527 joins the table at seat #5 
dreimis190: folds 
BoyLoc0: calls $1.25
*** FLOP *** [4h Qs 4s]
BoyLoc0: checks 
shootingGRID: bets $1.57
BoyLoc0: folds 
Uncalled bet ($1.57) returned to shootingGRID
shootingGRID collected $4.75 from pot
*** SUMMARY ***
Total pot $5 | Rake $0.25 
Board [4h Qs 4s]
Seat 1: Imparator1978
Seat 2: LuckyShikari
Seat 3: BoyLoc0 (big blind) folded on the Flop
Seat 4: shootingGRID (button) collected ($4.75)
Seat 6: dreimis190 (small blind) folded before Flop



PokerStars Hand #254194947675:  Hold'em No Limit ($0.50/$1.00 USD) - 2025/01/04 19:47:28 WET [2025/01/04 14:47:28 ET]
Table 'Cybele III' 6-max Seat #6 is the button
Seat 1: Imparator1978 ($174.24 in chips) is sitting out
Seat 2: LuckyShikari ($100 in chips) is sitting out
Seat 5: ka100pka527 ($100 in chips) is sitting out
Seat 3: BoyLoc0 ($101.75 in chips) 
Seat 4: shootingGRID ($118.04 in chips) 
Seat 6: dreimis190 ($123.15 in chips) 
BoyLoc0: posts small blind $0.50
shootingGRID: posts big blind $1
ka100pka527: sits out 
*** HOLE CARDS ***
dreimis190: folds 
BoyLoc0: raises $2 to $3
shootingGRID: folds 
Uncalled bet ($2) returned to BoyLoc0
BoyLoc0 collected $2 from pot
BoyLoc0: doesn't show hand 
*** SUMMARY ***
Total pot $2 | Rake $0 
Seat 1: Imparator1978
Seat 2: LuckyShikari
Seat 5: ka100pka527
Seat 3: BoyLoc0 (small blind) collected ($2)
Seat 4: shootingGRID (big blind) folded before Flop
Seat 6: dreimis190 (button) folded before Flop (didn't bet)



PokerStars Hand #254194953132:  Hold'em No Limit ($0.50/$1.00 USD) - 2025/01/04 19:47:44 WET [2025/01/04 14:47:44 ET]
Table 'Cybele III' 6-max Seat #3 is the button
Seat 1: Imparator1978 ($174.24 in chips) is sitting out
Seat 2: LuckyShikari ($100 in chips) is sitting out
Seat 3: BoyLoc0 ($102.75 in chips) 
Seat 4: shootingGRID ($117.04 in chips) 
Seat 5: ka100pka527 ($100 in chips) 
Seat 6: dreimis190 ($123.15 in chips) 
shootingGRID: posts small blind $0.50
ka100pka527: posts big blind $1
*** HOLE CARDS ***
dreimis190: folds 
BoyLoc0: raises $1.50 to $2.50
shootingGRID: raises $7.50 to $10
ka100pka527: folds 
BoyLoc0: raises $12 to $22
shootingGRID: calls $12
*** FLOP *** [5h Ah 9c]
shootingGRID: checks 
BoyLoc0: checks 
*** TURN *** [5h Ah 9c] [5c]
shootingGRID: bets $11.50
BoyLoc0: calls $11.50
*** RIVER *** [5h Ah 9c 5c] [9d]
shootingGRID: checks 
BoyLoc0: checks 
*** SHOW DOWN ***
shootingGRID: shows [Kh Th] (two pair, Nines and Fives)
BoyLoc0: shows [Jh Jc] (two pair, Jacks and Nines)
BoyLoc0 collected $67 from pot
*** SUMMARY ***
Total pot $68 | Rake $1 
Board [5h Ah 9c 5c 9d]
Seat 1: Imparator1978
Seat 2: LuckyShikari
Seat 3: BoyLoc0 (button) showed [Jh Jc] and won ($67) with two pair, Jacks and Nines
Seat 4: shootingGRID (small blind) showed [Kh Th] and lost with two pair, Nines and Fives
Seat 5: ka100pka527 (big blind) folded before Flop
Seat 6: dreimis190 folded before Flop (didn't bet)



PokerStars Hand #254194981656:  Hold'em No Limit ($0.50/$1.00 USD) - 2025/01/04 19:49:09 WET [2025/01/04 14:49:09 ET]
Table 'Cybele III' 6-max Seat #4 is the button
Seat 1: Imparator1978 ($174.24 in chips) is sitting out
Seat 2: LuckyShikari ($100 in chips) is sitting out
Seat 6: dreimis190 ($123.15 in chips) is sitting out
Seat 3: BoyLoc0 ($136.25 in chips) 
Seat 4: shootingGRID ($100 in chips) 
Seat 5: ka100pka527 ($100 in chips) 
ka100pka527: posts small blind $0.50
BoyLoc0: posts big blind $1
*** HOLE CARDS ***
shootingGRID: folds 
ka100pka527: raises $1.50 to $2.50
BoyLoc0: folds 
Uncalled bet ($1.50) returned to ka100pka527
ka100pka527 collected $2 from pot
ka100pka527: doesn't show hand 
*** SUMMARY ***
Total pot $2 | Rake $0 
Seat 1: Imparator1978
Seat 2: LuckyShikari
Seat 6: dreimis190
Seat 3: BoyLoc0 (big blind) folded before Flop
Seat 4: shootingGRID (button) folded before Flop (didn't bet)
Seat 5: ka100pka527 (small blind) collected ($2)



PokerStars Hand #254194985418:  Hold'em No Limit ($0.50/$1.00 USD) - 2025/01/04 19:49:20 WET [2025/01/04 14:49:20 ET]
Table 'Cybele III' 6-max Seat #5 is the button
Seat 1: Imparator1978 ($174.24 in chips) is sitting out
Seat 2: LuckyShikari ($100 in chips) is sitting out
Seat 6: dreimis190 ($123.15 in chips) is sitting out
Seat 3: BoyLoc0 ($135.25 in chips) 
Seat 4: shootingGRID ($100 in chips) 
Seat 5: ka100pka527 ($101 in chips) 
BoyLoc0: posts small blind $0.50
shootingGRID: posts big blind $1
*** HOLE CARDS ***
ka100pka527: folds 
dreimis190 leaves the table
BoyLoc0: raises $2 to $3
shootingGRID: raises $6 to $9
BoyLoc0: folds 
Uncalled bet ($6) returned to shootingGRID
XneferX joins the table at seat #6 
shootingGRID collected $6 from pot
*** SUMMARY ***
Total pot $6 | Rake $0 
Seat 1: Imparator1978
Seat 2: LuckyShikari
Seat 6: dreimis190
Seat 3: BoyLoc0 (small blind) folded before Flop
Seat 4: shootingGRID (big blind) collected ($6)
Seat 5: ka100pka527 (button) folded before Flop (didn't bet)



PokerStars Hand #254194994028:  Hold'em No Limit ($0.50/$1.00 USD) - 2025/01/04 19:49:45 WET [2025/01/04 14:49:45 ET]
Table 'Cybele III' 6-max Seat #3 is the button
Seat 1: Imparator1978 ($174.24 in chips) is sitting out
Seat 2: LuckyShikari ($100 in chips) is sitting out
Seat 6: XneferX ($100 in chips) is sitting out
Seat 3: BoyLoc0 ($132.25 in chips) 
Seat 4: shootingGRID ($103 in chips) 
Seat 5: ka100pka527 ($101 in chips) 
shootingGRID: posts small blind $0.50
ka100pka527: posts big blind $1
XneferX: sits out 
*** HOLE CARDS ***
BoyLoc0: raises $1.50 to $2.50
shootingGRID: folds 
ka100pka527: folds 
Uncalled bet ($1.50) returned to BoyLoc0
BoyLoc0 collected $2.50 from pot
BoyLoc0: doesn't show hand 
*** SUMMARY ***
Total pot $2.50 | Rake $0 
Seat 1: Imparator1978
Seat 2: LuckyShikari
Seat 6: XneferX
Seat 3: BoyLoc0 (button) collected ($2.50)
Seat 4: shootingGRID (small blind) folded before Flop
Seat 5: ka100pka527 (big blind) folded before Flop



PokerStars Hand #254195000417:  Hold'em No Limit ($0.50/$1.00 USD) - 2025/01/04 19:50:05 WET [2025/01/04 14:50:05 ET]
Table 'Cybele III' 6-max Seat #4 is the button
Seat 1: Imparator1978 ($174.24 in chips) is sitting out
Seat 2: LuckyShikari ($100 in chips) is sitting out
Seat 3: BoyLoc0 ($133.75 in chips) 
Seat 4: shootingGRID ($102.50 in chips) 
Seat 5: ka100pka527 ($100 in chips) 
Seat 6: XneferX ($100 in chips) 
ka100pka527: posts small blind $0.50
XneferX: posts big blind $1
*** HOLE CARDS ***
BoyLoc0: folds 
shootingGRID: raises $1.25 to $2.25
ka100pka527: raises $8.75 to $11
XneferX: folds 
shootingGRID: raises $13.20 to $24.20
ka100pka527: raises $75.80 to $100 and is all-in
shootingGRID: folds 
Uncalled bet ($75.80) returned to ka100pka527
ka100pka527 collected $49.40 from pot
ka100pka527: doesn't show hand 
*** SUMMARY ***
Total pot $49.40 | Rake $0 
Seat 1: Imparator1978
Seat 2: LuckyShikari
Seat 3: BoyLoc0 folded before Flop (didn't bet)
Seat 4: shootingGRID (button) folded before Flop
Seat 5: ka100pka527 (small blind) collected ($49.40)
Seat 6: XneferX (big blind) folded before Flop



PokerStars Hand #254195015640:  Hold'em No Limit ($0.50/$1.00 USD) - 2025/01/04 19:50:50 WET [2025/01/04 14:50:50 ET]
Table 'Cybele III' 6-max Seat #5 is the button
Seat 1: Imparator1978 ($174.24 in chips) is sitting out
Seat 2: LuckyShikari ($100 in chips) is sitting out
Seat 3: BoyLoc0 ($133.75 in chips) 
Seat 4: shootingGRID ($100 in chips) 
Seat 5: ka100pka527 ($125.20 in chips) 
Seat 6: XneferX ($100 in chips) 
XneferX: posts small blind $0.50
BoyLoc0: posts big blind $1
*** HOLE CARDS ***
shootingGRID: raises $1.25 to $2.25
ka100pka527: folds 
XneferX: folds 
BoyLoc0: calls $1.25
*** FLOP *** [7d 7s 6h]
BoyLoc0: checks 
shootingGRID: bets $1.57
BoyLoc0: raises $5.92 to $7.49
shootingGRID: folds 
Uncalled bet ($5.92) returned to BoyLoc0
BoyLoc0 collected $7.73 from pot
Imparator1978 leaves the table
BoyLoc0: doesn't show hand 
*** SUMMARY ***
Total pot $8.14 | Rake $0.41 
Board [7d 7s 6h]
Seat 1: Imparator1978
Seat 2: LuckyShikari
Seat 3: BoyLoc0 (big blind) collected ($7.73)
Seat 4: shootingGRID folded on the Flop
Seat 5: ka100pka527 (button) folded before Flop (didn't bet)
Seat 6: XneferX (small blind) folded before Flop



PokerStars Hand #254195027788:  Hold'em No Limit ($0.50/$1.00 USD) - 2025/01/04 19:51:26 WET [2025/01/04 14:51:26 ET]
Table 'Cybele III' 6-max Seat #6 is the button
Seat 2: LuckyShikari ($100 in chips) is sitting out
Seat 3: BoyLoc0 ($137.66 in chips) 
Seat 4: shootingGRID ($100 in chips) 
Seat 5: ka100pka527 ($125.20 in chips) 
Seat 6: XneferX ($100 in chips) 
BoyLoc0: posts small blind $0.50
shootingGRID: posts big blind $1
*** HOLE CARDS ***
ka100pka527: folds 
XneferX: folds 
BoyLoc0: raises $2 to $3
shootingGRID: folds 
Uncalled bet ($2) returned to BoyLoc0
BoyLoc0 collected $2 from pot
BoyLoc0: doesn't show hand 
*** SUMMARY ***
Total pot $2 | Rake $0 
Seat 2: LuckyShikari
Seat 3: BoyLoc0 (small blind) collected ($2)
Seat 4: shootingGRID (big blind) folded before Flop
Seat 5: ka100pka527 folded before Flop (didn't bet)
Seat 6: XneferX (button) folded before Flop (didn't bet)



PokerStars Hand #254195035731:  Hold'em No Limit ($0.50/$1.00 USD) - 2025/01/04 19:51:50 WET [2025/01/04 14:51:50 ET]
Table 'Cybele III' 6-max Seat #3 is the button
Seat 2: LuckyShikari ($100 in chips) is sitting out
Seat 3: BoyLoc0 ($138.66 in chips) 
Seat 4: shootingGRID ($100 in chips) 
Seat 5: ka100pka527 ($125.20 in chips) 
Seat 6: XneferX ($100 in chips) 
shootingGRID: posts small blind $0.50
ka100pka527: posts big blind $1
LuckyShikari: sits out 
*** HOLE CARDS ***
XneferX: folds 
BoyLoc0: folds 
shootingGRID: folds 
Uncalled bet ($0.50) returned to ka100pka527
ka100pka527 collected $1 from pot
ka100pka527: doesn't show hand 
*** SUMMARY ***
Total pot $1 | Rake $0 
Seat 2: LuckyShikari
Seat 3: BoyLoc0 (button) folded before Flop (didn't bet)
Seat 4: shootingGRID (small blind) folded before Flop
Seat 5: ka100pka527 (big blind) collected ($1)
Seat 6: XneferX folded before Flop (didn't bet)



PokerStars Hand #254195038535:  Hold'em No Limit ($0.50/$1.00 USD) - 2025/01/04 19:51:58 WET [2025/01/04 14:51:58 ET]
Table 'Cybele III' 6-max Seat #4 is the button
Seat 2: LuckyShikari ($100 in chips) is sitting out
Seat 3: BoyLoc0 ($138.66 in chips) 
Seat 4: shootingGRID ($100 in chips) 
Seat 5: ka100pka527 ($125.70 in chips) 
Seat 6: XneferX ($100 in chips) 
ka100pka527: posts small blind $0.50
XneferX: posts big blind $1
LuckyShikari: sits out 
*** HOLE CARDS ***
BoyLoc0: folds 
shootingGRID: folds 
ka100pka527: raises $1.50 to $2.50
XneferX: calls $1.50
*** FLOP *** [8h 2c 6d]
Joe_Carlos joins the table at seat #1 
ka100pka527: bets $1.57
XneferX: folds 
Uncalled bet ($1.57) returned to ka100pka527
ka100pka527 collected $4.75 from pot
ka100pka527: doesn't show hand 
*** SUMMARY ***
Total pot $5 | Rake $0.25 
Board [8h 2c 6d]
Seat 2: LuckyShikari
Seat 3: BoyLoc0 folded before Flop (didn't bet)
Seat 4: shootingGRID (button) folded before Flop (didn't bet)
Seat 5: ka100pka527 (small blind) collected ($4.75)
Seat 6: XneferX (big blind) folded on the Flop



PokerStars Hand #254195050168:  Hold'em No Limit ($0.50/$1.00 USD) - 2025/01/04 19:52:33 WET [2025/01/04 14:52:33 ET]
Table 'Cybele III' 6-max Seat #5 is the button
Seat 2: LuckyShikari ($100 in chips) is sitting out
Seat 1: Joe_Carlos ($100 in chips) 
Seat 3: BoyLoc0 ($138.66 in chips) 
Seat 4: shootingGRID ($100 in chips) 
Seat 5: ka100pka527 ($127.95 in chips) 
Seat 6: XneferX ($100 in chips) 
XneferX: posts small blind $0.50
Joe_Carlos: posts big blind $1
LuckyShikari: sits out 
*** HOLE CARDS ***
BoyLoc0: raises $1.50 to $2.50
shootingGRID: folds 
ka100pka527: calls $2.50
XneferX: folds 
Joe_Carlos: folds 
*** FLOP *** [Kh Qd 8s]
BoyLoc0: checks 
ka100pka527: checks 
*** TURN *** [Kh Qd 8s] [4d]
BoyLoc0: checks 
ka100pka527: bets $4.12
BoyLoc0: raises $10.82 to $14.94
ka100pka527: calls $10.82
*** RIVER *** [Kh Qd 8s 4d] [4c]
BoyLoc0: checks 
ka100pka527: checks 
*** SHOW DOWN ***
BoyLoc0: shows [Ad 8d] (two pair, Eights and Fours)
ka100pka527: mucks hand 
BoyLoc0 collected $34.56 from pot
*** SUMMARY ***
Total pot $36.38 | Rake $1.82 
Board [Kh Qd 8s 4d 4c]
Seat 2: LuckyShikari
Seat 1: Joe_Carlos (big blind) folded before Flop
Seat 3: BoyLoc0 showed [Ad 8d] and won ($34.56) with two pair, Eights and Fours
Seat 4: shootingGRID folded before Flop (didn't bet)
Seat 5: ka100pka527 (button) mucked
Seat 6: XneferX (small blind) folded before Flop



PokerStars Hand #254195082007:  Hold'em No Limit ($0.50/$1.00 USD) - 2025/01/04 19:54:09 WET [2025/01/04 14:54:09 ET]
Table 'Cybele III' 6-max Seat #6 is the button
Seat 1: Joe_Carlos ($99 in chips) 
Seat 2: LuckyShikari ($100 in chips) 
Seat 3: BoyLoc0 ($155.78 in chips) 
Seat 4: shootingGRID ($100 in chips) 
Seat 5: ka100pka527 ($110.51 in chips) 
Seat 6: XneferX ($100 in chips) 
Joe_Carlos: posts small blind $0.50
LuckyShikari: posts big blind $1
*** HOLE CARDS ***
BoyLoc0: folds 
shootingGRID: folds 
ka100pka527: folds 
XneferX: folds 
Joe_Carlos: folds 
Uncalled bet ($0.50) returned to LuckyShikari
LuckyShikari collected $1 from pot
LuckyShikari: doesn't show hand 
*** SUMMARY ***
Total pot $1 | Rake $0 
Seat 1: Joe_Carlos (small blind) folded before Flop
Seat 2: LuckyShikari (big blind) collected ($1)
Seat 3: BoyLoc0 folded before Flop (didn't bet)
Seat 4: shootingGRID folded before Flop (didn't bet)
Seat 5: ka100pka527 folded before Flop (didn't bet)
Seat 6: XneferX (button) folded before Flop (didn't bet)



PokerStars Hand #254195088132:  Hold'em No Limit ($0.50/$1.00 USD) - 2025/01/04 19:54:27 WET [2025/01/04 14:54:27 ET]
Table 'Cybele III' 6-max Seat #1 is the button
Seat 3: BoyLoc0 ($155.78 in chips) is sitting out
Seat 4: shootingGRID ($100 in chips) is sitting out
Seat 5: ka100pka527 ($110.51 in chips) is sitting out
Seat 1: Joe_Carlos ($98.50 in chips) 
Seat 2: LuckyShikari ($100.50 in chips) 
Seat 6: XneferX ($100 in chips) 
LuckyShikari: posts small blind $0.50
BoyLoc0: is sitting out 
shootingGRID: is sitting out 
ka100pka527: is sitting out 
shootingGRID leaves the table
XneferX: posts big blind $1
*** HOLE CARDS ***
BoyLoc0 leaves the table
Joe_Carlos: calls $1
LuckyShikari: raises $7 to $8
XneferX: folds 
ka100pka527 leaves the table
Joe_Carlos: calls $7
*** FLOP *** [Qh 7h 9s]
LuckyShikari: bets $14
Joe_Carlos: folds 
Uncalled bet ($14) returned to LuckyShikari
LuckyShikari collected $16.15 from pot
LuckyShikari: doesn't show hand 
*** SUMMARY ***
Total pot $17 | Rake $0.85 
Board [Qh 7h 9s]
Seat 3: BoyLoc0
Seat 4: shootingGRID
Seat 5: ka100pka527
Seat 1: Joe_Carlos (button) folded on the Flop
Seat 2: LuckyShikari (small blind) collected ($16.15)
Seat 6: XneferX (big blind) folded before Flop



PokerStars Hand #254195105852:  Hold'em No Limit ($0.50/$1.00 USD) - 2025/01/04 19:55:24 WET [2025/01/04 14:55:24 ET]
Table 'Cybele III' 6-max Seat #2 is the button
Seat 1: Joe_Carlos ($90.50 in chips) 
Seat 2: LuckyShikari ($108.65 in chips) 
Seat 6: XneferX ($100 in chips) 
XneferX: posts small blind $0.50
Joe_Carlos: posts big blind $1
*** HOLE CARDS ***
LuckyShikari: raises $1 to $2
XneferX: folds 
Joe_Carlos: folds 
Uncalled bet ($1) returned to LuckyShikari
LuckyShikari collected $2.50 from pot
LuckyShikari: doesn't show hand 
*** SUMMARY ***
Total pot $2.50 | Rake $0 
Seat 1: Joe_Carlos (big blind) folded before Flop
Seat 2: LuckyShikari (button) collected ($2.50)
Seat 6: XneferX (small blind) folded before Flop



PokerStars Hand #254195109168:  Hold'em No Limit ($0.50/$1.00 USD) - 2025/01/04 19:55:39 WET [2025/01/04 14:55:39 ET]
Table 'Cybele III' 6-max Seat #6 is the button
Seat 1: Joe_Carlos ($89.50 in chips) 
Seat 2: LuckyShikari ($110.15 in chips) 
Seat 6: XneferX ($100 in chips) 
Joe_Carlos: posts small blind $0.50
LuckyShikari: posts big blind $1
*** HOLE CARDS ***
XneferX: raises $1.85 to $2.85
Joe_Carlos: raises $5.70 to $8.55
LuckyShikari: folds 
XneferX: folds 
Uncalled bet ($5.70) returned to Joe_Carlos
Joe_Carlos collected $6.70 from pot
Joe_Carlos: doesn't show hand 
*** SUMMARY ***
Total pot $6.70 | Rake $0 
Seat 1: Joe_Carlos (small blind) collected ($6.70)
Seat 2: LuckyShikari (big blind) folded before Flop
Seat 6: XneferX (button) folded before Flop



PokerStars Hand #254195117593:  Hold'em No Limit ($0.50/$1.00 USD) - 2025/01/04 19:56:17 WET [2025/01/04 14:56:17 ET]
Table 'Cybele III' 6-max Seat #1 is the button
Seat 1: Joe_Carlos ($93.35 in chips) 
Seat 2: LuckyShikari ($109.15 in chips) 
Seat 6: XneferX ($100 in chips) 
LuckyShikari: posts small blind $0.50
XneferX: posts big blind $1
*** HOLE CARDS ***
Joe_Carlos: raises $2 to $3
LuckyShikari: folds 
XneferX: folds 
Uncalled bet ($2) returned to Joe_Carlos
Joe_Carlos collected $2.50 from pot
Joe_Carlos: doesn't show hand 
*** SUMMARY ***
Total pot $2.50 | Rake $0 
Seat 1: Joe_Carlos (button) collected ($2.50)
Seat 2: LuckyShikari (small blind) folded before Flop
Seat 6: XneferX (big blind) folded before Flop



PokerStars Hand #254195125336:  Hold'em No Limit ($0.50/$1.00 USD) - 2025/01/04 19:56:52 WET [2025/01/04 14:56:52 ET]
Table 'Cybele III' 6-max Seat #2 is the button
Seat 1: Joe_Carlos ($94.85 in chips) 
Seat 2: LuckyShikari ($108.65 in chips) 
Seat 6: XneferX ($100 in chips) 
XneferX: posts small blind $0.50
Joe_Carlos: posts big blind $1
*** HOLE CARDS ***
LuckyShikari: raises $2.50 to $3.50
XneferX: folds 
Joe_Carlos: folds 
Uncalled bet ($2.50) returned to LuckyShikari
LuckyShikari collected $2.50 from pot
LuckyShikari: doesn't show hand 
*** SUMMARY ***
Total pot $2.50 | Rake $0 
Seat 1: Joe_Carlos (big blind) folded before Flop
Seat 2: LuckyShikari (button) collected ($2.50)
Seat 6: XneferX (small blind) folded before Flop



PokerStars Hand #254195131496:  Hold'em No Limit ($0.50/$1.00 USD) - 2025/01/04 19:57:19 WET [2025/01/04 14:57:19 ET]
Table 'Cybele III' 6-max Seat #6 is the button
Seat 1: Joe_Carlos ($93.85 in chips) 
Seat 2: LuckyShikari ($110.15 in chips) 
Seat 6: XneferX ($100 in chips) 
Joe_Carlos: posts small blind $0.50
LuckyShikari: posts big blind $1
*** HOLE CARDS ***
XneferX: folds 
XneferX leaves the table
Joe_Carlos: folds 
Uncalled bet ($0.50) returned to LuckyShikari
Joe_Carlos leaves the table
LuckyShikari collected $1 from pot
LuckyShikari: doesn't show hand 
*** SUMMARY ***
Total pot $1 | Rake $0 
Seat 1: Joe_Carlos (small blind) folded before Flop
Seat 2: LuckyShikari (big blind) collected ($1)
Seat 6: XneferX (button) folded before Flop (didn't bet)



