PokerStars Hand #254184454914:  Hold'em No Limit ($0.50/$1.00 USD) - 2025/01/04 4:02:55 WET [2025/01/03 23:02:55 ET]
Table 'Beatrix' 6-max Seat #4 is the button
Seat 1: joaquin612 ($110.85 in chips) 
Seat 3: neverforever365 ($98.68 in chips) 
Seat 4: alexandr699 ($101.50 in chips) 
joaquin612: posts small blind $0.50
neverforever365: posts big blind $1
*** HOLE CARDS ***
alexandr699: folds 
joaquin612: raises $2 to $3
neverforever365: folds 
Uncalled bet ($2) returned to joaquin612
joaquin612 collected $2 from pot
joaquin612: doesn't show hand 
*** SUMMARY ***
Total pot $2 | Rake $0 
Seat 1: joaquin612 (small blind) collected ($2)
Seat 3: neverforever365 (big blind) folded before Flop
Seat 4: alexandr699 (button) folded before Flop (didn't bet)



PokerStars Hand #254184456379:  Hold'em No Limit ($0.50/$1.00 USD) - 2025/01/04 4:03:06 WET [2025/01/03 23:03:06 ET]
Table 'Beatrix' 6-max Seat #1 is the button
Seat 1: joaquin612 ($111.85 in chips) 
Seat 3: neverforever365 ($97.68 in chips) 
Seat 4: alexandr699 ($101.50 in chips) 
neverforever365: posts small blind $0.50
alexandr699: posts big blind $1
*** HOLE CARDS ***
joaquin612: folds 
neverforever365: folds 
Uncalled bet ($0.50) returned to alexandr699
alexandr699 collected $1 from pot
alexandr699: doesn't show hand 
*** SUMMARY ***
Total pot $1 | Rake $0 
Seat 1: joaquin612 (button) folded before Flop (didn't bet)
Seat 3: neverforever365 (small blind) folded before Flop
Seat 4: alexandr699 (big blind) collected ($1)



PokerStars Hand #254184457251:  Hold'em No Limit ($0.50/$1.00 USD) - 2025/01/04 4:03:13 WET [2025/01/03 23:03:13 ET]
Table 'Beatrix' 6-max Seat #3 is the button
Seat 1: joaquin612 ($111.85 in chips) 
Seat 3: neverforever365 ($97.18 in chips) 
Seat 4: alexandr699 ($102 in chips) 
alexandr699: posts small blind $0.50
joaquin612: posts big blind $1
*** HOLE CARDS ***
neverforever365: folds 
alexandr699: raises $2 to $3
joaquin612: calls $2
*** FLOP *** [Qh Th Ah]
alexandr699: checks 
joaquin612: checks 
*** TURN *** [Qh Th Ah] [9c]
xcinaz joins the table at seat #5 
alexandr699: checks 
joaquin612: checks 
*** RIVER *** [Qh Th Ah 9c] [3c]
alexandr699: checks 
joaquin612: checks 
*** SHOW DOWN ***
alexandr699: shows [8s 8c] (a pair of Eights)
joaquin612: mucks hand 
alexandr699 collected $5.70 from pot
*** SUMMARY ***
Total pot $6 | Rake $0.30 
Board [Qh Th Ah 9c 3c]
Seat 1: joaquin612 (big blind) mucked
Seat 3: neverforever365 (button) folded before Flop (didn't bet)
Seat 4: alexandr699 (small blind) showed [8s 8c] and won ($5.70) with a pair of Eights



PokerStars Hand #254184465988:  Hold'em No Limit ($0.50/$1.00 USD) - 2025/01/04 4:04:20 WET [2025/01/03 23:04:20 ET]
Table 'Beatrix' 6-max Seat #4 is the button
Seat 5: xcinaz ($100 in chips) is sitting out
Seat 1: joaquin612 ($108.85 in chips) 
Seat 3: neverforever365 ($97.18 in chips) 
Seat 4: alexandr699 ($104.70 in chips) 
joaquin612: posts small blind $0.50
neverforever365: posts big blind $1
*** HOLE CARDS ***
alexandr699: raises $2 to $3
joaquin612: folds 
neverforever365: folds 
Uncalled bet ($2) returned to alexandr699
alexandr699 collected $2.50 from pot
alexandr699: doesn't show hand 
*** SUMMARY ***
Total pot $2.50 | Rake $0 
Seat 5: xcinaz
Seat 1: joaquin612 (small blind) folded before Flop
Seat 3: neverforever365 (big blind) folded before Flop
Seat 4: alexandr699 (button) collected ($2.50)



PokerStars Hand #254184468324:  Hold'em No Limit ($0.50/$1.00 USD) - 2025/01/04 4:04:38 WET [2025/01/03 23:04:38 ET]
Table 'Beatrix' 6-max Seat #1 is the button
Seat 5: xcinaz ($100 in chips) is sitting out
Seat 1: joaquin612 ($108.35 in chips) 
Seat 3: neverforever365 ($96.18 in chips) 
Seat 4: alexandr699 ($106.20 in chips) 
neverforever365: posts small blind $0.50
alexandr699: posts big blind $1
xcinaz: sits out 
*** HOLE CARDS ***
joaquin612: folds 
neverforever365: folds 
Uncalled bet ($0.50) returned to alexandr699
alexandr699 collected $1 from pot
alexandr699: doesn't show hand 
*** SUMMARY ***
Total pot $1 | Rake $0 
Seat 5: xcinaz
Seat 1: joaquin612 (button) folded before Flop (didn't bet)
Seat 3: neverforever365 (small blind) folded before Flop
Seat 4: alexandr699 (big blind) collected ($1)



PokerStars Hand #254184648401:  Hold'em No Limit ($0.50/$1.00 USD) - 2025/01/04 4:28:41 WET [2025/01/03 23:28:41 ET]
Table 'Beatrix' 6-max Seat #5 is the button
Seat 1: Heeli999 ($20.50 in chips) 
Seat 2: marin7777974 ($26.18 in chips) 
Seat 4: alexandr699 ($166.55 in chips) 
Seat 5: xcinaz ($162.96 in chips) 
Heeli999: posts small blind $0.50
marin7777974: posts big blind $1
*** HOLE CARDS ***
alexandr699: raises $1 to $2
xcinaz: folds 
Heeli999: folds 
marin7777974: calls $1
*** FLOP *** [9c As Ac]
marin7777974: checks 
alexandr699: bets $1.21
marin7777974: folds 
Uncalled bet ($1.21) returned to alexandr699
alexandr699 collected $4.28 from pot
alexandr699: doesn't show hand 
*** SUMMARY ***
Total pot $4.50 | Rake $0.22 
Board [9c As Ac]
Seat 1: Heeli999 (small blind) folded before Flop
Seat 2: marin7777974 (big blind) folded on the Flop
Seat 4: alexandr699 collected ($4.28)
Seat 5: xcinaz (button) folded before Flop (didn't bet)



PokerStars Hand #254184652535:  Hold'em No Limit ($0.50/$1.00 USD) - 2025/01/04 4:29:15 WET [2025/01/03 23:29:15 ET]
Table 'Beatrix' 6-max Seat #1 is the button
Seat 1: Heeli999 ($20 in chips) 
Seat 2: marin7777974 ($24.18 in chips) 
Seat 4: alexandr699 ($168.83 in chips) 
Seat 5: xcinaz ($162.96 in chips) 
marin7777974: posts small blind $0.50
alexandr699: posts big blind $1
*** HOLE CARDS ***
xcinaz: raises $1.20 to $2.20
Heeli999: calls $2.20
marin7777974: folds 
B1GBankroll joins the table at seat #3 
alexandr699: calls $1.20
*** FLOP *** [Kh 7d 4d]
alexandr699: checks 
xcinaz: checks 
Heeli999: bets $3.37
alexandr699: folds 
xcinaz: raises $18.20 to $21.57
Heeli999: calls $14.43 and is all-in
Uncalled bet ($3.77) returned to xcinaz
*** TURN *** [Kh 7d 4d] [7s]
dindanio10 joins the table at seat #6 
dindanio10 is disconnected 
*** RIVER *** [Kh 7d 4d 7s] [3c]
*** SHOW DOWN ***
xcinaz: shows [Ah Ac] (two pair, Aces and Sevens)
Heeli999: shows [5c 5h] (two pair, Sevens and Fives)
xcinaz collected $41.70 from pot
*** SUMMARY ***
Total pot $42.70 | Rake $1 
Board [Kh 7d 4d 7s 3c]
Seat 1: Heeli999 (button) showed [5c 5h] and lost with two pair, Sevens and Fives
Seat 2: marin7777974 (small blind) folded before Flop
Seat 4: alexandr699 (big blind) folded on the Flop
Seat 5: xcinaz showed [Ah Ac] and won ($41.70) with two pair, Aces and Sevens



PokerStars Hand #254184659261:  Hold'em No Limit ($0.50/$1.00 USD) - 2025/01/04 4:30:11 WET [2025/01/03 23:30:11 ET]
Table 'Beatrix' 6-max Seat #2 is the button
Seat 1: Heeli999 ($0 in chips) is sitting out
Seat 3: B1GBankroll ($100 in chips) is sitting out
Seat 6: dindanio10 ($18.10 in chips) is sitting out
Seat 2: marin7777974 ($23.68 in chips) 
Seat 4: alexandr699 ($166.63 in chips) 
Seat 5: xcinaz ($184.66 in chips) 
alexandr699: posts small blind $0.50
xcinaz: posts big blind $1
dindanio10: sits out 
*** HOLE CARDS ***
marin7777974: calls $1
alexandr699: calls $0.50
xcinaz: checks 
*** FLOP *** [9h 2c Jd]
alexandr699: checks 
xcinaz: checks 
marin7777974: checks 
*** TURN *** [9h 2c Jd] [Ts]
alexandr699: checks 
xcinaz: checks 
marin7777974: bets $1
alexandr699: folds 
alexandr699 leaves the table
xcinaz: calls $1
*** RIVER *** [9h 2c Jd Ts] [Qs]
xcinaz: checks 
GERAKLmeat joins the table at seat #4 
marin7777974: bets $2
xcinaz: calls $2
*** SHOW DOWN ***
marin7777974: shows [Kd Qc] (a straight, Nine to King)
xcinaz: shows [8d Kc] (a straight, Nine to King)
xcinaz collected $4.28 from pot
marin7777974 collected $4.27 from pot
*** SUMMARY ***
Total pot $9 | Rake $0.45 
Board [9h 2c Jd Ts Qs]
Seat 1: Heeli999
Seat 3: B1GBankroll
Seat 6: dindanio10
Seat 2: marin7777974 (button) showed [Kd Qc] and won ($4.27) with a straight, Nine to King
Seat 4: alexandr699 (small blind) folded on the Turn
Seat 5: xcinaz (big blind) showed [8d Kc] and won ($4.28) with a straight, Nine to King



PokerStars Hand #254184667786:  Hold'em No Limit ($0.50/$1.00 USD) - 2025/01/04 4:31:22 WET [2025/01/03 23:31:22 ET]
Table 'Beatrix' 6-max Seat #5 is the button
Seat 3: B1GBankroll ($100 in chips) is sitting out
Seat 4: GERAKLmeat ($10 in chips) is sitting out
Seat 6: dindanio10 ($18.10 in chips) is sitting out
Seat 1: Heeli999 ($96.12 in chips) 
Seat 2: marin7777974 ($23.95 in chips) 
Seat 5: xcinaz ($184.94 in chips) 
Heeli999: posts small blind $0.50
marin7777974: posts big blind $1
B1GBankroll: sits out 
GERAKLmeat: sits out 
*** HOLE CARDS ***
xcinaz: folds 
Heeli999: folds 
Uncalled bet ($0.50) returned to marin7777974
marin7777974 collected $1 from pot
*** SUMMARY ***
Total pot $1 | Rake $0 
Seat 3: B1GBankroll
Seat 4: GERAKLmeat
Seat 6: dindanio10
Seat 1: Heeli999 (small blind) folded before Flop
Seat 2: marin7777974 (big blind) collected ($1)
Seat 5: xcinaz (button) folded before Flop (didn't bet)



PokerStars Hand #254184668739:  Hold'em No Limit ($0.50/$1.00 USD) - 2025/01/04 4:31:31 WET [2025/01/03 23:31:31 ET]
Table 'Beatrix' 6-max Seat #1 is the button
Seat 4: GERAKLmeat ($10 in chips) is sitting out
Seat 6: dindanio10 ($18.10 in chips) is sitting out
Seat 1: Heeli999 ($95.62 in chips) 
Seat 2: marin7777974 ($24.45 in chips) 
Seat 3: B1GBankroll ($100 in chips) 
Seat 5: xcinaz ($184.94 in chips) 
marin7777974: posts small blind $0.50
B1GBankroll: posts big blind $1
GERAKLmeat: sits out 
dindanio10: sits out 
*** HOLE CARDS ***
xcinaz: folds 
Heeli999: raises $1 to $2
marin7777974: calls $1.50
B1GBankroll: raises $12 to $14
Heeli999: folds 
marin7777974: folds 
Uncalled bet ($12) returned to B1GBankroll
B1GBankroll collected $6 from pot
B1GBankroll: doesn't show hand 
*** SUMMARY ***
Total pot $6 | Rake $0 
Seat 4: GERAKLmeat
Seat 6: dindanio10
Seat 1: Heeli999 (button) folded before Flop
Seat 2: marin7777974 (small blind) folded before Flop
Seat 3: B1GBankroll (big blind) collected ($6)
Seat 5: xcinaz folded before Flop (didn't bet)



PokerStars Hand #254184672018:  Hold'em No Limit ($0.50/$1.00 USD) - 2025/01/04 4:31:58 WET [2025/01/03 23:31:58 ET]
Table 'Beatrix' 6-max Seat #2 is the button
Seat 6: dindanio10 ($18.10 in chips) is sitting out
Seat 1: Heeli999 ($93.62 in chips) 
Seat 2: marin7777974 ($22.45 in chips) 
Seat 3: B1GBankroll ($104 in chips) 
Seat 4: GERAKLmeat ($10 in chips) 
Seat 5: xcinaz ($184.94 in chips) 
B1GBankroll: posts small blind $0.50
GERAKLmeat: posts big blind $1
dindanio10: sits out 
*** HOLE CARDS ***
xcinaz: folds 
Heeli999: folds 
marin7777974: folds 
B1GBankroll: folds 
Uncalled bet ($0.50) returned to GERAKLmeat
GERAKLmeat collected $1 from pot
GERAKLmeat: doesn't show hand 
*** SUMMARY ***
Total pot $1 | Rake $0 
Seat 6: dindanio10
Seat 1: Heeli999 folded before Flop (didn't bet)
Seat 2: marin7777974 (button) folded before Flop (didn't bet)
Seat 3: B1GBankroll (small blind) folded before Flop
Seat 4: GERAKLmeat (big blind) collected ($1)
Seat 5: xcinaz folded before Flop (didn't bet)



PokerStars Hand #254184673252:  Hold'em No Limit ($0.50/$1.00 USD) - 2025/01/04 4:32:09 WET [2025/01/03 23:32:09 ET]
Table 'Beatrix' 6-max Seat #3 is the button
Seat 6: dindanio10 ($18.10 in chips) is sitting out
Seat 1: Heeli999 ($93.62 in chips) 
Seat 2: marin7777974 ($22.45 in chips) 
Seat 3: B1GBankroll ($103.50 in chips) 
Seat 4: GERAKLmeat ($10.50 in chips) 
Seat 5: xcinaz ($184.94 in chips) 
GERAKLmeat: posts small blind $0.50
xcinaz: posts big blind $1
dindanio10: sits out 
*** HOLE CARDS ***
Heeli999: folds 
marin7777974: calls $1
B1GBankroll: raises $3 to $4
GERAKLmeat: folds 
xcinaz: calls $3
marin7777974: folds 
*** FLOP *** [3h Ks 4h]
xcinaz: checks 
B1GBankroll: bets $4.42
xcinaz: calls $4.42
*** TURN *** [3h Ks 4h] [Ac]
xcinaz: checks 
B1GBankroll: bets $12.89
xcinaz: calls $12.89
*** RIVER *** [3h Ks 4h Ac] [2s]
xcinaz: checks 
B1GBankroll: checks 
*** SHOW DOWN ***
xcinaz: shows [Qd Kc] (a pair of Kings)
B1GBankroll: shows [As Th] (a pair of Aces)
B1GBankroll collected $41.91 from pot
*** SUMMARY ***
Total pot $44.12 | Rake $2.21 
Board [3h Ks 4h Ac 2s]
Seat 6: dindanio10
Seat 1: Heeli999 folded before Flop (didn't bet)
Seat 2: marin7777974 folded before Flop
Seat 3: B1GBankroll (button) showed [As Th] and won ($41.91) with a pair of Aces
Seat 4: GERAKLmeat (small blind) folded before Flop
Seat 5: xcinaz (big blind) showed [Qd Kc] and lost with a pair of Kings



PokerStars Hand #254184685482:  Hold'em No Limit ($0.50/$1.00 USD) - 2025/01/04 4:33:51 WET [2025/01/03 23:33:51 ET]
Table 'Beatrix' 6-max Seat #4 is the button
Seat 1: Heeli999 ($93.62 in chips) 
Seat 2: marin7777974 ($21.45 in chips) 
Seat 3: B1GBankroll ($124.10 in chips) 
Seat 4: GERAKLmeat ($10 in chips) 
Seat 5: xcinaz ($163.63 in chips) 
Seat 6: dindanio10 ($18.10 in chips) 
xcinaz: posts small blind $0.50
dindanio10: posts big blind $1
*** HOLE CARDS ***
Heeli999: raises $1 to $2
marin7777974: calls $2
B1GBankroll: folds 
GERAKLmeat: folds 
xcinaz: folds 
dindanio10: calls $1
*** FLOP *** [3d Kc Ad]
dindanio10: checks 
Heeli999: bets $3.09
marin7777974: calls $3.09
dindanio10: folds 
*** TURN *** [3d Kc Ad] [7h]
Heeli999: bets $6.03
marin7777974: calls $6.03
*** RIVER *** [3d Kc Ad 7h] [9c]
Heeli999: bets $11.75
marin7777974: calls $10.33 and is all-in
Uncalled bet ($1.42) returned to Heeli999
*** SHOW DOWN ***
Heeli999: shows [8d 9s] (a pair of Nines)
marin7777974: shows [Jd Ac] (a pair of Aces)
marin7777974 collected $43.13 from pot
*** SUMMARY ***
Total pot $45.40 | Rake $2.27 
Board [3d Kc Ad 7h 9c]
Seat 1: Heeli999 showed [8d 9s] and lost with a pair of Nines
Seat 2: marin7777974 showed [Jd Ac] and won ($43.13) with a pair of Aces
Seat 3: B1GBankroll folded before Flop (didn't bet)
Seat 4: GERAKLmeat (button) folded before Flop (didn't bet)
Seat 5: xcinaz (small blind) folded before Flop
Seat 6: dindanio10 (big blind) folded on the Flop



PokerStars Hand #254184690518:  Hold'em No Limit ($0.50/$1.00 USD) - 2025/01/04 4:34:33 WET [2025/01/03 23:34:33 ET]
Table 'Beatrix' 6-max Seat #5 is the button
Seat 1: Heeli999 ($72.17 in chips) 
Seat 2: marin7777974 ($43.13 in chips) 
Seat 3: B1GBankroll ($124.10 in chips) 
Seat 4: GERAKLmeat ($10 in chips) 
Seat 5: xcinaz ($163.13 in chips) 
Seat 6: dindanio10 ($16.10 in chips) 
dindanio10: posts small blind $0.50
Heeli999: posts big blind $1
*** HOLE CARDS ***
marin7777974: folds 
B1GBankroll: folds 
GERAKLmeat: folds 
xcinaz: folds 
dindanio10: folds 
Uncalled bet ($0.50) returned to Heeli999
Heeli999 collected $1 from pot
*** SUMMARY ***
Total pot $1 | Rake $0 
Seat 1: Heeli999 (big blind) collected ($1)
Seat 2: marin7777974 folded before Flop (didn't bet)
Seat 3: B1GBankroll folded before Flop (didn't bet)
Seat 4: GERAKLmeat folded before Flop (didn't bet)
Seat 5: xcinaz (button) folded before Flop (didn't bet)
Seat 6: dindanio10 (small blind) folded before Flop



PokerStars Hand #254184692292:  Hold'em No Limit ($0.50/$1.00 USD) - 2025/01/04 4:34:48 WET [2025/01/03 23:34:48 ET]
Table 'Beatrix' 6-max Seat #6 is the button
Seat 1: Heeli999 ($72.67 in chips) 
Seat 2: marin7777974 ($43.13 in chips) 
Seat 3: B1GBankroll ($124.10 in chips) 
Seat 4: GERAKLmeat ($10 in chips) 
Seat 5: xcinaz ($163.13 in chips) 
Seat 6: dindanio10 ($15.60 in chips) 
Heeli999: posts small blind $0.50
marin7777974: posts big blind $1
*** HOLE CARDS ***
B1GBankroll: folds 
GERAKLmeat: folds 
xcinaz: folds 
dindanio10: raises $14.60 to $15.60 and is all-in
Heeli999: folds 
marin7777974: folds 
Uncalled bet ($14.60) returned to dindanio10
dindanio10 collected $2.50 from pot
*** SUMMARY ***
Total pot $2.50 | Rake $0 
Seat 1: Heeli999 (small blind) folded before Flop
Seat 2: marin7777974 (big blind) folded before Flop
Seat 3: B1GBankroll folded before Flop (didn't bet)
Seat 4: GERAKLmeat folded before Flop (didn't bet)
Seat 5: xcinaz folded before Flop (didn't bet)
Seat 6: dindanio10 (button) collected ($2.50)



PokerStars Hand #254184696735:  Hold'em No Limit ($0.50/$1.00 USD) - 2025/01/04 4:35:26 WET [2025/01/03 23:35:26 ET]
Table 'Beatrix' 6-max Seat #1 is the button
Seat 1: Heeli999 ($72.17 in chips) 
Seat 2: marin7777974 ($42.13 in chips) 
Seat 3: B1GBankroll ($124.10 in chips) 
Seat 4: GERAKLmeat ($10 in chips) 
Seat 5: xcinaz ($163.13 in chips) 
Seat 6: dindanio10 ($17.10 in chips) 
marin7777974: posts small blind $0.50
B1GBankroll: posts big blind $1
*** HOLE CARDS ***
GERAKLmeat: folds 
xcinaz: folds 
dindanio10: folds 
Heeli999: raises $2 to $3
marin7777974: folds 
B1GBankroll: folds 
Uncalled bet ($2) returned to Heeli999
Heeli999 collected $2.50 from pot
*** SUMMARY ***
Total pot $2.50 | Rake $0 
Seat 1: Heeli999 (button) collected ($2.50)
Seat 2: marin7777974 (small blind) folded before Flop
Seat 3: B1GBankroll (big blind) folded before Flop
Seat 4: GERAKLmeat folded before Flop (didn't bet)
Seat 5: xcinaz folded before Flop (didn't bet)
Seat 6: dindanio10 folded before Flop (didn't bet)



PokerStars Hand #254184699274:  Hold'em No Limit ($0.50/$1.00 USD) - 2025/01/04 4:35:47 WET [2025/01/03 23:35:47 ET]
Table 'Beatrix' 6-max Seat #2 is the button
Seat 4: GERAKLmeat ($10 in chips) is sitting out
Seat 1: Heeli999 ($73.67 in chips) 
Seat 2: marin7777974 ($41.63 in chips) 
Seat 3: B1GBankroll ($123.10 in chips) 
Seat 5: xcinaz ($163.13 in chips) 
Seat 6: dindanio10 ($17.10 in chips) 
B1GBankroll: posts small blind $0.50
GERAKLmeat: is sitting out 
xcinaz: posts big blind $1
*** HOLE CARDS ***
GERAKLmeat leaves the table
dindanio10: folds 
alexandr699 joins the table at seat #4 
Heeli999: raises $2 to $3
marin7777974: folds 
B1GBankroll: folds 
xcinaz: calls $2
*** FLOP *** [5c 5s Jd]
xcinaz: checks 
Heeli999: bets $3.09
xcinaz: folds 
Uncalled bet ($3.09) returned to Heeli999
Heeli999 collected $6.18 from pot
*** SUMMARY ***
Total pot $6.50 | Rake $0.32 
Board [5c 5s Jd]
Seat 4: GERAKLmeat
Seat 1: Heeli999 collected ($6.18)
Seat 2: marin7777974 (button) folded before Flop (didn't bet)
Seat 3: B1GBankroll (small blind) folded before Flop
Seat 5: xcinaz (big blind) folded on the Flop
Seat 6: dindanio10 folded before Flop (didn't bet)



PokerStars Hand #254184702175:  Hold'em No Limit ($0.50/$1.00 USD) - 2025/01/04 4:36:12 WET [2025/01/03 23:36:12 ET]
Table 'Beatrix' 6-max Seat #3 is the button
Seat 4: alexandr699 ($165.63 in chips) is sitting out
Seat 1: Heeli999 ($76.85 in chips) 
Seat 2: marin7777974 ($41.63 in chips) 
Seat 3: B1GBankroll ($122.60 in chips) 
Seat 5: xcinaz ($160.13 in chips) 
Seat 6: dindanio10 ($17.10 in chips) 
xcinaz: posts small blind $0.50
dindanio10: posts big blind $1
*** HOLE CARDS ***
Heeli999: raises $2 to $3
marin7777974: calls $3
B1GBankroll: folds 
xcinaz: folds 
dindanio10: folds 
*** FLOP *** [6s Th 3d]
Heeli999: bets $3.56
marin7777974: calls $3.56
*** TURN *** [6s Th 3d] [4c]
Heeli999: checks 
marin7777974: bets $5
Heeli999: calls $5
*** RIVER *** [6s Th 3d 4c] [9c]
Heeli999: checks 
marin7777974: bets $14
Heeli999: calls $14
*** SHOW DOWN ***
marin7777974: shows [Js Jc] (a pair of Jacks)
Heeli999: mucks hand 
marin7777974 collected $50.12 from pot
*** SUMMARY ***
Total pot $52.62 | Rake $2.50 
Board [6s Th 3d 4c 9c]
Seat 4: alexandr699
Seat 1: Heeli999 mucked
Seat 2: marin7777974 showed [Js Jc] and won ($50.12) with a pair of Jacks
Seat 3: B1GBankroll (button) folded before Flop (didn't bet)
Seat 5: xcinaz (small blind) folded before Flop
Seat 6: dindanio10 (big blind) folded before Flop



PokerStars Hand #254184707902:  Hold'em No Limit ($0.50/$1.00 USD) - 2025/01/04 4:37:01 WET [2025/01/03 23:37:01 ET]
Table 'Beatrix' 6-max Seat #5 is the button
Seat 4: alexandr699 ($165.63 in chips) is sitting out
Seat 1: Heeli999 ($51.29 in chips) 
Seat 2: marin7777974 ($66.19 in chips) 
Seat 3: B1GBankroll ($122.60 in chips) 
Seat 5: xcinaz ($159.63 in chips) 
Seat 6: dindanio10 ($16.10 in chips) 
dindanio10: posts small blind $0.50
Heeli999: posts big blind $1
alexandr699: sits out 
*** HOLE CARDS ***
marin7777974: calls $1
B1GBankroll: raises $3 to $4
xcinaz: folds 
dindanio10: folds 
Heeli999: calls $3
marin7777974: folds 
*** FLOP *** [Jh 6c 9h]
Heeli999: checks 
B1GBankroll: bets $8.03
Heeli999: calls $8.03
*** TURN *** [Jh 6c 9h] [Qs]
Heeli999: checks 
B1GBankroll: checks 
*** RIVER *** [Jh 6c 9h Qs] [4c]
Heeli999: bets $12.14
B1GBankroll: calls $12.14
*** SHOW DOWN ***
Heeli999: shows [As Tc] (high card Ace)
B1GBankroll: shows [Jd Ah] (a pair of Jacks)
B1GBankroll collected $47.35 from pot
*** SUMMARY ***
Total pot $49.84 | Rake $2.49 
Board [Jh 6c 9h Qs 4c]
Seat 4: alexandr699
Seat 1: Heeli999 (big blind) showed [As Tc] and lost with high card Ace
Seat 2: marin7777974 folded before Flop
Seat 3: B1GBankroll showed [Jd Ah] and won ($47.35) with a pair of Jacks
Seat 5: xcinaz (button) folded before Flop (didn't bet)
Seat 6: dindanio10 (small blind) folded before Flop



PokerStars Hand #254184714908:  Hold'em No Limit ($0.50/$1.00 USD) - 2025/01/04 4:38:01 WET [2025/01/03 23:38:01 ET]
Table 'Beatrix' 6-max Seat #6 is the button
Seat 4: alexandr699 ($165.63 in chips) is sitting out
Seat 1: Heeli999 ($27.12 in chips) 
Seat 2: marin7777974 ($65.19 in chips) 
Seat 3: B1GBankroll ($145.78 in chips) 
Seat 5: xcinaz ($159.63 in chips) 
Seat 6: dindanio10 ($15.60 in chips) 
Heeli999: posts small blind $0.50
marin7777974: posts big blind $1
alexandr699: sits out 
*** HOLE CARDS ***
B1GBankroll: raises $1.50 to $2.50
xcinaz: folds 
dindanio10: folds 
Heeli999: calls $2
marin7777974: calls $1.50
*** FLOP *** [5s 2d Qc]
Heeli999: checks 
marin7777974: checks 
B1GBankroll: checks 
*** TURN *** [5s 2d Qc] [9d]
Heeli999: checks 
marin7777974: bets $2
B1GBankroll: folds 
Heeli999: folds 
Uncalled bet ($2) returned to marin7777974
marin7777974 collected $7.12 from pot
*** SUMMARY ***
Total pot $7.50 | Rake $0.38 
Board [5s 2d Qc 9d]
Seat 4: alexandr699
Seat 1: Heeli999 (small blind) folded on the Turn
Seat 2: marin7777974 (big blind) collected ($7.12)
Seat 3: B1GBankroll folded on the Turn
Seat 5: xcinaz folded before Flop (didn't bet)
Seat 6: dindanio10 (button) folded before Flop (didn't bet)



PokerStars Hand #254184719694:  Hold'em No Limit ($0.50/$1.00 USD) - 2025/01/04 4:38:42 WET [2025/01/03 23:38:42 ET]
Table 'Beatrix' 6-max Seat #1 is the button
Seat 4: alexandr699 ($165.63 in chips) is sitting out
Seat 1: Heeli999 ($24.62 in chips) 
Seat 2: marin7777974 ($69.81 in chips) 
Seat 3: B1GBankroll ($143.28 in chips) 
Seat 5: xcinaz ($159.63 in chips) 
Seat 6: dindanio10 ($15.60 in chips) 
marin7777974: posts small blind $0.50
B1GBankroll: posts big blind $1
alexandr699: sits out 
*** HOLE CARDS ***
xcinaz: folds 
dindanio10: folds 
Heeli999: folds 
marin7777974: calls $0.50
B1GBankroll: raises $3 to $4
marin7777974: folds 
Uncalled bet ($3) returned to B1GBankroll
B1GBankroll collected $2 from pot
B1GBankroll: doesn't show hand 
*** SUMMARY ***
Total pot $2 | Rake $0 
Seat 4: alexandr699
Seat 1: Heeli999 (button) folded before Flop (didn't bet)
Seat 2: marin7777974 (small blind) folded before Flop
Seat 3: B1GBankroll (big blind) collected ($2)
Seat 5: xcinaz folded before Flop (didn't bet)
Seat 6: dindanio10 folded before Flop (didn't bet)



PokerStars Hand #254184722148:  Hold'em No Limit ($0.50/$1.00 USD) - 2025/01/04 4:39:02 WET [2025/01/03 23:39:02 ET]
Table 'Beatrix' 6-max Seat #2 is the button
Seat 1: Heeli999 ($24.62 in chips) 
Seat 2: marin7777974 ($68.81 in chips) 
Seat 3: B1GBankroll ($144.28 in chips) 
Seat 4: alexandr699 ($165.63 in chips) 
Seat 5: xcinaz ($159.63 in chips) 
Seat 6: dindanio10 ($15.60 in chips) 
B1GBankroll: posts small blind $0.50
alexandr699: posts big blind $1
*** HOLE CARDS ***
xcinaz: raises $1 to $2
dindanio10: folds 
Heeli999: calls $2
marin7777974: folds 
B1GBankroll: folds 
alexandr699: folds 
*** FLOP *** [4c 3h Js]
xcinaz: checks 
Heeli999: bets $2.61
xcinaz: folds 
Uncalled bet ($2.61) returned to Heeli999
Heeli999 collected $5.22 from pot
*** SUMMARY ***
Total pot $5.50 | Rake $0.28 
Board [4c 3h Js]
Seat 1: Heeli999 collected ($5.22)
Seat 2: marin7777974 (button) folded before Flop (didn't bet)
Seat 3: B1GBankroll (small blind) folded before Flop
Seat 4: alexandr699 (big blind) folded before Flop
Seat 5: xcinaz folded on the Flop
Seat 6: dindanio10 folded before Flop (didn't bet)



PokerStars Hand #254184728079:  Hold'em No Limit ($0.50/$1.00 USD) - 2025/01/04 4:39:54 WET [2025/01/03 23:39:54 ET]
Table 'Beatrix' 6-max Seat #3 is the button
Seat 1: Heeli999 ($27.84 in chips) 
Seat 2: marin7777974 ($68.81 in chips) 
Seat 3: B1GBankroll ($143.78 in chips) 
Seat 4: alexandr699 ($164.63 in chips) 
Seat 5: xcinaz ($157.63 in chips) 
Seat 6: dindanio10 ($15.60 in chips) 
alexandr699: posts small blind $0.50
xcinaz: posts big blind $1
*** HOLE CARDS ***
dindanio10: folds 
Heeli999: folds 
marin7777974: calls $1
B1GBankroll: folds 
dindanio10 leaves the table
alexandr699: folds 
xcinaz: raises $4 to $5
marin7777974: folds 
Uncalled bet ($4) returned to xcinaz
xcinaz collected $2.50 from pot
xcinaz: doesn't show hand 
*** SUMMARY ***
Total pot $2.50 | Rake $0 
Seat 1: Heeli999 folded before Flop (didn't bet)
Seat 2: marin7777974 folded before Flop
Seat 3: B1GBankroll (button) folded before Flop (didn't bet)
Seat 4: alexandr699 (small blind) folded before Flop
Seat 5: xcinaz (big blind) collected ($2.50)
Seat 6: dindanio10 folded before Flop (didn't bet)



PokerStars Hand #254184730411:  Hold'em No Limit ($0.50/$1.00 USD) - 2025/01/04 4:40:14 WET [2025/01/03 23:40:14 ET]
Table 'Beatrix' 6-max Seat #4 is the button
Seat 1: Heeli999 ($27.84 in chips) 
Seat 2: marin7777974 ($67.81 in chips) 
Seat 3: B1GBankroll ($143.78 in chips) 
Seat 4: alexandr699 ($164.13 in chips) 
Seat 5: xcinaz ($159.13 in chips) 
xcinaz: posts small blind $0.50
Heeli999: posts big blind $1
*** HOLE CARDS ***
marin7777974: calls $1
B1GBankroll: folds 
alexandr699: raises $3 to $4
xcinaz: folds 
Heeli999: calls $3
marin7777974: calls $3
*** FLOP *** [Qc Ah 5h]
Heeli999: checks 
marin7777974: checks 
alexandr699: checks 
*** TURN *** [Qc Ah 5h] [Jc]
Heeli999: checks 
marin7777974: bets $3
alexandr699: raises $11.50 to $14.50
Heeli999: folds 
marin7777974: calls $11.50
*** RIVER *** [Qc Ah 5h Jc] [2h]
For_the_idea joins the table at seat #6 
marin7777974: bets $8
alexandr699: raises $41.57 to $49.57
marin7777974: calls $41.31 and is all-in
Uncalled bet ($0.26) returned to alexandr699
*** SHOW DOWN ***
alexandr699: shows [Js Jd] (three of a kind, Jacks)
marin7777974: shows [Kc Th] (a straight, Ten to Ace)
marin7777974 collected $137.62 from pot
*** SUMMARY ***
Total pot $140.12 | Rake $2.50 
Board [Qc Ah 5h Jc 2h]
Seat 1: Heeli999 (big blind) folded on the Turn
Seat 2: marin7777974 showed [Kc Th] and won ($137.62) with a straight, Ten to Ace
Seat 3: B1GBankroll folded before Flop (didn't bet)
Seat 4: alexandr699 (button) showed [Js Jd] and lost with three of a kind, Jacks
Seat 5: xcinaz (small blind) folded before Flop



PokerStars Hand #254184743082:  Hold'em No Limit ($0.50/$1.00 USD) - 2025/01/04 4:42:04 WET [2025/01/03 23:42:04 ET]
Table 'Beatrix' 6-max Seat #5 is the button
Seat 6: For_the_idea ($100 in chips) is sitting out
Seat 1: Heeli999 ($23.84 in chips) 
Seat 2: marin7777974 ($137.62 in chips) 
Seat 3: B1GBankroll ($143.78 in chips) 
Seat 4: alexandr699 ($100 in chips) 
Seat 5: xcinaz ($158.63 in chips) 
Heeli999: posts small blind $0.50
marin7777974: posts big blind $1
*** HOLE CARDS ***
B1GBankroll: folds 
alexandr699: raises $2 to $3
xcinaz: folds 
Heeli999: folds 
marin7777974: raises $2 to $5
alexandr699: calls $2
*** FLOP *** [2h 6h 6d]
marin7777974: bets $7
alexandr699: calls $7
*** TURN *** [2h 6h 6d] [Kh]
marin7777974: bets $7
alexandr699: raises $18.64 to $25.64
marin7777974: calls $18.64
*** RIVER *** [2h 6h 6d Kh] [7s]
marin7777974: bets $13
alexandr699: raises $49.36 to $62.36 and is all-in
marin7777974: calls $49.36
*** SHOW DOWN ***
alexandr699: shows [Td Ah] (a pair of Sixes)
marin7777974: shows [Ac Kc] (two pair, Kings and Sixes)
marin7777974 collected $198 from pot
*** SUMMARY ***
Total pot $200.50 | Rake $2.50 
Board [2h 6h 6d Kh 7s]
Seat 6: For_the_idea
Seat 1: Heeli999 (small blind) folded before Flop
Seat 2: marin7777974 (big blind) showed [Ac Kc] and won ($198) with two pair, Kings and Sixes
Seat 3: B1GBankroll folded before Flop (didn't bet)
Seat 4: alexandr699 showed [Td Ah] and lost with a pair of Sixes
Seat 5: xcinaz (button) folded before Flop (didn't bet)



PokerStars Hand #254184750017:  Hold'em No Limit ($0.50/$1.00 USD) - 2025/01/04 4:43:05 WET [2025/01/03 23:43:05 ET]
Table 'Beatrix' 6-max Seat #1 is the button
Seat 6: For_the_idea ($100 in chips) is sitting out
Seat 1: Heeli999 ($23.34 in chips) 
Seat 2: marin7777974 ($235.62 in chips) 
Seat 3: B1GBankroll ($143.78 in chips) 
Seat 4: alexandr699 ($100 in chips) 
Seat 5: xcinaz ($158.63 in chips) 
marin7777974: posts small blind $0.50
B1GBankroll: posts big blind $1
For_the_idea: sits out 
*** HOLE CARDS ***
alexandr699: raises $2 to $3
xcinaz: folds 
Heeli999: folds 
marin7777974: calls $2.50
B1GBankroll: folds 
*** FLOP *** [4c 5c 3h]
marin7777974: bets $2
alexandr699: folds 
Uncalled bet ($2) returned to marin7777974
marin7777974 collected $6.65 from pot
*** SUMMARY ***
Total pot $7 | Rake $0.35 
Board [4c 5c 3h]
Seat 6: For_the_idea
Seat 1: Heeli999 (button) folded before Flop (didn't bet)
Seat 2: marin7777974 (small blind) collected ($6.65)
Seat 3: B1GBankroll (big blind) folded before Flop
Seat 4: alexandr699 folded on the Flop
Seat 5: xcinaz folded before Flop (didn't bet)



PokerStars Hand #254184752921:  Hold'em No Limit ($0.50/$1.00 USD) - 2025/01/04 4:43:30 WET [2025/01/03 23:43:30 ET]
Table 'Beatrix' 6-max Seat #2 is the button
Seat 6: For_the_idea ($100 in chips) is sitting out
Seat 1: Heeli999 ($23.34 in chips) 
Seat 2: marin7777974 ($239.27 in chips) 
Seat 3: B1GBankroll ($142.78 in chips) 
Seat 4: alexandr699 ($100 in chips) 
Seat 5: xcinaz ($158.63 in chips) 
B1GBankroll: posts small blind $0.50
alexandr699: posts big blind $1
For_the_idea: sits out 
*** HOLE CARDS ***
xcinaz: folds 
Heeli999: raises $1 to $2
marin7777974: raises $3 to $5
B1GBankroll: folds 
alexandr699: folds 
Heeli999: calls $3
*** FLOP *** [6s 2c 2d]
Heeli999: checks 
marin7777974: bets $3
Heeli999: calls $3
*** TURN *** [6s 2c 2d] [3s]
Heeli999: checks 
marin7777974: bets $4
Heeli999: raises $11.34 to $15.34 and is all-in
marin7777974: calls $11.34
*** RIVER *** [6s 2c 2d 3s] [5c]
*** SHOW DOWN ***
Heeli999: shows [3c Kd] (two pair, Threes and Deuces)
marin7777974: shows [8d 8c] (two pair, Eights and Deuces)
marin7777974 collected $45.77 from pot
*** SUMMARY ***
Total pot $48.18 | Rake $2.41 
Board [6s 2c 2d 3s 5c]
Seat 6: For_the_idea
Seat 1: Heeli999 showed [3c Kd] and lost with two pair, Threes and Deuces
Seat 2: marin7777974 (button) showed [8d 8c] and won ($45.77) with two pair, Eights and Deuces
Seat 3: B1GBankroll (small blind) folded before Flop
Seat 4: alexandr699 (big blind) folded before Flop
Seat 5: xcinaz folded before Flop (didn't bet)



PokerStars Hand #254184757309:  Hold'em No Limit ($0.50/$1.00 USD) - 2025/01/04 4:44:09 WET [2025/01/03 23:44:09 ET]
Table 'Beatrix' 6-max Seat #3 is the button
Seat 1: Heeli999 ($0 in chips) is sitting out
Seat 6: For_the_idea ($100 in chips) is sitting out
Seat 2: marin7777974 ($261.70 in chips) 
Seat 3: B1GBankroll ($142.28 in chips) 
Seat 4: alexandr699 ($100 in chips) 
Seat 5: xcinaz ($158.63 in chips) 
alexandr699: posts small blind $0.50
xcinaz: posts big blind $1
For_the_idea: sits out 
*** HOLE CARDS ***
marin7777974: raises $1 to $2
B1GBankroll: folds 
alexandr699: folds 
xcinaz: calls $1
*** FLOP *** [Qd 2s Ac]
xcinaz: checks 
marin7777974: bets $1
xcinaz: folds 
Uncalled bet ($1) returned to marin7777974
marin7777974 collected $4.28 from pot
*** SUMMARY ***
Total pot $4.50 | Rake $0.22 
Board [Qd 2s Ac]
Seat 1: Heeli999
Seat 6: For_the_idea
Seat 2: marin7777974 collected ($4.28)
Seat 3: B1GBankroll (button) folded before Flop (didn't bet)
Seat 4: alexandr699 (small blind) folded before Flop
Seat 5: xcinaz (big blind) folded on the Flop



PokerStars Hand #254184760521:  Hold'em No Limit ($0.50/$1.00 USD) - 2025/01/04 4:44:38 WET [2025/01/03 23:44:38 ET]
Table 'Beatrix' 6-max Seat #4 is the button
Seat 1: Heeli999 ($60.24 in chips) 
Seat 2: marin7777974 ($263.98 in chips) 
Seat 3: B1GBankroll ($142.28 in chips) 
Seat 4: alexandr699 ($100 in chips) 
Seat 5: xcinaz ($156.63 in chips) 
Seat 6: For_the_idea ($100 in chips) 
xcinaz: posts small blind $0.50
For_the_idea: posts big blind $1
*** HOLE CARDS ***
Heeli999: raises $1 to $2
marin7777974: folds 
B1GBankroll: folds 
alexandr699: raises $5.50 to $7.50
xcinaz: folds 
For_the_idea: folds 
Heeli999: calls $5.50
*** FLOP *** [Qh 7c 7s]
Heeli999: checks 
alexandr699: checks 
*** TURN *** [Qh 7c 7s] [3d]
Heeli999: checks 
alexandr699: bets $7.84
Heeli999: folds 
Uncalled bet ($7.84) returned to alexandr699
alexandr699 collected $15.68 from pot
alexandr699: doesn't show hand 
*** SUMMARY ***
Total pot $16.50 | Rake $0.82 
Board [Qh 7c 7s 3d]
Seat 1: Heeli999 folded on the Turn
Seat 2: marin7777974 folded before Flop (didn't bet)
Seat 3: B1GBankroll folded before Flop (didn't bet)
Seat 4: alexandr699 (button) collected ($15.68)
Seat 5: xcinaz (small blind) folded before Flop
Seat 6: For_the_idea (big blind) folded before Flop



PokerStars Hand #254184765602:  Hold'em No Limit ($0.50/$1.00 USD) - 2025/01/04 4:45:23 WET [2025/01/03 23:45:23 ET]
Table 'Beatrix' 6-max Seat #5 is the button
Seat 1: Heeli999 ($52.74 in chips) 
Seat 2: marin7777974 ($263.98 in chips) 
Seat 3: B1GBankroll ($142.28 in chips) 
Seat 4: alexandr699 ($108.18 in chips) 
Seat 5: xcinaz ($156.13 in chips) 
Seat 6: For_the_idea ($100 in chips) 
For_the_idea: posts small blind $0.50
Heeli999: posts big blind $1
*** HOLE CARDS ***
marin7777974: calls $1
B1GBankroll: folds 
alexandr699: raises $5 to $6
xcinaz: folds 
For_the_idea: folds 
Heeli999: calls $5
marin7777974: folds 
*** FLOP *** [8h 5c 9c]
Heeli999: bets $6.41
alexandr699: calls $6.41
*** TURN *** [8h 5c 9c] [7d]
Heeli999: bets $12.50
alexandr699: folds 
Uncalled bet ($12.50) returned to Heeli999
Heeli999 collected $25 from pot
*** SUMMARY ***
Total pot $26.32 | Rake $1.32 
Board [8h 5c 9c 7d]
Seat 1: Heeli999 (big blind) collected ($25)
Seat 2: marin7777974 folded before Flop
Seat 3: B1GBankroll folded before Flop (didn't bet)
Seat 4: alexandr699 folded on the Turn
Seat 5: xcinaz (button) folded before Flop (didn't bet)
Seat 6: For_the_idea (small blind) folded before Flop



PokerStars Hand #254184773888:  Hold'em No Limit ($0.50/$1.00 USD) - 2025/01/04 4:46:37 WET [2025/01/03 23:46:37 ET]
Table 'Beatrix' 6-max Seat #6 is the button
Seat 1: Heeli999 ($65.33 in chips) 
Seat 2: marin7777974 ($262.98 in chips) 
Seat 3: B1GBankroll ($142.28 in chips) 
Seat 4: alexandr699 ($100 in chips) 
Seat 5: xcinaz ($156.13 in chips) 
Seat 6: For_the_idea ($100 in chips) 
Heeli999: posts small blind $0.50
marin7777974: posts big blind $1
*** HOLE CARDS ***
B1GBankroll: folds 
alexandr699: folds 
xcinaz: folds 
For_the_idea: folds 
Heeli999: raises $2 to $3
marin7777974: calls $2
*** FLOP *** [Ks 3d Ad]
Heeli999: bets $2.85
marin7777974: raises $2.85 to $5.70
Heeli999: raises $2.85 to $8.55
marin7777974: calls $2.85
*** TURN *** [Ks 3d Ad] [Td]
Heeli999: bets $10.97
marin7777974: calls $10.97
*** RIVER *** [Ks 3d Ad Td] [8d]
Heeli999: checks 
marin7777974: bets $240.46 and is all-in
Heeli999: folds 
Uncalled bet ($240.46) returned to marin7777974
marin7777974 collected $42.79 from pot
*** SUMMARY ***
Total pot $45.04 | Rake $2.25 
Board [Ks 3d Ad Td 8d]
Seat 1: Heeli999 (small blind) folded on the River
Seat 2: marin7777974 (big blind) collected ($42.79)
Seat 3: B1GBankroll folded before Flop (didn't bet)
Seat 4: alexandr699 folded before Flop (didn't bet)
Seat 5: xcinaz folded before Flop (didn't bet)
Seat 6: For_the_idea (button) folded before Flop (didn't bet)



PokerStars Hand #254184779078:  Hold'em No Limit ($0.50/$1.00 USD) - 2025/01/04 4:47:23 WET [2025/01/03 23:47:23 ET]
Table 'Beatrix' 6-max Seat #1 is the button
Seat 1: Heeli999 ($42.81 in chips) 
Seat 2: marin7777974 ($283.25 in chips) 
Seat 3: B1GBankroll ($142.28 in chips) 
Seat 4: alexandr699 ($100 in chips) 
Seat 5: xcinaz ($156.13 in chips) 
Seat 6: For_the_idea ($100 in chips) 
marin7777974: posts small blind $0.50
B1GBankroll: posts big blind $1
*** HOLE CARDS ***
alexandr699: raises $2 to $3
xcinaz: folds 
For_the_idea: folds 
Heeli999: calls $3
marin7777974: calls $2.50
B1GBankroll: calls $2
*** FLOP *** [5s 9c 4h]
marin7777974: bets $2
B1GBankroll: folds 
alexandr699: calls $2
Heeli999: folds 
*** TURN *** [5s 9c 4h] [Kc]
marin7777974: bets $2
alexandr699: raises $23 to $25
marin7777974: folds 
Uncalled bet ($23) returned to alexandr699
alexandr699 collected $19 from pot
alexandr699: doesn't show hand 
*** SUMMARY ***
Total pot $20 | Rake $1 
Board [5s 9c 4h Kc]
Seat 1: Heeli999 (button) folded on the Flop
Seat 2: marin7777974 (small blind) folded on the Turn
Seat 3: B1GBankroll (big blind) folded on the Flop
Seat 4: alexandr699 collected ($19)
Seat 5: xcinaz folded before Flop (didn't bet)
Seat 6: For_the_idea folded before Flop (didn't bet)



PokerStars Hand #254184786576:  Hold'em No Limit ($0.50/$1.00 USD) - 2025/01/04 4:48:28 WET [2025/01/03 23:48:28 ET]
Table 'Beatrix' 6-max Seat #2 is the button
Seat 1: Heeli999 ($39.81 in chips) 
Seat 2: marin7777974 ($276.25 in chips) 
Seat 3: B1GBankroll ($139.28 in chips) 
Seat 4: alexandr699 ($112 in chips) 
Seat 5: xcinaz ($156.13 in chips) 
Seat 6: For_the_idea ($100 in chips) 
B1GBankroll: posts small blind $0.50
alexandr699: posts big blind $1
*** HOLE CARDS ***
xcinaz: folds 
For_the_idea: folds 
Heeli999: raises $38.81 to $39.81 and is all-in
marin7777974: folds 
B1GBankroll: folds 
alexandr699: folds 
Uncalled bet ($38.81) returned to Heeli999
Heeli999 collected $2.50 from pot
*** SUMMARY ***
Total pot $2.50 | Rake $0 
Seat 1: Heeli999 collected ($2.50)
Seat 2: marin7777974 (button) folded before Flop (didn't bet)
Seat 3: B1GBankroll (small blind) folded before Flop
Seat 4: alexandr699 (big blind) folded before Flop
Seat 5: xcinaz folded before Flop (didn't bet)
Seat 6: For_the_idea folded before Flop (didn't bet)



PokerStars Hand #254184789474:  Hold'em No Limit ($0.50/$1.00 USD) - 2025/01/04 4:48:54 WET [2025/01/03 23:48:54 ET]
Table 'Beatrix' 6-max Seat #3 is the button
Seat 1: Heeli999 ($41.31 in chips) 
Seat 2: marin7777974 ($276.25 in chips) 
Seat 3: B1GBankroll ($138.78 in chips) 
Seat 4: alexandr699 ($111 in chips) 
Seat 5: xcinaz ($156.13 in chips) 
Seat 6: For_the_idea ($100 in chips) 
alexandr699: posts small blind $0.50
xcinaz: posts big blind $1
*** HOLE CARDS ***
For_the_idea: folds 
Heeli999: raises $1 to $2
marin7777974: folds 
B1GBankroll: folds 
alexandr699: calls $1.50
xcinaz: folds 
*** FLOP *** [Ks Th 5h]
alexandr699: checks 
Heeli999: bets $2.38
alexandr699: folds 
Uncalled bet ($2.38) returned to Heeli999
Heeli999 collected $4.75 from pot
*** SUMMARY ***
Total pot $5 | Rake $0.25 
Board [Ks Th 5h]
Seat 1: Heeli999 collected ($4.75)
Seat 2: marin7777974 folded before Flop (didn't bet)
Seat 3: B1GBankroll (button) folded before Flop (didn't bet)
Seat 4: alexandr699 (small blind) folded on the Flop
Seat 5: xcinaz (big blind) folded before Flop
Seat 6: For_the_idea folded before Flop (didn't bet)



PokerStars Hand #254185060560:  Hold'em No Limit ($0.50/$1.00 USD) - 2025/01/04 5:32:10 WET [2025/01/04 0:32:10 ET]
Table 'Beatrix' 6-max Seat #6 is the button
Seat 1: Heeli999 ($61.99 in chips) 
Seat 2: b2k-Snick ($100 in chips) 
Seat 3: B1GBankroll ($171.92 in chips) 
Seat 4: Lago Madjore ($155.49 in chips) 
Seat 5: xcinaz ($302.24 in chips) 
Seat 6: For_the_idea ($277.54 in chips) 
Heeli999: posts small blind $0.50
b2k-Snick: posts big blind $1
*** HOLE CARDS ***
B1GBankroll: folds 
Lago Madjore: folds 
xcinaz: folds 
For_the_idea: raises $1.50 to $2.50
Heeli999: calls $2
b2k-Snick: folds 
*** FLOP *** [4d 2s 2d]
Heeli999: checks 
For_the_idea: checks 
*** TURN *** [4d 2s 2d] [3s]
Heeli999: checks 
For_the_idea: checks 
*** RIVER *** [4d 2s 2d 3s] [Kd]
Heeli999: bets $2.85
For_the_idea: folds 
Uncalled bet ($2.85) returned to Heeli999
Heeli999 collected $5.70 from pot
*** SUMMARY ***
Total pot $6 | Rake $0.30 
Board [4d 2s 2d 3s Kd]
Seat 1: Heeli999 (small blind) collected ($5.70)
Seat 2: b2k-Snick (big blind) folded before Flop
Seat 3: B1GBankroll folded before Flop (didn't bet)
Seat 4: Lago Madjore folded before Flop (didn't bet)
Seat 5: xcinaz folded before Flop (didn't bet)
Seat 6: For_the_idea (button) folded on the River



PokerStars Hand #254185065883:  Hold'em No Limit ($0.50/$1.00 USD) - 2025/01/04 5:33:02 WET [2025/01/04 0:33:02 ET]
Table 'Beatrix' 6-max Seat #1 is the button
Seat 1: Heeli999 ($65.19 in chips) 
Seat 2: b2k-Snick ($100 in chips) 
Seat 3: B1GBankroll ($171.92 in chips) 
Seat 4: Lago Madjore ($155.49 in chips) 
Seat 5: xcinaz ($302.24 in chips) 
Seat 6: For_the_idea ($275.04 in chips) 
b2k-Snick: posts small blind $0.50
B1GBankroll: posts big blind $1
*** HOLE CARDS ***
Lago Madjore: folds 
xcinaz: raises $1 to $2
For_the_idea: folds 
Heeli999: calls $2
b2k-Snick: folds 
B1GBankroll: folds 
*** FLOP *** [3c Qs Ah]
xcinaz: checks 
Heeli999: bets $2.61
xcinaz: folds 
Uncalled bet ($2.61) returned to Heeli999
Heeli999 collected $5.22 from pot
*** SUMMARY ***
Total pot $5.50 | Rake $0.28 
Board [3c Qs Ah]
Seat 1: Heeli999 (button) collected ($5.22)
Seat 2: b2k-Snick (small blind) folded before Flop
Seat 3: B1GBankroll (big blind) folded before Flop
Seat 4: Lago Madjore folded before Flop (didn't bet)
Seat 5: xcinaz folded on the Flop
Seat 6: For_the_idea folded before Flop (didn't bet)



PokerStars Hand #254185071378:  Hold'em No Limit ($0.50/$1.00 USD) - 2025/01/04 5:33:56 WET [2025/01/04 0:33:56 ET]
Table 'Beatrix' 6-max Seat #2 is the button
Seat 1: Heeli999 ($68.41 in chips) 
Seat 2: b2k-Snick ($100 in chips) 
Seat 3: B1GBankroll ($170.92 in chips) 
Seat 4: Lago Madjore ($155.49 in chips) 
Seat 5: xcinaz ($300.24 in chips) 
Seat 6: For_the_idea ($275.04 in chips) 
B1GBankroll: posts small blind $0.50
Lago Madjore: posts big blind $1
*** HOLE CARDS ***
xcinaz: folds 
For_the_idea: raises $1.25 to $2.25
Heeli999: folds 
b2k-Snick: folds 
B1GBankroll: folds 
Lago Madjore: folds 
Uncalled bet ($1.25) returned to For_the_idea
For_the_idea collected $2.50 from pot
For_the_idea: doesn't show hand 
*** SUMMARY ***
Total pot $2.50 | Rake $0 
Seat 1: Heeli999 folded before Flop (didn't bet)
Seat 2: b2k-Snick (button) folded before Flop (didn't bet)
Seat 3: B1GBankroll (small blind) folded before Flop
Seat 4: Lago Madjore (big blind) folded before Flop
Seat 5: xcinaz folded before Flop (didn't bet)
Seat 6: For_the_idea collected ($2.50)



PokerStars Hand #254185072877:  Hold'em No Limit ($0.50/$1.00 USD) - 2025/01/04 5:34:11 WET [2025/01/04 0:34:11 ET]
Table 'Beatrix' 6-max Seat #3 is the button
Seat 1: Heeli999 ($68.41 in chips) 
Seat 2: b2k-Snick ($100 in chips) 
Seat 3: B1GBankroll ($170.42 in chips) 
Seat 4: Lago Madjore ($154.49 in chips) 
Seat 5: xcinaz ($300.24 in chips) 
Seat 6: For_the_idea ($276.54 in chips) 
Lago Madjore: posts small blind $0.50
xcinaz: posts big blind $1
*** HOLE CARDS ***
For_the_idea: raises $1.25 to $2.25
Heeli999: raises $6 to $8.25
b2k-Snick: folds 
B1GBankroll: folds 
Lago Madjore: folds 
xcinaz: folds 
For_the_idea: calls $6
*** FLOP *** [5c 6c Th]
For_the_idea: checks 
Heeli999: bets $8.55
For_the_idea: folds 
Uncalled bet ($8.55) returned to Heeli999
Heeli999 collected $17.10 from pot
*** SUMMARY ***
Total pot $18 | Rake $0.90 
Board [5c 6c Th]
Seat 1: Heeli999 collected ($17.10)
Seat 2: b2k-Snick folded before Flop (didn't bet)
Seat 3: B1GBankroll (button) folded before Flop (didn't bet)
Seat 4: Lago Madjore (small blind) folded before Flop
Seat 5: xcinaz (big blind) folded before Flop
Seat 6: For_the_idea folded on the Flop



PokerStars Hand #254185078104:  Hold'em No Limit ($0.50/$1.00 USD) - 2025/01/04 5:35:03 WET [2025/01/04 0:35:03 ET]
Table 'Beatrix' 6-max Seat #4 is the button
Seat 1: Heeli999 ($77.26 in chips) 
Seat 2: b2k-Snick ($100 in chips) 
Seat 3: B1GBankroll ($170.42 in chips) 
Seat 4: Lago Madjore ($153.99 in chips) 
Seat 5: xcinaz ($299.24 in chips) 
Seat 6: For_the_idea ($268.29 in chips) 
xcinaz: posts small blind $0.50
For_the_idea: posts big blind $1
*** HOLE CARDS ***
Heeli999: folds 
b2k-Snick: folds 
B1GBankroll: folds 
Lago Madjore: raises $1.10 to $2.10
xcinaz: folds 
For_the_idea: calls $1.10
*** FLOP *** [6h Ts 3d]
For_the_idea: checks 
Lago Madjore: checks 
*** TURN *** [6h Ts 3d] [7s]
For_the_idea: bets $13.97
Lago Madjore: folds 
Uncalled bet ($13.97) returned to For_the_idea
For_the_idea collected $4.46 from pot
For_the_idea: doesn't show hand 
*** SUMMARY ***
Total pot $4.70 | Rake $0.24 
Board [6h Ts 3d 7s]
Seat 1: Heeli999 folded before Flop (didn't bet)
Seat 2: b2k-Snick folded before Flop (didn't bet)
Seat 3: B1GBankroll folded before Flop (didn't bet)
Seat 4: Lago Madjore (button) folded on the Turn
Seat 5: xcinaz (small blind) folded before Flop
Seat 6: For_the_idea (big blind) collected ($4.46)



PokerStars Hand #254185082253:  Hold'em No Limit ($0.50/$1.00 USD) - 2025/01/04 5:35:45 WET [2025/01/04 0:35:45 ET]
Table 'Beatrix' 6-max Seat #5 is the button
Seat 1: Heeli999 ($77.26 in chips) 
Seat 2: b2k-Snick ($100 in chips) 
Seat 3: B1GBankroll ($170.42 in chips) 
Seat 4: Lago Madjore ($151.89 in chips) 
Seat 5: xcinaz ($298.74 in chips) 
Seat 6: For_the_idea ($270.65 in chips) 
For_the_idea: posts small blind $0.50
Heeli999: posts big blind $1
*** HOLE CARDS ***
b2k-Snick: folds 
B1GBankroll: folds 
Lago Madjore: folds 
xcinaz: folds 
For_the_idea: raises $1.25 to $2.25
Heeli999: calls $1.25
*** FLOP *** [Ac Ts Kd]
For_the_idea: checks 
Heeli999: bets $4.28
For_the_idea: calls $4.28
*** TURN *** [Ac Ts Kd] [7s]
For_the_idea: checks 
Heeli999: bets $6.21
For_the_idea: calls $6.21
*** RIVER *** [Ac Ts Kd 7s] [Jc]
For_the_idea: checks 
Heeli999: checks 
*** SHOW DOWN ***
For_the_idea: shows [Ad 2h] (a pair of Aces)
Heeli999: shows [6s Ah] (a pair of Aces)
For_the_idea collected $12.11 from pot
Heeli999 collected $12.10 from pot
*** SUMMARY ***
Total pot $25.48 | Rake $1.27 
Board [Ac Ts Kd 7s Jc]
Seat 1: Heeli999 (big blind) showed [6s Ah] and won ($12.10) with a pair of Aces
Seat 2: b2k-Snick folded before Flop (didn't bet)
Seat 3: B1GBankroll folded before Flop (didn't bet)
Seat 4: Lago Madjore folded before Flop (didn't bet)
Seat 5: xcinaz (button) folded before Flop (didn't bet)
Seat 6: For_the_idea (small blind) showed [Ad 2h] and won ($12.11) with a pair of Aces



PokerStars Hand #254185092856:  Hold'em No Limit ($0.50/$1.00 USD) - 2025/01/04 5:37:31 WET [2025/01/04 0:37:31 ET]
Table 'Beatrix' 6-max Seat #6 is the button
Seat 1: Heeli999 ($76.62 in chips) 
Seat 2: b2k-Snick ($100 in chips) 
Seat 3: B1GBankroll ($170.42 in chips) 
Seat 4: Lago Madjore ($151.89 in chips) 
Seat 5: xcinaz ($298.74 in chips) 
Seat 6: For_the_idea ($270.02 in chips) 
Heeli999: posts small blind $0.50
b2k-Snick: posts big blind $1
*** HOLE CARDS ***
B1GBankroll: folds 
Lago Madjore: folds 
xcinaz: folds 
For_the_idea: folds 
Heeli999: raises $2 to $3
b2k-Snick: calls $2
*** FLOP *** [6h 9h Ad]
Heeli999: bets $2.85
b2k-Snick: folds 
Uncalled bet ($2.85) returned to Heeli999
Heeli999 collected $5.70 from pot
*** SUMMARY ***
Total pot $6 | Rake $0.30 
Board [6h 9h Ad]
Seat 1: Heeli999 (small blind) collected ($5.70)
Seat 2: b2k-Snick (big blind) folded on the Flop
Seat 3: B1GBankroll folded before Flop (didn't bet)
Seat 4: Lago Madjore folded before Flop (didn't bet)
Seat 5: xcinaz folded before Flop (didn't bet)
Seat 6: For_the_idea (button) folded before Flop (didn't bet)



PokerStars Hand #254185095260:  Hold'em No Limit ($0.50/$1.00 USD) - 2025/01/04 5:37:54 WET [2025/01/04 0:37:54 ET]
Table 'Beatrix' 6-max Seat #1 is the button
Seat 1: Heeli999 ($79.32 in chips) 
Seat 2: b2k-Snick ($100 in chips) 
Seat 3: B1GBankroll ($170.42 in chips) 
Seat 4: Lago Madjore ($151.89 in chips) 
Seat 5: xcinaz ($298.74 in chips) 
Seat 6: For_the_idea ($270.02 in chips) 
b2k-Snick: posts small blind $0.50
B1GBankroll: posts big blind $1
*** HOLE CARDS ***
Lago Madjore: folds 
xcinaz: folds 
For_the_idea: folds 
Heeli999: raises $2.50 to $3.50
b2k-Snick: folds 
B1GBankroll: folds 
Uncalled bet ($2.50) returned to Heeli999
Heeli999 collected $2.50 from pot
*** SUMMARY ***
Total pot $2.50 | Rake $0 
Seat 1: Heeli999 (button) collected ($2.50)
Seat 2: b2k-Snick (small blind) folded before Flop
Seat 3: B1GBankroll (big blind) folded before Flop
Seat 4: Lago Madjore folded before Flop (didn't bet)
Seat 5: xcinaz folded before Flop (didn't bet)
Seat 6: For_the_idea folded before Flop (didn't bet)



PokerStars Hand #254185097713:  Hold'em No Limit ($0.50/$1.00 USD) - 2025/01/04 5:38:19 WET [2025/01/04 0:38:19 ET]
Table 'Beatrix' 6-max Seat #2 is the button
Seat 1: Heeli999 ($80.82 in chips) 
Seat 2: b2k-Snick ($100 in chips) 
Seat 3: B1GBankroll ($169.42 in chips) 
Seat 4: Lago Madjore ($151.89 in chips) 
Seat 5: xcinaz ($298.74 in chips) 
Seat 6: For_the_idea ($270.02 in chips) 
B1GBankroll: posts small blind $0.50
Lago Madjore: posts big blind $1
*** HOLE CARDS ***
xcinaz: folds 
For_the_idea: folds 
Heeli999: folds 
b2k-Snick: folds 
B1GBankroll: folds 
Uncalled bet ($0.50) returned to Lago Madjore
Lago Madjore collected $1 from pot
Lago Madjore: doesn't show hand 
*** SUMMARY ***
Total pot $1 | Rake $0 
Seat 1: Heeli999 folded before Flop (didn't bet)
Seat 2: b2k-Snick (button) folded before Flop (didn't bet)
Seat 3: B1GBankroll (small blind) folded before Flop
Seat 4: Lago Madjore (big blind) collected ($1)
Seat 5: xcinaz folded before Flop (didn't bet)
Seat 6: For_the_idea folded before Flop (didn't bet)



PokerStars Hand #254185098660:  Hold'em No Limit ($0.50/$1.00 USD) - 2025/01/04 5:38:28 WET [2025/01/04 0:38:28 ET]
Table 'Beatrix' 6-max Seat #3 is the button
Seat 1: Heeli999 ($80.82 in chips) 
Seat 2: b2k-Snick ($100 in chips) 
Seat 3: B1GBankroll ($168.92 in chips) 
Seat 4: Lago Madjore ($152.39 in chips) 
Seat 5: xcinaz ($298.74 in chips) 
Seat 6: For_the_idea ($270.02 in chips) 
Lago Madjore: posts small blind $0.50
xcinaz: posts big blind $1
*** HOLE CARDS ***
For_the_idea: folds 
Heeli999: raises $2 to $3
b2k-Snick: folds 
B1GBankroll: folds 
Lago Madjore: folds 
xcinaz: folds 
Uncalled bet ($2) returned to Heeli999
Heeli999 collected $2.50 from pot
*** SUMMARY ***
Total pot $2.50 | Rake $0 
Seat 1: Heeli999 collected ($2.50)
Seat 2: b2k-Snick folded before Flop (didn't bet)
Seat 3: B1GBankroll (button) folded before Flop (didn't bet)
Seat 4: Lago Madjore (small blind) folded before Flop
Seat 5: xcinaz (big blind) folded before Flop
Seat 6: For_the_idea folded before Flop (didn't bet)



PokerStars Hand #254185100010:  Hold'em No Limit ($0.50/$1.00 USD) - 2025/01/04 5:38:42 WET [2025/01/04 0:38:42 ET]
Table 'Beatrix' 6-max Seat #4 is the button
Seat 1: Heeli999 ($82.32 in chips) 
Seat 2: b2k-Snick ($100 in chips) 
Seat 3: B1GBankroll ($168.92 in chips) 
Seat 4: Lago Madjore ($151.89 in chips) 
Seat 5: xcinaz ($297.74 in chips) 
Seat 6: For_the_idea ($270.02 in chips) 
xcinaz: posts small blind $0.50
For_the_idea: posts big blind $1
*** HOLE CARDS ***
Heeli999: folds 
b2k-Snick: folds 
B1GBankroll: folds 
Lago Madjore: raises $1.10 to $2.10
xcinaz: folds 
For_the_idea: calls $1.10
*** FLOP *** [Th 7d 7s]
For_the_idea: checks 
Lago Madjore: bets $2.32
For_the_idea: folds 
Uncalled bet ($2.32) returned to Lago Madjore
Lago Madjore collected $4.46 from pot
Lago Madjore: doesn't show hand 
*** SUMMARY ***
Total pot $4.70 | Rake $0.24 
Board [Th 7d 7s]
Seat 1: Heeli999 folded before Flop (didn't bet)
Seat 2: b2k-Snick folded before Flop (didn't bet)
Seat 3: B1GBankroll folded before Flop (didn't bet)
Seat 4: Lago Madjore (button) collected ($4.46)
Seat 5: xcinaz (small blind) folded before Flop
Seat 6: For_the_idea (big blind) folded on the Flop



PokerStars Hand #254185106235:  Hold'em No Limit ($0.50/$1.00 USD) - 2025/01/04 5:39:43 WET [2025/01/04 0:39:43 ET]
Table 'Beatrix' 6-max Seat #5 is the button
Seat 1: Heeli999 ($82.32 in chips) 
Seat 2: b2k-Snick ($100 in chips) 
Seat 3: B1GBankroll ($168.92 in chips) 
Seat 4: Lago Madjore ($154.25 in chips) 
Seat 5: xcinaz ($297.24 in chips) 
Seat 6: For_the_idea ($267.92 in chips) 
For_the_idea: posts small blind $0.50
Heeli999: posts big blind $1
*** HOLE CARDS ***
b2k-Snick: folds 
B1GBankroll: folds 
Lago Madjore: folds 
xcinaz: raises $1.50 to $2.50
For_the_idea: raises $8.50 to $11
Heeli999: calls $10
xcinaz: folds 
*** FLOP *** [Ad 7s 3d]
For_the_idea: checks 
Heeli999: checks 
*** TURN *** [Ad 7s 3d] [Kd]
For_the_idea: bets $6.05
Heeli999: calls $6.05
*** RIVER *** [Ad 7s 3d Kd] [9s]
For_the_idea: checks 
Heeli999: bets $65.27 and is all-in
For_the_idea: folds 
Uncalled bet ($65.27) returned to Heeli999
Heeli999 collected $34.77 from pot
*** SUMMARY ***
Total pot $36.60 | Rake $1.83 
Board [Ad 7s 3d Kd 9s]
Seat 1: Heeli999 (big blind) collected ($34.77)
Seat 2: b2k-Snick folded before Flop (didn't bet)
Seat 3: B1GBankroll folded before Flop (didn't bet)
Seat 4: Lago Madjore folded before Flop (didn't bet)
Seat 5: xcinaz (button) folded before Flop
Seat 6: For_the_idea (small blind) folded on the River



PokerStars Hand #254185115088:  Hold'em No Limit ($0.50/$1.00 USD) - 2025/01/04 5:41:13 WET [2025/01/04 0:41:13 ET]
Table 'Beatrix' 6-max Seat #6 is the button
Seat 1: Heeli999 ($100.04 in chips) 
Seat 2: b2k-Snick ($100 in chips) 
Seat 3: B1GBankroll ($168.92 in chips) 
Seat 4: Lago Madjore ($154.25 in chips) 
Seat 5: xcinaz ($294.74 in chips) 
Seat 6: For_the_idea ($250.87 in chips) 
Heeli999: posts small blind $0.50
b2k-Snick: posts big blind $1
*** HOLE CARDS ***
B1GBankroll: raises $1.50 to $2.50
Lago Madjore: folds 
xcinaz: folds 
For_the_idea: folds 
Heeli999: calls $2
b2k-Snick: calls $1.50
*** FLOP *** [8d 8c 9s]
Heeli999: checks 
b2k-Snick: checks 
B1GBankroll: checks 
*** TURN *** [8d 8c 9s] [5s]
Heeli999: bets $3.56
b2k-Snick: folds 
B1GBankroll: folds 
Uncalled bet ($3.56) returned to Heeli999
Heeli999 collected $7.12 from pot
*** SUMMARY ***
Total pot $7.50 | Rake $0.38 
Board [8d 8c 9s 5s]
Seat 1: Heeli999 (small blind) collected ($7.12)
Seat 2: b2k-Snick (big blind) folded on the Turn
Seat 3: B1GBankroll folded on the Turn
Seat 4: Lago Madjore folded before Flop (didn't bet)
Seat 5: xcinaz folded before Flop (didn't bet)
Seat 6: For_the_idea (button) folded before Flop (didn't bet)



PokerStars Hand #254185120044:  Hold'em No Limit ($0.50/$1.00 USD) - 2025/01/04 5:42:03 WET [2025/01/04 0:42:03 ET]
Table 'Beatrix' 6-max Seat #1 is the button
Seat 1: Heeli999 ($104.66 in chips) 
Seat 2: b2k-Snick ($100 in chips) 
Seat 3: B1GBankroll ($166.42 in chips) 
Seat 4: Lago Madjore ($154.25 in chips) 
Seat 5: xcinaz ($294.74 in chips) 
Seat 6: For_the_idea ($250.87 in chips) 
b2k-Snick: posts small blind $0.50
B1GBankroll: posts big blind $1
*** HOLE CARDS ***
Lago Madjore: folds 
xcinaz: folds 
For_the_idea: folds 
Heeli999: raises $2.50 to $3.50
b2k-Snick: folds 
B1GBankroll: folds 
Uncalled bet ($2.50) returned to Heeli999
Heeli999 collected $2.50 from pot
*** SUMMARY ***
Total pot $2.50 | Rake $0 
Seat 1: Heeli999 (button) collected ($2.50)
Seat 2: b2k-Snick (small blind) folded before Flop
Seat 3: B1GBankroll (big blind) folded before Flop
Seat 4: Lago Madjore folded before Flop (didn't bet)
Seat 5: xcinaz folded before Flop (didn't bet)
Seat 6: For_the_idea folded before Flop (didn't bet)



PokerStars Hand #254185122449:  Hold'em No Limit ($0.50/$1.00 USD) - 2025/01/04 5:42:27 WET [2025/01/04 0:42:27 ET]
Table 'Beatrix' 6-max Seat #2 is the button
Seat 1: Heeli999 ($106.16 in chips) 
Seat 2: b2k-Snick ($100 in chips) 
Seat 3: B1GBankroll ($165.42 in chips) 
Seat 4: Lago Madjore ($154.25 in chips) 
Seat 5: xcinaz ($294.74 in chips) 
Seat 6: For_the_idea ($250.87 in chips) 
B1GBankroll: posts small blind $0.50
Lago Madjore: posts big blind $1
*** HOLE CARDS ***
xcinaz: folds 
For_the_idea: raises $1.25 to $2.25
Heeli999: folds 
b2k-Snick: raises $5.25 to $7.50
B1GBankroll: raises $11.50 to $19
Lago Madjore: folds 
For_the_idea: folds 
b2k-Snick: folds 
Uncalled bet ($11.50) returned to B1GBankroll
B1GBankroll collected $18.25 from pot
B1GBankroll: doesn't show hand 
*** SUMMARY ***
Total pot $18.25 | Rake $0 
Seat 1: Heeli999 folded before Flop (didn't bet)
Seat 2: b2k-Snick (button) folded before Flop
Seat 3: B1GBankroll (small blind) collected ($18.25)
Seat 4: Lago Madjore (big blind) folded before Flop
Seat 5: xcinaz folded before Flop (didn't bet)
Seat 6: For_the_idea folded before Flop



PokerStars Hand #254185127229:  Hold'em No Limit ($0.50/$1.00 USD) - 2025/01/04 5:43:15 WET [2025/01/04 0:43:15 ET]
Table 'Beatrix' 6-max Seat #3 is the button
Seat 1: Heeli999 ($106.16 in chips) 
Seat 2: b2k-Snick ($100 in chips) 
Seat 3: B1GBankroll ($176.17 in chips) 
Seat 4: Lago Madjore ($153.25 in chips) 
Seat 5: xcinaz ($294.74 in chips) 
Seat 6: For_the_idea ($248.62 in chips) 
Lago Madjore: posts small blind $0.50
xcinaz: posts big blind $1
*** HOLE CARDS ***
For_the_idea: raises $1.25 to $2.25
Heeli999: calls $2.25
b2k-Snick: raises $6.75 to $9
B1GBankroll: folds 
Lago Madjore: folds 
xcinaz: folds 
For_the_idea: folds 
Heeli999: calls $6.75
*** FLOP *** [3h 6s 8s]
Heeli999: checks 
b2k-Snick: bets $11.36
Heeli999: folds 
Uncalled bet ($11.36) returned to b2k-Snick
b2k-Snick collected $20.66 from pot
b2k-Snick: doesn't show hand 
*** SUMMARY ***
Total pot $21.75 | Rake $1.09 
Board [3h 6s 8s]
Seat 1: Heeli999 folded on the Flop
Seat 2: b2k-Snick collected ($20.66)
Seat 3: B1GBankroll (button) folded before Flop (didn't bet)
Seat 4: Lago Madjore (small blind) folded before Flop
Seat 5: xcinaz (big blind) folded before Flop
Seat 6: For_the_idea folded before Flop



PokerStars Hand #254185130964:  Hold'em No Limit ($0.50/$1.00 USD) - 2025/01/04 5:43:53 WET [2025/01/04 0:43:53 ET]
Table 'Beatrix' 6-max Seat #4 is the button
Seat 1: Heeli999 ($97.16 in chips) 
Seat 2: b2k-Snick ($111.66 in chips) 
Seat 3: B1GBankroll ($176.17 in chips) 
Seat 4: Lago Madjore ($152.75 in chips) 
Seat 5: xcinaz ($293.74 in chips) 
Seat 6: For_the_idea ($246.37 in chips) 
xcinaz: posts small blind $0.50
For_the_idea: posts big blind $1
*** HOLE CARDS ***
Heeli999: raises $2.50 to $3.50
b2k-Snick: folds 
B1GBankroll: folds 
Lago Madjore: folds 
xcinaz: folds 
For_the_idea: raises $10.50 to $14
Heeli999: raises $28.50 to $42.50
For_the_idea: raises $203.87 to $246.37 and is all-in
Heeli999: calls $54.66 and is all-in
Uncalled bet ($149.21) returned to For_the_idea
*** FLOP *** [6c 8d 3s]
*** TURN *** [6c 8d 3s] [2c]
*** RIVER *** [6c 8d 3s 2c] [7c]
*** SHOW DOWN ***
For_the_idea: shows [Ks Ad] (high card Ace)
Heeli999: shows [Kd Kc] (a pair of Kings)
Heeli999 collected $192.32 from pot
*** SUMMARY ***
Total pot $194.82 | Rake $2.50 
Board [6c 8d 3s 2c 7c]
Seat 1: Heeli999 showed [Kd Kc] and won ($192.32) with a pair of Kings
Seat 2: b2k-Snick folded before Flop (didn't bet)
Seat 3: B1GBankroll folded before Flop (didn't bet)
Seat 4: Lago Madjore (button) folded before Flop (didn't bet)
Seat 5: xcinaz (small blind) folded before Flop
Seat 6: For_the_idea (big blind) showed [Ks Ad] and lost with high card Ace



PokerStars Hand #254185135677:  Hold'em No Limit ($0.50/$1.00 USD) - 2025/01/04 5:44:40 WET [2025/01/04 0:44:40 ET]
Table 'Beatrix' 6-max Seat #5 is the button
Seat 1: Heeli999 ($192.32 in chips) 
Seat 2: b2k-Snick ($111.66 in chips) 
Seat 3: B1GBankroll ($176.17 in chips) 
Seat 4: Lago Madjore ($152.75 in chips) 
Seat 5: xcinaz ($293.24 in chips) 
Seat 6: For_the_idea ($149.21 in chips) 
For_the_idea: posts small blind $0.50
Heeli999: posts big blind $1
*** HOLE CARDS ***
b2k-Snick: folds 
B1GBankroll: raises $1.50 to $2.50
Lago Madjore: folds 
xcinaz: folds 
For_the_idea: folds 
Heeli999: calls $1.50
*** FLOP *** [Jh Kd 5c]
Heeli999: checks 
B1GBankroll: bets $3.86
Heeli999: calls $3.86
*** TURN *** [Jh Kd 5c] [7d]
Heeli999: checks 
B1GBankroll: bets $9.29
Heeli999: calls $9.29
*** RIVER *** [Jh Kd 5c 7d] [2s]
Heeli999: checks 
B1GBankroll: bets $22.36
Heeli999: folds 
Uncalled bet ($22.36) returned to B1GBankroll
B1GBankroll collected $30.21 from pot
B1GBankroll: doesn't show hand 
*** SUMMARY ***
Total pot $31.80 | Rake $1.59 
Board [Jh Kd 5c 7d 2s]
Seat 1: Heeli999 (big blind) folded on the River
Seat 2: b2k-Snick folded before Flop (didn't bet)
Seat 3: B1GBankroll collected ($30.21)
Seat 4: Lago Madjore folded before Flop (didn't bet)
Seat 5: xcinaz (button) folded before Flop (didn't bet)
Seat 6: For_the_idea (small blind) folded before Flop



PokerStars Hand #254185141876:  Hold'em No Limit ($0.50/$1.00 USD) - 2025/01/04 5:45:44 WET [2025/01/04 0:45:44 ET]
Table 'Beatrix' 6-max Seat #6 is the button
Seat 1: Heeli999 ($176.67 in chips) 
Seat 2: b2k-Snick ($111.66 in chips) 
Seat 3: B1GBankroll ($190.73 in chips) 
Seat 4: Lago Madjore ($152.75 in chips) 
Seat 5: xcinaz ($293.24 in chips) 
Seat 6: For_the_idea ($148.71 in chips) 
Heeli999: posts small blind $0.50
b2k-Snick: posts big blind $1
*** HOLE CARDS ***
B1GBankroll: folds 
Lago Madjore: raises $1.02 to $2.02
xcinaz: folds 
For_the_idea: folds 
Heeli999: calls $1.52
b2k-Snick: folds 
*** FLOP *** [Td 5c Ts]
Heeli999: checks 
Lago Madjore: bets $1.34
Heeli999: calls $1.34
*** TURN *** [Td 5c Ts] [5d]
Heeli999: checks 
Lago Madjore: checks 
*** RIVER *** [Td 5c Ts 5d] [2d]
Heeli999: bets $7.33
Lago Madjore: calls $7.33
*** SHOW DOWN ***
Heeli999: shows [5s 2s] (a full house, Fives full of Tens)
Lago Madjore: shows [4h 5h] (a full house, Fives full of Tens)
Heeli999 collected $10.63 from pot
Lago Madjore collected $10.63 from pot
*** SUMMARY ***
Total pot $22.38 | Rake $1.12 
Board [Td 5c Ts 5d 2d]
Seat 1: Heeli999 (small blind) showed [5s 2s] and won ($10.63) with a full house, Fives full of Tens
Seat 2: b2k-Snick (big blind) folded before Flop
Seat 3: B1GBankroll folded before Flop (didn't bet)
Seat 4: Lago Madjore showed [4h 5h] and won ($10.63) with a full house, Fives full of Tens
Seat 5: xcinaz folded before Flop (didn't bet)
Seat 6: For_the_idea (button) folded before Flop (didn't bet)



PokerStars Hand #254185145601:  Hold'em No Limit ($0.50/$1.00 USD) - 2025/01/04 5:46:22 WET [2025/01/04 0:46:22 ET]
Table 'Beatrix' 6-max Seat #1 is the button
Seat 1: Heeli999 ($176.61 in chips) 
Seat 2: b2k-Snick ($110.66 in chips) 
Seat 3: B1GBankroll ($190.73 in chips) 
Seat 4: Lago Madjore ($152.69 in chips) 
Seat 5: xcinaz ($293.24 in chips) 
Seat 6: For_the_idea ($148.71 in chips) 
b2k-Snick: posts small blind $0.50
B1GBankroll: posts big blind $1
*** HOLE CARDS ***
Lago Madjore: folds 
xcinaz: folds 
For_the_idea: folds 
Heeli999: raises $1 to $2
b2k-Snick: folds 
B1GBankroll: folds 
Uncalled bet ($1) returned to Heeli999
Heeli999 collected $2.50 from pot
*** SUMMARY ***
Total pot $2.50 | Rake $0 
Seat 1: Heeli999 (button) collected ($2.50)
Seat 2: b2k-Snick (small blind) folded before Flop
Seat 3: B1GBankroll (big blind) folded before Flop
Seat 4: Lago Madjore folded before Flop (didn't bet)
Seat 5: xcinaz folded before Flop (didn't bet)
Seat 6: For_the_idea folded before Flop (didn't bet)



PokerStars Hand #254185147578:  Hold'em No Limit ($0.50/$1.00 USD) - 2025/01/04 5:46:43 WET [2025/01/04 0:46:43 ET]
Table 'Beatrix' 6-max Seat #2 is the button
Seat 1: Heeli999 ($178.11 in chips) 
Seat 2: b2k-Snick ($110.16 in chips) 
Seat 3: B1GBankroll ($189.73 in chips) 
Seat 4: Lago Madjore ($152.69 in chips) 
Seat 5: xcinaz ($293.24 in chips) 
Seat 6: For_the_idea ($148.71 in chips) 
B1GBankroll: posts small blind $0.50
Lago Madjore: posts big blind $1
*** HOLE CARDS ***
xcinaz: folds 
For_the_idea: folds 
Heeli999: raises $2 to $3
b2k-Snick: folds 
B1GBankroll: folds 
Lago Madjore: folds 
Uncalled bet ($2) returned to Heeli999
Heeli999 collected $2.50 from pot
*** SUMMARY ***
Total pot $2.50 | Rake $0 
Seat 1: Heeli999 collected ($2.50)
Seat 2: b2k-Snick (button) folded before Flop (didn't bet)
Seat 3: B1GBankroll (small blind) folded before Flop
Seat 4: Lago Madjore (big blind) folded before Flop
Seat 5: xcinaz folded before Flop (didn't bet)
Seat 6: For_the_idea folded before Flop (didn't bet)



PokerStars Hand #254185149498:  Hold'em No Limit ($0.50/$1.00 USD) - 2025/01/04 5:47:03 WET [2025/01/04 0:47:03 ET]
Table 'Beatrix' 6-max Seat #3 is the button
Seat 1: Heeli999 ($179.61 in chips) 
Seat 2: b2k-Snick ($110.16 in chips) 
Seat 3: B1GBankroll ($189.23 in chips) 
Seat 4: Lago Madjore ($151.69 in chips) 
Seat 5: xcinaz ($293.24 in chips) 
Seat 6: For_the_idea ($148.71 in chips) 
Lago Madjore: posts small blind $0.50
xcinaz: posts big blind $1
*** HOLE CARDS ***
For_the_idea: folds 
Heeli999: raises $2.50 to $3.50
b2k-Snick: folds 
B1GBankroll: folds 
Lago Madjore: folds 
xcinaz: folds 
Uncalled bet ($2.50) returned to Heeli999
Heeli999 collected $2.50 from pot
*** SUMMARY ***
Total pot $2.50 | Rake $0 
Seat 1: Heeli999 collected ($2.50)
Seat 2: b2k-Snick folded before Flop (didn't bet)
Seat 3: B1GBankroll (button) folded before Flop (didn't bet)
Seat 4: Lago Madjore (small blind) folded before Flop
Seat 5: xcinaz (big blind) folded before Flop
Seat 6: For_the_idea folded before Flop (didn't bet)



PokerStars Hand #254185151302:  Hold'em No Limit ($0.50/$1.00 USD) - 2025/01/04 5:47:21 WET [2025/01/04 0:47:21 ET]
Table 'Beatrix' 6-max Seat #4 is the button
Seat 1: Heeli999 ($181.11 in chips) 
Seat 2: b2k-Snick ($110.16 in chips) 
Seat 3: B1GBankroll ($189.23 in chips) 
Seat 4: Lago Madjore ($151.19 in chips) 
Seat 5: xcinaz ($292.24 in chips) 
Seat 6: For_the_idea ($148.71 in chips) 
xcinaz: posts small blind $0.50
For_the_idea: posts big blind $1
*** HOLE CARDS ***
Heeli999: raises $2 to $3
b2k-Snick: folds 
B1GBankroll: folds 
Lago Madjore: folds 
xcinaz: folds 
For_the_idea: folds 
Uncalled bet ($2) returned to Heeli999
Heeli999 collected $2.50 from pot
*** SUMMARY ***
Total pot $2.50 | Rake $0 
Seat 1: Heeli999 collected ($2.50)
Seat 2: b2k-Snick folded before Flop (didn't bet)
Seat 3: B1GBankroll folded before Flop (didn't bet)
Seat 4: Lago Madjore (button) folded before Flop (didn't bet)
Seat 5: xcinaz (small blind) folded before Flop
Seat 6: For_the_idea (big blind) folded before Flop



PokerStars Hand #254185152895:  Hold'em No Limit ($0.50/$1.00 USD) - 2025/01/04 5:47:38 WET [2025/01/04 0:47:38 ET]
Table 'Beatrix' 6-max Seat #5 is the button
Seat 1: Heeli999 ($182.61 in chips) 
Seat 2: b2k-Snick ($110.16 in chips) 
Seat 3: B1GBankroll ($189.23 in chips) 
Seat 4: Lago Madjore ($151.19 in chips) 
Seat 5: xcinaz ($291.74 in chips) 
Seat 6: For_the_idea ($147.71 in chips) 
For_the_idea: posts small blind $0.50
Heeli999: posts big blind $1
*** HOLE CARDS ***
b2k-Snick: folds 
B1GBankroll: folds 
Lago Madjore: folds 
xcinaz: folds 
For_the_idea: raises $2 to $3
Heeli999: calls $2
*** FLOP *** [6s Th 5d]
For_the_idea: checks 
Heeli999: checks 
*** TURN *** [6s Th 5d] [Js]
For_the_idea: checks 
Heeli999: checks 
*** RIVER *** [6s Th 5d Js] [7h]
For_the_idea: bets $1.48
Heeli999: calls $1.48
*** SHOW DOWN ***
For_the_idea: shows [7c Kc] (a pair of Sevens)
Heeli999: mucks hand 
For_the_idea collected $8.51 from pot
*** SUMMARY ***
Total pot $8.96 | Rake $0.45 
Board [6s Th 5d Js 7h]
Seat 1: Heeli999 (big blind) mucked
Seat 2: b2k-Snick folded before Flop (didn't bet)
Seat 3: B1GBankroll folded before Flop (didn't bet)
Seat 4: Lago Madjore folded before Flop (didn't bet)
Seat 5: xcinaz (button) folded before Flop (didn't bet)
Seat 6: For_the_idea (small blind) showed [7c Kc] and won ($8.51) with a pair of Sevens



PokerStars Hand #254185159061:  Hold'em No Limit ($0.50/$1.00 USD) - 2025/01/04 5:48:41 WET [2025/01/04 0:48:41 ET]
Table 'Beatrix' 6-max Seat #6 is the button
Seat 1: Heeli999 ($178.13 in chips) 
Seat 2: b2k-Snick ($110.16 in chips) 
Seat 3: B1GBankroll ($189.23 in chips) 
Seat 4: Lago Madjore ($151.19 in chips) 
Seat 5: xcinaz ($291.74 in chips) 
Seat 6: For_the_idea ($151.74 in chips) 
Heeli999: posts small blind $0.50
b2k-Snick: posts big blind $1
*** HOLE CARDS ***
B1GBankroll: folds 
Lago Madjore: folds 
xcinaz: folds 
For_the_idea: folds 
Heeli999: calls $0.50
b2k-Snick: raises $3 to $4
Heeli999: calls $3
*** FLOP *** [Qh 5h 3d]
Heeli999: bets $3.80
b2k-Snick: raises $6.70 to $10.50
Heeli999: calls $6.70
*** TURN *** [Qh 5h 3d] [Qc]
Heeli999: checks 
b2k-Snick: checks 
*** RIVER *** [Qh 5h 3d Qc] [8d]
Heeli999: bets $13.78
b2k-Snick: calls $13.78
*** SHOW DOWN ***
Heeli999: shows [5d Jd] (two pair, Queens and Fives)
b2k-Snick: shows [Kh 8h] (two pair, Queens and Eights)
b2k-Snick collected $54.06 from pot
*** SUMMARY ***
Total pot $56.56 | Rake $2.50 
Board [Qh 5h 3d Qc 8d]
Seat 1: Heeli999 (small blind) showed [5d Jd] and lost with two pair, Queens and Fives
Seat 2: b2k-Snick (big blind) showed [Kh 8h] and won ($54.06) with two pair, Queens and Eights
Seat 3: B1GBankroll folded before Flop (didn't bet)
Seat 4: Lago Madjore folded before Flop (didn't bet)
Seat 5: xcinaz folded before Flop (didn't bet)
Seat 6: For_the_idea (button) folded before Flop (didn't bet)



PokerStars Hand #254185165717:  Hold'em No Limit ($0.50/$1.00 USD) - 2025/01/04 5:49:49 WET [2025/01/04 0:49:49 ET]
Table 'Beatrix' 6-max Seat #1 is the button
Seat 1: Heeli999 ($149.85 in chips) 
Seat 2: b2k-Snick ($135.94 in chips) 
Seat 3: B1GBankroll ($189.23 in chips) 
Seat 4: Lago Madjore ($151.19 in chips) 
Seat 5: xcinaz ($291.74 in chips) 
Seat 6: For_the_idea ($151.74 in chips) 
b2k-Snick: posts small blind $0.50
B1GBankroll: posts big blind $1
*** HOLE CARDS ***
Lago Madjore: folds 
xcinaz: folds 
For_the_idea: folds 
Heeli999: folds 
b2k-Snick: folds 
Uncalled bet ($0.50) returned to B1GBankroll
B1GBankroll collected $1 from pot
B1GBankroll: doesn't show hand 
*** SUMMARY ***
Total pot $1 | Rake $0 
Seat 1: Heeli999 (button) folded before Flop (didn't bet)
Seat 2: b2k-Snick (small blind) folded before Flop
Seat 3: B1GBankroll (big blind) collected ($1)
Seat 4: Lago Madjore folded before Flop (didn't bet)
Seat 5: xcinaz folded before Flop (didn't bet)
Seat 6: For_the_idea folded before Flop (didn't bet)



PokerStars Hand #254185167353:  Hold'em No Limit ($0.50/$1.00 USD) - 2025/01/04 5:50:06 WET [2025/01/04 0:50:06 ET]
Table 'Beatrix' 6-max Seat #2 is the button
Seat 1: Heeli999 ($149.85 in chips) 
Seat 2: b2k-Snick ($135.44 in chips) 
Seat 3: B1GBankroll ($189.73 in chips) 
Seat 4: Lago Madjore ($151.19 in chips) 
Seat 5: xcinaz ($291.74 in chips) 
Seat 6: For_the_idea ($151.74 in chips) 
B1GBankroll: posts small blind $0.50
Lago Madjore: posts big blind $1
*** HOLE CARDS ***
xcinaz: folds 
For_the_idea: folds 
Heeli999: folds 
b2k-Snick: raises $1.50 to $2.50
B1GBankroll: folds 
Lago Madjore: folds 
Uncalled bet ($1.50) returned to b2k-Snick
b2k-Snick collected $2.50 from pot
b2k-Snick: doesn't show hand 
*** SUMMARY ***
Total pot $2.50 | Rake $0 
Seat 1: Heeli999 folded before Flop (didn't bet)
Seat 2: b2k-Snick (button) collected ($2.50)
Seat 3: B1GBankroll (small blind) folded before Flop
Seat 4: Lago Madjore (big blind) folded before Flop
Seat 5: xcinaz folded before Flop (didn't bet)
Seat 6: For_the_idea folded before Flop (didn't bet)



PokerStars Hand #254185168782:  Hold'em No Limit ($0.50/$1.00 USD) - 2025/01/04 5:50:21 WET [2025/01/04 0:50:21 ET]
Table 'Beatrix' 6-max Seat #3 is the button
Seat 1: Heeli999 ($149.85 in chips) 
Seat 2: b2k-Snick ($136.94 in chips) 
Seat 3: B1GBankroll ($189.23 in chips) 
Seat 4: Lago Madjore ($150.19 in chips) 
Seat 5: xcinaz ($291.74 in chips) 
Seat 6: For_the_idea ($151.74 in chips) 
Lago Madjore: posts small blind $0.50
xcinaz: posts big blind $1
*** HOLE CARDS ***
For_the_idea: folds 
Heeli999: raises $2.50 to $3.50
b2k-Snick: folds 
B1GBankroll: calls $3.50
Lago Madjore: calls $3
xcinaz: folds 
*** FLOP *** [4c 8h Jh]
Lago Madjore: checks 
Heeli999: bets $5.46
B1GBankroll: folds 
Lago Madjore: calls $5.46
*** TURN *** [4c 8h Jh] [Qh]
Lago Madjore: checks 
Heeli999: bets $10.65
Lago Madjore: calls $10.65
*** RIVER *** [4c 8h Jh Qh] [9s]
Lago Madjore: checks 
Heeli999: bets $41.53
Lago Madjore: calls $41.53
*** SHOW DOWN ***
Heeli999: shows [As Qd] (a pair of Queens)
Lago Madjore: shows [Ts Tc] (a straight, Eight to Queen)
Lago Madjore collected $124.28 from pot
*** SUMMARY ***
Total pot $126.78 | Rake $2.50 
Board [4c 8h Jh Qh 9s]
Seat 1: Heeli999 showed [As Qd] and lost with a pair of Queens
Seat 2: b2k-Snick folded before Flop (didn't bet)
Seat 3: B1GBankroll (button) folded on the Flop
Seat 4: Lago Madjore (small blind) showed [Ts Tc] and won ($124.28) with a straight, Eight to Queen
Seat 5: xcinaz (big blind) folded before Flop
Seat 6: For_the_idea folded before Flop (didn't bet)



PokerStars Hand #254185174985:  Hold'em No Limit ($0.50/$1.00 USD) - 2025/01/04 5:51:23 WET [2025/01/04 0:51:23 ET]
Table 'Beatrix' 6-max Seat #4 is the button
Seat 1: Heeli999 ($88.71 in chips) 
Seat 2: b2k-Snick ($136.94 in chips) 
Seat 3: B1GBankroll ($185.73 in chips) 
Seat 4: Lago Madjore ($213.33 in chips) 
Seat 5: xcinaz ($290.74 in chips) 
Seat 6: For_the_idea ($151.74 in chips) 
xcinaz: posts small blind $0.50
For_the_idea: posts big blind $1
*** HOLE CARDS ***
Heeli999: folds 
b2k-Snick: folds 
B1GBankroll: folds 
Lago Madjore: folds 
xcinaz: raises $2 to $3
For_the_idea: folds 
Uncalled bet ($2) returned to xcinaz
xcinaz collected $2 from pot
xcinaz: doesn't show hand 
*** SUMMARY ***
Total pot $2 | Rake $0 
Seat 1: Heeli999 folded before Flop (didn't bet)
Seat 2: b2k-Snick folded before Flop (didn't bet)
Seat 3: B1GBankroll folded before Flop (didn't bet)
Seat 4: Lago Madjore (button) folded before Flop (didn't bet)
Seat 5: xcinaz (small blind) collected ($2)
Seat 6: For_the_idea (big blind) folded before Flop



PokerStars Hand #254185176497:  Hold'em No Limit ($0.50/$1.00 USD) - 2025/01/04 5:51:39 WET [2025/01/04 0:51:39 ET]
Table 'Beatrix' 6-max Seat #5 is the button
Seat 1: Heeli999 ($88.71 in chips) 
Seat 2: b2k-Snick ($136.94 in chips) 
Seat 3: B1GBankroll ($185.73 in chips) 
Seat 4: Lago Madjore ($213.33 in chips) 
Seat 5: xcinaz ($291.74 in chips) 
Seat 6: For_the_idea ($150.74 in chips) 
For_the_idea: posts small blind $0.50
Heeli999: posts big blind $1
*** HOLE CARDS ***
b2k-Snick: folds 
B1GBankroll: folds 
Lago Madjore: folds 
xcinaz: folds 
For_the_idea: raises $2 to $3
Heeli999: calls $2
*** FLOP *** [Tc Ah Qd]
For_the_idea: checks 
Heeli999: bets $2.85
For_the_idea: calls $2.85
*** TURN *** [Tc Ah Qd] [7h]
For_the_idea: checks 
Heeli999: bets $5.56
For_the_idea: calls $5.56
*** RIVER *** [Tc Ah Qd 7h] [Ac]
For_the_idea: checks 
Heeli999: bets $10.84
For_the_idea: calls $10.84
*** SHOW DOWN ***
Heeli999: shows [5c Th] (two pair, Aces and Tens)
For_the_idea: shows [Qc 8d] (two pair, Aces and Queens)
For_the_idea collected $42.28 from pot
*** SUMMARY ***
Total pot $44.50 | Rake $2.22 
Board [Tc Ah Qd 7h Ac]
Seat 1: Heeli999 (big blind) showed [5c Th] and lost with two pair, Aces and Tens
Seat 2: b2k-Snick folded before Flop (didn't bet)
Seat 3: B1GBankroll folded before Flop (didn't bet)
Seat 4: Lago Madjore folded before Flop (didn't bet)
Seat 5: xcinaz (button) folded before Flop (didn't bet)
Seat 6: For_the_idea (small blind) showed [Qc 8d] and won ($42.28) with two pair, Aces and Queens



PokerStars Hand #254185183605:  Hold'em No Limit ($0.50/$1.00 USD) - 2025/01/04 5:52:53 WET [2025/01/04 0:52:53 ET]
Table 'Beatrix' 6-max Seat #6 is the button
Seat 1: Heeli999 ($66.46 in chips) 
Seat 2: b2k-Snick ($136.94 in chips) 
Seat 3: B1GBankroll ($185.73 in chips) 
Seat 4: Lago Madjore ($213.33 in chips) 
Seat 5: xcinaz ($291.74 in chips) 
Seat 6: For_the_idea ($170.77 in chips) 
Heeli999: posts small blind $0.50
b2k-Snick: posts big blind $1
*** HOLE CARDS ***
B1GBankroll has timed out
B1GBankroll: folds 
Lago Madjore: folds 
xcinaz: folds 
For_the_idea: folds 
Heeli999: raises $1 to $2
b2k-Snick: calls $1
*** FLOP *** [4d Th Js]
Heeli999: bets $1.90
b2k-Snick: folds 
Uncalled bet ($1.90) returned to Heeli999
Heeli999 collected $3.80 from pot
*** SUMMARY ***
Total pot $4 | Rake $0.20 
Board [4d Th Js]
Seat 1: Heeli999 (small blind) collected ($3.80)
Seat 2: b2k-Snick (big blind) folded on the Flop
Seat 3: B1GBankroll folded before Flop (didn't bet)
Seat 4: Lago Madjore folded before Flop (didn't bet)
Seat 5: xcinaz folded before Flop (didn't bet)
Seat 6: For_the_idea (button) folded before Flop (didn't bet)



PokerStars Hand #254185189272:  Hold'em No Limit ($0.50/$1.00 USD) - 2025/01/04 5:53:52 WET [2025/01/04 0:53:52 ET]
Table 'Beatrix' 6-max Seat #1 is the button
Seat 1: Heeli999 ($100 in chips) 
Seat 2: b2k-Snick ($134.94 in chips) 
Seat 3: B1GBankroll ($185.73 in chips) 
Seat 4: Lago Madjore ($213.33 in chips) 
Seat 5: xcinaz ($291.74 in chips) 
Seat 6: For_the_idea ($170.77 in chips) 
b2k-Snick: posts small blind $0.50
B1GBankroll: posts big blind $1
*** HOLE CARDS ***
Lago Madjore: folds 
xcinaz: folds 
For_the_idea: folds 
Heeli999: raises $2.50 to $3.50
b2k-Snick: raises $11.50 to $15
B1GBankroll: folds 
Heeli999: raises $85 to $100 and is all-in
b2k-Snick: calls $85
*** FLOP *** [4s 2h 9d]
*** TURN *** [4s 2h 9d] [Qh]
*** RIVER *** [4s 2h 9d Qh] [6h]
*** SHOW DOWN ***
b2k-Snick: shows [Qs Qd] (three of a kind, Queens)
Heeli999: shows [Ks As] (high card Ace)
b2k-Snick collected $198.50 from pot
*** SUMMARY ***
Total pot $201 | Rake $2.50 
Board [4s 2h 9d Qh 6h]
Seat 1: Heeli999 (button) showed [Ks As] and lost with high card Ace
Seat 2: b2k-Snick (small blind) showed [Qs Qd] and won ($198.50) with three of a kind, Queens
Seat 3: B1GBankroll (big blind) folded before Flop
Seat 4: Lago Madjore folded before Flop (didn't bet)
Seat 5: xcinaz folded before Flop (didn't bet)
Seat 6: For_the_idea folded before Flop (didn't bet)



PokerStars Hand #254185192946:  Hold'em No Limit ($0.50/$1.00 USD) - 2025/01/04 5:54:30 WET [2025/01/04 0:54:30 ET]
Table 'Beatrix' 6-max Seat #2 is the button
Seat 1: Heeli999 ($0 in chips) is sitting out
Seat 2: b2k-Snick ($233.44 in chips) 
Seat 3: B1GBankroll ($184.73 in chips) 
Seat 4: Lago Madjore ($213.33 in chips) 
Seat 5: xcinaz ($291.74 in chips) 
Seat 6: For_the_idea ($170.77 in chips) 
B1GBankroll: posts small blind $0.50
Lago Madjore: posts big blind $1
*** HOLE CARDS ***
xcinaz: folds 
For_the_idea: folds 
b2k-Snick: raises $1.50 to $2.50
B1GBankroll: folds 
Lago Madjore: calls $1.50
*** FLOP *** [Th 6c Tc]
Lago Madjore: checks 
b2k-Snick: bets $2.30
Lago Madjore: folds 
Uncalled bet ($2.30) returned to b2k-Snick
b2k-Snick collected $5.22 from pot
b2k-Snick: doesn't show hand 
*** SUMMARY ***
Total pot $5.50 | Rake $0.28 
Board [Th 6c Tc]
Seat 1: Heeli999
Seat 2: b2k-Snick (button) collected ($5.22)
Seat 3: B1GBankroll (small blind) folded before Flop
Seat 4: Lago Madjore (big blind) folded on the Flop
Seat 5: xcinaz folded before Flop (didn't bet)
Seat 6: For_the_idea folded before Flop (didn't bet)



PokerStars Hand #254185196456:  Hold'em No Limit ($0.50/$1.00 USD) - 2025/01/04 5:55:08 WET [2025/01/04 0:55:08 ET]
Table 'Beatrix' 6-max Seat #3 is the button
Seat 1: Heeli999 ($11.80 in chips) 
Seat 2: b2k-Snick ($236.16 in chips) 
Seat 3: B1GBankroll ($184.23 in chips) 
Seat 4: Lago Madjore ($210.83 in chips) 
Seat 5: xcinaz ($291.74 in chips) 
Seat 6: For_the_idea ($170.77 in chips) 
Lago Madjore: posts small blind $0.50
xcinaz: posts big blind $1
*** HOLE CARDS ***
For_the_idea: folds 
Heeli999: folds 
b2k-Snick: folds 
B1GBankroll: folds 
Lago Madjore: folds 
Uncalled bet ($0.50) returned to xcinaz
xcinaz collected $1 from pot
xcinaz: doesn't show hand 
*** SUMMARY ***
Total pot $1 | Rake $0 
Seat 1: Heeli999 folded before Flop (didn't bet)
Seat 2: b2k-Snick folded before Flop (didn't bet)
Seat 3: B1GBankroll (button) folded before Flop (didn't bet)
Seat 4: Lago Madjore (small blind) folded before Flop
Seat 5: xcinaz (big blind) collected ($1)
Seat 6: For_the_idea folded before Flop (didn't bet)



PokerStars Hand #254185197340:  Hold'em No Limit ($0.50/$1.00 USD) - 2025/01/04 5:55:18 WET [2025/01/04 0:55:18 ET]
Table 'Beatrix' 6-max Seat #4 is the button
Seat 1: Heeli999 ($11.80 in chips) 
Seat 2: b2k-Snick ($236.16 in chips) 
Seat 3: B1GBankroll ($184.23 in chips) 
Seat 4: Lago Madjore ($210.33 in chips) 
Seat 5: xcinaz ($292.24 in chips) 
Seat 6: For_the_idea ($170.77 in chips) 
xcinaz: posts small blind $0.50
For_the_idea: posts big blind $1
*** HOLE CARDS ***
Heeli999: folds 
b2k-Snick: folds 
B1GBankroll: folds 
Lago Madjore: folds 
xcinaz: folds 
Uncalled bet ($0.50) returned to For_the_idea
For_the_idea collected $1 from pot
For_the_idea: doesn't show hand 
*** SUMMARY ***
Total pot $1 | Rake $0 
Seat 1: Heeli999 folded before Flop (didn't bet)
Seat 2: b2k-Snick folded before Flop (didn't bet)
Seat 3: B1GBankroll folded before Flop (didn't bet)
Seat 4: Lago Madjore (button) folded before Flop (didn't bet)
Seat 5: xcinaz (small blind) folded before Flop
Seat 6: For_the_idea (big blind) collected ($1)



PokerStars Hand #254185198767:  Hold'em No Limit ($0.50/$1.00 USD) - 2025/01/04 5:55:37 WET [2025/01/04 0:55:37 ET]
Table 'Beatrix' 6-max Seat #5 is the button
Seat 1: Heeli999 ($11.80 in chips) 
Seat 2: b2k-Snick ($236.16 in chips) 
Seat 3: B1GBankroll ($184.23 in chips) 
Seat 4: Lago Madjore ($210.33 in chips) 
Seat 5: xcinaz ($291.74 in chips) 
Seat 6: For_the_idea ($171.27 in chips) 
For_the_idea: posts small blind $0.50
Heeli999: posts big blind $1
*** HOLE CARDS ***
b2k-Snick: raises $2 to $3
B1GBankroll: folds 
Lago Madjore: folds 
xcinaz: folds 
For_the_idea: folds 
Heeli999: calls $2
*** FLOP *** [Ac Qh 4c]
Heeli999: checks 
b2k-Snick: checks 
*** TURN *** [Ac Qh 4c] [7h]
Heeli999: checks 
b2k-Snick: checks 
*** RIVER *** [Ac Qh 4c 7h] [Qc]
Heeli999: checks 
b2k-Snick: bets $9
Heeli999: folds 
Uncalled bet ($9) returned to b2k-Snick
b2k-Snick collected $6.18 from pot
b2k-Snick: doesn't show hand 
*** SUMMARY ***
Total pot $6.50 | Rake $0.32 
Board [Ac Qh 4c 7h Qc]
Seat 1: Heeli999 (big blind) folded on the River
Seat 2: b2k-Snick collected ($6.18)
Seat 3: B1GBankroll folded before Flop (didn't bet)
Seat 4: Lago Madjore folded before Flop (didn't bet)
Seat 5: xcinaz (button) folded before Flop (didn't bet)
Seat 6: For_the_idea (small blind) folded before Flop



PokerStars Hand #254185201836:  Hold'em No Limit ($0.50/$1.00 USD) - 2025/01/04 5:56:14 WET [2025/01/04 0:56:14 ET]
Table 'Beatrix' 6-max Seat #6 is the button
Seat 1: Heeli999 ($8.80 in chips) 
Seat 2: b2k-Snick ($239.34 in chips) 
Seat 3: B1GBankroll ($184.23 in chips) 
Seat 4: Lago Madjore ($210.33 in chips) 
Seat 5: xcinaz ($291.74 in chips) 
Seat 6: For_the_idea ($170.77 in chips) 
Heeli999: posts small blind $0.50
b2k-Snick: posts big blind $1
*** HOLE CARDS ***
B1GBankroll: folds 
Lago Madjore: folds 
xcinaz: folds 
For_the_idea: folds 
Heeli999: raises $7.80 to $8.80 and is all-in
b2k-Snick: folds 
Uncalled bet ($7.80) returned to Heeli999
Heeli999 collected $2 from pot
*** SUMMARY ***
Total pot $2 | Rake $0 
Seat 1: Heeli999 (small blind) collected ($2)
Seat 2: b2k-Snick (big blind) folded before Flop
Seat 3: B1GBankroll folded before Flop (didn't bet)
Seat 4: Lago Madjore folded before Flop (didn't bet)
Seat 5: xcinaz folded before Flop (didn't bet)
Seat 6: For_the_idea (button) folded before Flop (didn't bet)



PokerStars Hand #254185203406:  Hold'em No Limit ($0.50/$1.00 USD) - 2025/01/04 5:56:35 WET [2025/01/04 0:56:35 ET]
Table 'Beatrix' 6-max Seat #1 is the button
Seat 1: Heeli999 ($9.80 in chips) 
Seat 2: b2k-Snick ($238.34 in chips) 
Seat 3: B1GBankroll ($184.23 in chips) 
Seat 4: Lago Madjore ($210.33 in chips) 
Seat 5: xcinaz ($291.74 in chips) 
Seat 6: For_the_idea ($170.77 in chips) 
b2k-Snick: posts small blind $0.50
B1GBankroll: posts big blind $1
*** HOLE CARDS ***
Lago Madjore: folds 
xcinaz: raises $1 to $2
For_the_idea: folds 
Heeli999: folds 
b2k-Snick: folds 
B1GBankroll: folds 
Uncalled bet ($1) returned to xcinaz
xcinaz collected $2.50 from pot
xcinaz: doesn't show hand 
*** SUMMARY ***
Total pot $2.50 | Rake $0 
Seat 1: Heeli999 (button) folded before Flop (didn't bet)
Seat 2: b2k-Snick (small blind) folded before Flop
Seat 3: B1GBankroll (big blind) folded before Flop
Seat 4: Lago Madjore folded before Flop (didn't bet)
Seat 5: xcinaz collected ($2.50)
Seat 6: For_the_idea folded before Flop (didn't bet)



PokerStars Hand #254185204879:  Hold'em No Limit ($0.50/$1.00 USD) - 2025/01/04 5:56:53 WET [2025/01/04 0:56:53 ET]
Table 'Beatrix' 6-max Seat #2 is the button
Seat 4: Lago Madjore ($210.33 in chips) is sitting out
Seat 1: Heeli999 ($9.80 in chips) 
Seat 2: b2k-Snick ($237.84 in chips) 
Seat 3: B1GBankroll ($183.23 in chips) 
Seat 5: xcinaz ($293.24 in chips) 
Seat 6: For_the_idea ($170.77 in chips) 
B1GBankroll: posts small blind $0.50
Lago Madjore: is sitting out 
xcinaz: posts big blind $1
*** HOLE CARDS ***
Lago Madjore leaves the table
For_the_idea: folds 
Heeli999: folds 
b2k-Snick: folds 
B1GBankroll: folds 
Uncalled bet ($0.50) returned to xcinaz
xcinaz collected $1 from pot
xcinaz: doesn't show hand 
*** SUMMARY ***
Total pot $1 | Rake $0 
Seat 4: Lago Madjore
Seat 1: Heeli999 folded before Flop (didn't bet)
Seat 2: b2k-Snick (button) folded before Flop (didn't bet)
Seat 3: B1GBankroll (small blind) folded before Flop
Seat 5: xcinaz (big blind) collected ($1)
Seat 6: For_the_idea folded before Flop (didn't bet)



PokerStars Hand #254185206194:  Hold'em No Limit ($0.50/$1.00 USD) - 2025/01/04 5:57:09 WET [2025/01/04 0:57:09 ET]
Table 'Beatrix' 6-max Seat #3 is the button
Seat 1: Heeli999 ($9.80 in chips) 
Seat 2: b2k-Snick ($237.84 in chips) 
Seat 3: B1GBankroll ($182.73 in chips) 
Seat 5: xcinaz ($293.74 in chips) 
Seat 6: For_the_idea ($170.77 in chips) 
xcinaz: posts small blind $0.50
For_the_idea: posts big blind $1
*** HOLE CARDS ***
Heeli999: raises $8.80 to $9.80 and is all-in
b2k-Snick: folds 
B1GBankroll: folds 
xcinaz: folds 
For_the_idea: calls $8.80
*** FLOP *** [9c 2s 8c]
*** TURN *** [9c 2s 8c] [4h]
*** RIVER *** [9c 2s 8c 4h] [Jh]
*** SHOW DOWN ***
For_the_idea: shows [Qc 9d] (a pair of Nines)
Heeli999: shows [7h 7d] (a pair of Sevens)
For_the_idea collected $19.10 from pot
*** SUMMARY ***
Total pot $20.10 | Rake $1 
Board [9c 2s 8c 4h Jh]
Seat 1: Heeli999 showed [7h 7d] and lost with a pair of Sevens
Seat 2: b2k-Snick folded before Flop (didn't bet)
Seat 3: B1GBankroll (button) folded before Flop (didn't bet)
Seat 5: xcinaz (small blind) folded before Flop
Seat 6: For_the_idea (big blind) showed [Qc 9d] and won ($19.10) with a pair of Nines



PokerStars Hand #254185207799:  Hold'em No Limit ($0.50/$1.00 USD) - 2025/01/04 5:57:29 WET [2025/01/04 0:57:29 ET]
Table 'Beatrix' 6-max Seat #5 is the button
Seat 1: Heeli999 ($0 in chips) is sitting out
Seat 2: b2k-Snick ($237.84 in chips) 
Seat 3: B1GBankroll ($182.73 in chips) 
Seat 5: xcinaz ($293.24 in chips) 
Seat 6: For_the_idea ($180.07 in chips) 
For_the_idea: posts small blind $0.50
b2k-Snick: posts big blind $1
*** HOLE CARDS ***
B1GBankroll: folds 
xcinaz: raises $1.50 to $2.50
For_the_idea: folds 
b2k-Snick: calls $1.50
*** FLOP *** [3d 2d Kh]
Heeli999 leaves the table
b2k-Snick: checks 
xcinaz: bets $1.31
b2k-Snick: raises $4.69 to $6
xcinaz: folds 
Uncalled bet ($4.69) returned to b2k-Snick
b2k-Snick collected $7.71 from pot
b2k-Snick: doesn't show hand 
*** SUMMARY ***
Total pot $8.12 | Rake $0.41 
Board [3d 2d Kh]
Seat 1: Heeli999
Seat 2: b2k-Snick (big blind) collected ($7.71)
Seat 3: B1GBankroll folded before Flop (didn't bet)
Seat 5: xcinaz (button) folded on the Flop
Seat 6: For_the_idea (small blind) folded before Flop



PokerStars Hand #254184792571:  Hold'em No Limit ($0.50/$1.00 USD) - 2025/01/04 4:49:22 WET [2025/01/03 23:49:22 ET]
Table 'Beatrix' 6-max Seat #4 is the button
Seat 1: Heeli999 ($44.06 in chips) 
Seat 2: marin7777974 ($276.25 in chips) 
Seat 3: B1GBankroll ($138.78 in chips) 
Seat 4: alexandr699 ($109 in chips) 
Seat 5: xcinaz ($155.13 in chips) 
Seat 6: For_the_idea ($100 in chips) 
xcinaz: posts small blind $0.50
For_the_idea: posts big blind $1
*** HOLE CARDS ***
Heeli999: folds 
marin7777974: calls $1
B1GBankroll: folds 
alexandr699: folds 
xcinaz: folds 
For_the_idea: raises $4 to $5
marin7777974: raises $5 to $10
For_the_idea: calls $5
*** FLOP *** [2d 6d 3h]
For_the_idea: checks 
marin7777974: bets $5
For_the_idea: raises $24.39 to $29.39
marin7777974: calls $24.39
*** TURN *** [2d 6d 3h] [Ks]
For_the_idea: bets $6
marin7777974: raises $40 to $46
For_the_idea: folds 
Uncalled bet ($40) returned to marin7777974
marin7777974 collected $88.78 from pot
*** SUMMARY ***
Total pot $91.28 | Rake $2.50 
Board [2d 6d 3h Ks]
Seat 1: Heeli999 folded before Flop (didn't bet)
Seat 2: marin7777974 collected ($88.78)
Seat 3: B1GBankroll folded before Flop (didn't bet)
Seat 4: alexandr699 (button) folded before Flop (didn't bet)
Seat 5: xcinaz (small blind) folded before Flop
Seat 6: For_the_idea (big blind) folded on the Turn



PokerStars Hand #254184802402:  Hold'em No Limit ($0.50/$1.00 USD) - 2025/01/04 4:50:50 WET [2025/01/03 23:50:50 ET]
Table 'Beatrix' 6-max Seat #5 is the button
Seat 1: Heeli999 ($44.06 in chips) 
Seat 2: marin7777974 ($319.64 in chips) 
Seat 3: B1GBankroll ($138.78 in chips) 
Seat 4: alexandr699 ($109 in chips) 
Seat 5: xcinaz ($154.63 in chips) 
Seat 6: For_the_idea ($100 in chips) 
For_the_idea: posts small blind $0.50
Heeli999: posts big blind $1
*** HOLE CARDS ***
marin7777974: calls $1
B1GBankroll: raises $3 to $4
alexandr699: folds 
xcinaz: folds 
For_the_idea: folds 
Heeli999: calls $3
marin7777974: calls $3
*** FLOP *** [Qd Ts 4s]
Heeli999: checks 
marin7777974: bets $3
B1GBankroll: calls $3
Heeli999: calls $3
*** TURN *** [Qd Ts 4s] [Qc]
Heeli999: checks 
marin7777974: bets $2
B1GBankroll: calls $2
Heeli999: raises $13.21 to $15.21
marin7777974: folds 
B1GBankroll: folds 
Uncalled bet ($13.21) returned to Heeli999
Heeli999 collected $26.12 from pot
*** SUMMARY ***
Total pot $27.50 | Rake $1.38 
Board [Qd Ts 4s Qc]
Seat 1: Heeli999 (big blind) collected ($26.12)
Seat 2: marin7777974 folded on the Turn
Seat 3: B1GBankroll folded on the Turn
Seat 4: alexandr699 folded before Flop (didn't bet)
Seat 5: xcinaz (button) folded before Flop (didn't bet)
Seat 6: For_the_idea (small blind) folded before Flop



PokerStars Hand #254184808252:  Hold'em No Limit ($0.50/$1.00 USD) - 2025/01/04 4:51:43 WET [2025/01/03 23:51:43 ET]
Table 'Beatrix' 6-max Seat #6 is the button
Seat 1: Heeli999 ($61.18 in chips) 
Seat 2: marin7777974 ($310.64 in chips) 
Seat 3: B1GBankroll ($129.78 in chips) 
Seat 4: alexandr699 ($109 in chips) 
Seat 5: xcinaz ($154.63 in chips) 
Seat 6: For_the_idea ($100 in chips) 
Heeli999: posts small blind $0.50
marin7777974: posts big blind $1
*** HOLE CARDS ***
B1GBankroll: folds 
alexandr699: folds 
xcinaz: folds 
For_the_idea: raises $1.50 to $2.50
Heeli999: raises $6 to $8.50
marin7777974: calls $7.50
For_the_idea: calls $6
*** FLOP *** [Ts Qs 4s]
Heeli999: bets $12.11
marin7777974: calls $12.11
For_the_idea: folds 
*** TURN *** [Ts Qs 4s] [Ks]
Heeli999: checks 
marin7777974: bets $15
Heeli999: calls $15
*** RIVER *** [Ts Qs 4s Ks] [Jc]
Heeli999: bets $25.57 and is all-in
marin7777974: calls $25.57
*** SHOW DOWN ***
Heeli999: shows [Jh As] (a flush, Ace high)
marin7777974: shows [Qh Kc] (two pair, Kings and Queens)
Heeli999 collected $128.36 from pot
*** SUMMARY ***
Total pot $130.86 | Rake $2.50 
Board [Ts Qs 4s Ks Jc]
Seat 1: Heeli999 (small blind) showed [Jh As] and won ($128.36) with a flush, Ace high
Seat 2: marin7777974 (big blind) showed [Qh Kc] and lost with two pair, Kings and Queens
Seat 3: B1GBankroll folded before Flop (didn't bet)
Seat 4: alexandr699 folded before Flop (didn't bet)
Seat 5: xcinaz folded before Flop (didn't bet)
Seat 6: For_the_idea (button) folded on the Flop



PokerStars Hand #254184815117:  Hold'em No Limit ($0.50/$1.00 USD) - 2025/01/04 4:52:45 WET [2025/01/03 23:52:45 ET]
Table 'Beatrix' 6-max Seat #1 is the button
Seat 1: Heeli999 ($128.36 in chips) 
Seat 2: marin7777974 ($249.46 in chips) 
Seat 3: B1GBankroll ($129.78 in chips) 
Seat 4: alexandr699 ($109 in chips) 
Seat 5: xcinaz ($154.63 in chips) 
Seat 6: For_the_idea ($100 in chips) 
marin7777974: posts small blind $0.50
B1GBankroll: posts big blind $1
*** HOLE CARDS ***
alexandr699: folds 
xcinaz: folds 
For_the_idea: folds 
Heeli999: folds 
marin7777974: raises $3 to $4
B1GBankroll: folds 
Uncalled bet ($3) returned to marin7777974
marin7777974 collected $2 from pot
*** SUMMARY ***
Total pot $2 | Rake $0 
Seat 1: Heeli999 (button) folded before Flop (didn't bet)
Seat 2: marin7777974 (small blind) collected ($2)
Seat 3: B1GBankroll (big blind) folded before Flop
Seat 4: alexandr699 folded before Flop (didn't bet)
Seat 5: xcinaz folded before Flop (didn't bet)
Seat 6: For_the_idea folded before Flop (didn't bet)



PokerStars Hand #254184817600:  Hold'em No Limit ($0.50/$1.00 USD) - 2025/01/04 4:53:07 WET [2025/01/03 23:53:07 ET]
Table 'Beatrix' 6-max Seat #2 is the button
Seat 1: Heeli999 ($128.36 in chips) 
Seat 2: marin7777974 ($250.46 in chips) 
Seat 3: B1GBankroll ($128.78 in chips) 
Seat 4: alexandr699 ($109 in chips) 
Seat 5: xcinaz ($154.63 in chips) 
Seat 6: For_the_idea ($100 in chips) 
B1GBankroll: posts small blind $0.50
alexandr699: posts big blind $1
*** HOLE CARDS ***
xcinaz: folds 
For_the_idea: folds 
Heeli999: raises $2 to $3
marin7777974: raises $2 to $5
B1GBankroll: folds 
alexandr699: calls $4
Heeli999: calls $2
*** FLOP *** [Ac 9d 9h]
alexandr699: checks 
Heeli999: checks 
marin7777974: checks 
*** TURN *** [Ac 9d 9h] [Kh]
alexandr699: checks 
Heeli999: bets $7.36
marin7777974: folds 
alexandr699: calls $7.36
*** RIVER *** [Ac 9d 9h Kh] [3d]
alexandr699: checks 
Heeli999: bets $14.36
alexandr699: calls $14.36
*** SHOW DOWN ***
Heeli999: shows [Ah 4s] (two pair, Aces and Nines)
alexandr699: mucks hand 
Heeli999 collected $56.44 from pot
*** SUMMARY ***
Total pot $58.94 | Rake $2.50 
Board [Ac 9d 9h Kh 3d]
Seat 1: Heeli999 showed [Ah 4s] and won ($56.44) with two pair, Aces and Nines
Seat 2: marin7777974 (button) folded on the Turn
Seat 3: B1GBankroll (small blind) folded before Flop
Seat 4: alexandr699 (big blind) mucked
Seat 5: xcinaz folded before Flop (didn't bet)
Seat 6: For_the_idea folded before Flop (didn't bet)



PokerStars Hand #254184826383:  Hold'em No Limit ($0.50/$1.00 USD) - 2025/01/04 4:54:28 WET [2025/01/03 23:54:28 ET]
Table 'Beatrix' 6-max Seat #3 is the button
Seat 1: Heeli999 ($158.08 in chips) 
Seat 2: marin7777974 ($245.46 in chips) 
Seat 3: B1GBankroll ($128.28 in chips) 
Seat 4: alexandr699 ($100 in chips) 
Seat 5: xcinaz ($154.63 in chips) 
Seat 6: For_the_idea ($100 in chips) 
alexandr699: posts small blind $0.50
xcinaz: posts big blind $1
*** HOLE CARDS ***
For_the_idea: folds 
Heeli999: folds 
marin7777974: calls $1
B1GBankroll: folds 
alexandr699: calls $0.50
xcinaz: checks 
*** FLOP *** [Kd Js 2d]
alexandr699: checks 
xcinaz: checks 
marin7777974: checks 
*** TURN *** [Kd Js 2d] [Tc]
alexandr699: checks 
xcinaz: checks 
marin7777974: checks 
*** RIVER *** [Kd Js 2d Tc] [3d]
alexandr699: bets $1.43
xcinaz: folds 
marin7777974: folds 
Uncalled bet ($1.43) returned to alexandr699
alexandr699 collected $2.85 from pot
alexandr699: doesn't show hand 
*** SUMMARY ***
Total pot $3 | Rake $0.15 
Board [Kd Js 2d Tc 3d]
Seat 1: Heeli999 folded before Flop (didn't bet)
Seat 2: marin7777974 folded on the River
Seat 3: B1GBankroll (button) folded before Flop (didn't bet)
Seat 4: alexandr699 (small blind) collected ($2.85)
Seat 5: xcinaz (big blind) folded on the River
Seat 6: For_the_idea folded before Flop (didn't bet)



PokerStars Hand #254184832461:  Hold'em No Limit ($0.50/$1.00 USD) - 2025/01/04 4:55:26 WET [2025/01/03 23:55:26 ET]
Table 'Beatrix' 6-max Seat #4 is the button
Seat 1: Heeli999 ($158.08 in chips) 
Seat 2: marin7777974 ($244.46 in chips) 
Seat 3: B1GBankroll ($128.28 in chips) 
Seat 4: alexandr699 ($101.85 in chips) 
Seat 5: xcinaz ($153.63 in chips) 
Seat 6: For_the_idea ($100 in chips) 
xcinaz: posts small blind $0.50
For_the_idea: posts big blind $1
*** HOLE CARDS ***
Heeli999: folds 
marin7777974: calls $1
B1GBankroll: folds 
alexandr699: folds 
xcinaz: folds 
For_the_idea: raises $4 to $5
marin7777974: raises $5 to $10
For_the_idea: calls $5
*** FLOP *** [Qd Jh 6d]
For_the_idea: checks 
marin7777974: bets $5
For_the_idea: raises $24.92 to $29.92
marin7777974: raises $24.92 to $54.84
For_the_idea: raises $35.16 to $90 and is all-in
marin7777974: calls $35.16
*** TURN *** [Qd Jh 6d] [8s]
*** RIVER *** [Qd Jh 6d 8s] [2h]
*** SHOW DOWN ***
For_the_idea: shows [Qh Kh] (a pair of Queens)
marin7777974: shows [Ac Ad] (a pair of Aces)
marin7777974 collected $198 from pot
*** SUMMARY ***
Total pot $200.50 | Rake $2.50 
Board [Qd Jh 6d 8s 2h]
Seat 1: Heeli999 folded before Flop (didn't bet)
Seat 2: marin7777974 showed [Ac Ad] and won ($198) with a pair of Aces
Seat 3: B1GBankroll folded before Flop (didn't bet)
Seat 4: alexandr699 (button) folded before Flop (didn't bet)
Seat 5: xcinaz (small blind) folded before Flop
Seat 6: For_the_idea (big blind) showed [Qh Kh] and lost with a pair of Queens



PokerStars Hand #254184838171:  Hold'em No Limit ($0.50/$1.00 USD) - 2025/01/04 4:56:30 WET [2025/01/03 23:56:30 ET]
Table 'Beatrix' 6-max Seat #5 is the button
Seat 1: Heeli999 ($158.08 in chips) 
Seat 2: marin7777974 ($342.46 in chips) 
Seat 3: B1GBankroll ($128.28 in chips) 
Seat 4: alexandr699 ($101.85 in chips) 
Seat 5: xcinaz ($153.13 in chips) 
Seat 6: For_the_idea ($100 in chips) 
For_the_idea: posts small blind $0.50
Heeli999: posts big blind $1
*** HOLE CARDS ***
marin7777974: calls $1
B1GBankroll: folds 
alexandr699: raises $2 to $3
xcinaz: folds 
For_the_idea: folds 
Heeli999: calls $2
marin7777974: calls $2
*** FLOP *** [9d 9s 5d]
Heeli999: checks 
marin7777974: checks 
alexandr699: checks 
*** TURN *** [9d 9s 5d] [5h]
Heeli999: checks 
marin7777974: checks 
alexandr699: checks 
*** RIVER *** [9d 9s 5d 5h] [6s]
Heeli999: bets $4.51
marin7777974: raises $24.49 to $29
alexandr699: folds 
Heeli999: calls $24.49
*** SHOW DOWN ***
marin7777974: shows [2c 9c] (a full house, Nines full of Fives)
Heeli999: mucks hand 
marin7777974 collected $65 from pot
*** SUMMARY ***
Total pot $67.50 | Rake $2.50 
Board [9d 9s 5d 5h 6s]
Seat 1: Heeli999 (big blind) mucked
Seat 2: marin7777974 showed [2c 9c] and won ($65) with a full house, Nines full of Fives
Seat 3: B1GBankroll folded before Flop (didn't bet)
Seat 4: alexandr699 folded on the River
Seat 5: xcinaz (button) folded before Flop (didn't bet)
Seat 6: For_the_idea (small blind) folded before Flop



PokerStars Hand #254184845964:  Hold'em No Limit ($0.50/$1.00 USD) - 2025/01/04 4:57:57 WET [2025/01/03 23:57:57 ET]
Table 'Beatrix' 6-max Seat #6 is the button
Seat 1: Heeli999 ($126.08 in chips) 
Seat 2: marin7777974 ($375.46 in chips) 
Seat 3: B1GBankroll ($128.28 in chips) 
Seat 4: alexandr699 ($100 in chips) 
Seat 5: xcinaz ($153.13 in chips) 
Seat 6: For_the_idea ($100 in chips) 
Heeli999: posts small blind $0.50
marin7777974: posts big blind $1
*** HOLE CARDS ***
B1GBankroll: folds 
alexandr699: raises $2 to $3
xcinaz: folds 
For_the_idea: folds 
Heeli999: calls $2.50
marin7777974: calls $2
*** FLOP *** [5c 2h 6s]
Heeli999: checks 
marin7777974: bets $5
alexandr699: raises $10 to $15
Heeli999: folds 
marin7777974: calls $10
*** TURN *** [5c 2h 6s] [6d]
marin7777974: checks 
alexandr699: bets $18.53
marin7777974: raises $18.53 to $37.06
alexandr699: calls $18.53
*** RIVER *** [5c 2h 6s 6d] [Ac]
marin7777974: bets $45
alexandr699: calls $44.94 and is all-in
Uncalled bet ($0.06) returned to marin7777974
*** SHOW DOWN ***
marin7777974: shows [6c 5d] (a full house, Sixes full of Fives)
alexandr699: shows [6h Kh] (three of a kind, Sixes)
marin7777974 collected $200.50 from pot
*** SUMMARY ***
Total pot $203 | Rake $2.50 
Board [5c 2h 6s 6d Ac]
Seat 1: Heeli999 (small blind) folded on the Flop
Seat 2: marin7777974 (big blind) showed [6c 5d] and won ($200.50) with a full house, Sixes full of Fives
Seat 3: B1GBankroll folded before Flop (didn't bet)
Seat 4: alexandr699 showed [6h Kh] and lost with three of a kind, Sixes
Seat 5: xcinaz folded before Flop (didn't bet)
Seat 6: For_the_idea (button) folded before Flop (didn't bet)



PokerStars Hand #254184854514:  Hold'em No Limit ($0.50/$1.00 USD) - 2025/01/04 4:59:31 WET [2025/01/03 23:59:31 ET]
Table 'Beatrix' 6-max Seat #1 is the button
Seat 1: Heeli999 ($123.08 in chips) 
Seat 2: marin7777974 ($475.96 in chips) 
Seat 3: B1GBankroll ($128.28 in chips) 
Seat 4: alexandr699 ($100 in chips) 
Seat 5: xcinaz ($153.13 in chips) 
Seat 6: For_the_idea ($100 in chips) 
marin7777974: posts small blind $0.50
B1GBankroll: posts big blind $1
*** HOLE CARDS ***
alexandr699: folds 
xcinaz: folds 
For_the_idea: folds 
Heeli999: raises $2 to $3
marin7777974: calls $2.50
alexandr699 leaves the table
B1GBankroll: calls $2
*** FLOP *** [3c 6c 6d]
marin7777974: bets $5
B1GBankroll: folds 
Heeli999: calls $5
*** TURN *** [3c 6c 6d] [8s]
marin7777974: bets $6
Heeli999: calls $6
*** RIVER *** [3c 6c 6d 8s] [3h]
marin7777974: bets $16
Heeli999: folds 
Uncalled bet ($16) returned to marin7777974
marin7777974 collected $29.45 from pot
*** SUMMARY ***
Total pot $31 | Rake $1.55 
Board [3c 6c 6d 8s 3h]
Seat 1: Heeli999 (button) folded on the River
Seat 2: marin7777974 (small blind) collected ($29.45)
Seat 3: B1GBankroll (big blind) folded on the Flop
Seat 4: alexandr699 folded before Flop (didn't bet)
Seat 5: xcinaz folded before Flop (didn't bet)
Seat 6: For_the_idea folded before Flop (didn't bet)



PokerStars Hand #254184859669:  Hold'em No Limit ($0.50/$1.00 USD) - 2025/01/04 5:00:28 WET [2025/01/04 0:00:28 ET]
Table 'Beatrix' 6-max Seat #2 is the button
Seat 1: Heeli999 ($109.08 in chips) 
Seat 2: marin7777974 ($491.41 in chips) 
Seat 3: B1GBankroll ($125.28 in chips) 
Seat 5: xcinaz ($153.13 in chips) 
Seat 6: For_the_idea ($100 in chips) 
B1GBankroll: posts small blind $0.50
xcinaz: posts big blind $1
*** HOLE CARDS ***
For_the_idea: folds 
Heeli999: raises $1 to $2
marin7777974: raises $1 to $3
B1GBankroll: folds 
xcinaz: folds 
Heeli999: calls $1
*** FLOP *** [As 4h 3s]
Heeli999: bets $3.56
marin7777974: raises $3.56 to $7.12
Heeli999: calls $3.56
*** TURN *** [As 4h 3s] [8c]
Lago Madjore joins the table at seat #4 
Heeli999: checks 
marin7777974: bets $8
Heeli999: calls $8
*** RIVER *** [As 4h 3s 8c] [Jc]
Heeli999: checks 
marin7777974: bets $15
Heeli999: folds 
Uncalled bet ($15) returned to marin7777974
marin7777974 collected $35.85 from pot
*** SUMMARY ***
Total pot $37.74 | Rake $1.89 
Board [As 4h 3s 8c Jc]
Seat 1: Heeli999 folded on the River
Seat 2: marin7777974 (button) collected ($35.85)
Seat 3: B1GBankroll (small blind) folded before Flop
Seat 5: xcinaz (big blind) folded before Flop
Seat 6: For_the_idea folded before Flop (didn't bet)



PokerStars Hand #254184863542:  Hold'em No Limit ($0.50/$1.00 USD) - 2025/01/04 5:01:06 WET [2025/01/04 0:01:06 ET]
Table 'Beatrix' 6-max Seat #3 is the button
Seat 4: Lago Madjore ($100 in chips) is sitting out
Seat 1: Heeli999 ($90.96 in chips) 
Seat 2: marin7777974 ($509.14 in chips) 
Seat 3: B1GBankroll ($124.78 in chips) 
Seat 5: xcinaz ($152.13 in chips) 
Seat 6: For_the_idea ($100 in chips) 
xcinaz: posts small blind $0.50
For_the_idea: posts big blind $1
*** HOLE CARDS ***
Heeli999: folds 
marin7777974: calls $1
B1GBankroll: folds 
xcinaz: folds 
For_the_idea: raises $4 to $5
marin7777974: folds 
Uncalled bet ($4) returned to For_the_idea
For_the_idea collected $2.50 from pot
For_the_idea: doesn't show hand 
*** SUMMARY ***
Total pot $2.50 | Rake $0 
Seat 4: Lago Madjore
Seat 1: Heeli999 folded before Flop (didn't bet)
Seat 2: marin7777974 folded before Flop
Seat 3: B1GBankroll (button) folded before Flop (didn't bet)
Seat 5: xcinaz (small blind) folded before Flop
Seat 6: For_the_idea (big blind) collected ($2.50)



PokerStars Hand #254184868033:  Hold'em No Limit ($0.50/$1.00 USD) - 2025/01/04 5:01:47 WET [2025/01/04 0:01:47 ET]
Table 'Beatrix' 6-max Seat #5 is the button
Seat 4: Lago Madjore ($100 in chips) is sitting out
Seat 1: Heeli999 ($90.96 in chips) 
Seat 2: marin7777974 ($508.14 in chips) 
Seat 3: B1GBankroll ($124.78 in chips) 
Seat 5: xcinaz ($151.63 in chips) 
Seat 6: For_the_idea ($101.50 in chips) 
For_the_idea: posts small blind $0.50
Heeli999: posts big blind $1
Lago Madjore: sits out 
*** HOLE CARDS ***
marin7777974: calls $1
B1GBankroll: raises $4 to $5
xcinaz: raises $9 to $14
For_the_idea: folds 
Heeli999: folds 
marin7777974: folds 
B1GBankroll: raises $110.78 to $124.78 and is all-in
xcinaz: calls $110.78
*** FLOP *** [5c Ad 8c]
*** TURN *** [5c Ad 8c] [Js]
*** RIVER *** [5c Ad 8c Js] [8s]
*** SHOW DOWN ***
B1GBankroll: shows [Qd Qs] (two pair, Queens and Eights)
xcinaz: shows [Ah As] (a full house, Aces full of Eights)
xcinaz collected $249.56 from pot
*** SUMMARY ***
Total pot $252.06 | Rake $2.50 
Board [5c Ad 8c Js 8s]
Seat 4: Lago Madjore
Seat 1: Heeli999 (big blind) folded before Flop
Seat 2: marin7777974 folded before Flop
Seat 3: B1GBankroll showed [Qd Qs] and lost with two pair, Queens and Eights
Seat 5: xcinaz (button) showed [Ah As] and won ($249.56) with a full house, Aces full of Eights
Seat 6: For_the_idea (small blind) folded before Flop



PokerStars Hand #254184872781:  Hold'em No Limit ($0.50/$1.00 USD) - 2025/01/04 5:02:33 WET [2025/01/04 0:02:33 ET]
Table 'Beatrix' 6-max Seat #6 is the button
Seat 4: Lago Madjore ($100 in chips) is sitting out
Seat 1: Heeli999 ($89.96 in chips) 
Seat 2: marin7777974 ($507.14 in chips) 
Seat 3: B1GBankroll ($100 in chips) 
Seat 5: xcinaz ($276.41 in chips) 
Seat 6: For_the_idea ($101 in chips) 
Heeli999: posts small blind $0.50
marin7777974: posts big blind $1
Lago Madjore: sits out 
*** HOLE CARDS ***
B1GBankroll: raises $1.50 to $2.50
xcinaz: folds 
For_the_idea: folds 
Heeli999: calls $2
marin7777974: raises $5.50 to $8
B1GBankroll: calls $5.50
Heeli999: calls $5.50
*** FLOP *** [Ts Ks Kc]
Heeli999: checks 
marin7777974: bets $5
B1GBankroll: calls $5
Heeli999: folds 
*** TURN *** [Ts Ks Kc] [3d]
marin7777974: bets $5
B1GBankroll: calls $5
*** RIVER *** [Ts Ks Kc 3d] [5s]
marin7777974: bets $13
B1GBankroll: calls $13
*** SHOW DOWN ***
marin7777974: shows [Ac Ah] (two pair, Aces and Kings)
B1GBankroll: mucks hand 
marin7777974 collected $67.50 from pot
*** SUMMARY ***
Total pot $70 | Rake $2.50 
Board [Ts Ks Kc 3d 5s]
Seat 4: Lago Madjore
Seat 1: Heeli999 (small blind) folded on the Flop
Seat 2: marin7777974 (big blind) showed [Ac Ah] and won ($67.50) with two pair, Aces and Kings
Seat 3: B1GBankroll mucked
Seat 5: xcinaz folded before Flop (didn't bet)
Seat 6: For_the_idea (button) folded before Flop (didn't bet)



PokerStars Hand #254184879640:  Hold'em No Limit ($0.50/$1.00 USD) - 2025/01/04 5:03:37 WET [2025/01/04 0:03:37 ET]
Table 'Beatrix' 6-max Seat #1 is the button
Seat 4: Lago Madjore ($100 in chips) is sitting out
Seat 1: Heeli999 ($81.96 in chips) 
Seat 2: marin7777974 ($543.64 in chips) 
Seat 3: B1GBankroll ($100 in chips) 
Seat 5: xcinaz ($276.41 in chips) 
Seat 6: For_the_idea ($101 in chips) 
marin7777974: posts small blind $0.50
B1GBankroll: posts big blind $1
Lago Madjore: sits out 
*** HOLE CARDS ***
xcinaz: raises $1 to $2
For_the_idea: folds 
Heeli999: folds 
marin7777974: raises $2 to $4
B1GBankroll: folds 
xcinaz: raises $16 to $20
marin7777974: folds 
Uncalled bet ($16) returned to xcinaz
xcinaz collected $9 from pot
xcinaz: doesn't show hand 
*** SUMMARY ***
Total pot $9 | Rake $0 
Seat 4: Lago Madjore
Seat 1: Heeli999 (button) folded before Flop (didn't bet)
Seat 2: marin7777974 (small blind) folded before Flop
Seat 3: B1GBankroll (big blind) folded before Flop
Seat 5: xcinaz collected ($9)
Seat 6: For_the_idea folded before Flop (didn't bet)



PokerStars Hand #254184883672:  Hold'em No Limit ($0.50/$1.00 USD) - 2025/01/04 5:04:16 WET [2025/01/04 0:04:16 ET]
Table 'Beatrix' 6-max Seat #2 is the button
Seat 1: Heeli999 ($81.96 in chips) 
Seat 2: marin7777974 ($539.64 in chips) 
Seat 3: B1GBankroll ($100 in chips) 
Seat 4: Lago Madjore ($100 in chips) 
Seat 5: xcinaz ($281.41 in chips) 
Seat 6: For_the_idea ($101 in chips) 
B1GBankroll: posts small blind $0.50
Lago Madjore: posts big blind $1
*** HOLE CARDS ***
xcinaz: folds 
For_the_idea: raises $1.25 to $2.25
Heeli999: folds 
marin7777974: calls $2.25
B1GBankroll: folds 
Lago Madjore: calls $1.25
*** FLOP *** [Kc 7s 8h]
Lago Madjore: checks 
For_the_idea: checks 
marin7777974: checks 
*** TURN *** [Kc 7s 8h] [Th]
Lago Madjore: checks 
For_the_idea: bets $5.37
marin7777974: folds 
Lago Madjore: calls $5.37
*** RIVER *** [Kc 7s 8h Th] [7d]
Lago Madjore: checks 
For_the_idea: bets $13.33
Lago Madjore: calls $13.33
*** SHOW DOWN ***
For_the_idea: shows [Qs Kh] (two pair, Kings and Sevens)
Lago Madjore: shows [7h 6h] (three of a kind, Sevens)
Lago Madjore collected $42.42 from pot
*** SUMMARY ***
Total pot $44.65 | Rake $2.23 
Board [Kc 7s 8h Th 7d]
Seat 1: Heeli999 folded before Flop (didn't bet)
Seat 2: marin7777974 (button) folded on the Turn
Seat 3: B1GBankroll (small blind) folded before Flop
Seat 4: Lago Madjore (big blind) showed [7h 6h] and won ($42.42) with three of a kind, Sevens
Seat 5: xcinaz folded before Flop (didn't bet)
Seat 6: For_the_idea showed [Qs Kh] and lost with two pair, Kings and Sevens



PokerStars Hand #254184889772:  Hold'em No Limit ($0.50/$1.00 USD) - 2025/01/04 5:05:13 WET [2025/01/04 0:05:13 ET]
Table 'Beatrix' 6-max Seat #3 is the button
Seat 1: Heeli999 ($81.96 in chips) 
Seat 2: marin7777974 ($537.39 in chips) 
Seat 3: B1GBankroll ($100 in chips) 
Seat 4: Lago Madjore ($121.47 in chips) 
Seat 5: xcinaz ($281.41 in chips) 
Seat 6: For_the_idea ($100 in chips) 
Lago Madjore: posts small blind $0.50
xcinaz: posts big blind $1
*** HOLE CARDS ***
For_the_idea: folds 
Heeli999: raises $2.50 to $3.50
marin7777974: calls $3.50
B1GBankroll: folds 
Lago Madjore: folds 
xcinaz: folds 
*** FLOP *** [Kh 9h 2c]
Heeli999: bets $4.04
marin7777974: folds 
Uncalled bet ($4.04) returned to Heeli999
Heeli999 collected $8.08 from pot
*** SUMMARY ***
Total pot $8.50 | Rake $0.42 
Board [Kh 9h 2c]
Seat 1: Heeli999 collected ($8.08)
Seat 2: marin7777974 folded on the Flop
Seat 3: B1GBankroll (button) folded before Flop (didn't bet)
Seat 4: Lago Madjore (small blind) folded before Flop
Seat 5: xcinaz (big blind) folded before Flop
Seat 6: For_the_idea folded before Flop (didn't bet)



PokerStars Hand #254184891805:  Hold'em No Limit ($0.50/$1.00 USD) - 2025/01/04 5:05:32 WET [2025/01/04 0:05:32 ET]
Table 'Beatrix' 6-max Seat #4 is the button
Seat 1: Heeli999 ($86.54 in chips) 
Seat 2: marin7777974 ($533.89 in chips) 
Seat 3: B1GBankroll ($100 in chips) 
Seat 4: Lago Madjore ($120.97 in chips) 
Seat 5: xcinaz ($280.41 in chips) 
Seat 6: For_the_idea ($100 in chips) 
xcinaz: posts small blind $0.50
For_the_idea: posts big blind $1
*** HOLE CARDS ***
Heeli999: raises $2.50 to $3.50
marin7777974: calls $3.50
B1GBankroll: folds 
Lago Madjore: folds 
xcinaz: folds 
For_the_idea: folds 
*** FLOP *** [6d Jd 6h]
Heeli999: checks 
marin7777974: checks 
*** TURN *** [6d Jd 6h] [9s]
Heeli999: bets $4.04
marin7777974: calls $4.04
*** RIVER *** [6d Jd 6h 9s] [9h]
Heeli999: bets $7.88
marin7777974: folds 
Uncalled bet ($7.88) returned to Heeli999
Heeli999 collected $15.75 from pot
*** SUMMARY ***
Total pot $16.58 | Rake $0.83 
Board [6d Jd 6h 9s 9h]
Seat 1: Heeli999 collected ($15.75)
Seat 2: marin7777974 folded on the River
Seat 3: B1GBankroll folded before Flop (didn't bet)
Seat 4: Lago Madjore (button) folded before Flop (didn't bet)
Seat 5: xcinaz (small blind) folded before Flop
Seat 6: For_the_idea (big blind) folded before Flop



PokerStars Hand #254184895099:  Hold'em No Limit ($0.50/$1.00 USD) - 2025/01/04 5:06:03 WET [2025/01/04 0:06:03 ET]
Table 'Beatrix' 6-max Seat #5 is the button
Seat 1: Heeli999 ($94.75 in chips) 
Seat 2: marin7777974 ($526.35 in chips) 
Seat 3: B1GBankroll ($100 in chips) 
Seat 4: Lago Madjore ($120.97 in chips) 
Seat 5: xcinaz ($279.91 in chips) 
Seat 6: For_the_idea ($100 in chips) 
For_the_idea: posts small blind $0.50
Heeli999: posts big blind $1
*** HOLE CARDS ***
marin7777974: calls $1
B1GBankroll: folds 
Lago Madjore: folds 
xcinaz: folds 
For_the_idea: calls $0.50
Heeli999: checks 
*** FLOP *** [4d Ac Ad]
For_the_idea: checks 
Heeli999: checks 
marin7777974: checks 
*** TURN *** [4d Ac Ad] [Ts]
For_the_idea: checks 
Heeli999: checks 
marin7777974: checks 
*** RIVER *** [4d Ac Ad Ts] [2c]
For_the_idea: checks 
Heeli999: checks 
marin7777974: checks 
*** SHOW DOWN ***
For_the_idea: shows [Jd 7h] (a pair of Aces)
Heeli999: shows [Qc 8s] (a pair of Aces - Queen kicker)
marin7777974: mucks hand 
Heeli999 collected $2.85 from pot
*** SUMMARY ***
Total pot $3 | Rake $0.15 
Board [4d Ac Ad Ts 2c]
Seat 1: Heeli999 (big blind) showed [Qc 8s] and won ($2.85) with a pair of Aces
Seat 2: marin7777974 mucked
Seat 3: B1GBankroll folded before Flop (didn't bet)
Seat 4: Lago Madjore folded before Flop (didn't bet)
Seat 5: xcinaz (button) folded before Flop (didn't bet)
Seat 6: For_the_idea (small blind) showed [Jd 7h] and lost with a pair of Aces



PokerStars Hand #254184903380:  Hold'em No Limit ($0.50/$1.00 USD) - 2025/01/04 5:07:21 WET [2025/01/04 0:07:21 ET]
Table 'Beatrix' 6-max Seat #6 is the button
Seat 1: Heeli999 ($96.60 in chips) 
Seat 2: marin7777974 ($525.35 in chips) 
Seat 3: B1GBankroll ($100 in chips) 
Seat 4: Lago Madjore ($120.97 in chips) 
Seat 5: xcinaz ($279.91 in chips) 
Seat 6: For_the_idea ($100 in chips) 
Heeli999: posts small blind $0.50
marin7777974: posts big blind $1
*** HOLE CARDS ***
B1GBankroll: raises $1.50 to $2.50
Lago Madjore: folds 
xcinaz: raises $6 to $8.50
For_the_idea: folds 
Heeli999: calls $8
marin7777974: folds 
B1GBankroll: calls $6
*** FLOP *** [Jh 6c As]
Heeli999: checks 
B1GBankroll: checks 
xcinaz: bets $6.30
Heeli999: calls $6.30
B1GBankroll: calls $6.30
*** TURN *** [Jh 6c As] [7h]
Heeli999: checks 
B1GBankroll: checks 
xcinaz: bets $21.57
Heeli999: folds 
B1GBankroll: folds 
Uncalled bet ($21.57) returned to xcinaz
xcinaz collected $43.13 from pot
xcinaz: doesn't show hand 
*** SUMMARY ***
Total pot $45.40 | Rake $2.27 
Board [Jh 6c As 7h]
Seat 1: Heeli999 (small blind) folded on the Turn
Seat 2: marin7777974 (big blind) folded before Flop
Seat 3: B1GBankroll folded on the Turn
Seat 4: Lago Madjore folded before Flop (didn't bet)
Seat 5: xcinaz collected ($43.13)
Seat 6: For_the_idea (button) folded before Flop (didn't bet)



PokerStars Hand #254184914139:  Hold'em No Limit ($0.50/$1.00 USD) - 2025/01/04 5:09:02 WET [2025/01/04 0:09:02 ET]
Table 'Beatrix' 6-max Seat #1 is the button
Seat 1: Heeli999 ($81.80 in chips) 
Seat 2: marin7777974 ($524.35 in chips) 
Seat 3: B1GBankroll ($100 in chips) 
Seat 4: Lago Madjore ($120.97 in chips) 
Seat 5: xcinaz ($308.24 in chips) 
Seat 6: For_the_idea ($100 in chips) 
marin7777974: posts small blind $0.50
B1GBankroll: posts big blind $1
*** HOLE CARDS ***
Lago Madjore: folds 
xcinaz: folds 
For_the_idea: folds 
Heeli999: raises $2.50 to $3.50
marin7777974: calls $3
B1GBankroll: raises $12.25 to $15.75
Heeli999: calls $12.25
marin7777974: folds 
*** FLOP *** [8h Jd 4c]
B1GBankroll: checks 
Heeli999: checks 
*** TURN *** [8h Jd 4c] [Jc]
B1GBankroll: checks 
Heeli999: bets $16.63
B1GBankroll: calls $16.63
*** RIVER *** [8h Jd 4c Jc] [Tc]
B1GBankroll: checks 
Heeli999: bets $49.42 and is all-in
B1GBankroll: folds 
Uncalled bet ($49.42) returned to Heeli999
Heeli999 collected $65.76 from pot
*** SUMMARY ***
Total pot $68.26 | Rake $2.50 
Board [8h Jd 4c Jc Tc]
Seat 1: Heeli999 (button) collected ($65.76)
Seat 2: marin7777974 (small blind) folded before Flop
Seat 3: B1GBankroll (big blind) folded on the River
Seat 4: Lago Madjore folded before Flop (didn't bet)
Seat 5: xcinaz folded before Flop (didn't bet)
Seat 6: For_the_idea folded before Flop (didn't bet)



PokerStars Hand #254184470191:  Hold'em No Limit ($0.50/$1.00 USD) - 2025/01/04 4:04:52 WET [2025/01/03 23:04:52 ET]
Table 'Beatrix' 6-max Seat #3 is the button
Seat 1: joaquin612 ($108.35 in chips) 
Seat 3: neverforever365 ($95.68 in chips) 
Seat 4: alexandr699 ($106.70 in chips) 
Seat 5: xcinaz ($100 in chips) 
alexandr699: posts small blind $0.50
xcinaz: posts big blind $1
*** HOLE CARDS ***
joaquin612: folds 
neverforever365: raises $2 to $3
alexandr699: folds 
xcinaz: folds 
Uncalled bet ($2) returned to neverforever365
neverforever365 collected $2.50 from pot
*** SUMMARY ***
Total pot $2.50 | Rake $0 
Seat 1: joaquin612 folded before Flop (didn't bet)
Seat 3: neverforever365 (button) collected ($2.50)
Seat 4: alexandr699 (small blind) folded before Flop
Seat 5: xcinaz (big blind) folded before Flop



PokerStars Hand #254184473220:  Hold'em No Limit ($0.50/$1.00 USD) - 2025/01/04 4:05:16 WET [2025/01/03 23:05:16 ET]
Table 'Beatrix' 6-max Seat #4 is the button
Seat 1: joaquin612 ($108.35 in chips) 
Seat 3: neverforever365 ($97.18 in chips) 
Seat 4: alexandr699 ($106.20 in chips) 
Seat 5: xcinaz ($100 in chips) 
xcinaz: posts small blind $0.50
joaquin612: posts big blind $1
*** HOLE CARDS ***
neverforever365: calls $1
sutata joins the table at seat #6 
alexandr699: folds 
xcinaz: folds 
joaquin612: raises $4 to $5
neverforever365: calls $4
*** FLOP *** [Kc 6s Tc]
joaquin612: bets $3.29
neverforever365: calls $3.29
*** TURN *** [Kc 6s Tc] [9h]
joaquin612: checks 
neverforever365: bets $6.12
joaquin612: folds 
Uncalled bet ($6.12) returned to neverforever365
neverforever365 collected $16.23 from pot
*** SUMMARY ***
Total pot $17.08 | Rake $0.85 
Board [Kc 6s Tc 9h]
Seat 1: joaquin612 (big blind) folded on the Turn
Seat 3: neverforever365 collected ($16.23)
Seat 4: alexandr699 (button) folded before Flop (didn't bet)
Seat 5: xcinaz (small blind) folded before Flop



PokerStars Hand #254184482286:  Hold'em No Limit ($0.50/$1.00 USD) - 2025/01/04 4:06:26 WET [2025/01/03 23:06:26 ET]
Table 'Beatrix' 6-max Seat #5 is the button
Seat 6: sutata ($100 in chips) is sitting out
Seat 1: joaquin612 ($100.06 in chips) 
Seat 3: neverforever365 ($105.12 in chips) 
Seat 4: alexandr699 ($106.20 in chips) 
Seat 5: xcinaz ($100 in chips) 
joaquin612: posts small blind $0.50
neverforever365: posts big blind $1
*** HOLE CARDS ***
alexandr699: folds 
xcinaz: raises $1.50 to $2.50
joaquin612: folds 
neverforever365: folds 
Uncalled bet ($1.50) returned to xcinaz
xcinaz collected $2.50 from pot
xcinaz: doesn't show hand 
*** SUMMARY ***
Total pot $2.50 | Rake $0 
Seat 6: sutata
Seat 1: joaquin612 (small blind) folded before Flop
Seat 3: neverforever365 (big blind) folded before Flop
Seat 4: alexandr699 folded before Flop (didn't bet)
Seat 5: xcinaz (button) collected ($2.50)



PokerStars Hand #254184484283:  Hold'em No Limit ($0.50/$1.00 USD) - 2025/01/04 4:06:42 WET [2025/01/03 23:06:42 ET]
Table 'Beatrix' 6-max Seat #1 is the button
Seat 6: sutata ($100 in chips) is sitting out
Seat 1: joaquin612 ($100 in chips) 
Seat 3: neverforever365 ($104.12 in chips) 
Seat 4: alexandr699 ($106.20 in chips) 
Seat 5: xcinaz ($101.50 in chips) 
neverforever365: posts small blind $0.50
alexandr699: posts big blind $1
sutata: sits out 
*** HOLE CARDS ***
xcinaz: raises $1.20 to $2.20
joaquin612: folds 
neverforever365: folds 
alexandr699: raises $9.80 to $12
xcinaz: calls $9.80
*** FLOP *** [Qh 8c Jh]
alexandr699: bets $11.75
xcinaz: folds 
Uncalled bet ($11.75) returned to alexandr699
alexandr699 collected $23.50 from pot
alexandr699: doesn't show hand 
*** SUMMARY ***
Total pot $24.50 | Rake $1 
Board [Qh 8c Jh]
Seat 6: sutata
Seat 1: joaquin612 (button) folded before Flop (didn't bet)
Seat 3: neverforever365 (small blind) folded before Flop
Seat 4: alexandr699 (big blind) collected ($23.50)
Seat 5: xcinaz folded on the Flop



PokerStars Hand #254184925002:  Hold'em No Limit ($0.50/$1.00 USD) - 2025/01/04 5:10:44 WET [2025/01/04 0:10:44 ET]
Table 'Beatrix' 6-max Seat #2 is the button
Seat 1: Heeli999 ($115.18 in chips) 
Seat 2: marin7777974 ($520.85 in chips) 
Seat 3: B1GBankroll ($100 in chips) 
Seat 4: Lago Madjore ($120.97 in chips) 
Seat 5: xcinaz ($308.24 in chips) 
Seat 6: For_the_idea ($100 in chips) 
B1GBankroll: posts small blind $0.50
Lago Madjore: posts big blind $1
*** HOLE CARDS ***
xcinaz: folds 
For_the_idea: raises $1.25 to $2.25
Heeli999: calls $2.25
marin7777974: calls $2.25
B1GBankroll: folds 
Lago Madjore: folds 
*** FLOP *** [Jc 4d Ad]
For_the_idea: checks 
Heeli999: bets $3.92
marin7777974: folds 
For_the_idea: raises $10.47 to $14.39
Heeli999: calls $10.47
*** TURN *** [Jc 4d Ad] [Kc]
For_the_idea: bets $29.44
Heeli999: calls $29.44
*** RIVER *** [Jc 4d Ad Kc] [Td]
For_the_idea: bets $53.92 and is all-in
Heeli999: calls $53.92
*** SHOW DOWN ***
For_the_idea: shows [4s 4c] (three of a kind, Fours)
Heeli999: shows [9d Ac] (a pair of Aces)
For_the_idea collected $201.25 from pot
*** SUMMARY ***
Total pot $203.75 | Rake $2.50 
Board [Jc 4d Ad Kc Td]
Seat 1: Heeli999 showed [9d Ac] and lost with a pair of Aces
Seat 2: marin7777974 (button) folded on the Flop
Seat 3: B1GBankroll (small blind) folded before Flop
Seat 4: Lago Madjore (big blind) folded before Flop
Seat 5: xcinaz folded before Flop (didn't bet)
Seat 6: For_the_idea showed [4s 4c] and won ($201.25) with three of a kind, Fours



PokerStars Hand #254184930507:  Hold'em No Limit ($0.50/$1.00 USD) - 2025/01/04 5:11:36 WET [2025/01/04 0:11:36 ET]
Table 'Beatrix' 6-max Seat #3 is the button
Seat 1: Heeli999 ($15.18 in chips) 
Seat 2: marin7777974 ($518.60 in chips) 
Seat 3: B1GBankroll ($100 in chips) 
Seat 4: Lago Madjore ($119.97 in chips) 
Seat 5: xcinaz ($308.24 in chips) 
Seat 6: For_the_idea ($201.25 in chips) 
Lago Madjore: posts small blind $0.50
xcinaz: posts big blind $1
*** HOLE CARDS ***
For_the_idea: folds 
Heeli999: folds 
marin7777974: calls $1
B1GBankroll: folds 
Lago Madjore: folds 
xcinaz: checks 
*** FLOP *** [Kh Ad 7c]
xcinaz: checks 
marin7777974: bets $1
xcinaz: folds 
Uncalled bet ($1) returned to marin7777974
marin7777974 collected $2.38 from pot
*** SUMMARY ***
Total pot $2.50 | Rake $0.12 
Board [Kh Ad 7c]
Seat 1: Heeli999 folded before Flop (didn't bet)
Seat 2: marin7777974 collected ($2.38)
Seat 3: B1GBankroll (button) folded before Flop (didn't bet)
Seat 4: Lago Madjore (small blind) folded before Flop
Seat 5: xcinaz (big blind) folded on the Flop
Seat 6: For_the_idea folded before Flop (didn't bet)



PokerStars Hand #254184933091:  Hold'em No Limit ($0.50/$1.00 USD) - 2025/01/04 5:12:01 WET [2025/01/04 0:12:01 ET]
Table 'Beatrix' 6-max Seat #4 is the button
Seat 1: Heeli999 ($15.18 in chips) 
Seat 2: marin7777974 ($519.98 in chips) 
Seat 3: B1GBankroll ($100 in chips) 
Seat 4: Lago Madjore ($119.47 in chips) 
Seat 5: xcinaz ($307.24 in chips) 
Seat 6: For_the_idea ($201.25 in chips) 
xcinaz: posts small blind $0.50
For_the_idea: posts big blind $1
*** HOLE CARDS ***
Heeli999: folds 
marin7777974: calls $1
B1GBankroll: folds 
Lago Madjore: raises $1.25 to $2.25
xcinaz: folds 
For_the_idea: folds 
marin7777974: calls $1.25
*** FLOP *** [6h 6c 7s]
marin7777974: checks 
Lago Madjore: bets $1.71
marin7777974: calls $1.71
*** TURN *** [6h 6c 7s] [2s]
marin7777974: bets $3
Lago Madjore: calls $3
*** RIVER *** [6h 6c 7s 2s] [3s]
marin7777974: checks 
Lago Madjore: checks 
*** SHOW DOWN ***
marin7777974: shows [4c Tc] (a pair of Sixes)
Lago Madjore: shows [5s Ad] (a pair of Sixes - Ace kicker)
Lago Madjore collected $14.65 from pot
*** SUMMARY ***
Total pot $15.42 | Rake $0.77 
Board [6h 6c 7s 2s 3s]
Seat 1: Heeli999 folded before Flop (didn't bet)
Seat 2: marin7777974 showed [4c Tc] and lost with a pair of Sixes
Seat 3: B1GBankroll folded before Flop (didn't bet)
Seat 4: Lago Madjore (button) showed [5s Ad] and won ($14.65) with a pair of Sixes
Seat 5: xcinaz (small blind) folded before Flop
Seat 6: For_the_idea (big blind) folded before Flop



PokerStars Hand #254184938109:  Hold'em No Limit ($0.50/$1.00 USD) - 2025/01/04 5:12:48 WET [2025/01/04 0:12:48 ET]
Table 'Beatrix' 6-max Seat #5 is the button
Seat 1: Heeli999 ($15.18 in chips) is sitting out
Seat 2: marin7777974 ($513.02 in chips) 
Seat 3: B1GBankroll ($100 in chips) 
Seat 4: Lago Madjore ($127.16 in chips) 
Seat 5: xcinaz ($306.74 in chips) 
Seat 6: For_the_idea ($200.25 in chips) 
For_the_idea: posts small blind $0.50
Heeli999 is disconnected 
Heeli999 has timed out while disconnected
Heeli999: is sitting out 
marin7777974: posts big blind $1
*** HOLE CARDS ***
B1GBankroll: raises $1.50 to $2.50
Lago Madjore: folds 
xcinaz: folds 
For_the_idea: folds 
marin7777974: calls $1.50
*** FLOP *** [7d 3d 7s]
marin7777974: bets $2
B1GBankroll: calls $2
*** TURN *** [7d 3d 7s] [Ks]
marin7777974: bets $2
B1GBankroll: calls $2
*** RIVER *** [7d 3d 7s Ks] [Kd]
marin7777974: bets $10
B1GBankroll: calls $10
*** SHOW DOWN ***
marin7777974: shows [4d 9d] (a flush, King high)
B1GBankroll: shows [3h 3c] (a full house, Threes full of Kings)
B1GBankroll collected $31.82 from pot
*** SUMMARY ***
Total pot $33.50 | Rake $1.68 
Board [7d 3d 7s Ks Kd]
Seat 1: Heeli999
Seat 2: marin7777974 (big blind) showed [4d 9d] and lost with a flush, King high
Seat 3: B1GBankroll showed [3h 3c] and won ($31.82) with a full house, Threes full of Kings
Seat 4: Lago Madjore folded before Flop (didn't bet)
Seat 5: xcinaz (button) folded before Flop (didn't bet)
Seat 6: For_the_idea (small blind) folded before Flop



PokerStars Hand #254184943538:  Hold'em No Limit ($0.50/$1.00 USD) - 2025/01/04 5:13:39 WET [2025/01/04 0:13:39 ET]
Table 'Beatrix' 6-max Seat #6 is the button
Seat 1: Heeli999 ($15.18 in chips) is sitting out
Seat 2: marin7777974 ($496.52 in chips) 
Seat 3: B1GBankroll ($115.32 in chips) 
Seat 4: Lago Madjore ($127.16 in chips) 
Seat 5: xcinaz ($306.74 in chips) 
Seat 6: For_the_idea ($199.75 in chips) 
marin7777974: posts small blind $0.50
B1GBankroll: posts big blind $1
*** HOLE CARDS ***
Lago Madjore: folds 
xcinaz: folds 
For_the_idea: folds 
marin7777974: calls $0.50
B1GBankroll: checks 
*** FLOP *** [Kh 7c 3s]
marin7777974: bets $1
B1GBankroll: calls $1
*** TURN *** [Kh 7c 3s] [Qs]
marin7777974: bets $1
B1GBankroll: raises $5.16 to $6.16
marin7777974: folds 
Uncalled bet ($5.16) returned to B1GBankroll
B1GBankroll collected $5.70 from pot
B1GBankroll: doesn't show hand 
*** SUMMARY ***
Total pot $6 | Rake $0.30 
Board [Kh 7c 3s Qs]
Seat 1: Heeli999
Seat 2: marin7777974 (small blind) folded on the Turn
Seat 3: B1GBankroll (big blind) collected ($5.70)
Seat 4: Lago Madjore folded before Flop (didn't bet)
Seat 5: xcinaz folded before Flop (didn't bet)
Seat 6: For_the_idea (button) folded before Flop (didn't bet)



PokerStars Hand #254184947319:  Hold'em No Limit ($0.50/$1.00 USD) - 2025/01/04 5:14:14 WET [2025/01/04 0:14:14 ET]
Table 'Beatrix' 6-max Seat #2 is the button
Seat 1: Heeli999 ($15.18 in chips) 
Seat 2: marin7777974 ($493.52 in chips) 
Seat 3: B1GBankroll ($118.02 in chips) 
Seat 4: Lago Madjore ($127.16 in chips) 
Seat 5: xcinaz ($306.74 in chips) 
Seat 6: For_the_idea ($199.75 in chips) 
B1GBankroll: posts small blind $0.50
Lago Madjore: posts big blind $1
Heeli999: posts small & big blinds $1.50
*** HOLE CARDS ***
xcinaz: folds 
For_the_idea: folds 
Heeli999: checks 
marin7777974: raises $1 to $2
B1GBankroll: raises $9.50 to $11.50
Lago Madjore: folds 
Heeli999: folds 
marin7777974: folds 
Uncalled bet ($9.50) returned to B1GBankroll
B1GBankroll collected $6.50 from pot
B1GBankroll: doesn't show hand 
*** SUMMARY ***
Total pot $6.50 | Rake $0 
Seat 1: Heeli999 folded before Flop (didn't bet)
Seat 2: marin7777974 (button) folded before Flop
Seat 3: B1GBankroll (small blind) collected ($6.50)
Seat 4: Lago Madjore (big blind) folded before Flop
Seat 5: xcinaz folded before Flop (didn't bet)
Seat 6: For_the_idea folded before Flop (didn't bet)



PokerStars Hand #254184950868:  Hold'em No Limit ($0.50/$1.00 USD) - 2025/01/04 5:14:48 WET [2025/01/04 0:14:48 ET]
Table 'Beatrix' 6-max Seat #3 is the button
Seat 5: xcinaz ($306.74 in chips) is sitting out
Seat 1: Heeli999 ($13.68 in chips) 
Seat 2: marin7777974 ($491.52 in chips) 
Seat 3: B1GBankroll ($122.52 in chips) 
Seat 4: Lago Madjore ($126.16 in chips) 
Seat 6: For_the_idea ($199.75 in chips) 
Lago Madjore: posts small blind $0.50
xcinaz: is sitting out 
For_the_idea: posts big blind $1
*** HOLE CARDS ***
Heeli999: folds 
marin7777974: calls $1
B1GBankroll: folds 
Lago Madjore: folds 
For_the_idea: checks 
*** FLOP *** [Kc 2s 5h]
For_the_idea: checks 
marin7777974: bets $1
For_the_idea: calls $1
*** TURN *** [Kc 2s 5h] [9s]
For_the_idea: checks 
marin7777974: bets $1
For_the_idea: calls $1
*** RIVER *** [Kc 2s 5h 9s] [As]
For_the_idea: checks 
marin7777974: bets $5
For_the_idea: folds 
Uncalled bet ($5) returned to marin7777974
marin7777974 collected $6.18 from pot
*** SUMMARY ***
Total pot $6.50 | Rake $0.32 
Board [Kc 2s 5h 9s As]
Seat 5: xcinaz
Seat 1: Heeli999 folded before Flop (didn't bet)
Seat 2: marin7777974 collected ($6.18)
Seat 3: B1GBankroll (button) folded before Flop (didn't bet)
Seat 4: Lago Madjore (small blind) folded before Flop
Seat 6: For_the_idea (big blind) folded on the River



PokerStars Hand #254184958262:  Hold'em No Limit ($0.50/$1.00 USD) - 2025/01/04 5:15:58 WET [2025/01/04 0:15:58 ET]
Table 'Beatrix' 6-max Seat #4 is the button
Seat 5: xcinaz ($306.74 in chips) is sitting out
Seat 1: Heeli999 ($100 in chips) 
Seat 2: marin7777974 ($494.70 in chips) 
Seat 3: B1GBankroll ($122.52 in chips) 
Seat 4: Lago Madjore ($125.66 in chips) 
Seat 6: For_the_idea ($196.75 in chips) 
For_the_idea: posts small blind $0.50
Heeli999: posts big blind $1
*** HOLE CARDS ***
marin7777974: calls $1
B1GBankroll: folds 
Lago Madjore: folds 
For_the_idea: folds 
Heeli999: checks 
*** FLOP *** [Qc Jc Js]
Heeli999: checks 
marin7777974: bets $2
Heeli999: folds 
Uncalled bet ($2) returned to marin7777974
marin7777974 collected $2.38 from pot
*** SUMMARY ***
Total pot $2.50 | Rake $0.12 
Board [Qc Jc Js]
Seat 5: xcinaz
Seat 1: Heeli999 (big blind) folded on the Flop
Seat 2: marin7777974 collected ($2.38)
Seat 3: B1GBankroll folded before Flop (didn't bet)
Seat 4: Lago Madjore (button) folded before Flop (didn't bet)
Seat 6: For_the_idea (small blind) folded before Flop



PokerStars Hand #254184962158:  Hold'em No Limit ($0.50/$1.00 USD) - 2025/01/04 5:16:35 WET [2025/01/04 0:16:35 ET]
Table 'Beatrix' 6-max Seat #6 is the button
Seat 5: xcinaz ($306.74 in chips) is sitting out
Seat 1: Heeli999 ($99 in chips) 
Seat 2: marin7777974 ($496.08 in chips) 
Seat 3: B1GBankroll ($122.52 in chips) 
Seat 4: Lago Madjore ($125.66 in chips) 
Seat 6: For_the_idea ($196.25 in chips) 
Heeli999: posts small blind $0.50
marin7777974: posts big blind $1
*** HOLE CARDS ***
B1GBankroll: raises $1.50 to $2.50
Lago Madjore: folds 
For_the_idea: folds 
Heeli999: calls $2
marin7777974: calls $1.50
*** FLOP *** [7s 5c 7h]
Heeli999: bets $3.56
marin7777974: calls $3.56
B1GBankroll: calls $3.56
*** TURN *** [7s 5c 7h] [Td]
Heeli999: bets $8.64
marin7777974: calls $8.64
B1GBankroll: folds 
*** RIVER *** [7s 5c 7h Td] [Qd]
Heeli999: bets $16.85
marin7777974: calls $16.85
*** SHOW DOWN ***
Heeli999: shows [9c Tc] (two pair, Tens and Sevens)
marin7777974: shows [Ts Kd] (two pair, Tens and Sevens - King kicker)
marin7777974 collected $66.66 from pot
*** SUMMARY ***
Total pot $69.16 | Rake $2.50 
Board [7s 5c 7h Td Qd]
Seat 5: xcinaz
Seat 1: Heeli999 (small blind) showed [9c Tc] and lost with two pair, Tens and Sevens
Seat 2: marin7777974 (big blind) showed [Ts Kd] and won ($66.66) with two pair, Tens and Sevens
Seat 3: B1GBankroll folded on the Turn
Seat 4: Lago Madjore folded before Flop (didn't bet)
Seat 6: For_the_idea (button) folded before Flop (didn't bet)



PokerStars Hand #254184966377:  Hold'em No Limit ($0.50/$1.00 USD) - 2025/01/04 5:17:14 WET [2025/01/04 0:17:14 ET]
Table 'Beatrix' 6-max Seat #1 is the button
Seat 5: xcinaz ($306.74 in chips) is sitting out
Seat 1: Heeli999 ($67.45 in chips) 
Seat 2: marin7777974 ($531.19 in chips) 
Seat 3: B1GBankroll ($116.46 in chips) 
Seat 4: Lago Madjore ($125.66 in chips) 
Seat 6: For_the_idea ($196.25 in chips) 
marin7777974: posts small blind $0.50
B1GBankroll: posts big blind $1
*** HOLE CARDS ***
Lago Madjore: raises $1.02 to $2.02
For_the_idea: folds 
Heeli999: raises $65.43 to $67.45 and is all-in
marin7777974: folds 
B1GBankroll: folds 
Lago Madjore: folds 
Uncalled bet ($65.43) returned to Heeli999
Heeli999 collected $5.54 from pot
*** SUMMARY ***
Total pot $5.54 | Rake $0 
Seat 5: xcinaz
Seat 1: Heeli999 (button) collected ($5.54)
Seat 2: marin7777974 (small blind) folded before Flop
Seat 3: B1GBankroll (big blind) folded before Flop
Seat 4: Lago Madjore folded before Flop
Seat 6: For_the_idea folded before Flop (didn't bet)



PokerStars Hand #254184968130:  Hold'em No Limit ($0.50/$1.00 USD) - 2025/01/04 5:17:30 WET [2025/01/04 0:17:30 ET]
Table 'Beatrix' 6-max Seat #2 is the button
Seat 5: xcinaz ($306.74 in chips) is sitting out
Seat 1: Heeli999 ($70.97 in chips) 
Seat 2: marin7777974 ($530.69 in chips) 
Seat 3: B1GBankroll ($115.46 in chips) 
Seat 4: Lago Madjore ($123.64 in chips) 
Seat 6: For_the_idea ($196.25 in chips) 
B1GBankroll: posts small blind $0.50
Lago Madjore: posts big blind $1
*** HOLE CARDS ***
For_the_idea: folds 
Heeli999: raises $2 to $3
marin7777974: calls $3
B1GBankroll: calls $2.50
Lago Madjore: raises $17 to $20
Heeli999: calls $17
marin7777974: folds 
B1GBankroll: folds 
*** FLOP *** [Ks Ts Js]
Lago Madjore: bets $103.64 and is all-in
Heeli999: calls $50.97 and is all-in
Uncalled bet ($52.67) returned to Lago Madjore
*** TURN *** [Ks Ts Js] [8d]
*** RIVER *** [Ks Ts Js 8d] [7s]
*** SHOW DOWN ***
Lago Madjore: shows [Qc Kc] (a pair of Kings)
Heeli999: shows [Td Jc] (two pair, Jacks and Tens)
Heeli999 collected $145.44 from pot
Lago Madjore cashed out the hand for $69.04 | Cash Out Fee $1.41
*** SUMMARY ***
Total pot $147.94 | Rake $2.50 
Board [Ks Ts Js 8d 7s]
Seat 5: xcinaz
Seat 1: Heeli999 showed [Td Jc] and won ($145.44) with two pair, Jacks and Tens
Seat 2: marin7777974 (button) folded before Flop
Seat 3: B1GBankroll (small blind) folded before Flop
Seat 4: Lago Madjore (big blind) showed [Qc Kc] and lost with a pair of Kings (cashed out).
Seat 6: For_the_idea folded before Flop (didn't bet)



PokerStars Hand #254184972626:  Hold'em No Limit ($0.50/$1.00 USD) - 2025/01/04 5:18:13 WET [2025/01/04 0:18:13 ET]
Table 'Beatrix' 6-max Seat #3 is the button
Seat 5: xcinaz ($306.74 in chips) is sitting out
Seat 1: Heeli999 ($145.44 in chips) 
Seat 2: marin7777974 ($527.69 in chips) 
Seat 3: B1GBankroll ($112.46 in chips) 
Seat 4: Lago Madjore ($121.71 in chips) 
Seat 6: For_the_idea ($196.25 in chips) 
Lago Madjore: posts small blind $0.50
For_the_idea: posts big blind $1
*** HOLE CARDS ***
Heeli999: raises $2 to $3
marin7777974: calls $3
B1GBankroll: raises $8.50 to $11.50
Lago Madjore: folds 
For_the_idea: folds 
Heeli999: calls $8.50
marin7777974: folds 
*** FLOP *** [9c Jc Qh]
Heeli999: checks 
B1GBankroll: checks 
*** TURN *** [9c Jc Qh] [6s]
Heeli999: checks 
B1GBankroll: bets $12.80
Heeli999: folds 
Uncalled bet ($12.80) returned to B1GBankroll
B1GBankroll collected $26.12 from pot
B1GBankroll: doesn't show hand 
*** SUMMARY ***
Total pot $27.50 | Rake $1.38 
Board [9c Jc Qh 6s]
Seat 5: xcinaz
Seat 1: Heeli999 folded on the Turn
Seat 2: marin7777974 folded before Flop
Seat 3: B1GBankroll (button) collected ($26.12)
Seat 4: Lago Madjore (small blind) folded before Flop
Seat 6: For_the_idea (big blind) folded before Flop



PokerStars Hand #254184978146:  Hold'em No Limit ($0.50/$1.00 USD) - 2025/01/04 5:19:05 WET [2025/01/04 0:19:05 ET]
Table 'Beatrix' 6-max Seat #4 is the button
Seat 5: xcinaz ($306.74 in chips) is sitting out
Seat 1: Heeli999 ($133.94 in chips) 
Seat 2: marin7777974 ($524.69 in chips) 
Seat 3: B1GBankroll ($127.08 in chips) 
Seat 4: Lago Madjore ($121.21 in chips) 
Seat 6: For_the_idea ($195.25 in chips) 
For_the_idea: posts small blind $0.50
Heeli999: posts big blind $1
*** HOLE CARDS ***
marin7777974: calls $1
B1GBankroll: folds 
Lago Madjore: raises $1.25 to $2.25
For_the_idea: raises $9.25 to $11.50
Heeli999: calls $10.50
marin7777974: folds 
Lago Madjore: folds 
*** FLOP *** [2s 6h 8s]
For_the_idea: checks 
Heeli999: bets $12.47
For_the_idea: raises $15.97 to $28.44
Heeli999: calls $15.97
*** TURN *** [2s 6h 8s] [3c]
For_the_idea: checks 
Heeli999: checks 
*** RIVER *** [2s 6h 8s 3c] [8d]
For_the_idea: bets $110.46
Heeli999: folds 
Uncalled bet ($110.46) returned to For_the_idea
For_the_idea collected $80.63 from pot
For_the_idea: doesn't show hand 
*** SUMMARY ***
Total pot $83.13 | Rake $2.50 
Board [2s 6h 8s 3c 8d]
Seat 5: xcinaz
Seat 1: Heeli999 (big blind) folded on the River
Seat 2: marin7777974 folded before Flop
Seat 3: B1GBankroll folded before Flop (didn't bet)
Seat 4: Lago Madjore (button) folded before Flop
Seat 6: For_the_idea (small blind) collected ($80.63)



PokerStars Hand #254184987261:  Hold'em No Limit ($0.50/$1.00 USD) - 2025/01/04 5:20:30 WET [2025/01/04 0:20:30 ET]
Table 'Beatrix' 6-max Seat #6 is the button
Seat 5: xcinaz ($306.74 in chips) is sitting out
Seat 1: Heeli999 ($94 in chips) 
Seat 2: marin7777974 ($523.69 in chips) 
Seat 3: B1GBankroll ($127.08 in chips) 
Seat 4: Lago Madjore ($118.96 in chips) 
Seat 6: For_the_idea ($235.94 in chips) 
Heeli999: posts small blind $0.50
marin7777974: posts big blind $1
xcinaz: sits out 
*** HOLE CARDS ***
B1GBankroll: folds 
Lago Madjore: folds 
For_the_idea: raises $2 to $3
Heeli999: calls $2.50
marin7777974: calls $2
*** FLOP *** [3d 6c 3c]
Heeli999: checks 
marin7777974: bets $6
For_the_idea: calls $6
Heeli999: folds 
*** TURN *** [3d 6c 3c] [6h]
marin7777974: bets $5
For_the_idea: calls $5
*** RIVER *** [3d 6c 3c 6h] [Ac]
marin7777974: bets $17
For_the_idea: calls $17
*** SHOW DOWN ***
marin7777974: shows [Ah Qc] (two pair, Aces and Sixes)
For_the_idea: mucks hand 
marin7777974 collected $62.50 from pot
*** SUMMARY ***
Total pot $65 | Rake $2.50 
Board [3d 6c 3c 6h Ac]
Seat 5: xcinaz
Seat 1: Heeli999 (small blind) folded on the Flop
Seat 2: marin7777974 (big blind) showed [Ah Qc] and won ($62.50) with two pair, Aces and Sixes
Seat 3: B1GBankroll folded before Flop (didn't bet)
Seat 4: Lago Madjore folded before Flop (didn't bet)
Seat 6: For_the_idea (button) mucked



PokerStars Hand #254184994564:  Hold'em No Limit ($0.50/$1.00 USD) - 2025/01/04 5:21:39 WET [2025/01/04 0:21:39 ET]
Table 'Beatrix' 6-max Seat #1 is the button
Seat 5: xcinaz ($306.74 in chips) is sitting out
Seat 1: Heeli999 ($100 in chips) 
Seat 2: marin7777974 ($555.19 in chips) 
Seat 3: B1GBankroll ($127.08 in chips) 
Seat 4: Lago Madjore ($118.96 in chips) 
Seat 6: For_the_idea ($204.94 in chips) 
marin7777974: posts small blind $0.50
B1GBankroll: posts big blind $1
xcinaz: sits out 
*** HOLE CARDS ***
Lago Madjore: folds 
For_the_idea: folds 
Heeli999: raises $2 to $3
marin7777974: calls $2.50
B1GBankroll: folds 
*** FLOP *** [5d 2d 5c]
marin7777974: bets $3
Heeli999: calls $3
*** TURN *** [5d 2d 5c] [Qd]
marin7777974: bets $4
Heeli999: calls $4
*** RIVER *** [5d 2d 5c Qd] [Jd]
marin7777974: bets $18
Heeli999: calls $18
*** SHOW DOWN ***
marin7777974: shows [Ac 7d] (a flush, Queen high)
Heeli999: mucks hand 
marin7777974 collected $54.50 from pot
*** SUMMARY ***
Total pot $57 | Rake $2.50 
Board [5d 2d 5c Qd Jd]
Seat 5: xcinaz
Seat 1: Heeli999 (button) mucked
Seat 2: marin7777974 (small blind) showed [Ac 7d] and won ($54.50) with a flush, Queen high
Seat 3: B1GBankroll (big blind) folded before Flop
Seat 4: Lago Madjore folded before Flop (didn't bet)
Seat 6: For_the_idea folded before Flop (didn't bet)



PokerStars Hand #254184999307:  Hold'em No Limit ($0.50/$1.00 USD) - 2025/01/04 5:22:23 WET [2025/01/04 0:22:23 ET]
Table 'Beatrix' 6-max Seat #2 is the button
Seat 5: xcinaz ($306.74 in chips) is sitting out
Seat 1: Heeli999 ($72 in chips) 
Seat 2: marin7777974 ($581.69 in chips) 
Seat 3: B1GBankroll ($126.08 in chips) 
Seat 4: Lago Madjore ($118.96 in chips) 
Seat 6: For_the_idea ($204.94 in chips) 
B1GBankroll: posts small blind $0.50
Lago Madjore: posts big blind $1
xcinaz: sits out 
*** HOLE CARDS ***
For_the_idea: folds 
Heeli999: folds 
marin7777974: calls $1
B1GBankroll: raises $3.20 to $4.20
Lago Madjore: folds 
marin7777974: calls $3.20
*** FLOP *** [9s 7c 5s]
B1GBankroll: checks 
marin7777974: bets $4
B1GBankroll: calls $4
*** TURN *** [9s 7c 5s] [Qh]
B1GBankroll: checks 
marin7777974: bets $5
B1GBankroll: calls $5
*** RIVER *** [9s 7c 5s Qh] [Ac]
B1GBankroll: checks 
marin7777974: checks 
*** SHOW DOWN ***
B1GBankroll: shows [9h 8h] (a pair of Nines)
marin7777974: mucks hand 
B1GBankroll collected $26.03 from pot
*** SUMMARY ***
Total pot $27.40 | Rake $1.37 
Board [9s 7c 5s Qh Ac]
Seat 5: xcinaz
Seat 1: Heeli999 folded before Flop (didn't bet)
Seat 2: marin7777974 (button) mucked
Seat 3: B1GBankroll (small blind) showed [9h 8h] and won ($26.03) with a pair of Nines
Seat 4: Lago Madjore (big blind) folded before Flop
Seat 6: For_the_idea folded before Flop (didn't bet)



PokerStars Hand #254185007432:  Hold'em No Limit ($0.50/$1.00 USD) - 2025/01/04 5:23:40 WET [2025/01/04 0:23:40 ET]
Table 'Beatrix' 6-max Seat #3 is the button
Seat 1: Heeli999 ($72 in chips) 
Seat 2: marin7777974 ($568.49 in chips) 
Seat 3: B1GBankroll ($138.91 in chips) 
Seat 4: Lago Madjore ($117.96 in chips) 
Seat 5: xcinaz ($306.74 in chips) 
Seat 6: For_the_idea ($204.94 in chips) 
Lago Madjore: posts small blind $0.50
xcinaz: posts big blind $1
*** HOLE CARDS ***
For_the_idea: folds 
Heeli999: raises $2.50 to $3.50
marin7777974: calls $3.50
B1GBankroll: folds 
Lago Madjore: folds 
xcinaz: folds 
*** FLOP *** [8h 7h 3d]
Heeli999: bets $4.04
marin7777974: calls $4.04
*** TURN *** [8h 7h 3d] [9h]
Heeli999: bets $15.75
marin7777974: folds 
Uncalled bet ($15.75) returned to Heeli999
Heeli999 collected $15.75 from pot
*** SUMMARY ***
Total pot $16.58 | Rake $0.83 
Board [8h 7h 3d 9h]
Seat 1: Heeli999 collected ($15.75)
Seat 2: marin7777974 folded on the Turn
Seat 3: B1GBankroll (button) folded before Flop (didn't bet)
Seat 4: Lago Madjore (small blind) folded before Flop
Seat 5: xcinaz (big blind) folded before Flop
Seat 6: For_the_idea folded before Flop (didn't bet)



PokerStars Hand #254185009989:  Hold'em No Limit ($0.50/$1.00 USD) - 2025/01/04 5:24:05 WET [2025/01/04 0:24:05 ET]
Table 'Beatrix' 6-max Seat #4 is the button
Seat 1: Heeli999 ($80.21 in chips) 
Seat 2: marin7777974 ($560.95 in chips) 
Seat 3: B1GBankroll ($138.91 in chips) 
Seat 4: Lago Madjore ($117.46 in chips) 
Seat 5: xcinaz ($305.74 in chips) 
Seat 6: For_the_idea ($204.94 in chips) 
xcinaz: posts small blind $0.50
For_the_idea: posts big blind $1
*** HOLE CARDS ***
Heeli999: folds 
marin7777974: raises $1 to $2
B1GBankroll: folds 
Lago Madjore: folds 
xcinaz: folds 
For_the_idea: folds 
Uncalled bet ($1) returned to marin7777974
marin7777974 collected $2.50 from pot
*** SUMMARY ***
Total pot $2.50 | Rake $0 
Seat 1: Heeli999 folded before Flop (didn't bet)
Seat 2: marin7777974 collected ($2.50)
Seat 3: B1GBankroll folded before Flop (didn't bet)
Seat 4: Lago Madjore (button) folded before Flop (didn't bet)
Seat 5: xcinaz (small blind) folded before Flop
Seat 6: For_the_idea (big blind) folded before Flop



PokerStars Hand #254185011243:  Hold'em No Limit ($0.50/$1.00 USD) - 2025/01/04 5:24:16 WET [2025/01/04 0:24:16 ET]
Table 'Beatrix' 6-max Seat #5 is the button
Seat 1: Heeli999 ($80.21 in chips) 
Seat 2: marin7777974 ($562.45 in chips) 
Seat 3: B1GBankroll ($138.91 in chips) 
Seat 4: Lago Madjore ($117.46 in chips) 
Seat 5: xcinaz ($305.24 in chips) 
Seat 6: For_the_idea ($203.94 in chips) 
For_the_idea: posts small blind $0.50
Heeli999: posts big blind $1
*** HOLE CARDS ***
marin7777974: raises $1 to $2
B1GBankroll: folds 
Lago Madjore: folds 
xcinaz: folds 
For_the_idea: folds 
Heeli999: calls $1
*** FLOP *** [Kh Qd Jh]
Heeli999: checks 
marin7777974: checks 
*** TURN *** [Kh Qd Jh] [3h]
Heeli999: checks 
marin7777974: checks 
*** RIVER *** [Kh Qd Jh 3h] [As]
Heeli999: bets $2.14
marin7777974: raises $2.14 to $4.28
Heeli999: folds 
Uncalled bet ($2.14) returned to marin7777974
marin7777974 collected $8.34 from pot
*** SUMMARY ***
Total pot $8.78 | Rake $0.44 
Board [Kh Qd Jh 3h As]
Seat 1: Heeli999 (big blind) folded on the River
Seat 2: marin7777974 collected ($8.34)
Seat 3: B1GBankroll folded before Flop (didn't bet)
Seat 4: Lago Madjore folded before Flop (didn't bet)
Seat 5: xcinaz (button) folded before Flop (didn't bet)
Seat 6: For_the_idea (small blind) folded before Flop



PokerStars Hand #254185014418:  Hold'em No Limit ($0.50/$1.00 USD) - 2025/01/04 5:24:47 WET [2025/01/04 0:24:47 ET]
Table 'Beatrix' 6-max Seat #6 is the button
Seat 1: Heeli999 ($76.07 in chips) 
Seat 2: marin7777974 ($566.65 in chips) 
Seat 3: B1GBankroll ($138.91 in chips) 
Seat 4: Lago Madjore ($117.46 in chips) 
Seat 5: xcinaz ($305.24 in chips) 
Seat 6: For_the_idea ($203.44 in chips) 
Heeli999: posts small blind $0.50
marin7777974: posts big blind $1
*** HOLE CARDS ***
B1GBankroll: folds 
Lago Madjore: raises $2 to $3
xcinaz: folds 
For_the_idea: folds 
Heeli999: folds 
marin7777974: calls $2
*** FLOP *** [Jh Ks 9d]
marin7777974: bets $2
Lago Madjore: calls $2
*** TURN *** [Jh Ks 9d] [7s]
marin7777974: bets $2
Lago Madjore: calls $2
*** RIVER *** [Jh Ks 9d 7s] [As]
marin7777974: bets $2
Lago Madjore: calls $2
*** SHOW DOWN ***
marin7777974: shows [5d Jd] (a pair of Jacks)
Lago Madjore: shows [Qd Ad] (a pair of Aces)
Lago Madjore collected $17.58 from pot
*** SUMMARY ***
Total pot $18.50 | Rake $0.92 
Board [Jh Ks 9d 7s As]
Seat 1: Heeli999 (small blind) folded before Flop
Seat 2: marin7777974 (big blind) showed [5d Jd] and lost with a pair of Jacks
Seat 3: B1GBankroll folded before Flop (didn't bet)
Seat 4: Lago Madjore showed [Qd Ad] and won ($17.58) with a pair of Aces
Seat 5: xcinaz folded before Flop (didn't bet)
Seat 6: For_the_idea (button) folded before Flop (didn't bet)



PokerStars Hand #254185018101:  Hold'em No Limit ($0.50/$1.00 USD) - 2025/01/04 5:25:23 WET [2025/01/04 0:25:23 ET]
Table 'Beatrix' 6-max Seat #1 is the button
Seat 1: Heeli999 ($75.57 in chips) 
Seat 2: marin7777974 ($557.65 in chips) 
Seat 3: B1GBankroll ($138.91 in chips) 
Seat 4: Lago Madjore ($126.04 in chips) 
Seat 5: xcinaz ($305.24 in chips) 
Seat 6: For_the_idea ($203.44 in chips) 
marin7777974: posts small blind $0.50
B1GBankroll: posts big blind $1
*** HOLE CARDS ***
Lago Madjore: raises $2 to $3
xcinaz: folds 
For_the_idea: folds 
Heeli999: calls $3
marin7777974: calls $2.50
B1GBankroll: folds 
*** FLOP *** [6h 9d 4s]
marin7777974: bets $2
Lago Madjore: calls $2
Heeli999: calls $2
*** TURN *** [6h 9d 4s] [7c]
marin7777974: bets $1
Lago Madjore: raises $12.90 to $13.90
Heeli999: folds 
marin7777974: calls $12.90
*** RIVER *** [6h 9d 4s 7c] [2d]
marin7777974: checks 
Lago Madjore: checks 
*** SHOW DOWN ***
marin7777974: shows [Jc Ts] (high card Jack)
Lago Madjore: shows [Qc Qd] (a pair of Queens)
Lago Madjore collected $41.61 from pot
*** SUMMARY ***
Total pot $43.80 | Rake $2.19 
Board [6h 9d 4s 7c 2d]
Seat 1: Heeli999 (button) folded on the Turn
Seat 2: marin7777974 (small blind) showed [Jc Ts] and lost with high card Jack
Seat 3: B1GBankroll (big blind) folded before Flop
Seat 4: Lago Madjore showed [Qc Qd] and won ($41.61) with a pair of Queens
Seat 5: xcinaz folded before Flop (didn't bet)
Seat 6: For_the_idea folded before Flop (didn't bet)



PokerStars Hand #254185022938:  Hold'em No Limit ($0.50/$1.00 USD) - 2025/01/04 5:26:09 WET [2025/01/04 0:26:09 ET]
Table 'Beatrix' 6-max Seat #2 is the button
Seat 1: Heeli999 ($70.57 in chips) 
Seat 2: marin7777974 ($538.75 in chips) 
Seat 3: B1GBankroll ($137.91 in chips) 
Seat 4: Lago Madjore ($148.75 in chips) 
Seat 5: xcinaz ($305.24 in chips) 
Seat 6: For_the_idea ($203.44 in chips) 
B1GBankroll: posts small blind $0.50
Lago Madjore: posts big blind $1
*** HOLE CARDS ***
xcinaz: folds 
For_the_idea: folds 
Heeli999: folds 
marin7777974: raises $3 to $4
B1GBankroll: folds 
Lago Madjore: folds 
Uncalled bet ($3) returned to marin7777974
marin7777974 collected $2.50 from pot
*** SUMMARY ***
Total pot $2.50 | Rake $0 
Seat 1: Heeli999 folded before Flop (didn't bet)
Seat 2: marin7777974 (button) collected ($2.50)
Seat 3: B1GBankroll (small blind) folded before Flop
Seat 4: Lago Madjore (big blind) folded before Flop
Seat 5: xcinaz folded before Flop (didn't bet)
Seat 6: For_the_idea folded before Flop (didn't bet)



PokerStars Hand #254185024858:  Hold'em No Limit ($0.50/$1.00 USD) - 2025/01/04 5:26:27 WET [2025/01/04 0:26:27 ET]
Table 'Beatrix' 6-max Seat #3 is the button
Seat 1: Heeli999 ($70.57 in chips) 
Seat 2: marin7777974 ($540.25 in chips) 
Seat 3: B1GBankroll ($137.41 in chips) 
Seat 4: Lago Madjore ($147.75 in chips) 
Seat 5: xcinaz ($305.24 in chips) 
Seat 6: For_the_idea ($203.44 in chips) 
Lago Madjore: posts small blind $0.50
xcinaz: posts big blind $1
*** HOLE CARDS ***
For_the_idea: folds 
Heeli999: raises $2.50 to $3.50
marin7777974: calls $3.50
B1GBankroll: folds 
Lago Madjore: folds 
xcinaz: folds 
*** FLOP *** [8d 5c Ah]
Heeli999: bets $4.04
marin7777974: folds 
Uncalled bet ($4.04) returned to Heeli999
Heeli999 collected $8.08 from pot
*** SUMMARY ***
Total pot $8.50 | Rake $0.42 
Board [8d 5c Ah]
Seat 1: Heeli999 collected ($8.08)
Seat 2: marin7777974 folded on the Flop
Seat 3: B1GBankroll (button) folded before Flop (didn't bet)
Seat 4: Lago Madjore (small blind) folded before Flop
Seat 5: xcinaz (big blind) folded before Flop
Seat 6: For_the_idea folded before Flop (didn't bet)



PokerStars Hand #254185027884:  Hold'em No Limit ($0.50/$1.00 USD) - 2025/01/04 5:26:56 WET [2025/01/04 0:26:56 ET]
Table 'Beatrix' 6-max Seat #4 is the button
Seat 1: Heeli999 ($75.15 in chips) 
Seat 2: marin7777974 ($536.75 in chips) 
Seat 3: B1GBankroll ($137.41 in chips) 
Seat 4: Lago Madjore ($147.25 in chips) 
Seat 5: xcinaz ($304.24 in chips) 
Seat 6: For_the_idea ($203.44 in chips) 
xcinaz: posts small blind $0.50
For_the_idea: posts big blind $1
*** HOLE CARDS ***
Heeli999: folds 
marin7777974: calls $1
B1GBankroll: folds 
Lago Madjore: raises $1.25 to $2.25
xcinaz: folds 
For_the_idea: calls $1.25
marin7777974: calls $1.25
*** FLOP *** [8s 9d Th]
For_the_idea: checks 
marin7777974: bets $1
Lago Madjore: raises $3 to $4
For_the_idea: folds 
marin7777974: calls $3
*** TURN *** [8s 9d Th] [8c]
marin7777974: checks 
Lago Madjore: bets $3.48
marin7777974: folds 
Uncalled bet ($3.48) returned to Lago Madjore
Lago Madjore collected $14.49 from pot
Lago Madjore: doesn't show hand 
*** SUMMARY ***
Total pot $15.25 | Rake $0.76 
Board [8s 9d Th 8c]
Seat 1: Heeli999 folded before Flop (didn't bet)
Seat 2: marin7777974 folded on the Turn
Seat 3: B1GBankroll folded before Flop (didn't bet)
Seat 4: Lago Madjore (button) collected ($14.49)
Seat 5: xcinaz (small blind) folded before Flop
Seat 6: For_the_idea (big blind) folded on the Flop



PokerStars Hand #254185034189:  Hold'em No Limit ($0.50/$1.00 USD) - 2025/01/04 5:27:57 WET [2025/01/04 0:27:57 ET]
Table 'Beatrix' 6-max Seat #5 is the button
Seat 1: Heeli999 ($75.15 in chips) 
Seat 2: marin7777974 ($530.50 in chips) 
Seat 3: B1GBankroll ($137.41 in chips) 
Seat 4: Lago Madjore ($155.49 in chips) 
Seat 5: xcinaz ($303.74 in chips) 
Seat 6: For_the_idea ($201.19 in chips) 
For_the_idea: posts small blind $0.50
Heeli999: posts big blind $1
*** HOLE CARDS ***
marin7777974: folds 
marin7777974 leaves the table
B1GBankroll: folds 
Lago Madjore: folds 
xcinaz: folds 
b2k-Snick joins the table at seat #2 
For_the_idea: folds 
Uncalled bet ($0.50) returned to Heeli999
Heeli999 collected $1 from pot
*** SUMMARY ***
Total pot $1 | Rake $0 
Seat 1: Heeli999 (big blind) collected ($1)
Seat 2: marin7777974 folded before Flop (didn't bet)
Seat 3: B1GBankroll folded before Flop (didn't bet)
Seat 4: Lago Madjore folded before Flop (didn't bet)
Seat 5: xcinaz (button) folded before Flop (didn't bet)
Seat 6: For_the_idea (small blind) folded before Flop



PokerStars Hand #254184490680:  Hold'em No Limit ($0.50/$1.00 USD) - 2025/01/04 4:07:31 WET [2025/01/03 23:07:31 ET]
Table 'Beatrix' 6-max Seat #3 is the button
Seat 6: sutata ($100 in chips) is sitting out
Seat 1: joaquin612 ($100 in chips) 
Seat 3: neverforever365 ($103.62 in chips) 
Seat 4: alexandr699 ($117.70 in chips) 
Seat 5: xcinaz ($100 in chips) 
alexandr699: posts small blind $0.50
xcinaz: posts big blind $1
sutata: sits out 
*** HOLE CARDS ***
joaquin612: raises $1.50 to $2.50
neverforever365: calls $2.50
alexandr699: raises $10.50 to $13
xcinaz: folds 
joaquin612: folds 
neverforever365: calls $10.50
*** FLOP *** [8d 7h 8h]
alexandr699: bets $17.10
neverforever365: folds 
Uncalled bet ($17.10) returned to alexandr699
alexandr699 collected $28.50 from pot
alexandr699: doesn't show hand 
*** SUMMARY ***
Total pot $29.50 | Rake $1 
Board [8d 7h 8h]
Seat 6: sutata
Seat 1: joaquin612 folded before Flop
Seat 3: neverforever365 (button) folded on the Flop
Seat 4: alexandr699 (small blind) collected ($28.50)
Seat 5: xcinaz (big blind) folded before Flop



PokerStars Hand #254184496819:  Hold'em No Limit ($0.50/$1.00 USD) - 2025/01/04 4:08:19 WET [2025/01/03 23:08:19 ET]
Table 'Beatrix' 6-max Seat #4 is the button
Seat 1: joaquin612 ($100 in chips) 
Seat 3: neverforever365 ($90.62 in chips) 
Seat 4: alexandr699 ($133.20 in chips) 
Seat 5: xcinaz ($100 in chips) 
Seat 6: sutata ($100 in chips) 
xcinaz: posts small blind $0.50
sutata: posts big blind $1
*** HOLE CARDS ***
joaquin612: folds 
neverforever365: folds 
alexandr699: folds 
xcinaz: folds 
Uncalled bet ($0.50) returned to sutata
sutata collected $1 from pot
sutata: doesn't show hand 
*** SUMMARY ***
Total pot $1 | Rake $0 
Seat 1: joaquin612 folded before Flop (didn't bet)
Seat 3: neverforever365 folded before Flop (didn't bet)
Seat 4: alexandr699 (button) folded before Flop (didn't bet)
Seat 5: xcinaz (small blind) folded before Flop
Seat 6: sutata (big blind) collected ($1)



PokerStars Hand #254184501653:  Hold'em No Limit ($0.50/$1.00 USD) - 2025/01/04 4:08:58 WET [2025/01/03 23:08:58 ET]
Table 'Beatrix' 6-max Seat #5 is the button
Seat 1: joaquin612 ($100 in chips) 
Seat 3: neverforever365 ($90.62 in chips) 
Seat 4: alexandr699 ($133.20 in chips) 
Seat 5: xcinaz ($100 in chips) 
Seat 6: sutata ($100.50 in chips) 
sutata: posts small blind $0.50
joaquin612: posts big blind $1
*** HOLE CARDS ***
neverforever365 has timed out
neverforever365: folds 
alexandr699: raises $2 to $3
xcinaz: folds 
sutata: raises $9.30 to $12.30
joaquin612: folds 
alexandr699: raises $13.70 to $26
sutata: folds 
Uncalled bet ($13.70) returned to alexandr699
alexandr699 collected $25.60 from pot
alexandr699: doesn't show hand 
*** SUMMARY ***
Total pot $25.60 | Rake $0 
Seat 1: joaquin612 (big blind) folded before Flop
Seat 3: neverforever365 folded before Flop (didn't bet)
Seat 4: alexandr699 collected ($25.60)
Seat 5: xcinaz (button) folded before Flop (didn't bet)
Seat 6: sutata (small blind) folded before Flop



PokerStars Hand #254184507851:  Hold'em No Limit ($0.50/$1.00 USD) - 2025/01/04 4:09:46 WET [2025/01/03 23:09:46 ET]
Table 'Beatrix' 6-max Seat #6 is the button
Seat 1: joaquin612 ($100 in chips) 
Seat 3: neverforever365 ($90.62 in chips) 
Seat 4: alexandr699 ($146.50 in chips) 
Seat 5: xcinaz ($100 in chips) 
Seat 6: sutata ($100 in chips) 
joaquin612: posts small blind $0.50
neverforever365: posts big blind $1
*** HOLE CARDS ***
alexandr699: folds 
xcinaz: folds 
sutata: raises $2 to $3
joaquin612: folds 
neverforever365: calls $2
*** FLOP *** [9d Js 5s]
neverforever365: checks 
sutata: bets $2.06
neverforever365: calls $2.06
*** TURN *** [9d Js 5s] [5h]
neverforever365: checks 
sutata: checks 
*** RIVER *** [9d Js 5s 5h] [8c]
marin7777974 joins the table at seat #2 
marin7777974 is disconnected 
neverforever365: bets $10.09
sutata: calls $10.09
*** SHOW DOWN ***
neverforever365: shows [Ks Qh] (a pair of Fives)
sutata: shows [7s 9s] (two pair, Nines and Fives)
sutata collected $29.26 from pot
*** SUMMARY ***
Total pot $30.80 | Rake $1.54 
Board [9d Js 5s 5h 8c]
Seat 1: joaquin612 (small blind) folded before Flop
Seat 3: neverforever365 (big blind) showed [Ks Qh] and lost with a pair of Fives
Seat 4: alexandr699 folded before Flop (didn't bet)
Seat 5: xcinaz folded before Flop (didn't bet)
Seat 6: sutata (button) showed [7s 9s] and won ($29.26) with two pair, Nines and Fives



PokerStars Hand #254184517106:  Hold'em No Limit ($0.50/$1.00 USD) - 2025/01/04 4:11:00 WET [2025/01/03 23:11:00 ET]
Table 'Beatrix' 6-max Seat #1 is the button
Seat 2: marin7777974 ($10 in chips) is sitting out
Seat 1: joaquin612 ($100 in chips) 
Seat 3: neverforever365 ($75.47 in chips) 
Seat 4: alexandr699 ($146.50 in chips) 
Seat 5: xcinaz ($100 in chips) 
Seat 6: sutata ($114.11 in chips) 
neverforever365: posts small blind $0.50
alexandr699: posts big blind $1
*** HOLE CARDS ***
xcinaz: raises $1 to $2
sutata: folds 
joaquin612: folds 
neverforever365: calls $1.50
alexandr699: calls $1
*** FLOP *** [Jc 3s 4d]
neverforever365: checks 
alexandr699: bets $1.88
xcinaz: folds 
neverforever365: calls $1.88
*** TURN *** [Jc 3s 4d] [Ah]
neverforever365: checks 
alexandr699: bets $2.78
neverforever365: folds 
Uncalled bet ($2.78) returned to alexandr699
alexandr699 collected $9.27 from pot
alexandr699: doesn't show hand 
*** SUMMARY ***
Total pot $9.76 | Rake $0.49 
Board [Jc 3s 4d Ah]
Seat 2: marin7777974
Seat 1: joaquin612 (button) folded before Flop (didn't bet)
Seat 3: neverforever365 (small blind) folded on the Turn
Seat 4: alexandr699 (big blind) collected ($9.27)
Seat 5: xcinaz folded on the Flop
Seat 6: sutata folded before Flop (didn't bet)



PokerStars Hand #254184530009:  Hold'em No Limit ($0.50/$1.00 USD) - 2025/01/04 4:12:42 WET [2025/01/03 23:12:42 ET]
Table 'Beatrix' 6-max Seat #3 is the button
Seat 1: joaquin612 ($100 in chips) 
Seat 2: marin7777974 ($10 in chips) 
Seat 3: neverforever365 ($71.59 in chips) 
Seat 4: alexandr699 ($151.89 in chips) 
Seat 5: xcinaz ($100 in chips) 
Seat 6: sutata ($114.11 in chips) 
alexandr699: posts small blind $0.50
xcinaz: posts big blind $1
marin7777974: posts big blind $1
*** HOLE CARDS ***
sutata: folds 
joaquin612: folds 
marin7777974: checks 
neverforever365: folds 
alexandr699: folds 
xcinaz: raises $13 to $14
marin7777974: folds 
Uncalled bet ($13) returned to xcinaz
xcinaz collected $2.50 from pot
xcinaz: doesn't show hand 
*** SUMMARY ***
Total pot $2.50 | Rake $0 
Seat 1: joaquin612 folded before Flop (didn't bet)
Seat 2: marin7777974 folded before Flop (didn't bet)
Seat 3: neverforever365 (button) folded before Flop (didn't bet)
Seat 4: alexandr699 (small blind) folded before Flop
Seat 5: xcinaz (big blind) collected ($2.50)
Seat 6: sutata folded before Flop (didn't bet)



PokerStars Hand #254184533101:  Hold'em No Limit ($0.50/$1.00 USD) - 2025/01/04 4:13:07 WET [2025/01/03 23:13:07 ET]
Table 'Beatrix' 6-max Seat #4 is the button
Seat 1: joaquin612 ($100 in chips) 
Seat 2: marin7777974 ($9 in chips) 
Seat 3: neverforever365 ($71.59 in chips) 
Seat 4: alexandr699 ($151.39 in chips) 
Seat 5: xcinaz ($101.50 in chips) 
Seat 6: sutata ($114.11 in chips) 
xcinaz: posts small blind $0.50
sutata: posts big blind $1
*** HOLE CARDS ***
joaquin612: folds 
marin7777974: calls $1
neverforever365: calls $1
alexandr699: folds 
xcinaz: folds 
sutata: checks 
*** FLOP *** [8s 8h 5d]
sutata: checks 
marin7777974: bets $1
neverforever365: calls $1
sutata: folds 
*** TURN *** [8s 8h 5d] [9s]
marin7777974: bets $1
neverforever365: folds 
Uncalled bet ($1) returned to marin7777974
marin7777974 collected $5.22 from pot
*** SUMMARY ***
Total pot $5.50 | Rake $0.28 
Board [8s 8h 5d 9s]
Seat 1: joaquin612 folded before Flop (didn't bet)
Seat 2: marin7777974 collected ($5.22)
Seat 3: neverforever365 folded on the Turn
Seat 4: alexandr699 (button) folded before Flop (didn't bet)
Seat 5: xcinaz (small blind) folded before Flop
Seat 6: sutata (big blind) folded on the Flop



PokerStars Hand #254184540707:  Hold'em No Limit ($0.50/$1.00 USD) - 2025/01/04 4:14:07 WET [2025/01/03 23:14:07 ET]
Table 'Beatrix' 6-max Seat #5 is the button
Seat 1: joaquin612 ($100 in chips) 
Seat 2: marin7777974 ($12.22 in chips) 
Seat 3: neverforever365 ($69.59 in chips) 
Seat 4: alexandr699 ($151.39 in chips) 
Seat 5: xcinaz ($101 in chips) 
Seat 6: sutata ($113.11 in chips) 
sutata: posts small blind $0.50
joaquin612: posts big blind $1
*** HOLE CARDS ***
marin7777974: calls $1
neverforever365 has timed out
neverforever365: folds 
alexandr699: folds 
xcinaz: folds 
sutata: folds 
joaquin612: checks 
*** FLOP *** [6c 6d 2d]
joaquin612: checks 
marin7777974: bets $1
joaquin612: folds 
Uncalled bet ($1) returned to marin7777974
marin7777974 collected $2.38 from pot
*** SUMMARY ***
Total pot $2.50 | Rake $0.12 
Board [6c 6d 2d]
Seat 1: joaquin612 (big blind) folded on the Flop
Seat 2: marin7777974 collected ($2.38)
Seat 3: neverforever365 folded before Flop (didn't bet)
Seat 4: alexandr699 folded before Flop (didn't bet)
Seat 5: xcinaz (button) folded before Flop (didn't bet)
Seat 6: sutata (small blind) folded before Flop



PokerStars Hand #254184546460:  Hold'em No Limit ($0.50/$1.00 USD) - 2025/01/04 4:14:53 WET [2025/01/03 23:14:53 ET]
Table 'Beatrix' 6-max Seat #6 is the button
Seat 1: joaquin612 ($100 in chips) 
Seat 2: marin7777974 ($13.60 in chips) 
Seat 3: neverforever365 ($69.59 in chips) 
Seat 4: alexandr699 ($151.39 in chips) 
Seat 5: xcinaz ($101 in chips) 
Seat 6: sutata ($112.61 in chips) 
joaquin612: posts small blind $0.50
marin7777974: posts big blind $1
*** HOLE CARDS ***
neverforever365: folds 
alexandr699: raises $2 to $3
xcinaz: raises $7 to $10
sutata: folds 
joaquin612: folds 
marin7777974: folds 
alexandr699: raises $14 to $24
xcinaz: raises $77 to $101 and is all-in
alexandr699: calls $77
*** FLOP *** [3h 8h Qs]
*** TURN *** [3h 8h Qs] [2d]
*** RIVER *** [3h 8h Qs 2d] [Td]
*** SHOW DOWN ***
alexandr699: shows [Kh Kc] (a pair of Kings)
xcinaz: shows [Kd Ah] (high card Ace)
alexandr699 collected $201 from pot
*** SUMMARY ***
Total pot $203.50 | Rake $2.50 
Board [3h 8h Qs 2d Td]
Seat 1: joaquin612 (small blind) folded before Flop
Seat 2: marin7777974 (big blind) folded before Flop
Seat 3: neverforever365 folded before Flop (didn't bet)
Seat 4: alexandr699 showed [Kh Kc] and won ($201) with a pair of Kings
Seat 5: xcinaz showed [Kd Ah] and lost with high card Ace
Seat 6: sutata (button) folded before Flop (didn't bet)



PokerStars Hand #254184553761:  Hold'em No Limit ($0.50/$1.00 USD) - 2025/01/04 4:15:53 WET [2025/01/03 23:15:53 ET]
Table 'Beatrix' 6-max Seat #1 is the button
Seat 1: joaquin612 ($100 in chips) 
Seat 2: marin7777974 ($12.60 in chips) 
Seat 3: neverforever365 ($69.59 in chips) 
Seat 4: alexandr699 ($251.39 in chips) 
Seat 5: xcinaz ($100 in chips) 
Seat 6: sutata ($112.61 in chips) 
marin7777974: posts small blind $0.50
neverforever365: posts big blind $1
*** HOLE CARDS ***
alexandr699: folds 
xcinaz: folds 
sutata: raises $2 to $3
joaquin612: folds 
marin7777974: folds 
neverforever365: folds 
Uncalled bet ($2) returned to sutata
sutata collected $2.50 from pot
sutata: doesn't show hand 
*** SUMMARY ***
Total pot $2.50 | Rake $0 
Seat 1: joaquin612 (button) folded before Flop (didn't bet)
Seat 2: marin7777974 (small blind) folded before Flop
Seat 3: neverforever365 (big blind) folded before Flop
Seat 4: alexandr699 folded before Flop (didn't bet)
Seat 5: xcinaz folded before Flop (didn't bet)
Seat 6: sutata collected ($2.50)



PokerStars Hand #254184556384:  Hold'em No Limit ($0.50/$1.00 USD) - 2025/01/04 4:16:14 WET [2025/01/03 23:16:14 ET]
Table 'Beatrix' 6-max Seat #2 is the button
Seat 1: joaquin612 ($100 in chips) 
Seat 2: marin7777974 ($12.10 in chips) 
Seat 3: neverforever365 ($68.59 in chips) 
Seat 4: alexandr699 ($251.39 in chips) 
Seat 5: xcinaz ($100 in chips) 
Seat 6: sutata ($114.11 in chips) 
neverforever365: posts small blind $0.50
alexandr699: posts big blind $1
*** HOLE CARDS ***
xcinaz: folds 
sutata: folds 
joaquin612: folds 
marin7777974: calls $1
neverforever365: folds 
alexandr699: checks 
*** FLOP *** [2d Ad Kc]
alexandr699: checks 
marin7777974: bets $1
alexandr699: folds 
Uncalled bet ($1) returned to marin7777974
marin7777974 collected $2.38 from pot
*** SUMMARY ***
Total pot $2.50 | Rake $0.12 
Board [2d Ad Kc]
Seat 1: joaquin612 folded before Flop (didn't bet)
Seat 2: marin7777974 (button) collected ($2.38)
Seat 3: neverforever365 (small blind) folded before Flop
Seat 4: alexandr699 (big blind) folded on the Flop
Seat 5: xcinaz folded before Flop (didn't bet)
Seat 6: sutata folded before Flop (didn't bet)



PokerStars Hand #254184558511:  Hold'em No Limit ($0.50/$1.00 USD) - 2025/01/04 4:16:31 WET [2025/01/03 23:16:31 ET]
Table 'Beatrix' 6-max Seat #3 is the button
Seat 1: joaquin612 ($100 in chips) 
Seat 2: marin7777974 ($13.48 in chips) 
Seat 3: neverforever365 ($87.39 in chips) 
Seat 4: alexandr699 ($250.39 in chips) 
Seat 5: xcinaz ($100 in chips) 
Seat 6: sutata ($114.11 in chips) 
alexandr699: posts small blind $0.50
xcinaz: posts big blind $1
*** HOLE CARDS ***
sutata: folds 
joaquin612: raises $1.50 to $2.50
marin7777974: folds 
neverforever365: folds 
alexandr699: folds 
xcinaz: folds 
Uncalled bet ($1.50) returned to joaquin612
joaquin612 collected $2.50 from pot
joaquin612: doesn't show hand 
*** SUMMARY ***
Total pot $2.50 | Rake $0 
Seat 1: joaquin612 collected ($2.50)
Seat 2: marin7777974 folded before Flop (didn't bet)
Seat 3: neverforever365 (button) folded before Flop (didn't bet)
Seat 4: alexandr699 (small blind) folded before Flop
Seat 5: xcinaz (big blind) folded before Flop
Seat 6: sutata folded before Flop (didn't bet)



PokerStars Hand #254184560689:  Hold'em No Limit ($0.50/$1.00 USD) - 2025/01/04 4:16:49 WET [2025/01/03 23:16:49 ET]
Table 'Beatrix' 6-max Seat #4 is the button
Seat 1: joaquin612 ($101.50 in chips) 
Seat 2: marin7777974 ($13.48 in chips) 
Seat 3: neverforever365 ($87.39 in chips) 
Seat 4: alexandr699 ($249.89 in chips) 
Seat 5: xcinaz ($100 in chips) 
Seat 6: sutata ($114.11 in chips) 
xcinaz: posts small blind $0.50
sutata: posts big blind $1
*** HOLE CARDS ***
joaquin612: folds 
marin7777974: calls $1
neverforever365: folds 
alexandr699: folds 
xcinaz: folds 
sutata: checks 
*** FLOP *** [4c 2d 8d]
sutata: checks 
marin7777974: checks 
*** TURN *** [4c 2d 8d] [Jh]
sutata: checks 
marin7777974: bets $1
sutata: folds 
Uncalled bet ($1) returned to marin7777974
marin7777974 collected $2.38 from pot
*** SUMMARY ***
Total pot $2.50 | Rake $0.12 
Board [4c 2d 8d Jh]
Seat 1: joaquin612 folded before Flop (didn't bet)
Seat 2: marin7777974 collected ($2.38)
Seat 3: neverforever365 folded before Flop (didn't bet)
Seat 4: alexandr699 (button) folded before Flop (didn't bet)
Seat 5: xcinaz (small blind) folded before Flop
Seat 6: sutata (big blind) folded on the Turn



PokerStars Hand #254184566562:  Hold'em No Limit ($0.50/$1.00 USD) - 2025/01/04 4:17:36 WET [2025/01/03 23:17:36 ET]
Table 'Beatrix' 6-max Seat #5 is the button
Seat 1: joaquin612 ($101.50 in chips) 
Seat 2: marin7777974 ($14.86 in chips) 
Seat 3: neverforever365 ($87.39 in chips) 
Seat 4: alexandr699 ($249.89 in chips) 
Seat 5: xcinaz ($100 in chips) 
Seat 6: sutata ($113.11 in chips) 
sutata: posts small blind $0.50
joaquin612: posts big blind $1
*** HOLE CARDS ***
marin7777974: folds 
neverforever365: folds 
alexandr699: folds 
xcinaz: folds 
sutata: raises $2 to $3
joaquin612: folds 
Uncalled bet ($2) returned to sutata
sutata collected $2 from pot
sutata: doesn't show hand 
*** SUMMARY ***
Total pot $2 | Rake $0 
Seat 1: joaquin612 (big blind) folded before Flop
Seat 2: marin7777974 folded before Flop (didn't bet)
Seat 3: neverforever365 folded before Flop (didn't bet)
Seat 4: alexandr699 folded before Flop (didn't bet)
Seat 5: xcinaz (button) folded before Flop (didn't bet)
Seat 6: sutata (small blind) collected ($2)



PokerStars Hand #254184569504:  Hold'em No Limit ($0.50/$1.00 USD) - 2025/01/04 4:18:00 WET [2025/01/03 23:18:00 ET]
Table 'Beatrix' 6-max Seat #6 is the button
Seat 1: joaquin612 ($100.50 in chips) 
Seat 2: marin7777974 ($14.86 in chips) 
Seat 3: neverforever365 ($87.39 in chips) 
Seat 4: alexandr699 ($249.89 in chips) 
Seat 5: xcinaz ($100 in chips) 
Seat 6: sutata ($114.11 in chips) 
joaquin612: posts small blind $0.50
marin7777974: posts big blind $1
*** HOLE CARDS ***
neverforever365: raises $2 to $3
alexandr699: folds 
xcinaz: folds 
sutata: raises $6 to $9
joaquin612: folds 
marin7777974: folds 
neverforever365: raises $19.50 to $28.50
sutata: calls $19.50
*** FLOP *** [Ks Qd Js]
neverforever365: bets $56
sutata: calls $56
*** TURN *** [Ks Qd Js] [Ts]
neverforever365: bets $2.89 and is all-in
sutata: calls $2.89
neverforever365 has timed out
*** FIRST RIVER *** [Ks Qd Js Ts] [7c]
*** SECOND RIVER *** [Ks Qd Js Ts] [5c]
*** FIRST SHOW DOWN ***
neverforever365: shows [Qs Qh] (three of a kind, Queens)
sutata: shows [Ac As] (a straight, Ten to Ace)
sutata collected $86.89 from pot
*** SECOND SHOW DOWN ***
neverforever365: shows [Qs Qh] (three of a kind, Queens)
sutata: shows [Ac As] (a straight, Ten to Ace)
sutata collected $86.89 from pot
*** SUMMARY ***
Total pot $176.28 | Rake $2.50 
Hand was run twice
FIRST Board [Ks Qd Js Ts 7c]
SECOND Board [Ks Qd Js Ts 5c]
Seat 1: joaquin612 (small blind) folded before Flop
Seat 2: marin7777974 (big blind) folded before Flop
Seat 3: neverforever365 showed [Qs Qh] and lost with three of a kind, Queens, and lost with three of a kind, Queens
Seat 4: alexandr699 folded before Flop (didn't bet)
Seat 5: xcinaz folded before Flop (didn't bet)
Seat 6: sutata (button) showed [Ac As] and won ($86.89) with a straight, Ten to Ace, and won ($86.89) with a straight, Ten to Ace



PokerStars Hand #254184578534:  Hold'em No Limit ($0.50/$1.00 USD) - 2025/01/04 4:19:13 WET [2025/01/03 23:19:13 ET]
Table 'Beatrix' 6-max Seat #1 is the button
Seat 3: neverforever365 ($0 in chips) is sitting out
Seat 1: joaquin612 ($100 in chips) 
Seat 2: marin7777974 ($13.86 in chips) 
Seat 4: alexandr699 ($249.89 in chips) 
Seat 5: xcinaz ($100 in chips) 
Seat 6: sutata ($200.50 in chips) 
marin7777974: posts small blind $0.50
alexandr699: posts big blind $1
*** HOLE CARDS ***
xcinaz: raises $1 to $2
sutata: folds 
joaquin612: folds 
marin7777974: folds 
neverforever365 leaves the table
alexandr699: calls $1
*** FLOP *** [6h 5s Jc]
alexandr699: bets $1.28
xcinaz: calls $1.28
*** TURN *** [6h 5s Jc] [8c]
alexandr699: bets $16.77
xcinaz: calls $16.77
*** RIVER *** [6h 5s Jc 8c] [5c]
alexandr699: bets $38.57
xcinaz: calls $38.57
*** SHOW DOWN ***
alexandr699: shows [Th Qd] (a pair of Fives)
xcinaz: shows [9d 9h] (two pair, Nines and Fives)
xcinaz collected $115.24 from pot
*** SUMMARY ***
Total pot $117.74 | Rake $2.50 
Board [6h 5s Jc 8c 5c]
Seat 3: neverforever365
Seat 1: joaquin612 (button) folded before Flop (didn't bet)
Seat 2: marin7777974 (small blind) folded before Flop
Seat 4: alexandr699 (big blind) showed [Th Qd] and lost with a pair of Fives
Seat 5: xcinaz showed [9d 9h] and won ($115.24) with two pair, Nines and Fives
Seat 6: sutata folded before Flop (didn't bet)



PokerStars Hand #254184593386:  Hold'em No Limit ($0.50/$1.00 USD) - 2025/01/04 4:21:13 WET [2025/01/03 23:21:13 ET]
Table 'Beatrix' 6-max Seat #2 is the button
Seat 1: joaquin612 ($100 in chips) 
Seat 2: marin7777974 ($13.36 in chips) 
Seat 4: alexandr699 ($191.27 in chips) 
Seat 5: xcinaz ($156.62 in chips) 
Seat 6: sutata ($200.50 in chips) 
alexandr699: posts small blind $0.50
xcinaz: posts big blind $1
*** HOLE CARDS ***
sutata: folds 
joaquin612: folds 
marin7777974: calls $1
alexandr699: folds 
xcinaz: checks 
*** FLOP *** [9d 7c Kc]
xcinaz: checks 
marin7777974: bets $1
danuuutz joins the table at seat #3 
xcinaz: calls $1
*** TURN *** [9d 7c Kc] [Qs]
xcinaz: checks 
marin7777974: bets $1
xcinaz: calls $1
*** RIVER *** [9d 7c Kc Qs] [2d]
xcinaz: checks 
marin7777974: bets $1
xcinaz: calls $1
*** SHOW DOWN ***
marin7777974: shows [9h 6h] (a pair of Nines)
xcinaz: shows [Kh 6d] (a pair of Kings)
xcinaz collected $8.08 from pot
*** SUMMARY ***
Total pot $8.50 | Rake $0.42 
Board [9d 7c Kc Qs 2d]
Seat 1: joaquin612 folded before Flop (didn't bet)
Seat 2: marin7777974 (button) showed [9h 6h] and lost with a pair of Nines
Seat 4: alexandr699 (small blind) folded before Flop
Seat 5: xcinaz (big blind) showed [Kh 6d] and won ($8.08) with a pair of Kings
Seat 6: sutata folded before Flop (didn't bet)



PokerStars Hand #254184597292:  Hold'em No Limit ($0.50/$1.00 USD) - 2025/01/04 4:21:44 WET [2025/01/03 23:21:44 ET]
Table 'Beatrix' 6-max Seat #4 is the button
Seat 3: danuuutz ($100 in chips) is sitting out
Seat 1: joaquin612 ($100 in chips) 
Seat 2: marin7777974 ($9.36 in chips) 
Seat 4: alexandr699 ($190.77 in chips) 
Seat 5: xcinaz ($160.70 in chips) 
Seat 6: sutata ($200.50 in chips) 
xcinaz: posts small blind $0.50
sutata: posts big blind $1
danuuutz: sits out 
*** HOLE CARDS ***
joaquin612: folds 
marin7777974: calls $1
alexandr699: folds 
joaquin612 leaves the table
xcinaz: folds 
sutata: checks 
*** FLOP *** [8c 8s Ad]
sutata: checks 
marin7777974: checks 
*** TURN *** [8c 8s Ad] [7s]
sutata: bets $1
marin7777974: raises $1 to $2
sutata: folds 
Uncalled bet ($1) returned to marin7777974
marin7777974 collected $4.28 from pot
*** SUMMARY ***
Total pot $4.50 | Rake $0.22 
Board [8c 8s Ad 7s]
Seat 3: danuuutz
Seat 1: joaquin612 folded before Flop (didn't bet)
Seat 2: marin7777974 collected ($4.28)
Seat 4: alexandr699 (button) folded before Flop (didn't bet)
Seat 5: xcinaz (small blind) folded before Flop
Seat 6: sutata (big blind) folded on the Turn



PokerStars Hand #254184601791:  Hold'em No Limit ($0.50/$1.00 USD) - 2025/01/04 4:22:21 WET [2025/01/03 23:22:21 ET]
Table 'Beatrix' 6-max Seat #5 is the button
Seat 3: danuuutz ($100 in chips) is sitting out
Seat 2: marin7777974 ($11.64 in chips) 
Seat 4: alexandr699 ($190.77 in chips) 
Seat 5: xcinaz ($160.20 in chips) 
Seat 6: sutata ($198.50 in chips) 
sutata: posts small blind $0.50
marin7777974: posts big blind $1
danuuutz: sits out 
*** HOLE CARDS ***
alexandr699: folds 
xcinaz: folds 
sutata: raises $11.30 to $12.30
marin7777974: folds 
Uncalled bet ($11.30) returned to sutata
sutata collected $2 from pot
sutata: doesn't show hand 
*** SUMMARY ***
Total pot $2 | Rake $0 
Seat 3: danuuutz
Seat 2: marin7777974 (big blind) folded before Flop
Seat 4: alexandr699 folded before Flop (didn't bet)
Seat 5: xcinaz (button) folded before Flop (didn't bet)
Seat 6: sutata (small blind) collected ($2)



PokerStars Hand #254184607356:  Hold'em No Limit ($0.50/$1.00 USD) - 2025/01/04 4:23:06 WET [2025/01/03 23:23:06 ET]
Table 'Beatrix' 6-max Seat #6 is the button
Seat 2: marin7777974 ($10.64 in chips) 
Seat 3: danuuutz ($100 in chips) 
Seat 4: alexandr699 ($190.77 in chips) 
Seat 5: xcinaz ($160.20 in chips) 
Seat 6: sutata ($199.50 in chips) 
marin7777974: posts small blind $0.50
danuuutz: posts big blind $1
*** HOLE CARDS ***
alexandr699: folds 
xcinaz: folds 
sutata: raises $2 to $3
marin7777974: calls $2.50
danuuutz: calls $2
*** FLOP *** [6c Jd Kc]
marin7777974: bets $7.64 and is all-in
danuuutz: folds 
sutata: folds 
Uncalled bet ($7.64) returned to marin7777974
marin7777974 collected $8.55 from pot
*** SUMMARY ***
Total pot $9 | Rake $0.45 
Board [6c Jd Kc]
Seat 2: marin7777974 (small blind) collected ($8.55)
Seat 3: danuuutz (big blind) folded on the Flop
Seat 4: alexandr699 folded before Flop (didn't bet)
Seat 5: xcinaz folded before Flop (didn't bet)
Seat 6: sutata (button) folded on the Flop



PokerStars Hand #254184610863:  Hold'em No Limit ($0.50/$1.00 USD) - 2025/01/04 4:23:35 WET [2025/01/03 23:23:35 ET]
Table 'Beatrix' 6-max Seat #2 is the button
Seat 2: marin7777974 ($16.19 in chips) 
Seat 3: danuuutz ($100 in chips) 
Seat 4: alexandr699 ($190.77 in chips) 
Seat 5: xcinaz ($160.20 in chips) 
Seat 6: sutata ($196.50 in chips) 
danuuutz: posts small blind $0.50
alexandr699: posts big blind $1
*** HOLE CARDS ***
xcinaz: raises $1 to $2
sutata: folds 
marin7777974: folds 
danuuutz: folds 
alexandr699: folds 
Uncalled bet ($1) returned to xcinaz
xcinaz collected $2.50 from pot
xcinaz: doesn't show hand 
*** SUMMARY ***
Total pot $2.50 | Rake $0 
Seat 2: marin7777974 (button) folded before Flop (didn't bet)
Seat 3: danuuutz (small blind) folded before Flop
Seat 4: alexandr699 (big blind) folded before Flop
Seat 5: xcinaz collected ($2.50)
Seat 6: sutata folded before Flop (didn't bet)



PokerStars Hand #254184613029:  Hold'em No Limit ($0.50/$1.00 USD) - 2025/01/04 4:23:52 WET [2025/01/03 23:23:52 ET]
Table 'Beatrix' 6-max Seat #3 is the button
Seat 2: marin7777974 ($16.19 in chips) 
Seat 3: danuuutz ($100 in chips) 
Seat 4: alexandr699 ($189.77 in chips) 
Seat 5: xcinaz ($161.70 in chips) 
Seat 6: sutata ($196.50 in chips) 
alexandr699: posts small blind $0.50
xcinaz: posts big blind $1
*** HOLE CARDS ***
sutata: folds 
marin7777974: calls $1
danuuutz: folds 
alexandr699: calls $0.50
xcinaz: checks 
*** FLOP *** [3s 8c Jd]
alexandr699: checks 
xcinaz: checks 
marin7777974: checks 
*** TURN *** [3s 8c Jd] [Kc]
alexandr699: checks 
xcinaz: checks 
marin7777974: checks 
*** RIVER *** [3s 8c Jd Kc] [3d]
alexandr699: bets $1.43
xcinaz: folds 
marin7777974: raises $13.76 to $15.19 and is all-in
alexandr699: folds 
Uncalled bet ($13.76) returned to marin7777974
marin7777974 collected $5.57 from pot
*** SUMMARY ***
Total pot $5.86 | Rake $0.29 
Board [3s 8c Jd Kc 3d]
Seat 2: marin7777974 collected ($5.57)
Seat 3: danuuutz (button) folded before Flop (didn't bet)
Seat 4: alexandr699 (small blind) folded on the River
Seat 5: xcinaz (big blind) folded on the River
Seat 6: sutata folded before Flop (didn't bet)



PokerStars Hand #254184619654:  Hold'em No Limit ($0.50/$1.00 USD) - 2025/01/04 4:24:46 WET [2025/01/03 23:24:46 ET]
Table 'Beatrix' 6-max Seat #4 is the button
Seat 2: marin7777974 ($19.33 in chips) 
Seat 3: danuuutz ($100 in chips) 
Seat 4: alexandr699 ($187.34 in chips) 
Seat 5: xcinaz ($160.70 in chips) 
Seat 6: sutata ($196.50 in chips) 
xcinaz: posts small blind $0.50
sutata: posts big blind $1
*** HOLE CARDS ***
marin7777974: calls $1
danuuutz: folds 
alexandr699: folds 
xcinaz: folds 
sutata: checks 
*** FLOP *** [Ac Tc Kc]
sutata: checks 
marin7777974: bets $1
sutata: folds 
Uncalled bet ($1) returned to marin7777974
marin7777974 collected $2.38 from pot
*** SUMMARY ***
Total pot $2.50 | Rake $0.12 
Board [Ac Tc Kc]
Seat 2: marin7777974 collected ($2.38)
Seat 3: danuuutz folded before Flop (didn't bet)
Seat 4: alexandr699 (button) folded before Flop (didn't bet)
Seat 5: xcinaz (small blind) folded before Flop
Seat 6: sutata (big blind) folded on the Flop



PokerStars Hand #254184624767:  Hold'em No Limit ($0.50/$1.00 USD) - 2025/01/04 4:25:27 WET [2025/01/03 23:25:27 ET]
Table 'Beatrix' 6-max Seat #5 is the button
Seat 2: marin7777974 ($20.71 in chips) 
Seat 3: danuuutz ($100 in chips) 
Seat 4: alexandr699 ($187.34 in chips) 
Seat 5: xcinaz ($160.20 in chips) 
Seat 6: sutata ($195.50 in chips) 
sutata: posts small blind $0.50
marin7777974: posts big blind $1
*** HOLE CARDS ***
danuuutz: folds 
danuuutz leaves the table
alexandr699: folds 
xcinaz: raises $1.50 to $2.50
sutata: folds 
marin7777974: calls $1.50
*** FLOP *** [Th 4d 3d]
marin7777974: checks 
Heeli999 joins the table at seat #1 
Heeli999 is disconnected 
xcinaz: checks 
*** TURN *** [Th 4d 3d] [5s]
marin7777974: checks 
xcinaz: checks 
*** RIVER *** [Th 4d 3d 5s] [Qh]
marin7777974: bets $2
xcinaz: folds 
Uncalled bet ($2) returned to marin7777974
marin7777974 collected $5.22 from pot
*** SUMMARY ***
Total pot $5.50 | Rake $0.28 
Board [Th 4d 3d 5s Qh]
Seat 2: marin7777974 (big blind) collected ($5.22)
Seat 3: danuuutz folded before Flop (didn't bet)
Seat 4: alexandr699 folded before Flop (didn't bet)
Seat 5: xcinaz (button) folded on the River
Seat 6: sutata (small blind) folded before Flop



PokerStars Hand #254184630829:  Hold'em No Limit ($0.50/$1.00 USD) - 2025/01/04 4:26:17 WET [2025/01/03 23:26:17 ET]
Table 'Beatrix' 6-max Seat #6 is the button
Seat 1: Heeli999 ($10 in chips) is sitting out
Seat 2: marin7777974 ($23.43 in chips) 
Seat 4: alexandr699 ($187.34 in chips) 
Seat 5: xcinaz ($157.70 in chips) 
Seat 6: sutata ($195 in chips) 
marin7777974: posts small blind $0.50
alexandr699: posts big blind $1
*** HOLE CARDS ***
xcinaz: folds 
sutata: folds 
marin7777974: calls $0.50
sutata leaves the table
alexandr699: checks 
*** FLOP *** [Qc Th 7s]
marin7777974: bets $1
alexandr699: calls $1
*** TURN *** [Qc Th 7s] [Ah]
marin7777974: bets $1
alexandr699: raises $3.50 to $4.50
marin7777974: calls $3.50
*** RIVER *** [Qc Th 7s Ah] [6c]
marin7777974: bets $1
alexandr699: calls $1
*** SHOW DOWN ***
marin7777974: shows [As 7h] (two pair, Aces and Sevens)
alexandr699: mucks hand 
marin7777974 collected $14.25 from pot
*** SUMMARY ***
Total pot $15 | Rake $0.75 
Board [Qc Th 7s Ah 6c]
Seat 1: Heeli999
Seat 2: marin7777974 (small blind) showed [As 7h] and won ($14.25) with two pair, Aces and Sevens
Seat 4: alexandr699 (big blind) mucked
Seat 5: xcinaz folded before Flop (didn't bet)
Seat 6: sutata (button) folded before Flop (didn't bet)



PokerStars Hand #254184635907:  Hold'em No Limit ($0.50/$1.00 USD) - 2025/01/04 4:26:58 WET [2025/01/03 23:26:58 ET]
Table 'Beatrix' 6-max Seat #2 is the button
Seat 1: Heeli999 ($10 in chips) 
Seat 2: marin7777974 ($30.18 in chips) 
Seat 4: alexandr699 ($179.84 in chips) 
Seat 5: xcinaz ($157.70 in chips) 
alexandr699: posts small blind $0.50
xcinaz: posts big blind $1
Heeli999: posts big blind $1
*** HOLE CARDS ***
Heeli999: checks 
marin7777974: calls $1
alexandr699: calls $0.50
xcinaz: checks 
*** FLOP *** [9c 6h 3h]
alexandr699: bets $1.25
xcinaz: calls $1.25
Heeli999: folds 
marin7777974: folds 
*** TURN *** [9c 6h 3h] [8s]
alexandr699: checks 
xcinaz: checks 
*** RIVER *** [9c 6h 3h 8s] [Qc]
alexandr699: bets $2.04
xcinaz: calls $2.04
*** SHOW DOWN ***
alexandr699: shows [8d 5s] (a pair of Eights)
xcinaz: shows [8h 7s] (a pair of Eights - Queen+Nine+Seven kicker)
xcinaz collected $10.05 from pot
*** SUMMARY ***
Total pot $10.58 | Rake $0.53 
Board [9c 6h 3h 8s Qc]
Seat 1: Heeli999 folded on the Flop (didn't bet)
Seat 2: marin7777974 (button) folded on the Flop
Seat 4: alexandr699 (small blind) showed [8d 5s] and lost with a pair of Eights
Seat 5: xcinaz (big blind) showed [8h 7s] and won ($10.05) with a pair of Eights



PokerStars Hand #254184644380:  Hold'em No Limit ($0.50/$1.00 USD) - 2025/01/04 4:28:08 WET [2025/01/03 23:28:08 ET]
Table 'Beatrix' 6-max Seat #4 is the button
Seat 1: Heeli999 ($9 in chips) 
Seat 2: marin7777974 ($29.18 in chips) 
Seat 4: alexandr699 ($175.55 in chips) 
Seat 5: xcinaz ($163.46 in chips) 
xcinaz: posts small blind $0.50
Heeli999: posts big blind $1
*** HOLE CARDS ***
marin7777974: calls $1
alexandr699: raises $2 to $3
xcinaz: folds 
Heeli999: calls $2
marin7777974: calls $2
*** FLOP *** [6c 5d Ks]
Heeli999: bets $6 and is all-in
marin7777974: folds 
alexandr699: calls $6
*** TURN *** [6c 5d Ks] [5c]
*** RIVER *** [6c 5d Ks 5c] [3d]
*** SHOW DOWN ***
Heeli999: shows [2c Kc] (two pair, Kings and Fives)
alexandr699: shows [Ac 3h] (two pair, Fives and Threes)
Heeli999 collected $20.50 from pot
*** SUMMARY ***
Total pot $21.50 | Rake $1 
Board [6c 5d Ks 5c 3d]
Seat 1: Heeli999 (big blind) showed [2c Kc] and won ($20.50) with two pair, Kings and Fives
Seat 2: marin7777974 folded on the Flop
Seat 4: alexandr699 (button) showed [Ac 3h] and lost with two pair, Fives and Threes
Seat 5: xcinaz (small blind) folded before Flop



