PokerStars Hand #254192537755:  Hold'em No Limit ($0.50/$1.00 USD) - 2025/01/04 17:42:33 WET [2025/01/04 12:42:33 ET]
Table 'Indus III' 6-max Seat #4 is the button
Seat 1: tukeiron ($106.98 in chips) 
Seat 2: Burlica2013 ($100 in chips) 
Seat 3: AllN1ghtL0ng ($100 in chips) 
Seat 4: shaneybah ($28.45 in chips) 
Seat 5: CichiChanMarian ($104.29 in chips) 
Seat 6: dreimis190 ($100 in chips) 
CichiChanMarian: posts small blind $0.50
dreimis190: posts big blind $1
*** HOLE CARDS ***
tukeiron: raises $2.50 to $3.50
Burlica2013: folds 
AllN1ghtL0ng: folds 
shaneybah: calls $3.50
CichiChanMarian: folds 
dreimis190: folds 
*** FLOP *** [Tc 6h 4s]
tukeiron: bets $2.67
shaneybah: calls $2.67
*** TURN *** [Tc 6h 4s] [Jh]
tukeiron: bets $100.81 and is all-in
shaneybah: folds [5h 5c]
Uncalled bet ($100.81) returned to tukeiron
tukeiron collected $13.15 from pot
tukeiron: doesn't show hand 
*** SUMMARY ***
Total pot $13.84 | Rake $0.69 
Board [Tc 6h 4s Jh]
Seat 1: tukeiron collected ($13.15)
Seat 2: Burlica2013 folded before Flop (didn't bet)
Seat 3: AllN1ghtL0ng folded before Flop (didn't bet)
Seat 4: shaneybah (button) folded on the Turn
Seat 5: CichiChanMarian (small blind) folded before Flop
Seat 6: dreimis190 (big blind) folded before Flop



PokerStars Hand #254192552731:  Hold'em No Limit ($0.50/$1.00 USD) - 2025/01/04 17:43:22 WET [2025/01/04 12:43:22 ET]
Table 'Indus III' 6-max Seat #5 is the button
Seat 1: tukeiron ($113.96 in chips) 
Seat 2: Burlica2013 ($100 in chips) 
Seat 3: AllN1ghtL0ng ($100 in chips) 
Seat 4: shaneybah ($22.28 in chips) 
Seat 5: CichiChanMarian ($103.79 in chips) 
Seat 6: dreimis190 ($100 in chips) 
dreimis190: posts small blind $0.50
tukeiron: posts big blind $1
*** HOLE CARDS ***
Burlica2013: raises $1.20 to $2.20
AllN1ghtL0ng: raises $4.80 to $7
shaneybah: folds 
CichiChanMarian: raises $13 to $20
dreimis190: folds 
tukeiron: folds 
Burlica2013: folds 
AllN1ghtL0ng: folds 
Uncalled bet ($13) returned to CichiChanMarian
CichiChanMarian collected $17.70 from pot
CichiChanMarian: doesn't show hand 
*** SUMMARY ***
Total pot $17.70 | Rake $0 
Seat 1: tukeiron (big blind) folded before Flop
Seat 2: Burlica2013 folded before Flop
Seat 3: AllN1ghtL0ng folded before Flop
Seat 4: shaneybah folded before Flop (didn't bet)
Seat 5: CichiChanMarian (button) collected ($17.70)
Seat 6: dreimis190 (small blind) folded before Flop



PokerStars Hand #254192704457:  Hold'em No Limit ($0.50/$1.00 USD) - 2025/01/04 17:51:40 WET [2025/01/04 12:51:40 ET]
Table 'Indus III' 6-max Seat #1 is the button
Seat 6: dreimis190 ($126.69 in chips) is sitting out
Seat 1: tukeiron ($114.48 in chips) 
Seat 2: Burlica2013 ($103 in chips) 
Seat 3: AllN1ghtL0ng ($100 in chips) 
Seat 4: shaneybah ($35.34 in chips) 
Seat 5: CichiChanMarian ($104.51 in chips) 
Burlica2013: posts small blind $0.50
AllN1ghtL0ng: posts big blind $1
*** HOLE CARDS ***
shaneybah: folds 
CichiChanMarian: folds 
tukeiron: raises $1.50 to $2.50
Burlica2013: folds 
AllN1ghtL0ng: folds 
Uncalled bet ($1.50) returned to tukeiron
tukeiron collected $2.50 from pot
*** SUMMARY ***
Total pot $2.50 | Rake $0 
Seat 6: dreimis190
Seat 1: tukeiron (button) collected ($2.50)
Seat 2: Burlica2013 (small blind) folded before Flop
Seat 3: AllN1ghtL0ng (big blind) folded before Flop
Seat 4: shaneybah folded before Flop (didn't bet)
Seat 5: CichiChanMarian folded before Flop (didn't bet)



PokerStars Hand #254192710680:  Hold'em No Limit ($0.50/$1.00 USD) - 2025/01/04 17:52:01 WET [2025/01/04 12:52:01 ET]
Table 'Indus III' 6-max Seat #2 is the button
Seat 6: dreimis190 ($126.69 in chips) is sitting out
Seat 1: tukeiron ($115.98 in chips) 
Seat 2: Burlica2013 ($102.50 in chips) 
Seat 3: AllN1ghtL0ng ($100 in chips) 
Seat 4: shaneybah ($35.34 in chips) 
Seat 5: CichiChanMarian ($104.51 in chips) 
AllN1ghtL0ng: posts small blind $0.50
shaneybah: posts big blind $1
*** HOLE CARDS ***
CichiChanMarian: folds 
tukeiron: folds 
Burlica2013: raises $1.45 to $2.45
AllN1ghtL0ng: raises $9.55 to $12
shaneybah: folds 
Burlica2013: calls $9.55
*** FLOP *** [6c 9s 4d]
AllN1ghtL0ng: checks 
Burlica2013: bets $7.84
AllN1ghtL0ng: calls $7.84
*** TURN *** [6c 9s 4d] [3d]
AllN1ghtL0ng: checks 
Burlica2013: bets $28.99
AllN1ghtL0ng: folds 
Uncalled bet ($28.99) returned to Burlica2013
Burlica2013 collected $38.65 from pot
Burlica2013: doesn't show hand 
*** SUMMARY ***
Total pot $40.68 | Rake $2.03 
Board [6c 9s 4d 3d]
Seat 6: dreimis190
Seat 1: tukeiron folded before Flop (didn't bet)
Seat 2: Burlica2013 (button) collected ($38.65)
Seat 3: AllN1ghtL0ng (small blind) folded on the Turn
Seat 4: shaneybah (big blind) folded before Flop
Seat 5: CichiChanMarian folded before Flop (didn't bet)



PokerStars Hand #254192742012:  Hold'em No Limit ($0.50/$1.00 USD) - 2025/01/04 17:53:44 WET [2025/01/04 12:53:44 ET]
Table 'Indus III' 6-max Seat #3 is the button
Seat 6: dreimis190 ($126.69 in chips) is sitting out
Seat 1: tukeiron ($115.98 in chips) 
Seat 2: Burlica2013 ($121.31 in chips) 
Seat 3: AllN1ghtL0ng ($100 in chips) 
Seat 4: shaneybah ($34.34 in chips) 
Seat 5: CichiChanMarian ($104.51 in chips) 
shaneybah: posts small blind $0.50
CichiChanMarian: posts big blind $1
*** HOLE CARDS ***
tukeiron: folds 
Burlica2013: raises $1.25 to $2.25
AllN1ghtL0ng: folds 
shaneybah: folds 
CichiChanMarian: folds 
Uncalled bet ($1.25) returned to Burlica2013
Burlica2013 collected $2.50 from pot
Burlica2013: doesn't show hand 
*** SUMMARY ***
Total pot $2.50 | Rake $0 
Seat 6: dreimis190
Seat 1: tukeiron folded before Flop (didn't bet)
Seat 2: Burlica2013 collected ($2.50)
Seat 3: AllN1ghtL0ng (button) folded before Flop (didn't bet)
Seat 4: shaneybah (small blind) folded before Flop
Seat 5: CichiChanMarian (big blind) folded before Flop



PokerStars Hand #254192745434:  Hold'em No Limit ($0.50/$1.00 USD) - 2025/01/04 17:53:56 WET [2025/01/04 12:53:56 ET]
Table 'Indus III' 6-max Seat #4 is the button
Seat 1: tukeiron ($115.98 in chips) 
Seat 2: Burlica2013 ($122.81 in chips) 
Seat 3: AllN1ghtL0ng ($100 in chips) 
Seat 4: shaneybah ($33.84 in chips) 
Seat 5: CichiChanMarian ($103.51 in chips) 
Seat 6: dreimis190 ($126.69 in chips) 
CichiChanMarian: posts small blind $0.50
dreimis190: posts big blind $1
*** HOLE CARDS ***
tukeiron: folds 
Burlica2013: folds 
AllN1ghtL0ng: folds 
shaneybah: folds 
CichiChanMarian: raises $2 to $3
dreimis190: folds 
Uncalled bet ($2) returned to CichiChanMarian
CichiChanMarian collected $2 from pot
CichiChanMarian: doesn't show hand 
*** SUMMARY ***
Total pot $2 | Rake $0 
Seat 1: tukeiron folded before Flop (didn't bet)
Seat 2: Burlica2013 folded before Flop (didn't bet)
Seat 3: AllN1ghtL0ng folded before Flop (didn't bet)
Seat 4: shaneybah (button) folded before Flop (didn't bet)
Seat 5: CichiChanMarian (small blind) collected ($2)
Seat 6: dreimis190 (big blind) folded before Flop



PokerStars Hand #254192755594:  Hold'em No Limit ($0.50/$1.00 USD) - 2025/01/04 17:54:29 WET [2025/01/04 12:54:29 ET]
Table 'Indus III' 6-max Seat #5 is the button
Seat 1: tukeiron ($115.98 in chips) 
Seat 2: Burlica2013 ($122.81 in chips) 
Seat 3: AllN1ghtL0ng ($100 in chips) 
Seat 4: shaneybah ($33.84 in chips) 
Seat 5: CichiChanMarian ($104.51 in chips) 
Seat 6: dreimis190 ($125.69 in chips) 
dreimis190: posts small blind $0.50
tukeiron: posts big blind $1
*** HOLE CARDS ***
Burlica2013: folds 
AllN1ghtL0ng: folds 
shaneybah: raises $2.50 to $3.50
CichiChanMarian: folds 
dreimis190: folds 
tukeiron: folds 
Uncalled bet ($2.50) returned to shaneybah
shaneybah collected $2.50 from pot
*** SUMMARY ***
Total pot $2.50 | Rake $0 
Seat 1: tukeiron (big blind) folded before Flop
Seat 2: Burlica2013 folded before Flop (didn't bet)
Seat 3: AllN1ghtL0ng folded before Flop (didn't bet)
Seat 4: shaneybah collected ($2.50)
Seat 5: CichiChanMarian (button) folded before Flop (didn't bet)
Seat 6: dreimis190 (small blind) folded before Flop



PokerStars Hand #254192762107:  Hold'em No Limit ($0.50/$1.00 USD) - 2025/01/04 17:54:51 WET [2025/01/04 12:54:51 ET]
Table 'Indus III' 6-max Seat #6 is the button
Seat 1: tukeiron ($114.98 in chips) 
Seat 2: Burlica2013 ($122.81 in chips) 
Seat 3: AllN1ghtL0ng ($100 in chips) 
Seat 4: shaneybah ($35.34 in chips) 
Seat 5: CichiChanMarian ($104.51 in chips) 
Seat 6: dreimis190 ($125.19 in chips) 
tukeiron: posts small blind $0.50
Burlica2013: posts big blind $1
*** HOLE CARDS ***
AllN1ghtL0ng: folds 
shaneybah: calls $1
CichiChanMarian: folds 
dreimis190: folds 
tukeiron: folds 
Burlica2013: checks 
*** FLOP *** [5d 4h Qh]
Burlica2013: checks 
shaneybah: checks 
*** TURN *** [5d 4h Qh] [Td]
Burlica2013: bets $1.19
shaneybah: calls $1.19
*** RIVER *** [5d 4h Qh Td] [8d]
Burlica2013: bets $2.32
shaneybah: folds 
Uncalled bet ($2.32) returned to Burlica2013
Burlica2013 collected $4.64 from pot
Burlica2013: doesn't show hand 
*** SUMMARY ***
Total pot $4.88 | Rake $0.24 
Board [5d 4h Qh Td 8d]
Seat 1: tukeiron (small blind) folded before Flop
Seat 2: Burlica2013 (big blind) collected ($4.64)
Seat 3: AllN1ghtL0ng folded before Flop (didn't bet)
Seat 4: shaneybah folded on the River
Seat 5: CichiChanMarian folded before Flop (didn't bet)
Seat 6: dreimis190 (button) folded before Flop (didn't bet)



PokerStars Hand #254192774777:  Hold'em No Limit ($0.50/$1.00 USD) - 2025/01/04 17:55:42 WET [2025/01/04 12:55:42 ET]
Table 'Indus III' 6-max Seat #1 is the button
Seat 1: tukeiron ($114.48 in chips) 
Seat 2: Burlica2013 ($125.26 in chips) 
Seat 3: AllN1ghtL0ng ($100 in chips) 
Seat 4: shaneybah ($33.15 in chips) 
Seat 5: CichiChanMarian ($104.51 in chips) 
Seat 6: dreimis190 ($125.19 in chips) 
Burlica2013: posts small blind $0.50
AllN1ghtL0ng: posts big blind $1
*** HOLE CARDS ***
shaneybah: folds 
CichiChanMarian: folds 
dreimis190: folds 
tukeiron: folds 
Burlica2013: folds 
Uncalled bet ($0.50) returned to AllN1ghtL0ng
AllN1ghtL0ng collected $1 from pot
AllN1ghtL0ng: doesn't show hand 
*** SUMMARY ***
Total pot $1 | Rake $0 
Seat 1: tukeiron (button) folded before Flop (didn't bet)
Seat 2: Burlica2013 (small blind) folded before Flop
Seat 3: AllN1ghtL0ng (big blind) collected ($1)
Seat 4: shaneybah folded before Flop (didn't bet)
Seat 5: CichiChanMarian folded before Flop (didn't bet)
Seat 6: dreimis190 folded before Flop (didn't bet)



PokerStars Hand #254192779886:  Hold'em No Limit ($0.50/$1.00 USD) - 2025/01/04 17:56:06 WET [2025/01/04 12:56:06 ET]
Table 'Indus III' 6-max Seat #2 is the button
Seat 1: tukeiron ($114.48 in chips) 
Seat 2: Burlica2013 ($124.76 in chips) 
Seat 3: AllN1ghtL0ng ($100.50 in chips) 
Seat 4: shaneybah ($33.15 in chips) 
Seat 5: CichiChanMarian ($104.51 in chips) 
Seat 6: dreimis190 ($125.19 in chips) 
AllN1ghtL0ng: posts small blind $0.50
shaneybah: posts big blind $1
*** HOLE CARDS ***
CichiChanMarian: raises $1.50 to $2.50
dreimis190: folds 
tukeiron: folds 
Burlica2013: folds 
AllN1ghtL0ng: folds 
shaneybah: calls $1.50
*** FLOP *** [Jh Kd 9s]
shaneybah: checks 
CichiChanMarian: bets $1.72
shaneybah: folds 
Uncalled bet ($1.72) returned to CichiChanMarian
CichiChanMarian collected $5.22 from pot
CichiChanMarian: doesn't show hand 
*** SUMMARY ***
Total pot $5.50 | Rake $0.28 
Board [Jh Kd 9s]
Seat 1: tukeiron folded before Flop (didn't bet)
Seat 2: Burlica2013 (button) folded before Flop (didn't bet)
Seat 3: AllN1ghtL0ng (small blind) folded before Flop
Seat 4: shaneybah (big blind) folded on the Flop
Seat 5: CichiChanMarian collected ($5.22)
Seat 6: dreimis190 folded before Flop (didn't bet)



PokerStars Hand #254192789595:  Hold'em No Limit ($0.50/$1.00 USD) - 2025/01/04 17:56:51 WET [2025/01/04 12:56:51 ET]
Table 'Indus III' 6-max Seat #3 is the button
Seat 1: tukeiron ($114.48 in chips) 
Seat 2: Burlica2013 ($124.76 in chips) 
Seat 3: AllN1ghtL0ng ($100 in chips) 
Seat 4: shaneybah ($30.65 in chips) 
Seat 5: CichiChanMarian ($107.23 in chips) 
Seat 6: dreimis190 ($125.19 in chips) 
shaneybah: posts small blind $0.50
CichiChanMarian: posts big blind $1
*** HOLE CARDS ***
dreimis190: folds 
tukeiron: folds 
Burlica2013: raises $1.25 to $2.25
AllN1ghtL0ng: folds 
shaneybah: calls $1.75
CichiChanMarian: folds 
*** FLOP *** [5d 2h Kh]
shaneybah: checks 
Burlica2013: bets $1.72
shaneybah: folds 
Uncalled bet ($1.72) returned to Burlica2013
Burlica2013 collected $5.22 from pot
Burlica2013: doesn't show hand 
*** SUMMARY ***
Total pot $5.50 | Rake $0.28 
Board [5d 2h Kh]
Seat 1: tukeiron folded before Flop (didn't bet)
Seat 2: Burlica2013 collected ($5.22)
Seat 3: AllN1ghtL0ng (button) folded before Flop (didn't bet)
Seat 4: shaneybah (small blind) folded on the Flop
Seat 5: CichiChanMarian (big blind) folded before Flop
Seat 6: dreimis190 folded before Flop (didn't bet)



PokerStars Hand #254192797722:  Hold'em No Limit ($0.50/$1.00 USD) - 2025/01/04 17:57:29 WET [2025/01/04 12:57:29 ET]
Table 'Indus III' 6-max Seat #4 is the button
Seat 1: tukeiron ($114.48 in chips) 
Seat 2: Burlica2013 ($127.73 in chips) 
Seat 3: AllN1ghtL0ng ($100 in chips) 
Seat 4: shaneybah ($28.40 in chips) 
Seat 5: CichiChanMarian ($106.23 in chips) 
Seat 6: dreimis190 ($125.19 in chips) 
CichiChanMarian: posts small blind $0.50
dreimis190: posts big blind $1
*** HOLE CARDS ***
tukeiron: folds 
Burlica2013: folds 
AllN1ghtL0ng: folds 
shaneybah: folds 
shaneybah leaves the table
CichiChanMarian: raises $2 to $3
dreimis190: calls $2
*** FLOP *** [9s Tc Qs]
CichiChanMarian: checks 
dreimis190: checks 
*** TURN *** [9s Tc Qs] [3h]
CichiChanMarian: checks 
dreimis190: checks 
*** RIVER *** [9s Tc Qs 3h] [6s]
CichiChanMarian: bets $4.28
dreimis190: calls $4.28
*** SHOW DOWN ***
CichiChanMarian: shows [Ts Ad] (a pair of Tens)
dreimis190: mucks hand 
CichiChanMarian collected $13.83 from pot
*** SUMMARY ***
Total pot $14.56 | Rake $0.73 
Board [9s Tc Qs 3h 6s]
Seat 1: tukeiron folded before Flop (didn't bet)
Seat 2: Burlica2013 folded before Flop (didn't bet)
Seat 3: AllN1ghtL0ng folded before Flop (didn't bet)
Seat 4: shaneybah (button) folded before Flop (didn't bet)
Seat 5: CichiChanMarian (small blind) showed [Ts Ad] and won ($13.83) with a pair of Tens
Seat 6: dreimis190 (big blind) mucked



PokerStars Hand #254192813724:  Hold'em No Limit ($0.50/$1.00 USD) - 2025/01/04 17:58:43 WET [2025/01/04 12:58:43 ET]
Table 'Indus III' 6-max Seat #5 is the button
Seat 1: tukeiron ($114.48 in chips) 
Seat 2: Burlica2013 ($127.73 in chips) 
Seat 3: AllN1ghtL0ng ($100 in chips) 
Seat 5: CichiChanMarian ($112.78 in chips) 
Seat 6: dreimis190 ($117.91 in chips) 
dreimis190: posts small blind $0.50
tukeiron: posts big blind $1
*** HOLE CARDS ***
Burlica2013: raises $1.20 to $2.20
AllN1ghtL0ng: folds 
CichiChanMarian: folds 
dreimis190: folds 
tukeiron: folds 
Uncalled bet ($1.20) returned to Burlica2013
Burlica2013 collected $2.50 from pot
Burlica2013: doesn't show hand 
*** SUMMARY ***
Total pot $2.50 | Rake $0 
Seat 1: tukeiron (big blind) folded before Flop
Seat 2: Burlica2013 collected ($2.50)
Seat 3: AllN1ghtL0ng folded before Flop (didn't bet)
Seat 5: CichiChanMarian (button) folded before Flop (didn't bet)
Seat 6: dreimis190 (small blind) folded before Flop



PokerStars Hand #254192819049:  Hold'em No Limit ($0.50/$1.00 USD) - 2025/01/04 17:59:08 WET [2025/01/04 12:59:08 ET]
Table 'Indus III' 6-max Seat #6 is the button
Seat 1: tukeiron ($113.48 in chips) 
Seat 2: Burlica2013 ($129.23 in chips) 
Seat 3: AllN1ghtL0ng ($100 in chips) 
Seat 5: CichiChanMarian ($112.78 in chips) 
Seat 6: dreimis190 ($117.41 in chips) 
tukeiron: posts small blind $0.50
Burlica2013: posts big blind $1
*** HOLE CARDS ***
AllN1ghtL0ng: folds 
CichiChanMarian: folds 
dreimis190: folds 
tukeiron: folds 
Uncalled bet ($0.50) returned to Burlica2013
Burlica2013 collected $1 from pot
Burlica2013: doesn't show hand 
*** SUMMARY ***
Total pot $1 | Rake $0 
Seat 1: tukeiron (small blind) folded before Flop
Seat 2: Burlica2013 (big blind) collected ($1)
Seat 3: AllN1ghtL0ng folded before Flop (didn't bet)
Seat 5: CichiChanMarian folded before Flop (didn't bet)
Seat 6: dreimis190 (button) folded before Flop (didn't bet)



PokerStars Hand #254192822159:  Hold'em No Limit ($0.50/$1.00 USD) - 2025/01/04 17:59:22 WET [2025/01/04 12:59:22 ET]
Table 'Indus III' 6-max Seat #1 is the button
Seat 1: tukeiron ($112.98 in chips) 
Seat 2: Burlica2013 ($129.73 in chips) 
Seat 3: AllN1ghtL0ng ($100 in chips) 
Seat 5: CichiChanMarian ($112.78 in chips) 
Seat 6: dreimis190 ($117.41 in chips) 
Burlica2013: posts small blind $0.50
AllN1ghtL0ng: posts big blind $1
*** HOLE CARDS ***
CichiChanMarian: folds 
dreimis190: folds 
tukeiron: folds 
Burlica2013: folds 
Uncalled bet ($0.50) returned to AllN1ghtL0ng
AllN1ghtL0ng collected $1 from pot
AllN1ghtL0ng: doesn't show hand 
*** SUMMARY ***
Total pot $1 | Rake $0 
Seat 1: tukeiron (button) folded before Flop (didn't bet)
Seat 2: Burlica2013 (small blind) folded before Flop
Seat 3: AllN1ghtL0ng (big blind) collected ($1)
Seat 5: CichiChanMarian folded before Flop (didn't bet)
Seat 6: dreimis190 folded before Flop (didn't bet)



PokerStars Hand #254192824686:  Hold'em No Limit ($0.50/$1.00 USD) - 2025/01/04 17:59:34 WET [2025/01/04 12:59:34 ET]
Table 'Indus III' 6-max Seat #2 is the button
Seat 5: CichiChanMarian ($112.78 in chips) is sitting out
Seat 6: dreimis190 ($117.41 in chips) is sitting out
Seat 1: tukeiron ($112.98 in chips) 
Seat 2: Burlica2013 ($129.23 in chips) 
Seat 3: AllN1ghtL0ng ($100.50 in chips) 
AllN1ghtL0ng: posts small blind $0.50
CichiChanMarian: is sitting out 
dreimis190: is sitting out 
tukeiron: posts big blind $1
*** HOLE CARDS ***
Burlica2013: raises $1.45 to $2.45
AllN1ghtL0ng: folds 
CichiChanMarian leaves the table
tukeiron: calls $1.45
*** FLOP *** [6d 5c 4c]
dreimis190 leaves the table
tukeiron: checks 
Burlica2013: checks 
*** TURN *** [6d 5c 4c] [Ac]
tukeiron: checks 
Burlica2013: checks 
*** RIVER *** [6d 5c 4c Ac] [Jd]
tukeiron: bets $10.26
Burlica2013: folds 
Uncalled bet ($10.26) returned to tukeiron
tukeiron collected $5.13 from pot
*** SUMMARY ***
Total pot $5.40 | Rake $0.27 
Board [6d 5c 4c Ac Jd]
Seat 5: CichiChanMarian
Seat 6: dreimis190
Seat 1: tukeiron (big blind) collected ($5.13)
Seat 2: Burlica2013 (button) folded on the River
Seat 3: AllN1ghtL0ng (small blind) folded before Flop



