PokerStars Hand #254190912620:  Hold'em No Limit ($0.50/$1.00 USD) - 2025/01/04 16:06:59 WET [2025/01/04 11:06:59 ET]
Table 'Brambilla II' 6-max Seat #4 is the button
Seat 1: Pon4uk.ua ($100 in chips) 
Seat 2: Raising chip ($108.90 in chips) 
Seat 3: createyouracc ($12.22 in chips) 
Seat 4: filip883 ($122.53 in chips) 
Seat 5: vadjkeee ($100 in chips) 
Seat 6: 3EPH ($101.50 in chips) 
vadjkeee: posts small blind $0.50
3EPH: posts big blind $1
*** HOLE CARDS ***
Pon4uk.ua: folds 
Raising chip: raises $1.50 to $2.50
createyouracc: folds 
filip883: calls $2.50
vadjkeee: raises $10.50 to $13
3EPH: folds 
Raising chip: folds 
filip883: raises $109.53 to $122.53 and is all-in
vadjkeee: calls $87 and is all-in
Uncalled bet ($22.53) returned to filip883
*** FLOP *** [Ts Qs 6h]
*** TURN *** [Ts Qs 6h] [Qh]
*** RIVER *** [Ts Qs 6h Qh] [9h]
*** SHOW DOWN ***
vadjkeee: shows [Qd Qc] (four of a kind, Queens)
filip883: shows [Ad Ah] (two pair, Aces and Queens)
vadjkeee collected $201 from pot
*** SUMMARY ***
Total pot $203.50 | Rake $2.50 
Board [Ts Qs 6h Qh 9h]
Seat 1: Pon4uk.ua folded before Flop (didn't bet)
Seat 2: Raising chip folded before Flop
Seat 3: createyouracc folded before Flop (didn't bet)
Seat 4: filip883 (button) showed [Ad Ah] and lost with two pair, Aces and Queens
Seat 5: vadjkeee (small blind) showed [Qd Qc] and won ($201) with four of a kind, Queens
Seat 6: 3EPH (big blind) folded before Flop



PokerStars Hand #254190925357:  Hold'em No Limit ($0.50/$1.00 USD) - 2025/01/04 16:07:47 WET [2025/01/04 11:07:47 ET]
Table 'Brambilla II' 6-max Seat #5 is the button
Seat 1: Pon4uk.ua ($100 in chips) 
Seat 2: Raising chip ($106.40 in chips) 
Seat 3: createyouracc ($12.22 in chips) 
Seat 4: filip883 ($22.53 in chips) 
Seat 5: vadjkeee ($201 in chips) 
Seat 6: 3EPH ($100.50 in chips) 
3EPH: posts small blind $0.50
Pon4uk.ua: posts big blind $1
*** HOLE CARDS ***
Raising chip: folds 
createyouracc: raises $1 to $2
filip883: raises $4 to $6
vadjkeee: folds 
3EPH: folds 
Pon4uk.ua: folds 
createyouracc: raises $6.22 to $12.22 and is all-in
filip883: calls $6.22
*** FLOP *** [9c Qs Qc]
*** TURN *** [9c Qs Qc] [Qd]
*** RIVER *** [9c Qs Qc Qd] [4d]
*** SHOW DOWN ***
createyouracc: shows [5h Ac] (three of a kind, Queens)
filip883: shows [7d Ts] (three of a kind, Queens - lower kicker)
createyouracc collected $24.64 from pot
*** SUMMARY ***
Total pot $25.94 | Rake $1.30 
Board [9c Qs Qc Qd 4d]
Seat 1: Pon4uk.ua (big blind) folded before Flop
Seat 2: Raising chip folded before Flop (didn't bet)
Seat 3: createyouracc showed [5h Ac] and won ($24.64) with three of a kind, Queens
Seat 4: filip883 showed [7d Ts] and lost with three of a kind, Queens
Seat 5: vadjkeee (button) folded before Flop (didn't bet)
Seat 6: 3EPH (small blind) folded before Flop



PokerStars Hand #254190935052:  Hold'em No Limit ($0.50/$1.00 USD) - 2025/01/04 16:08:23 WET [2025/01/04 11:08:23 ET]
Table 'Brambilla II' 6-max Seat #6 is the button
Seat 1: Pon4uk.ua ($100 in chips) 
Seat 2: Raising chip ($106.40 in chips) 
Seat 3: createyouracc ($24.64 in chips) 
Seat 4: filip883 ($10.31 in chips) 
Seat 5: vadjkeee ($201 in chips) 
Seat 6: 3EPH ($100 in chips) 
Pon4uk.ua: posts small blind $0.50
Raising chip: posts big blind $1
*** HOLE CARDS ***
createyouracc: folds 
filip883: raises $9.31 to $10.31 and is all-in
vadjkeee: folds 
3EPH: folds 
Pon4uk.ua: folds 
Raising chip: folds 
Uncalled bet ($9.31) returned to filip883
filip883 collected $2.50 from pot
*** SUMMARY ***
Total pot $2.50 | Rake $0 
Seat 1: Pon4uk.ua (small blind) folded before Flop
Seat 2: Raising chip (big blind) folded before Flop
Seat 3: createyouracc folded before Flop (didn't bet)
Seat 4: filip883 collected ($2.50)
Seat 5: vadjkeee folded before Flop (didn't bet)
Seat 6: 3EPH (button) folded before Flop (didn't bet)



PokerStars Hand #254190944746:  Hold'em No Limit ($0.50/$1.00 USD) - 2025/01/04 16:08:59 WET [2025/01/04 11:08:59 ET]
Table 'Brambilla II' 6-max Seat #1 is the button
Seat 1: Pon4uk.ua ($100 in chips) 
Seat 2: Raising chip ($105.40 in chips) 
Seat 3: createyouracc ($24.64 in chips) 
Seat 4: filip883 ($11.81 in chips) 
Seat 5: vadjkeee ($201 in chips) 
Seat 6: 3EPH ($100 in chips) 
Raising chip: posts small blind $0.50
createyouracc: posts big blind $1
*** HOLE CARDS ***
filip883: folds 
vadjkeee: folds 
3EPH: folds 
Pon4uk.ua: folds 
Raising chip: folds 
Uncalled bet ($0.50) returned to createyouracc
createyouracc collected $1 from pot
*** SUMMARY ***
Total pot $1 | Rake $0 
Seat 1: Pon4uk.ua (button) folded before Flop (didn't bet)
Seat 2: Raising chip (small blind) folded before Flop
Seat 3: createyouracc (big blind) collected ($1)
Seat 4: filip883 folded before Flop (didn't bet)
Seat 5: vadjkeee folded before Flop (didn't bet)
Seat 6: 3EPH folded before Flop (didn't bet)



PokerStars Hand #254190949785:  Hold'em No Limit ($0.50/$1.00 USD) - 2025/01/04 16:09:18 WET [2025/01/04 11:09:18 ET]
Table 'Brambilla II' 6-max Seat #2 is the button
Seat 1: Pon4uk.ua ($100 in chips) 
Seat 2: Raising chip ($104.90 in chips) 
Seat 3: createyouracc ($25.14 in chips) 
Seat 4: filip883 ($11.81 in chips) 
Seat 5: vadjkeee ($201 in chips) 
Seat 6: 3EPH ($100 in chips) 
createyouracc: posts small blind $0.50
filip883: posts big blind $1
*** HOLE CARDS ***
vadjkeee: raises $2 to $3
3EPH: folds 
Pon4uk.ua: folds 
Raising chip: folds 
createyouracc: folds 
filip883: calls $2
*** FLOP *** [3d Jd 2d]
filip883: checks 
vadjkeee: checks 
*** TURN *** [3d Jd 2d] [4h]
filip883: bets $8.81 and is all-in
vadjkeee: calls $8.81
*** RIVER *** [3d Jd 2d 4h] [Ks]
*** SHOW DOWN ***
filip883: shows [Kd 9h] (a pair of Kings)
vadjkeee: shows [3h Ah] (a pair of Threes)
filip883 collected $22.91 from pot
*** SUMMARY ***
Total pot $24.12 | Rake $1.21 
Board [3d Jd 2d 4h Ks]
Seat 1: Pon4uk.ua folded before Flop (didn't bet)
Seat 2: Raising chip (button) folded before Flop (didn't bet)
Seat 3: createyouracc (small blind) folded before Flop
Seat 4: filip883 (big blind) showed [Kd 9h] and won ($22.91) with a pair of Kings
Seat 5: vadjkeee showed [3h Ah] and lost with a pair of Threes
Seat 6: 3EPH folded before Flop (didn't bet)



PokerStars Hand #254190960344:  Hold'em No Limit ($0.50/$1.00 USD) - 2025/01/04 16:09:58 WET [2025/01/04 11:09:58 ET]
Table 'Brambilla II' 6-max Seat #3 is the button
Seat 1: Pon4uk.ua ($100 in chips) 
Seat 2: Raising chip ($104.90 in chips) 
Seat 3: createyouracc ($24.64 in chips) 
Seat 4: filip883 ($22.91 in chips) 
Seat 5: vadjkeee ($189.19 in chips) 
Seat 6: 3EPH ($100 in chips) 
filip883: posts small blind $0.50
vadjkeee: posts big blind $1
*** HOLE CARDS ***
3EPH: folds 
Pon4uk.ua: folds 
Raising chip: folds 
createyouracc: folds 
filip883: raises $2 to $3
vadjkeee: folds 
Uncalled bet ($2) returned to filip883
filip883 collected $2 from pot
*** SUMMARY ***
Total pot $2 | Rake $0 
Seat 1: Pon4uk.ua folded before Flop (didn't bet)
Seat 2: Raising chip folded before Flop (didn't bet)
Seat 3: createyouracc (button) folded before Flop (didn't bet)
Seat 4: filip883 (small blind) collected ($2)
Seat 5: vadjkeee (big blind) folded before Flop
Seat 6: 3EPH folded before Flop (didn't bet)



PokerStars Hand #254190965202:  Hold'em No Limit ($0.50/$1.00 USD) - 2025/01/04 16:10:16 WET [2025/01/04 11:10:16 ET]
Table 'Brambilla II' 6-max Seat #4 is the button
Seat 1: Pon4uk.ua ($100 in chips) 
Seat 2: Raising chip ($104.90 in chips) 
Seat 3: createyouracc ($24.64 in chips) 
Seat 4: filip883 ($23.91 in chips) 
Seat 5: vadjkeee ($188.19 in chips) 
Seat 6: 3EPH ($100 in chips) 
vadjkeee: posts small blind $0.50
3EPH: posts big blind $1
*** HOLE CARDS ***
Pon4uk.ua: folds 
Raising chip: folds 
createyouracc: calls $1
filip883: calls $1
vadjkeee: folds 
3EPH: checks 
*** FLOP *** [7s 3c 4s]
3EPH: checks 
createyouracc: checks 
filip883: bets $1.66
3EPH: calls $1.66
createyouracc: folds 
*** TURN *** [7s 3c 4s] [Jd]
3EPH: checks 
filip883: bets $6.48
3EPH: folds 
Uncalled bet ($6.48) returned to filip883
filip883 collected $6.48 from pot
*** SUMMARY ***
Total pot $6.82 | Rake $0.34 
Board [7s 3c 4s Jd]
Seat 1: Pon4uk.ua folded before Flop (didn't bet)
Seat 2: Raising chip folded before Flop (didn't bet)
Seat 3: createyouracc folded on the Flop
Seat 4: filip883 (button) collected ($6.48)
Seat 5: vadjkeee (small blind) folded before Flop
Seat 6: 3EPH (big blind) folded on the Turn



PokerStars Hand #254190976071:  Hold'em No Limit ($0.50/$1.00 USD) - 2025/01/04 16:10:57 WET [2025/01/04 11:10:57 ET]
Table 'Brambilla II' 6-max Seat #5 is the button
Seat 1: Pon4uk.ua ($100 in chips) 
Seat 2: Raising chip ($104.90 in chips) 
Seat 3: createyouracc ($23.64 in chips) 
Seat 4: filip883 ($27.73 in chips) 
Seat 5: vadjkeee ($187.69 in chips) 
Seat 6: 3EPH ($100 in chips) 
3EPH: posts small blind $0.50
Pon4uk.ua: posts big blind $1
*** HOLE CARDS ***
Raising chip: folds 
createyouracc: calls $1
filip883: folds 
vadjkeee: folds 
3EPH: folds 
Pon4uk.ua: checks 
*** FLOP *** [7h Td 7s]
Pon4uk.ua: bets $1.19
createyouracc: calls $1.19
*** TURN *** [7h Td 7s] [9c]
Pon4uk.ua: bets $3.48
createyouracc: calls $3.48
*** RIVER *** [7h Td 7s 9c] [Tc]
Pon4uk.ua: bets $3.71
createyouracc: calls $3.71
*** SHOW DOWN ***
Pon4uk.ua: shows [8h Jd] (a straight, Seven to Jack)
createyouracc: shows [7c 5c] (a full house, Sevens full of Tens)
createyouracc collected $18.30 from pot
*** SUMMARY ***
Total pot $19.26 | Rake $0.96 
Board [7h Td 7s 9c Tc]
Seat 1: Pon4uk.ua (big blind) showed [8h Jd] and lost with a straight, Seven to Jack
Seat 2: Raising chip folded before Flop (didn't bet)
Seat 3: createyouracc showed [7c 5c] and won ($18.30) with a full house, Sevens full of Tens
Seat 4: filip883 folded before Flop (didn't bet)
Seat 5: vadjkeee (button) folded before Flop (didn't bet)
Seat 6: 3EPH (small blind) folded before Flop



PokerStars Hand #254190986337:  Hold'em No Limit ($0.50/$1.00 USD) - 2025/01/04 16:11:35 WET [2025/01/04 11:11:35 ET]
Table 'Brambilla II' 6-max Seat #6 is the button
Seat 1: Pon4uk.ua ($100 in chips) 
Seat 2: Raising chip ($104.90 in chips) 
Seat 3: createyouracc ($32.56 in chips) 
Seat 4: filip883 ($27.73 in chips) 
Seat 5: vadjkeee ($187.69 in chips) 
Seat 6: 3EPH ($100 in chips) 
Pon4uk.ua: posts small blind $0.50
Raising chip: posts big blind $1
*** HOLE CARDS ***
createyouracc: folds 
filip883: raises $2 to $3
vadjkeee: folds 
3EPH: folds 
Pon4uk.ua: folds 
Raising chip: calls $2
*** FLOP *** [Kc Td 4d]
Raising chip: checks 
filip883: bets $3
Raising chip: calls $3
*** TURN *** [Kc Td 4d] [Qd]
Raising chip: checks 
filip883: bets $7
Raising chip: folds 
Uncalled bet ($7) returned to filip883
filip883 collected $11.88 from pot
*** SUMMARY ***
Total pot $12.50 | Rake $0.62 
Board [Kc Td 4d Qd]
Seat 1: Pon4uk.ua (small blind) folded before Flop
Seat 2: Raising chip (big blind) folded on the Turn
Seat 3: createyouracc folded before Flop (didn't bet)
Seat 4: filip883 collected ($11.88)
Seat 5: vadjkeee folded before Flop (didn't bet)
Seat 6: 3EPH (button) folded before Flop (didn't bet)



PokerStars Hand #254190998969:  Hold'em No Limit ($0.50/$1.00 USD) - 2025/01/04 16:12:22 WET [2025/01/04 11:12:22 ET]
Table 'Brambilla II' 6-max Seat #1 is the button
Seat 1: Pon4uk.ua ($100 in chips) 
Seat 2: Raising chip ($100 in chips) 
Seat 3: createyouracc ($32.56 in chips) 
Seat 4: filip883 ($33.61 in chips) 
Seat 5: vadjkeee ($187.69 in chips) 
Seat 6: 3EPH ($100 in chips) 
Raising chip: posts small blind $0.50
createyouracc: posts big blind $1
*** HOLE CARDS ***
filip883: raises $1 to $2
vadjkeee: folds 
3EPH: raises $3 to $5
Pon4uk.ua: folds 
Raising chip: calls $4.50
createyouracc: folds 
filip883: raises $28.61 to $33.61 and is all-in
3EPH: raises $66.39 to $100 and is all-in
Raising chip: folds 
Uncalled bet ($66.39) returned to 3EPH
*** FLOP *** [5d 7c 9s]
*** TURN *** [5d 7c 9s] [5h]
*** RIVER *** [5d 7c 9s 5h] [Qs]
*** SHOW DOWN ***
filip883: shows [9h 9d] (a full house, Nines full of Fives)
3EPH: shows [Jh Ah] (a pair of Fives)
filip883 collected $70.72 from pot
*** SUMMARY ***
Total pot $73.22 | Rake $2.50 
Board [5d 7c 9s 5h Qs]
Seat 1: Pon4uk.ua (button) folded before Flop (didn't bet)
Seat 2: Raising chip (small blind) folded before Flop
Seat 3: createyouracc (big blind) folded before Flop
Seat 4: filip883 showed [9h 9d] and won ($70.72) with a full house, Nines full of Fives
Seat 5: vadjkeee folded before Flop (didn't bet)
Seat 6: 3EPH showed [Jh Ah] and lost with a pair of Fives



PokerStars Hand #254191013200:  Hold'em No Limit ($0.50/$1.00 USD) - 2025/01/04 16:13:16 WET [2025/01/04 11:13:16 ET]
Table 'Brambilla II' 6-max Seat #2 is the button
Seat 1: Pon4uk.ua ($100 in chips) 
Seat 2: Raising chip ($100 in chips) 
Seat 3: createyouracc ($31.56 in chips) 
Seat 4: filip883 ($70.72 in chips) 
Seat 5: vadjkeee ($187.69 in chips) 
Seat 6: 3EPH ($100 in chips) 
createyouracc: posts small blind $0.50
filip883: posts big blind $1
*** HOLE CARDS ***
vadjkeee: folds 
3EPH: folds 
Pon4uk.ua: folds 
Raising chip: raises $1.50 to $2.50
createyouracc: folds 
filip883: calls $1.50
*** FLOP *** [5s 2s 3h]
filip883: checks 
Raising chip: checks 
*** TURN *** [5s 2s 3h] [Ks]
filip883: bets $3
Raising chip: folds 
Uncalled bet ($3) returned to filip883
filip883 collected $5.22 from pot
*** SUMMARY ***
Total pot $5.50 | Rake $0.28 
Board [5s 2s 3h Ks]
Seat 1: Pon4uk.ua folded before Flop (didn't bet)
Seat 2: Raising chip (button) folded on the Turn
Seat 3: createyouracc (small blind) folded before Flop
Seat 4: filip883 (big blind) collected ($5.22)
Seat 5: vadjkeee folded before Flop (didn't bet)
Seat 6: 3EPH folded before Flop (didn't bet)



PokerStars Hand #254191023794:  Hold'em No Limit ($0.50/$1.00 USD) - 2025/01/04 16:13:55 WET [2025/01/04 11:13:55 ET]
Table 'Brambilla II' 6-max Seat #3 is the button
Seat 1: Pon4uk.ua ($100 in chips) 
Seat 2: Raising chip ($100 in chips) 
Seat 3: createyouracc ($31.06 in chips) 
Seat 4: filip883 ($73.44 in chips) 
Seat 5: vadjkeee ($187.69 in chips) 
Seat 6: 3EPH ($100 in chips) 
filip883: posts small blind $0.50
vadjkeee: posts big blind $1
*** HOLE CARDS ***
3EPH: folds 
Pon4uk.ua: folds 
Raising chip: raises $1.50 to $2.50
createyouracc: calls $2.50
filip883: folds 
vadjkeee: calls $1.50
*** FLOP *** [7s 6c 4d]
vadjkeee: checks 
Raising chip: bets $5.55
createyouracc: folds 
vadjkeee: calls $5.55
*** TURN *** [7s 6c 4d] [5s]
vadjkeee: bets $4.54
Raising chip: raises $13.07 to $17.61
vadjkeee: folds 
Uncalled bet ($13.07) returned to Raising chip
Raising chip collected $26.77 from pot
Raising chip: doesn't show hand 
*** SUMMARY ***
Total pot $28.18 | Rake $1.41 
Board [7s 6c 4d 5s]
Seat 1: Pon4uk.ua folded before Flop (didn't bet)
Seat 2: Raising chip collected ($26.77)
Seat 3: createyouracc (button) folded on the Flop
Seat 4: filip883 (small blind) folded before Flop
Seat 5: vadjkeee (big blind) folded on the Turn
Seat 6: 3EPH folded before Flop (didn't bet)



PokerStars Hand #254191039446:  Hold'em No Limit ($0.50/$1.00 USD) - 2025/01/04 16:14:54 WET [2025/01/04 11:14:54 ET]
Table 'Brambilla II' 6-max Seat #4 is the button
Seat 1: Pon4uk.ua ($100 in chips) 
Seat 2: Raising chip ($114.18 in chips) 
Seat 3: createyouracc ($28.56 in chips) 
Seat 4: filip883 ($72.94 in chips) 
Seat 5: vadjkeee ($175.10 in chips) 
Seat 6: 3EPH ($100 in chips) 
vadjkeee: posts small blind $0.50
3EPH: posts big blind $1
*** HOLE CARDS ***
Pon4uk.ua: folds 
Raising chip: folds 
createyouracc: raises $2.50 to $3.50
filip883: calls $3.50
vadjkeee: folds 
3EPH: folds 
*** FLOP *** [8c 2h 7s]
createyouracc: bets $25.06 and is all-in
filip883: folds 
Uncalled bet ($25.06) returned to createyouracc
createyouracc collected $8.08 from pot
*** SUMMARY ***
Total pot $8.50 | Rake $0.42 
Board [8c 2h 7s]
Seat 1: Pon4uk.ua folded before Flop (didn't bet)
Seat 2: Raising chip folded before Flop (didn't bet)
Seat 3: createyouracc collected ($8.08)
Seat 4: filip883 (button) folded on the Flop
Seat 5: vadjkeee (small blind) folded before Flop
Seat 6: 3EPH (big blind) folded before Flop



PokerStars Hand #254191047899:  Hold'em No Limit ($0.50/$1.00 USD) - 2025/01/04 16:15:25 WET [2025/01/04 11:15:25 ET]
Table 'Brambilla II' 6-max Seat #5 is the button
Seat 1: Pon4uk.ua ($100 in chips) 
Seat 2: Raising chip ($114.18 in chips) 
Seat 3: createyouracc ($33.14 in chips) 
Seat 4: filip883 ($69.44 in chips) 
Seat 5: vadjkeee ($174.60 in chips) 
Seat 6: 3EPH ($100 in chips) 
3EPH: posts small blind $0.50
Pon4uk.ua: posts big blind $1
*** HOLE CARDS ***
Raising chip: raises $1.50 to $2.50
createyouracc: calls $2.50
filip883: calls $2.50
vadjkeee: folds 
3EPH: raises $10.50 to $13
Pon4uk.ua: folds 
Raising chip: folds 
createyouracc: folds 
filip883: calls $10.50
*** FLOP *** [Td 7d 4h]
3EPH: checks 
filip883: checks 
*** TURN *** [Td 7d 4h] [Kh]
3EPH: checks 
filip883: bets $17.20
3EPH: folds 
Uncalled bet ($17.20) returned to filip883
filip883 collected $30.40 from pot
*** SUMMARY ***
Total pot $32 | Rake $1.60 
Board [Td 7d 4h Kh]
Seat 1: Pon4uk.ua (big blind) folded before Flop
Seat 2: Raising chip folded before Flop
Seat 3: createyouracc folded before Flop
Seat 4: filip883 collected ($30.40)
Seat 5: vadjkeee (button) folded before Flop (didn't bet)
Seat 6: 3EPH (small blind) folded on the Turn



PokerStars Hand #254191070297:  Hold'em No Limit ($0.50/$1.00 USD) - 2025/01/04 16:16:50 WET [2025/01/04 11:16:50 ET]
Table 'Brambilla II' 6-max Seat #6 is the button
Seat 1: Pon4uk.ua ($100 in chips) 
Seat 2: Raising chip ($111.68 in chips) 
Seat 3: createyouracc ($30.64 in chips) 
Seat 4: filip883 ($86.84 in chips) 
Seat 5: vadjkeee ($174.60 in chips) 
Seat 6: 3EPH ($100 in chips) 
Pon4uk.ua: posts small blind $0.50
Raising chip: posts big blind $1
*** HOLE CARDS ***
createyouracc: folds 
filip883: raises $1 to $2
vadjkeee: folds 
3EPH: folds 
Pon4uk.ua: folds 
Raising chip: raises $6 to $8
filip883: calls $6
*** FLOP *** [Ks 6d Qc]
Raising chip: checks 
filip883: checks 
*** TURN *** [Ks 6d Qc] [4c]
Raising chip: checks 
filip883: bets $8
Raising chip: calls $8
*** RIVER *** [Ks 6d Qc 4c] [4s]
Raising chip: checks 
filip883: bets $35
Raising chip: folds 
Uncalled bet ($35) returned to filip883
filip883 collected $30.88 from pot
*** SUMMARY ***
Total pot $32.50 | Rake $1.62 
Board [Ks 6d Qc 4c 4s]
Seat 1: Pon4uk.ua (small blind) folded before Flop
Seat 2: Raising chip (big blind) folded on the River
Seat 3: createyouracc folded before Flop (didn't bet)
Seat 4: filip883 collected ($30.88)
Seat 5: vadjkeee folded before Flop (didn't bet)
Seat 6: 3EPH (button) folded before Flop (didn't bet)



PokerStars Hand #254191094639:  Hold'em No Limit ($0.50/$1.00 USD) - 2025/01/04 16:18:20 WET [2025/01/04 11:18:20 ET]
Table 'Brambilla II' 6-max Seat #1 is the button
Seat 1: Pon4uk.ua ($100 in chips) 
Seat 2: Raising chip ($100 in chips) 
Seat 3: createyouracc ($30.64 in chips) 
Seat 4: filip883 ($101.72 in chips) 
Seat 5: vadjkeee ($174.60 in chips) 
Seat 6: 3EPH ($100 in chips) 
Raising chip: posts small blind $0.50
createyouracc: posts big blind $1
*** HOLE CARDS ***
filip883: folds 
vadjkeee: folds 
3EPH: folds 
Pon4uk.ua: raises $1.50 to $2.50
Raising chip: folds 
createyouracc: calls $1.50
*** FLOP *** [4d 2h 6c]
createyouracc: checks 
Pon4uk.ua: bets $1.72
createyouracc: calls $1.72
*** TURN *** [4d 2h 6c] [9d]
createyouracc: checks 
Pon4uk.ua: checks 
*** RIVER *** [4d 2h 6c 9d] [6s]
createyouracc: checks 
Pon4uk.ua: bets $4.25
createyouracc: folds 
Uncalled bet ($4.25) returned to Pon4uk.ua
Pon4uk.ua collected $8.49 from pot
Pon4uk.ua: doesn't show hand 
*** SUMMARY ***
Total pot $8.94 | Rake $0.45 
Board [4d 2h 6c 9d 6s]
Seat 1: Pon4uk.ua (button) collected ($8.49)
Seat 2: Raising chip (small blind) folded before Flop
Seat 3: createyouracc (big blind) folded on the River
Seat 4: filip883 folded before Flop (didn't bet)
Seat 5: vadjkeee folded before Flop (didn't bet)
Seat 6: 3EPH folded before Flop (didn't bet)



PokerStars Hand #254191102452:  Hold'em No Limit ($0.50/$1.00 USD) - 2025/01/04 16:18:49 WET [2025/01/04 11:18:49 ET]
Table 'Brambilla II' 6-max Seat #2 is the button
Seat 1: Pon4uk.ua ($104.27 in chips) 
Seat 2: Raising chip ($100 in chips) 
Seat 3: createyouracc ($26.42 in chips) 
Seat 4: filip883 ($101.72 in chips) 
Seat 5: vadjkeee ($174.60 in chips) 
Seat 6: 3EPH ($100 in chips) 
createyouracc: posts small blind $0.50
filip883: posts big blind $1
*** HOLE CARDS ***
vadjkeee: folds 
3EPH: folds 
Pon4uk.ua: raises $1.50 to $2.50
Raising chip: folds 
createyouracc: calls $2
filip883: calls $1.50
*** FLOP *** [7h Qc 6d]
createyouracc: checks 
filip883: checks 
Pon4uk.ua: bets $2.35
createyouracc: folds 
filip883: calls $2.35
*** TURN *** [7h Qc 6d] [4c]
filip883: checks 
Pon4uk.ua: bets $8.69
filip883: folds 
Uncalled bet ($8.69) returned to Pon4uk.ua
Pon4uk.ua collected $11.59 from pot
Pon4uk.ua: doesn't show hand 
*** SUMMARY ***
Total pot $12.20 | Rake $0.61 
Board [7h Qc 6d 4c]
Seat 1: Pon4uk.ua collected ($11.59)
Seat 2: Raising chip (button) folded before Flop (didn't bet)
Seat 3: createyouracc (small blind) folded on the Flop
Seat 4: filip883 (big blind) folded on the Turn
Seat 5: vadjkeee folded before Flop (didn't bet)
Seat 6: 3EPH folded before Flop (didn't bet)



PokerStars Hand #254191118275:  Hold'em No Limit ($0.50/$1.00 USD) - 2025/01/04 16:19:49 WET [2025/01/04 11:19:49 ET]
Table 'Brambilla II' 6-max Seat #3 is the button
Seat 1: Pon4uk.ua ($111.01 in chips) 
Seat 2: Raising chip ($100 in chips) 
Seat 3: createyouracc ($23.92 in chips) 
Seat 4: filip883 ($96.87 in chips) 
Seat 5: vadjkeee ($174.60 in chips) 
Seat 6: 3EPH ($100 in chips) 
filip883: posts small blind $0.50
vadjkeee: posts big blind $1
*** HOLE CARDS ***
3EPH: folds 
Pon4uk.ua: folds 
Raising chip: folds 
createyouracc: raises $2 to $3
filip883: folds 
vadjkeee: calls $2
*** FLOP *** [4d Kh 2d]
vadjkeee: checks 
createyouracc: bets $20.92 and is all-in
vadjkeee: folds 
Uncalled bet ($20.92) returned to createyouracc
createyouracc collected $6.18 from pot
*** SUMMARY ***
Total pot $6.50 | Rake $0.32 
Board [4d Kh 2d]
Seat 1: Pon4uk.ua folded before Flop (didn't bet)
Seat 2: Raising chip folded before Flop (didn't bet)
Seat 3: createyouracc (button) collected ($6.18)
Seat 4: filip883 (small blind) folded before Flop
Seat 5: vadjkeee (big blind) folded on the Flop
Seat 6: 3EPH folded before Flop (didn't bet)



PokerStars Hand #254191127864:  Hold'em No Limit ($0.50/$1.00 USD) - 2025/01/04 16:20:25 WET [2025/01/04 11:20:25 ET]
Table 'Brambilla II' 6-max Seat #4 is the button
Seat 1: Pon4uk.ua ($111.01 in chips) 
Seat 2: Raising chip ($100 in chips) 
Seat 3: createyouracc ($27.10 in chips) 
Seat 4: filip883 ($96.37 in chips) 
Seat 5: vadjkeee ($171.60 in chips) 
Seat 6: 3EPH ($100 in chips) 
vadjkeee: posts small blind $0.50
3EPH: posts big blind $1
*** HOLE CARDS ***
Pon4uk.ua: raises $1 to $2
Raising chip: folds 
createyouracc: calls $2
filip883: calls $2
vadjkeee: folds 
3EPH: folds 
*** FLOP *** [Td Kh Qh]
Pon4uk.ua: bets $2.35
createyouracc: folds 
filip883: folds 
Uncalled bet ($2.35) returned to Pon4uk.ua
Pon4uk.ua collected $7.12 from pot
Pon4uk.ua: doesn't show hand 
*** SUMMARY ***
Total pot $7.50 | Rake $0.38 
Board [Td Kh Qh]
Seat 1: Pon4uk.ua collected ($7.12)
Seat 2: Raising chip folded before Flop (didn't bet)
Seat 3: createyouracc folded on the Flop
Seat 4: filip883 (button) folded on the Flop
Seat 5: vadjkeee (small blind) folded before Flop
Seat 6: 3EPH (big blind) folded before Flop



PokerStars Hand #254191138673:  Hold'em No Limit ($0.50/$1.00 USD) - 2025/01/04 16:21:06 WET [2025/01/04 11:21:06 ET]
Table 'Brambilla II' 6-max Seat #5 is the button
Seat 1: Pon4uk.ua ($116.13 in chips) 
Seat 2: Raising chip ($100 in chips) 
Seat 3: createyouracc ($25.10 in chips) 
Seat 4: filip883 ($94.37 in chips) 
Seat 5: vadjkeee ($171.10 in chips) 
Seat 6: 3EPH ($100 in chips) 
3EPH: posts small blind $0.50
Pon4uk.ua: posts big blind $1
*** HOLE CARDS ***
Raising chip: folds 
createyouracc: folds 
filip883: raises $2 to $3
vadjkeee: folds 
3EPH: folds 
Pon4uk.ua: calls $2
*** FLOP *** [Kc 5c As]
Pon4uk.ua: checks 
filip883: bets $3.09
Pon4uk.ua: calls $3.09
*** TURN *** [Kc 5c As] [Jd]
Pon4uk.ua: checks 
filip883: bets $9.03
Pon4uk.ua: calls $9.03
*** RIVER *** [Kc 5c As Jd] [9c]
Pon4uk.ua: checks 
filip883: checks 
*** SHOW DOWN ***
Pon4uk.ua: shows [Jc 4c] (a flush, King high)
filip883: mucks hand 
Pon4uk.ua collected $29.20 from pot
*** SUMMARY ***
Total pot $30.74 | Rake $1.54 
Board [Kc 5c As Jd 9c]
Seat 1: Pon4uk.ua (big blind) showed [Jc 4c] and won ($29.20) with a flush, King high
Seat 2: Raising chip folded before Flop (didn't bet)
Seat 3: createyouracc folded before Flop (didn't bet)
Seat 4: filip883 mucked
Seat 5: vadjkeee (button) folded before Flop (didn't bet)
Seat 6: 3EPH (small blind) folded before Flop



PokerStars Hand #254191155143:  Hold'em No Limit ($0.50/$1.00 USD) - 2025/01/04 16:22:08 WET [2025/01/04 11:22:08 ET]
Table 'Brambilla II' 6-max Seat #6 is the button
Seat 2: Raising chip ($100 in chips) is sitting out
Seat 1: Pon4uk.ua ($130.21 in chips) 
Seat 3: createyouracc ($25.10 in chips) 
Seat 4: filip883 ($79.25 in chips) 
Seat 5: vadjkeee ($171.10 in chips) 
Seat 6: 3EPH ($100 in chips) 
Pon4uk.ua: posts small blind $0.50
Raising chip: is sitting out 
createyouracc: posts big blind $1
*** HOLE CARDS ***
filip883: folds 
vadjkeee: raises $2 to $3
3EPH: folds 
Pon4uk.ua: folds 
filip883 leaves the table
createyouracc: calls $2
*** FLOP *** [8d Js 4d]
createyouracc: checks 
vadjkeee: bets $2.04
createyouracc: folds 
Uncalled bet ($2.04) returned to vadjkeee
vadjkeee collected $6.18 from pot
vadjkeee: doesn't show hand 
*** SUMMARY ***
Total pot $6.50 | Rake $0.32 
Board [8d Js 4d]
Seat 2: Raising chip
Seat 1: Pon4uk.ua (small blind) folded before Flop
Seat 3: createyouracc (big blind) folded on the Flop
Seat 4: filip883 folded before Flop (didn't bet)
Seat 5: vadjkeee collected ($6.18)
Seat 6: 3EPH (button) folded before Flop (didn't bet)



PokerStars Hand #254191160569:  Hold'em No Limit ($0.50/$1.00 USD) - 2025/01/04 16:22:29 WET [2025/01/04 11:22:29 ET]
Table 'Brambilla II' 6-max Seat #1 is the button
Seat 2: Raising chip ($100 in chips) is sitting out
Seat 1: Pon4uk.ua ($129.71 in chips) 
Seat 3: createyouracc ($22.10 in chips) 
Seat 5: vadjkeee ($174.28 in chips) 
Seat 6: 3EPH ($100 in chips) 
createyouracc: posts small blind $0.50
vadjkeee: posts big blind $1
*** HOLE CARDS ***
3EPH: folds 
mr.Jckpot joins the table at seat #4 
Pon4uk.ua: folds 
createyouracc: raises $1 to $2
vadjkeee: calls $1
*** FLOP *** [Ks 8c Jc]
createyouracc: bets $1.90
vadjkeee: folds 
Uncalled bet ($1.90) returned to createyouracc
createyouracc collected $3.80 from pot
Raising chip leaves the table
*** SUMMARY ***
Total pot $4 | Rake $0.20 
Board [Ks 8c Jc]
Seat 2: Raising chip
Seat 1: Pon4uk.ua (button) folded before Flop (didn't bet)
Seat 3: createyouracc (small blind) collected ($3.80)
Seat 5: vadjkeee (big blind) folded on the Flop
Seat 6: 3EPH folded before Flop (didn't bet)



PokerStars Hand #254191166345:  Hold'em No Limit ($0.50/$1.00 USD) - 2025/01/04 16:22:50 WET [2025/01/04 11:22:50 ET]
Table 'Brambilla II' 6-max Seat #3 is the button
Seat 4: mr.Jckpot ($100 in chips) is sitting out
Seat 1: Pon4uk.ua ($129.71 in chips) 
Seat 3: createyouracc ($23.90 in chips) 
Seat 5: vadjkeee ($172.28 in chips) 
Seat 6: 3EPH ($100 in chips) 
vadjkeee: posts small blind $0.50
3EPH: posts big blind $1
*** HOLE CARDS ***
Pon4uk.ua: folds 
createyouracc: calls $1
vadjkeee: folds 
3EPH: checks 
*** FLOP *** [8h Tc 6d]
3EPH: checks 
createyouracc: bets $1.19
3EPH: folds 
Uncalled bet ($1.19) returned to createyouracc
createyouracc collected $2.38 from pot
*** SUMMARY ***
Total pot $2.50 | Rake $0.12 
Board [8h Tc 6d]
Seat 4: mr.Jckpot
Seat 1: Pon4uk.ua folded before Flop (didn't bet)
Seat 3: createyouracc (button) collected ($2.38)
Seat 5: vadjkeee (small blind) folded before Flop
Seat 6: 3EPH (big blind) folded on the Flop



PokerStars Hand #254191174675:  Hold'em No Limit ($0.50/$1.00 USD) - 2025/01/04 16:23:21 WET [2025/01/04 11:23:21 ET]
Table 'Brambilla II' 6-max Seat #5 is the button
Seat 4: mr.Jckpot ($100 in chips) is sitting out
Seat 1: Pon4uk.ua ($129.71 in chips) 
Seat 3: createyouracc ($25.28 in chips) 
Seat 5: vadjkeee ($171.78 in chips) 
Seat 6: 3EPH ($100 in chips) 
3EPH: posts small blind $0.50
Pon4uk.ua: posts big blind $1
mr.Jckpot: sits out 
*** HOLE CARDS ***
createyouracc: folds 
vadjkeee: raises $1.50 to $2.50
3EPH: folds 
Pon4uk.ua: folds 
Uncalled bet ($1.50) returned to vadjkeee
vadjkeee collected $2.50 from pot
vadjkeee: doesn't show hand 
*** SUMMARY ***
Total pot $2.50 | Rake $0 
Seat 4: mr.Jckpot
Seat 1: Pon4uk.ua (big blind) folded before Flop
Seat 3: createyouracc folded before Flop (didn't bet)
Seat 5: vadjkeee (button) collected ($2.50)
Seat 6: 3EPH (small blind) folded before Flop



PokerStars Hand #254191179141:  Hold'em No Limit ($0.50/$1.00 USD) - 2025/01/04 16:23:38 WET [2025/01/04 11:23:38 ET]
Table 'Brambilla II' 6-max Seat #6 is the button
Seat 4: mr.Jckpot ($100 in chips) is sitting out
Seat 1: Pon4uk.ua ($128.71 in chips) 
Seat 3: createyouracc ($25.28 in chips) 
Seat 5: vadjkeee ($173.28 in chips) 
Seat 6: 3EPH ($100 in chips) 
Pon4uk.ua: posts small blind $0.50
createyouracc: posts big blind $1
mr.Jckpot: sits out 
*** HOLE CARDS ***
vadjkeee: folds 
3EPH: raises $1 to $2
bamboe-x joins the table at seat #2 
Pon4uk.ua: folds 
createyouracc: calls $1
*** FLOP *** [3c Qh 5h]
createyouracc: checks 
3EPH: checks 
*** TURN *** [3c Qh 5h] [7s]
createyouracc: checks 
3EPH: checks 
*** RIVER *** [3c Qh 5h 7s] [2d]
createyouracc: checks 
3EPH: checks 
*** SHOW DOWN ***
createyouracc: shows [Kh 6h] (high card King)
3EPH: mucks hand 
createyouracc collected $4.28 from pot
*** SUMMARY ***
Total pot $4.50 | Rake $0.22 
Board [3c Qh 5h 7s 2d]
Seat 4: mr.Jckpot
Seat 1: Pon4uk.ua (small blind) folded before Flop
Seat 3: createyouracc (big blind) showed [Kh 6h] and won ($4.28) with high card King
Seat 5: vadjkeee folded before Flop (didn't bet)
Seat 6: 3EPH (button) mucked



PokerStars Hand #254191189688:  Hold'em No Limit ($0.50/$1.00 USD) - 2025/01/04 16:24:18 WET [2025/01/04 11:24:18 ET]
Table 'Brambilla II' 6-max Seat #1 is the button
Seat 2: bamboe-x ($100 in chips) is sitting out
Seat 1: Pon4uk.ua ($128.21 in chips) 
Seat 3: createyouracc ($27.56 in chips) 
Seat 4: mr.Jckpot ($100 in chips) 
Seat 5: vadjkeee ($173.28 in chips) 
Seat 6: 3EPH ($100 in chips) 
createyouracc: posts small blind $0.50
mr.Jckpot: posts big blind $1
*** HOLE CARDS ***
vadjkeee: folds 
3EPH: raises $1.50 to $2.50
Pon4uk.ua: folds 
createyouracc: folds 
mr.Jckpot: folds 
Uncalled bet ($1.50) returned to 3EPH
3EPH collected $2.50 from pot
3EPH: doesn't show hand 
*** SUMMARY ***
Total pot $2.50 | Rake $0 
Seat 2: bamboe-x
Seat 1: Pon4uk.ua (button) folded before Flop (didn't bet)
Seat 3: createyouracc (small blind) folded before Flop
Seat 4: mr.Jckpot (big blind) folded before Flop
Seat 5: vadjkeee folded before Flop (didn't bet)
Seat 6: 3EPH collected ($2.50)



PokerStars Hand #254191195488:  Hold'em No Limit ($0.50/$1.00 USD) - 2025/01/04 16:24:40 WET [2025/01/04 11:24:40 ET]
Table 'Brambilla II' 6-max Seat #3 is the button
Seat 2: bamboe-x ($100 in chips) is sitting out
Seat 1: Pon4uk.ua ($128.21 in chips) 
Seat 3: createyouracc ($27.06 in chips) 
Seat 4: mr.Jckpot ($100 in chips) 
Seat 5: vadjkeee ($173.28 in chips) 
Seat 6: 3EPH ($101.50 in chips) 
mr.Jckpot: posts small blind $0.50
vadjkeee: posts big blind $1
bamboe-x: sits out 
*** HOLE CARDS ***
3EPH: folds 
Pon4uk.ua: raises $1.50 to $2.50
createyouracc: folds 
mr.Jckpot: folds 
vadjkeee: folds 
Uncalled bet ($1.50) returned to Pon4uk.ua
Pon4uk.ua collected $2.50 from pot
Pon4uk.ua: doesn't show hand 
*** SUMMARY ***
Total pot $2.50 | Rake $0 
Seat 2: bamboe-x
Seat 1: Pon4uk.ua collected ($2.50)
Seat 3: createyouracc (button) folded before Flop (didn't bet)
Seat 4: mr.Jckpot (small blind) folded before Flop
Seat 5: vadjkeee (big blind) folded before Flop
Seat 6: 3EPH folded before Flop (didn't bet)



PokerStars Hand #254191200138:  Hold'em No Limit ($0.50/$1.00 USD) - 2025/01/04 16:24:57 WET [2025/01/04 11:24:57 ET]
Table 'Brambilla II' 6-max Seat #4 is the button
Seat 2: bamboe-x ($100 in chips) is sitting out
Seat 1: Pon4uk.ua ($129.71 in chips) 
Seat 3: createyouracc ($27.06 in chips) 
Seat 4: mr.Jckpot ($100 in chips) 
Seat 5: vadjkeee ($172.28 in chips) 
Seat 6: 3EPH ($101.50 in chips) 
vadjkeee: posts small blind $0.50
3EPH: posts big blind $1
bamboe-x: sits out 
*** HOLE CARDS ***
Pon4uk.ua: folds 
createyouracc: calls $1
mr.Jckpot: folds 
vadjkeee: folds 
3EPH: raises $3 to $4
createyouracc: calls $3
*** FLOP *** [8d 4h 7d]
3EPH: checks 
createyouracc: checks 
*** TURN *** [8d 4h 7d] [Js]
3EPH: checks 
createyouracc: bets $3
3EPH: calls $3
*** RIVER *** [8d 4h 7d Js] [Ks]
3EPH: checks 
createyouracc: checks 
*** SHOW DOWN ***
3EPH: shows [As Ah] (a pair of Aces)
createyouracc: mucks hand 
3EPH collected $13.78 from pot
*** SUMMARY ***
Total pot $14.50 | Rake $0.72 
Board [8d 4h 7d Js Ks]
Seat 2: bamboe-x
Seat 1: Pon4uk.ua folded before Flop (didn't bet)
Seat 3: createyouracc mucked
Seat 4: mr.Jckpot (button) folded before Flop (didn't bet)
Seat 5: vadjkeee (small blind) folded before Flop
Seat 6: 3EPH (big blind) showed [As Ah] and won ($13.78) with a pair of Aces



PokerStars Hand #254191214652:  Hold'em No Limit ($0.50/$1.00 USD) - 2025/01/04 16:25:52 WET [2025/01/04 11:25:52 ET]
Table 'Brambilla II' 6-max Seat #5 is the button
Seat 2: bamboe-x ($100 in chips) is sitting out
Seat 1: Pon4uk.ua ($129.71 in chips) 
Seat 3: createyouracc ($20.06 in chips) 
Seat 4: mr.Jckpot ($100 in chips) 
Seat 5: vadjkeee ($171.78 in chips) 
Seat 6: 3EPH ($108.28 in chips) 
3EPH: posts small blind $0.50
Pon4uk.ua: posts big blind $1
bamboe-x: sits out 
*** HOLE CARDS ***
createyouracc: folds 
mr.Jckpot: folds 
vadjkeee: raises $1.50 to $2.50
3EPH: folds 
Pon4uk.ua: folds 
Uncalled bet ($1.50) returned to vadjkeee
vadjkeee collected $2.50 from pot
vadjkeee: doesn't show hand 
*** SUMMARY ***
Total pot $2.50 | Rake $0 
Seat 2: bamboe-x
Seat 1: Pon4uk.ua (big blind) folded before Flop
Seat 3: createyouracc folded before Flop (didn't bet)
Seat 4: mr.Jckpot folded before Flop (didn't bet)
Seat 5: vadjkeee (button) collected ($2.50)
Seat 6: 3EPH (small blind) folded before Flop



PokerStars Hand #254191218127:  Hold'em No Limit ($0.50/$1.00 USD) - 2025/01/04 16:26:05 WET [2025/01/04 11:26:05 ET]
Table 'Brambilla II' 6-max Seat #6 is the button
Seat 1: Pon4uk.ua ($128.71 in chips) 
Seat 2: bamboe-x ($100 in chips) 
Seat 3: createyouracc ($20.06 in chips) 
Seat 4: mr.Jckpot ($100 in chips) 
Seat 5: vadjkeee ($173.28 in chips) 
Seat 6: 3EPH ($107.78 in chips) 
Pon4uk.ua: posts small blind $0.50
bamboe-x: posts big blind $1
*** HOLE CARDS ***
createyouracc: raises $1.50 to $2.50
mr.Jckpot: folds 
vadjkeee: folds 
3EPH: folds 
Pon4uk.ua: folds 
bamboe-x: folds 
Uncalled bet ($1.50) returned to createyouracc
createyouracc collected $2.50 from pot
*** SUMMARY ***
Total pot $2.50 | Rake $0 
Seat 1: Pon4uk.ua (small blind) folded before Flop
Seat 2: bamboe-x (big blind) folded before Flop
Seat 3: createyouracc collected ($2.50)
Seat 4: mr.Jckpot folded before Flop (didn't bet)
Seat 5: vadjkeee folded before Flop (didn't bet)
Seat 6: 3EPH (button) folded before Flop (didn't bet)



PokerStars Hand #254191223744:  Hold'em No Limit ($0.50/$1.00 USD) - 2025/01/04 16:26:26 WET [2025/01/04 11:26:26 ET]
Table 'Brambilla II' 6-max Seat #1 is the button
Seat 1: Pon4uk.ua ($128.21 in chips) 
Seat 2: bamboe-x ($99 in chips) 
Seat 3: createyouracc ($21.56 in chips) 
Seat 4: mr.Jckpot ($100 in chips) 
Seat 5: vadjkeee ($173.28 in chips) 
Seat 6: 3EPH ($107.78 in chips) 
bamboe-x: posts small blind $0.50
createyouracc: posts big blind $1
*** HOLE CARDS ***
mr.Jckpot: folds 
vadjkeee: folds 
3EPH: folds 
Pon4uk.ua: raises $1.50 to $2.50
bamboe-x: folds 
createyouracc: folds 
Uncalled bet ($1.50) returned to Pon4uk.ua
Pon4uk.ua collected $2.50 from pot
Pon4uk.ua: doesn't show hand 
*** SUMMARY ***
Total pot $2.50 | Rake $0 
Seat 1: Pon4uk.ua (button) collected ($2.50)
Seat 2: bamboe-x (small blind) folded before Flop
Seat 3: createyouracc (big blind) folded before Flop
Seat 4: mr.Jckpot folded before Flop (didn't bet)
Seat 5: vadjkeee folded before Flop (didn't bet)
Seat 6: 3EPH folded before Flop (didn't bet)



PokerStars Hand #254191230449:  Hold'em No Limit ($0.50/$1.00 USD) - 2025/01/04 16:26:51 WET [2025/01/04 11:26:51 ET]
Table 'Brambilla II' 6-max Seat #2 is the button
Seat 1: Pon4uk.ua ($129.71 in chips) 
Seat 2: bamboe-x ($98.50 in chips) 
Seat 3: createyouracc ($20.56 in chips) 
Seat 4: mr.Jckpot ($100 in chips) 
Seat 5: vadjkeee ($173.28 in chips) 
Seat 6: 3EPH ($107.78 in chips) 
createyouracc: posts small blind $0.50
mr.Jckpot: posts big blind $1
*** HOLE CARDS ***
vadjkeee: folds 
3EPH: folds 
Pon4uk.ua: folds 
bamboe-x: raises $3 to $4
createyouracc: folds 
mr.Jckpot: calls $3
*** FLOP *** [Ks Td 8c]
mr.Jckpot: checks 
bamboe-x: checks 
*** TURN *** [Ks Td 8c] [7c]
mr.Jckpot: checks 
bamboe-x: checks 
*** RIVER *** [Ks Td 8c 7c] [9c]
mr.Jckpot: bets $5.33
bamboe-x: folds 
Uncalled bet ($5.33) returned to mr.Jckpot
mr.Jckpot collected $8.08 from pot
mr.Jckpot: doesn't show hand 
*** SUMMARY ***
Total pot $8.50 | Rake $0.42 
Board [Ks Td 8c 7c 9c]
Seat 1: Pon4uk.ua folded before Flop (didn't bet)
Seat 2: bamboe-x (button) folded on the River
Seat 3: createyouracc (small blind) folded before Flop
Seat 4: mr.Jckpot (big blind) collected ($8.08)
Seat 5: vadjkeee folded before Flop (didn't bet)
Seat 6: 3EPH folded before Flop (didn't bet)



PokerStars Hand #254191244449:  Hold'em No Limit ($0.50/$1.00 USD) - 2025/01/04 16:27:44 WET [2025/01/04 11:27:44 ET]
Table 'Brambilla II' 6-max Seat #3 is the button
Seat 1: Pon4uk.ua ($129.71 in chips) 
Seat 2: bamboe-x ($94.50 in chips) 
Seat 3: createyouracc ($20.06 in chips) 
Seat 4: mr.Jckpot ($104.08 in chips) 
Seat 5: vadjkeee ($173.28 in chips) 
Seat 6: 3EPH ($107.78 in chips) 
mr.Jckpot: posts small blind $0.50
vadjkeee: posts big blind $1
*** HOLE CARDS ***
3EPH: folds 
Pon4uk.ua: folds 
bamboe-x: raises $1 to $2
createyouracc: calls $2
mr.Jckpot: folds 
vadjkeee: folds 
*** FLOP *** [4c Qc Kc]
bamboe-x: checks 
createyouracc: checks 
*** TURN *** [4c Qc Kc] [6d]
bamboe-x: bets $1
createyouracc: calls $1
*** RIVER *** [4c Qc Kc 6d] [6c]
bamboe-x: bets $3
createyouracc: folds 
Uncalled bet ($3) returned to bamboe-x
bamboe-x collected $7.12 from pot
bamboe-x: doesn't show hand 
*** SUMMARY ***
Total pot $7.50 | Rake $0.38 
Board [4c Qc Kc 6d 6c]
Seat 1: Pon4uk.ua folded before Flop (didn't bet)
Seat 2: bamboe-x collected ($7.12)
Seat 3: createyouracc (button) folded on the River
Seat 4: mr.Jckpot (small blind) folded before Flop
Seat 5: vadjkeee (big blind) folded before Flop
Seat 6: 3EPH folded before Flop (didn't bet)



PokerStars Hand #254191251687:  Hold'em No Limit ($0.50/$1.00 USD) - 2025/01/04 16:28:11 WET [2025/01/04 11:28:11 ET]
Table 'Brambilla II' 6-max Seat #4 is the button
Seat 1: Pon4uk.ua ($129.71 in chips) 
Seat 2: bamboe-x ($98.62 in chips) 
Seat 3: createyouracc ($17.06 in chips) 
Seat 4: mr.Jckpot ($103.58 in chips) 
Seat 5: vadjkeee ($172.28 in chips) 
Seat 6: 3EPH ($107.78 in chips) 
vadjkeee: posts small blind $0.50
3EPH: posts big blind $1
*** HOLE CARDS ***
Pon4uk.ua: folds 
bamboe-x: folds 
createyouracc: folds 
mr.Jckpot: folds 
vadjkeee: folds 
Uncalled bet ($0.50) returned to 3EPH
3EPH collected $1 from pot
3EPH: doesn't show hand 
*** SUMMARY ***
Total pot $1 | Rake $0 
Seat 1: Pon4uk.ua folded before Flop (didn't bet)
Seat 2: bamboe-x folded before Flop (didn't bet)
Seat 3: createyouracc folded before Flop (didn't bet)
Seat 4: mr.Jckpot (button) folded before Flop (didn't bet)
Seat 5: vadjkeee (small blind) folded before Flop
Seat 6: 3EPH (big blind) collected ($1)



PokerStars Hand #254191255664:  Hold'em No Limit ($0.50/$1.00 USD) - 2025/01/04 16:28:26 WET [2025/01/04 11:28:26 ET]
Table 'Brambilla II' 6-max Seat #5 is the button
Seat 1: Pon4uk.ua ($129.71 in chips) 
Seat 2: bamboe-x ($98.62 in chips) 
Seat 3: createyouracc ($17.06 in chips) 
Seat 4: mr.Jckpot ($103.58 in chips) 
Seat 5: vadjkeee ($171.78 in chips) 
Seat 6: 3EPH ($108.28 in chips) 
3EPH: posts small blind $0.50
Pon4uk.ua: posts big blind $1
*** HOLE CARDS ***
bamboe-x: raises $1 to $2
createyouracc: folds 
mr.Jckpot: folds 
vadjkeee: folds 
3EPH: folds 
Pon4uk.ua: folds 
Uncalled bet ($1) returned to bamboe-x
bamboe-x collected $2.50 from pot
bamboe-x: doesn't show hand 
*** SUMMARY ***
Total pot $2.50 | Rake $0 
Seat 1: Pon4uk.ua (big blind) folded before Flop
Seat 2: bamboe-x collected ($2.50)
Seat 3: createyouracc folded before Flop (didn't bet)
Seat 4: mr.Jckpot folded before Flop (didn't bet)
Seat 5: vadjkeee (button) folded before Flop (didn't bet)
Seat 6: 3EPH (small blind) folded before Flop



PokerStars Hand #254191261425:  Hold'em No Limit ($0.50/$1.00 USD) - 2025/01/04 16:28:48 WET [2025/01/04 11:28:48 ET]
Table 'Brambilla II' 6-max Seat #6 is the button
Seat 1: Pon4uk.ua ($128.71 in chips) 
Seat 2: bamboe-x ($100.12 in chips) 
Seat 3: createyouracc ($17.06 in chips) 
Seat 4: mr.Jckpot ($103.58 in chips) 
Seat 5: vadjkeee ($171.78 in chips) 
Seat 6: 3EPH ($107.78 in chips) 
Pon4uk.ua: posts small blind $0.50
bamboe-x: posts big blind $1
*** HOLE CARDS ***
createyouracc: raises $1 to $2
mr.Jckpot: folds 
vadjkeee: folds 
3EPH: folds 
Pon4uk.ua: folds 
bamboe-x: folds 
Uncalled bet ($1) returned to createyouracc
createyouracc collected $2.50 from pot
*** SUMMARY ***
Total pot $2.50 | Rake $0 
Seat 1: Pon4uk.ua (small blind) folded before Flop
Seat 2: bamboe-x (big blind) folded before Flop
Seat 3: createyouracc collected ($2.50)
Seat 4: mr.Jckpot folded before Flop (didn't bet)
Seat 5: vadjkeee folded before Flop (didn't bet)
Seat 6: 3EPH (button) folded before Flop (didn't bet)



PokerStars Hand #254191266176:  Hold'em No Limit ($0.50/$1.00 USD) - 2025/01/04 16:29:05 WET [2025/01/04 11:29:05 ET]
Table 'Brambilla II' 6-max Seat #1 is the button
Seat 1: Pon4uk.ua ($128.21 in chips) 
Seat 2: bamboe-x ($99.12 in chips) 
Seat 3: createyouracc ($18.56 in chips) 
Seat 4: mr.Jckpot ($103.58 in chips) 
Seat 5: vadjkeee ($171.78 in chips) 
Seat 6: 3EPH ($107.78 in chips) 
bamboe-x: posts small blind $0.50
createyouracc: posts big blind $1
*** HOLE CARDS ***
mr.Jckpot: folds 
vadjkeee: folds 
3EPH: raises $1 to $2
Pon4uk.ua: folds 
bamboe-x: folds 
createyouracc: folds 
Uncalled bet ($1) returned to 3EPH
3EPH collected $2.50 from pot
3EPH: doesn't show hand 
*** SUMMARY ***
Total pot $2.50 | Rake $0 
Seat 1: Pon4uk.ua (button) folded before Flop (didn't bet)
Seat 2: bamboe-x (small blind) folded before Flop
Seat 3: createyouracc (big blind) folded before Flop
Seat 4: mr.Jckpot folded before Flop (didn't bet)
Seat 5: vadjkeee folded before Flop (didn't bet)
Seat 6: 3EPH collected ($2.50)



PokerStars Hand #254191271127:  Hold'em No Limit ($0.50/$1.00 USD) - 2025/01/04 16:29:24 WET [2025/01/04 11:29:24 ET]
Table 'Brambilla II' 6-max Seat #2 is the button
Seat 1: Pon4uk.ua ($128.21 in chips) 
Seat 2: bamboe-x ($98.62 in chips) 
Seat 3: createyouracc ($17.56 in chips) 
Seat 4: mr.Jckpot ($103.58 in chips) 
Seat 5: vadjkeee ($171.78 in chips) 
Seat 6: 3EPH ($109.28 in chips) 
createyouracc: posts small blind $0.50
mr.Jckpot: posts big blind $1
*** HOLE CARDS ***
vadjkeee: folds 
3EPH: folds 
Pon4uk.ua: folds 
bamboe-x: folds 
createyouracc: folds 
Uncalled bet ($0.50) returned to mr.Jckpot
mr.Jckpot collected $1 from pot
mr.Jckpot: doesn't show hand 
*** SUMMARY ***
Total pot $1 | Rake $0 
Seat 1: Pon4uk.ua folded before Flop (didn't bet)
Seat 2: bamboe-x (button) folded before Flop (didn't bet)
Seat 3: createyouracc (small blind) folded before Flop
Seat 4: mr.Jckpot (big blind) collected ($1)
Seat 5: vadjkeee folded before Flop (didn't bet)
Seat 6: 3EPH folded before Flop (didn't bet)



PokerStars Hand #254191275435:  Hold'em No Limit ($0.50/$1.00 USD) - 2025/01/04 16:29:40 WET [2025/01/04 11:29:40 ET]
Table 'Brambilla II' 6-max Seat #3 is the button
Seat 1: Pon4uk.ua ($128.21 in chips) 
Seat 2: bamboe-x ($98.62 in chips) 
Seat 3: createyouracc ($17.06 in chips) 
Seat 4: mr.Jckpot ($104.08 in chips) 
Seat 5: vadjkeee ($171.78 in chips) 
Seat 6: 3EPH ($109.28 in chips) 
mr.Jckpot: posts small blind $0.50
vadjkeee: posts big blind $1
*** HOLE CARDS ***
3EPH: folds 
Pon4uk.ua: folds 
bamboe-x: raises $1 to $2
createyouracc: folds 
mr.Jckpot: folds 
vadjkeee: folds 
Uncalled bet ($1) returned to bamboe-x
bamboe-x collected $2.50 from pot
bamboe-x: doesn't show hand 
*** SUMMARY ***
Total pot $2.50 | Rake $0 
Seat 1: Pon4uk.ua folded before Flop (didn't bet)
Seat 2: bamboe-x collected ($2.50)
Seat 3: createyouracc (button) folded before Flop (didn't bet)
Seat 4: mr.Jckpot (small blind) folded before Flop
Seat 5: vadjkeee (big blind) folded before Flop
Seat 6: 3EPH folded before Flop (didn't bet)



PokerStars Hand #254191282689:  Hold'em No Limit ($0.50/$1.00 USD) - 2025/01/04 16:30:04 WET [2025/01/04 11:30:04 ET]
Table 'Brambilla II' 6-max Seat #4 is the button
Seat 6: 3EPH ($109.28 in chips) is sitting out
Seat 1: Pon4uk.ua ($128.21 in chips) 
Seat 2: bamboe-x ($100.12 in chips) 
Seat 3: createyouracc ($17.06 in chips) 
Seat 4: mr.Jckpot ($103.58 in chips) 
Seat 5: vadjkeee ($170.78 in chips) 
vadjkeee: posts small blind $0.50
3EPH: is sitting out 
Pon4uk.ua: posts big blind $1
*** HOLE CARDS ***
bamboe-x: folds 
createyouracc: folds 
mr.Jckpot: folds 
3EPH leaves the table
vadjkeee: folds 
Uncalled bet ($0.50) returned to Pon4uk.ua
Pon4uk.ua collected $1 from pot
Pon4uk.ua: doesn't show hand 
*** SUMMARY ***
Total pot $1 | Rake $0 
Seat 6: 3EPH
Seat 1: Pon4uk.ua (big blind) collected ($1)
Seat 2: bamboe-x folded before Flop (didn't bet)
Seat 3: createyouracc folded before Flop (didn't bet)
Seat 4: mr.Jckpot (button) folded before Flop (didn't bet)
Seat 5: vadjkeee (small blind) folded before Flop



PokerStars Hand #254191284966:  Hold'em No Limit ($0.50/$1.00 USD) - 2025/01/04 16:30:13 WET [2025/01/04 11:30:13 ET]
Table 'Brambilla II' 6-max Seat #5 is the button
Seat 1: Pon4uk.ua ($128.71 in chips) 
Seat 2: bamboe-x ($100.12 in chips) 
Seat 3: createyouracc ($17.06 in chips) 
Seat 4: mr.Jckpot ($103.58 in chips) 
Seat 5: vadjkeee ($170.28 in chips) 
Pon4uk.ua: posts small blind $0.50
bamboe-x: posts big blind $1
*** HOLE CARDS ***
Joker007r joins the table at seat #6 
createyouracc: folds 
mr.Jckpot: raises $1.50 to $2.50
vadjkeee: folds 
Pon4uk.ua: folds 
bamboe-x: folds 
Uncalled bet ($1.50) returned to mr.Jckpot
mr.Jckpot collected $2.50 from pot
mr.Jckpot: doesn't show hand 
*** SUMMARY ***
Total pot $2.50 | Rake $0 
Seat 1: Pon4uk.ua (small blind) folded before Flop
Seat 2: bamboe-x (big blind) folded before Flop
Seat 3: createyouracc folded before Flop (didn't bet)
Seat 4: mr.Jckpot collected ($2.50)
Seat 5: vadjkeee (button) folded before Flop (didn't bet)



PokerStars Hand #254191295252:  Hold'em No Limit ($0.50/$1.00 USD) - 2025/01/04 16:30:50 WET [2025/01/04 11:30:50 ET]
Table 'Brambilla II' 6-max Seat #1 is the button
Seat 6: Joker007r ($100 in chips) is sitting out
Seat 1: Pon4uk.ua ($128.21 in chips) 
Seat 2: bamboe-x ($99.12 in chips) 
Seat 3: createyouracc ($17.06 in chips) 
Seat 4: mr.Jckpot ($105.08 in chips) 
Seat 5: vadjkeee ($170.28 in chips) 
bamboe-x: posts small blind $0.50
createyouracc: posts big blind $1
Joker007r: sits out 
*** HOLE CARDS ***
mr.Jckpot: folds 
vadjkeee: folds 
Pon4uk.ua: folds 
bamboe-x: raises $1 to $2
createyouracc: calls $1
*** FLOP *** [Kd Jh 9s]
bamboe-x: bets $2
createyouracc: folds 
Uncalled bet ($2) returned to bamboe-x
bamboe-x collected $3.80 from pot
bamboe-x: doesn't show hand 
*** SUMMARY ***
Total pot $4 | Rake $0.20 
Board [Kd Jh 9s]
Seat 6: Joker007r
Seat 1: Pon4uk.ua (button) folded before Flop (didn't bet)
Seat 2: bamboe-x (small blind) collected ($3.80)
Seat 3: createyouracc (big blind) folded on the Flop
Seat 4: mr.Jckpot folded before Flop (didn't bet)
Seat 5: vadjkeee folded before Flop (didn't bet)



PokerStars Hand #254191300638:  Hold'em No Limit ($0.50/$1.00 USD) - 2025/01/04 16:31:09 WET [2025/01/04 11:31:09 ET]
Table 'Brambilla II' 6-max Seat #2 is the button
Seat 6: Joker007r ($100 in chips) is sitting out
Seat 1: Pon4uk.ua ($128.21 in chips) 
Seat 2: bamboe-x ($100.92 in chips) 
Seat 3: createyouracc ($15.06 in chips) 
Seat 4: mr.Jckpot ($105.08 in chips) 
Seat 5: vadjkeee ($170.28 in chips) 
createyouracc: posts small blind $0.50
mr.Jckpot: posts big blind $1
Joker007r: sits out 
*** HOLE CARDS ***
vadjkeee: folds 
Pon4uk.ua: raises $1.50 to $2.50
bamboe-x: folds 
createyouracc: calls $2
mr.Jckpot: folds 
*** FLOP *** [Ks Kd Ad]
createyouracc: checks 
Pon4uk.ua: bets $1.88
createyouracc: folds 
Uncalled bet ($1.88) returned to Pon4uk.ua
Pon4uk.ua collected $5.70 from pot
Pon4uk.ua: doesn't show hand 
*** SUMMARY ***
Total pot $6 | Rake $0.30 
Board [Ks Kd Ad]
Seat 6: Joker007r
Seat 1: Pon4uk.ua collected ($5.70)
Seat 2: bamboe-x (button) folded before Flop (didn't bet)
Seat 3: createyouracc (small blind) folded on the Flop
Seat 4: mr.Jckpot (big blind) folded before Flop
Seat 5: vadjkeee folded before Flop (didn't bet)



PokerStars Hand #254191308159:  Hold'em No Limit ($0.50/$1.00 USD) - 2025/01/04 16:31:36 WET [2025/01/04 11:31:36 ET]
Table 'Brambilla II' 6-max Seat #3 is the button
Seat 6: Joker007r ($100 in chips) is sitting out
Seat 1: Pon4uk.ua ($131.41 in chips) 
Seat 2: bamboe-x ($100.92 in chips) 
Seat 3: createyouracc ($12.56 in chips) 
Seat 4: mr.Jckpot ($104.08 in chips) 
Seat 5: vadjkeee ($170.28 in chips) 
mr.Jckpot: posts small blind $0.50
vadjkeee: posts big blind $1
Joker007r: sits out 
*** HOLE CARDS ***
Pon4uk.ua: folds 
bamboe-x: folds 
createyouracc: raises $1.50 to $2.50
mr.Jckpot: folds 
vadjkeee: folds 
Uncalled bet ($1.50) returned to createyouracc
createyouracc collected $2.50 from pot
*** SUMMARY ***
Total pot $2.50 | Rake $0 
Seat 6: Joker007r
Seat 1: Pon4uk.ua folded before Flop (didn't bet)
Seat 2: bamboe-x folded before Flop (didn't bet)
Seat 3: createyouracc (button) collected ($2.50)
Seat 4: mr.Jckpot (small blind) folded before Flop
Seat 5: vadjkeee (big blind) folded before Flop



PokerStars Hand #254191313029:  Hold'em No Limit ($0.50/$1.00 USD) - 2025/01/04 16:31:54 WET [2025/01/04 11:31:54 ET]
Table 'Brambilla II' 6-max Seat #4 is the button
Seat 1: Pon4uk.ua ($131.41 in chips) 
Seat 2: bamboe-x ($100.92 in chips) 
Seat 3: createyouracc ($14.06 in chips) 
Seat 4: mr.Jckpot ($103.58 in chips) 
Seat 5: vadjkeee ($169.28 in chips) 
Seat 6: Joker007r ($100 in chips) 
vadjkeee: posts small blind $0.50
Joker007r: posts big blind $1
*** HOLE CARDS ***
Pon4uk.ua: folds 
bamboe-x: folds 
createyouracc: folds 
mr.Jckpot: folds 
vadjkeee: raises $2 to $3
Joker007r: folds 
Uncalled bet ($2) returned to vadjkeee
vadjkeee collected $2 from pot
vadjkeee: doesn't show hand 
*** SUMMARY ***
Total pot $2 | Rake $0 
Seat 1: Pon4uk.ua folded before Flop (didn't bet)
Seat 2: bamboe-x folded before Flop (didn't bet)
Seat 3: createyouracc folded before Flop (didn't bet)
Seat 4: mr.Jckpot (button) folded before Flop (didn't bet)
Seat 5: vadjkeee (small blind) collected ($2)
Seat 6: Joker007r (big blind) folded before Flop



PokerStars Hand #254191316581:  Hold'em No Limit ($0.50/$1.00 USD) - 2025/01/04 16:32:07 WET [2025/01/04 11:32:07 ET]
Table 'Brambilla II' 6-max Seat #5 is the button
Seat 1: Pon4uk.ua ($131.41 in chips) 
Seat 2: bamboe-x ($100.92 in chips) 
Seat 3: createyouracc ($14.06 in chips) 
Seat 4: mr.Jckpot ($103.58 in chips) 
Seat 5: vadjkeee ($170.28 in chips) 
Seat 6: Joker007r ($100 in chips) 
Joker007r: posts small blind $0.50
Pon4uk.ua: posts big blind $1
*** HOLE CARDS ***
bamboe-x: folds 
createyouracc: calls $1
mr.Jckpot: folds 
vadjkeee: folds 
Joker007r: folds 
Pon4uk.ua: checks 
*** FLOP *** [Jh Ac Td]
Pon4uk.ua: checks 
createyouracc: checks 
*** TURN *** [Jh Ac Td] [As]
Pon4uk.ua: checks 
createyouracc: bets $1
Pon4uk.ua: folds 
Uncalled bet ($1) returned to createyouracc
createyouracc collected $2.38 from pot
*** SUMMARY ***
Total pot $2.50 | Rake $0.12 
Board [Jh Ac Td As]
Seat 1: Pon4uk.ua (big blind) folded on the Turn
Seat 2: bamboe-x folded before Flop (didn't bet)
Seat 3: createyouracc collected ($2.38)
Seat 4: mr.Jckpot folded before Flop (didn't bet)
Seat 5: vadjkeee (button) folded before Flop (didn't bet)
Seat 6: Joker007r (small blind) folded before Flop



PokerStars Hand #254191325765:  Hold'em No Limit ($0.50/$1.00 USD) - 2025/01/04 16:32:39 WET [2025/01/04 11:32:39 ET]
Table 'Brambilla II' 6-max Seat #6 is the button
Seat 1: Pon4uk.ua ($130.41 in chips) 
Seat 2: bamboe-x ($100.92 in chips) 
Seat 3: createyouracc ($15.44 in chips) 
Seat 4: mr.Jckpot ($103.58 in chips) 
Seat 5: vadjkeee ($170.28 in chips) 
Seat 6: Joker007r ($100 in chips) 
Pon4uk.ua: posts small blind $0.50
bamboe-x: posts big blind $1
*** HOLE CARDS ***
createyouracc: folds 
mr.Jckpot: raises $1.50 to $2.50
vadjkeee: folds 
Joker007r: folds 
Pon4uk.ua: folds 
bamboe-x: folds 
Uncalled bet ($1.50) returned to mr.Jckpot
mr.Jckpot collected $2.50 from pot
mr.Jckpot: doesn't show hand 
*** SUMMARY ***
Total pot $2.50 | Rake $0 
Seat 1: Pon4uk.ua (small blind) folded before Flop
Seat 2: bamboe-x (big blind) folded before Flop
Seat 3: createyouracc folded before Flop (didn't bet)
Seat 4: mr.Jckpot collected ($2.50)
Seat 5: vadjkeee folded before Flop (didn't bet)
Seat 6: Joker007r (button) folded before Flop (didn't bet)



PokerStars Hand #254191328757:  Hold'em No Limit ($0.50/$1.00 USD) - 2025/01/04 16:32:50 WET [2025/01/04 11:32:50 ET]
Table 'Brambilla II' 6-max Seat #1 is the button
Seat 1: Pon4uk.ua ($129.91 in chips) 
Seat 2: bamboe-x ($99.92 in chips) 
Seat 3: createyouracc ($15.44 in chips) 
Seat 4: mr.Jckpot ($105.08 in chips) 
Seat 5: vadjkeee ($170.28 in chips) 
Seat 6: Joker007r ($100 in chips) 
bamboe-x: posts small blind $0.50
createyouracc: posts big blind $1
*** HOLE CARDS ***
mr.Jckpot: folds 
vadjkeee: raises $2 to $3
Joker007r: folds 
Pon4uk.ua: folds 
bamboe-x: folds 
createyouracc: folds 
Uncalled bet ($2) returned to vadjkeee
vadjkeee collected $2.50 from pot
vadjkeee: doesn't show hand 
*** SUMMARY ***
Total pot $2.50 | Rake $0 
Seat 1: Pon4uk.ua (button) folded before Flop (didn't bet)
Seat 2: bamboe-x (small blind) folded before Flop
Seat 3: createyouracc (big blind) folded before Flop
Seat 4: mr.Jckpot folded before Flop (didn't bet)
Seat 5: vadjkeee collected ($2.50)
Seat 6: Joker007r folded before Flop (didn't bet)



PokerStars Hand #254191331680:  Hold'em No Limit ($0.50/$1.00 USD) - 2025/01/04 16:33:01 WET [2025/01/04 11:33:01 ET]
Table 'Brambilla II' 6-max Seat #2 is the button
Seat 1: Pon4uk.ua ($129.91 in chips) 
Seat 2: bamboe-x ($99.42 in chips) 
Seat 3: createyouracc ($14.44 in chips) 
Seat 4: mr.Jckpot ($105.08 in chips) 
Seat 5: vadjkeee ($171.78 in chips) 
Seat 6: Joker007r ($100 in chips) 
createyouracc: posts small blind $0.50
mr.Jckpot: posts big blind $1
*** HOLE CARDS ***
vadjkeee: folds 
Joker007r: folds 
Pon4uk.ua: folds 
bamboe-x: folds 
createyouracc: raises $1 to $2
mr.Jckpot: folds 
Uncalled bet ($1) returned to createyouracc
createyouracc collected $2 from pot
*** SUMMARY ***
Total pot $2 | Rake $0 
Seat 1: Pon4uk.ua folded before Flop (didn't bet)
Seat 2: bamboe-x (button) folded before Flop (didn't bet)
Seat 3: createyouracc (small blind) collected ($2)
Seat 4: mr.Jckpot (big blind) folded before Flop
Seat 5: vadjkeee folded before Flop (didn't bet)
Seat 6: Joker007r folded before Flop (didn't bet)



PokerStars Hand #254191335346:  Hold'em No Limit ($0.50/$1.00 USD) - 2025/01/04 16:33:14 WET [2025/01/04 11:33:14 ET]
Table 'Brambilla II' 6-max Seat #3 is the button
Seat 5: vadjkeee ($171.78 in chips) is sitting out
Seat 1: Pon4uk.ua ($129.91 in chips) 
Seat 2: bamboe-x ($99.42 in chips) 
Seat 3: createyouracc ($15.44 in chips) 
Seat 4: mr.Jckpot ($104.08 in chips) 
Seat 6: Joker007r ($100 in chips) 
mr.Jckpot: posts small blind $0.50
vadjkeee: is sitting out 
Joker007r: posts big blind $1
*** HOLE CARDS ***
Pon4uk.ua: raises $1 to $2
bamboe-x: folds 
createyouracc: folds 
vadjkeee leaves the table
mr.Jckpot: folds 
Joker007r: folds 
Uncalled bet ($1) returned to Pon4uk.ua
Pon4uk.ua collected $2.50 from pot
Pon4uk.ua: doesn't show hand 
*** SUMMARY ***
Total pot $2.50 | Rake $0 
Seat 5: vadjkeee
Seat 1: Pon4uk.ua collected ($2.50)
Seat 2: bamboe-x folded before Flop (didn't bet)
Seat 3: createyouracc (button) folded before Flop (didn't bet)
Seat 4: mr.Jckpot (small blind) folded before Flop
Seat 6: Joker007r (big blind) folded before Flop



PokerStars Hand #254191338417:  Hold'em No Limit ($0.50/$1.00 USD) - 2025/01/04 16:33:25 WET [2025/01/04 11:33:25 ET]
Table 'Brambilla II' 6-max Seat #4 is the button
Seat 1: Pon4uk.ua ($131.41 in chips) 
Seat 2: bamboe-x ($99.42 in chips) 
Seat 3: createyouracc ($15.44 in chips) 
Seat 4: mr.Jckpot ($103.58 in chips) 
Seat 6: Joker007r ($100 in chips) 
Joker007r: posts small blind $0.50
Pon4uk.ua: posts big blind $1
*** HOLE CARDS ***
bamboe-x: folds 
createyouracc: calls $1
mr.Jckpot: folds 
Joker007r: raises $4 to $5
Pon4uk.ua: folds 
createyouracc: calls $4
*** FLOP *** [4s 6c As]
Joker007r: bets $16.51
createyouracc: folds 
Uncalled bet ($16.51) returned to Joker007r
Joker007r collected $10.45 from pot
Joker007r: doesn't show hand 
*** SUMMARY ***
Total pot $11 | Rake $0.55 
Board [4s 6c As]
Seat 1: Pon4uk.ua (big blind) folded before Flop
Seat 2: bamboe-x folded before Flop (didn't bet)
Seat 3: createyouracc folded on the Flop
Seat 4: mr.Jckpot (button) folded before Flop (didn't bet)
Seat 6: Joker007r (small blind) collected ($10.45)



PokerStars Hand #254191345326:  Hold'em No Limit ($0.50/$1.00 USD) - 2025/01/04 16:33:49 WET [2025/01/04 11:33:49 ET]
Table 'Brambilla II' 6-max Seat #6 is the button
Seat 1: Pon4uk.ua ($130.41 in chips) 
Seat 2: bamboe-x ($99.42 in chips) 
Seat 3: createyouracc ($10.44 in chips) 
Seat 4: mr.Jckpot ($103.58 in chips) 
Seat 6: Joker007r ($105.45 in chips) 
Pon4uk.ua: posts small blind $0.50
bamboe-x: posts big blind $1
*** HOLE CARDS ***
createyouracc: calls $1
mr.Jckpot: folds 
Joker007r: folds 
Pon4uk.ua: calls $0.50
bamboe-x: checks 
*** FLOP *** [Ac 7d 7h]
Pon4uk.ua: checks 
bamboe-x: checks 
createyouracc: bets $2.85
Pon4uk.ua: folds 
bamboe-x: folds 
Uncalled bet ($2.85) returned to createyouracc
createyouracc collected $2.85 from pot
*** SUMMARY ***
Total pot $3 | Rake $0.15 
Board [Ac 7d 7h]
Seat 1: Pon4uk.ua (small blind) folded on the Flop
Seat 2: bamboe-x (big blind) folded on the Flop
Seat 3: createyouracc collected ($2.85)
Seat 4: mr.Jckpot folded before Flop (didn't bet)
Seat 6: Joker007r (button) folded before Flop (didn't bet)



PokerStars Hand #254191352113:  Hold'em No Limit ($0.50/$1.00 USD) - 2025/01/04 16:34:13 WET [2025/01/04 11:34:13 ET]
Table 'Brambilla II' 6-max Seat #1 is the button
Seat 1: Pon4uk.ua ($129.41 in chips) 
Seat 2: bamboe-x ($98.42 in chips) 
Seat 3: createyouracc ($12.29 in chips) 
Seat 4: mr.Jckpot ($103.58 in chips) 
Seat 6: Joker007r ($105.45 in chips) 
bamboe-x: posts small blind $0.50
createyouracc: posts big blind $1
*** HOLE CARDS ***
mr.Jckpot: folds 
Joker007r: folds 
Pon4uk.ua: folds 
bamboe-x: folds 
Uncalled bet ($0.50) returned to createyouracc
createyouracc collected $1 from pot
*** SUMMARY ***
Total pot $1 | Rake $0 
Seat 1: Pon4uk.ua (button) folded before Flop (didn't bet)
Seat 2: bamboe-x (small blind) folded before Flop
Seat 3: createyouracc (big blind) collected ($1)
Seat 4: mr.Jckpot folded before Flop (didn't bet)
Seat 6: Joker007r folded before Flop (didn't bet)



PokerStars Hand #254191354551:  Hold'em No Limit ($0.50/$1.00 USD) - 2025/01/04 16:34:22 WET [2025/01/04 11:34:22 ET]
Table 'Brambilla II' 6-max Seat #2 is the button
Seat 1: Pon4uk.ua ($129.41 in chips) 
Seat 2: bamboe-x ($97.92 in chips) 
Seat 3: createyouracc ($12.79 in chips) 
Seat 4: mr.Jckpot ($103.58 in chips) 
Seat 6: Joker007r ($105.45 in chips) 
createyouracc: posts small blind $0.50
mr.Jckpot: posts big blind $1
*** HOLE CARDS ***
Joker007r: folds 
Pon4uk.ua: folds 
bamboe-x: raises $2 to $3
createyouracc: folds 
mr.Jckpot: folds 
Uncalled bet ($2) returned to bamboe-x
bamboe-x collected $2.50 from pot
bamboe-x: doesn't show hand 
*** SUMMARY ***
Total pot $2.50 | Rake $0 
Seat 1: Pon4uk.ua folded before Flop (didn't bet)
Seat 2: bamboe-x (button) collected ($2.50)
Seat 3: createyouracc (small blind) folded before Flop
Seat 4: mr.Jckpot (big blind) folded before Flop
Seat 6: Joker007r folded before Flop (didn't bet)



PokerStars Hand #254191361251:  Hold'em No Limit ($0.50/$1.00 USD) - 2025/01/04 16:34:46 WET [2025/01/04 11:34:46 ET]
Table 'Brambilla II' 6-max Seat #3 is the button
Seat 1: Pon4uk.ua ($129.41 in chips) 
Seat 2: bamboe-x ($99.42 in chips) 
Seat 3: createyouracc ($12.29 in chips) 
Seat 4: mr.Jckpot ($102.58 in chips) 
Seat 6: Joker007r ($105.45 in chips) 
mr.Jckpot: posts small blind $0.50
Joker007r: posts big blind $1
*** HOLE CARDS ***
Pon4uk.ua: folds 
bamboe-x: folds 
createyouracc: folds 
mr.Jckpot: folds 
Uncalled bet ($0.50) returned to Joker007r
Joker007r collected $1 from pot
Joker007r: doesn't show hand 
*** SUMMARY ***
Total pot $1 | Rake $0 
Seat 1: Pon4uk.ua folded before Flop (didn't bet)
Seat 2: bamboe-x folded before Flop (didn't bet)
Seat 3: createyouracc (button) folded before Flop (didn't bet)
Seat 4: mr.Jckpot (small blind) folded before Flop
Seat 6: Joker007r (big blind) collected ($1)



PokerStars Hand #254191363457:  Hold'em No Limit ($0.50/$1.00 USD) - 2025/01/04 16:34:54 WET [2025/01/04 11:34:54 ET]
Table 'Brambilla II' 6-max Seat #4 is the button
Seat 1: Pon4uk.ua ($129.41 in chips) 
Seat 2: bamboe-x ($99.42 in chips) 
Seat 3: createyouracc ($12.29 in chips) 
Seat 4: mr.Jckpot ($102.08 in chips) 
Seat 6: Joker007r ($105.95 in chips) 
Joker007r: posts small blind $0.50
Pon4uk.ua: posts big blind $1
*** HOLE CARDS ***
bamboe-x: folds 
createyouracc: calls $1
mr.Jckpot: folds 
Joker007r: folds 
Pon4uk.ua: checks 
*** FLOP *** [3d Ad Ah]
Pon4uk.ua: checks 
createyouracc: checks 
*** TURN *** [3d Ad Ah] [Ts]
Pon4uk.ua: checks 
createyouracc: bets $2.38
Pon4uk.ua: folds 
Uncalled bet ($2.38) returned to createyouracc
createyouracc collected $2.38 from pot
*** SUMMARY ***
Total pot $2.50 | Rake $0.12 
Board [3d Ad Ah Ts]
Seat 1: Pon4uk.ua (big blind) folded on the Turn
Seat 2: bamboe-x folded before Flop (didn't bet)
Seat 3: createyouracc collected ($2.38)
Seat 4: mr.Jckpot (button) folded before Flop (didn't bet)
Seat 6: Joker007r (small blind) folded before Flop



PokerStars Hand #254191378179:  Hold'em No Limit ($0.50/$1.00 USD) - 2025/01/04 16:35:45 WET [2025/01/04 11:35:45 ET]
Table 'Brambilla II' 6-max Seat #6 is the button
Seat 1: Pon4uk.ua ($128.41 in chips) 
Seat 2: bamboe-x ($99.42 in chips) 
Seat 3: createyouracc ($13.67 in chips) 
Seat 4: mr.Jckpot ($102.08 in chips) 
Seat 6: Joker007r ($105.45 in chips) 
Pon4uk.ua: posts small blind $0.50
bamboe-x: posts big blind $1
*** HOLE CARDS ***
createyouracc: raises $1.50 to $2.50
mr.Jckpot: folds 
Joker007r: folds 
Pon4uk.ua: folds 
bamboe-x: calls $1.50
*** FLOP *** [Qd 3h 7s]
bamboe-x: checks 
createyouracc: checks 
*** TURN *** [Qd 3h 7s] [3d]
bamboe-x: bets $5.22
createyouracc: folds 
Uncalled bet ($5.22) returned to bamboe-x
bamboe-x collected $5.22 from pot
bamboe-x: doesn't show hand 
*** SUMMARY ***
Total pot $5.50 | Rake $0.28 
Board [Qd 3h 7s 3d]
Seat 1: Pon4uk.ua (small blind) folded before Flop
Seat 2: bamboe-x (big blind) collected ($5.22)
Seat 3: createyouracc folded on the Turn
Seat 4: mr.Jckpot folded before Flop (didn't bet)
Seat 6: Joker007r (button) folded before Flop (didn't bet)



PokerStars Hand #254191384486:  Hold'em No Limit ($0.50/$1.00 USD) - 2025/01/04 16:36:07 WET [2025/01/04 11:36:07 ET]
Table 'Brambilla II' 6-max Seat #1 is the button
Seat 1: Pon4uk.ua ($127.91 in chips) 
Seat 2: bamboe-x ($102.14 in chips) 
Seat 3: createyouracc ($11.17 in chips) 
Seat 4: mr.Jckpot ($102.08 in chips) 
Seat 6: Joker007r ($105.45 in chips) 
bamboe-x: posts small blind $0.50
createyouracc: posts big blind $1
*** HOLE CARDS ***
mr.Jckpot: folds 
Joker007r: folds 
Pon4uk.ua: raises $1.50 to $2.50
bamboe-x: folds 
createyouracc: folds 
Uncalled bet ($1.50) returned to Pon4uk.ua
Pon4uk.ua collected $2.50 from pot
Pon4uk.ua: doesn't show hand 
*** SUMMARY ***
Total pot $2.50 | Rake $0 
Seat 1: Pon4uk.ua (button) collected ($2.50)
Seat 2: bamboe-x (small blind) folded before Flop
Seat 3: createyouracc (big blind) folded before Flop
Seat 4: mr.Jckpot folded before Flop (didn't bet)
Seat 6: Joker007r folded before Flop (didn't bet)



PokerStars Hand #254191387537:  Hold'em No Limit ($0.50/$1.00 USD) - 2025/01/04 16:36:18 WET [2025/01/04 11:36:18 ET]
Table 'Brambilla II' 6-max Seat #2 is the button
Seat 1: Pon4uk.ua ($129.41 in chips) 
Seat 2: bamboe-x ($101.64 in chips) 
Seat 3: createyouracc ($10.17 in chips) 
Seat 4: mr.Jckpot ($102.08 in chips) 
Seat 6: Joker007r ($105.45 in chips) 
createyouracc: posts small blind $0.50
mr.Jckpot: posts big blind $1
*** HOLE CARDS ***
Joker007r: raises $1.38 to $2.38
Pon4uk.ua: calls $2.38
bamboe-x: folds 
createyouracc: folds 
mr.Jckpot: folds 
*** FLOP *** [5d Th 2h]
Joker007r: checks 
Pon4uk.ua: checks 
*** TURN *** [5d Th 2h] [Ah]
Joker007r: checks 
Pon4uk.ua: checks 
*** RIVER *** [5d Th 2h Ah] [7c]
Joker007r: checks 
coeeeelho joins the table at seat #5 
Pon4uk.ua: checks 
*** SHOW DOWN ***
Joker007r: shows [9s 9c] (a pair of Nines)
Pon4uk.ua: mucks hand 
Joker007r collected $5.95 from pot
*** SUMMARY ***
Total pot $6.26 | Rake $0.31 
Board [5d Th 2h Ah 7c]
Seat 1: Pon4uk.ua mucked
Seat 2: bamboe-x (button) folded before Flop (didn't bet)
Seat 3: createyouracc (small blind) folded before Flop
Seat 4: mr.Jckpot (big blind) folded before Flop
Seat 6: Joker007r showed [9s 9c] and won ($5.95) with a pair of Nines



PokerStars Hand #254191398517:  Hold'em No Limit ($0.50/$1.00 USD) - 2025/01/04 16:36:57 WET [2025/01/04 11:36:57 ET]
Table 'Brambilla II' 6-max Seat #3 is the button
Seat 1: Pon4uk.ua ($127.03 in chips) 
Seat 2: bamboe-x ($101.64 in chips) 
Seat 3: createyouracc ($9.67 in chips) 
Seat 4: mr.Jckpot ($101.08 in chips) 
Seat 5: coeeeelho ($100 in chips) 
Seat 6: Joker007r ($109.02 in chips) 
mr.Jckpot: posts small blind $0.50
coeeeelho: posts big blind $1
*** HOLE CARDS ***
Joker007r: folds 
Pon4uk.ua: folds 
bamboe-x: folds 
createyouracc: folds 
mr.Jckpot: folds 
Uncalled bet ($0.50) returned to coeeeelho
coeeeelho collected $1 from pot
coeeeelho: doesn't show hand 
*** SUMMARY ***
Total pot $1 | Rake $0 
Seat 1: Pon4uk.ua folded before Flop (didn't bet)
Seat 2: bamboe-x folded before Flop (didn't bet)
Seat 3: createyouracc (button) folded before Flop (didn't bet)
Seat 4: mr.Jckpot (small blind) folded before Flop
Seat 5: coeeeelho (big blind) collected ($1)
Seat 6: Joker007r folded before Flop (didn't bet)



PokerStars Hand #254191402382:  Hold'em No Limit ($0.50/$1.00 USD) - 2025/01/04 16:37:11 WET [2025/01/04 11:37:11 ET]
Table 'Brambilla II' 6-max Seat #4 is the button
Seat 1: Pon4uk.ua ($127.03 in chips) 
Seat 2: bamboe-x ($101.64 in chips) 
Seat 3: createyouracc ($9.67 in chips) 
Seat 4: mr.Jckpot ($100.58 in chips) 
Seat 5: coeeeelho ($100.50 in chips) 
Seat 6: Joker007r ($109.02 in chips) 
coeeeelho: posts small blind $0.50
Joker007r: posts big blind $1
*** HOLE CARDS ***
Pon4uk.ua: folds 
bamboe-x: folds 
createyouracc: folds 
mr.Jckpot: raises $1.50 to $2.50
coeeeelho: folds 
Joker007r: folds 
Uncalled bet ($1.50) returned to mr.Jckpot
mr.Jckpot collected $2.50 from pot
mr.Jckpot: doesn't show hand 
*** SUMMARY ***
Total pot $2.50 | Rake $0 
Seat 1: Pon4uk.ua folded before Flop (didn't bet)
Seat 2: bamboe-x folded before Flop (didn't bet)
Seat 3: createyouracc folded before Flop (didn't bet)
Seat 4: mr.Jckpot (button) collected ($2.50)
Seat 5: coeeeelho (small blind) folded before Flop
Seat 6: Joker007r (big blind) folded before Flop



PokerStars Hand #254191406994:  Hold'em No Limit ($0.50/$1.00 USD) - 2025/01/04 16:37:28 WET [2025/01/04 11:37:28 ET]
Table 'Brambilla II' 6-max Seat #5 is the button
Seat 1: Pon4uk.ua ($127.03 in chips) 
Seat 2: bamboe-x ($101.64 in chips) 
Seat 3: createyouracc ($9.67 in chips) 
Seat 4: mr.Jckpot ($102.08 in chips) 
Seat 5: coeeeelho ($100 in chips) 
Seat 6: Joker007r ($108.02 in chips) 
Joker007r: posts small blind $0.50
Pon4uk.ua: posts big blind $1
*** HOLE CARDS ***
bamboe-x: folds 
createyouracc: calls $1
mr.Jckpot: folds 
coeeeelho: folds 
Joker007r: folds 
Pon4uk.ua: checks 
*** FLOP *** [Td 9s 9d]
Pon4uk.ua: checks 
createyouracc: checks 
*** TURN *** [Td 9s 9d] [8h]
Pon4uk.ua: checks 
createyouracc: bets $1.19
Pon4uk.ua: calls $1.19
*** RIVER *** [Td 9s 9d 8h] [2c]
Pon4uk.ua: checks 
createyouracc: checks 
*** SHOW DOWN ***
Pon4uk.ua: shows [Tc 2s] (two pair, Tens and Nines)
createyouracc: shows [7h Th] (two pair, Tens and Nines)
Pon4uk.ua collected $2.32 from pot
createyouracc collected $2.32 from pot
*** SUMMARY ***
Total pot $4.88 | Rake $0.24 
Board [Td 9s 9d 8h 2c]
Seat 1: Pon4uk.ua (big blind) showed [Tc 2s] and won ($2.32) with two pair, Tens and Nines
Seat 2: bamboe-x folded before Flop (didn't bet)
Seat 3: createyouracc showed [7h Th] and won ($2.32) with two pair, Tens and Nines
Seat 4: mr.Jckpot folded before Flop (didn't bet)
Seat 5: coeeeelho (button) folded before Flop (didn't bet)
Seat 6: Joker007r (small blind) folded before Flop



PokerStars Hand #254191415308:  Hold'em No Limit ($0.50/$1.00 USD) - 2025/01/04 16:37:58 WET [2025/01/04 11:37:58 ET]
Table 'Brambilla II' 6-max Seat #6 is the button
Seat 1: Pon4uk.ua ($127.16 in chips) 
Seat 2: bamboe-x ($101.64 in chips) 
Seat 3: createyouracc ($9.80 in chips) 
Seat 4: mr.Jckpot ($102.08 in chips) 
Seat 5: coeeeelho ($100 in chips) 
Seat 6: Joker007r ($107.52 in chips) 
Pon4uk.ua: posts small blind $0.50
bamboe-x: posts big blind $1
*** HOLE CARDS ***
createyouracc: calls $1
mr.Jckpot: folds 
coeeeelho: folds 
Joker007r: folds 
Pon4uk.ua: calls $0.50
bamboe-x: checks 
*** FLOP *** [5h Kh 8h]
Pon4uk.ua: bets $1.43
bamboe-x: calls $1.43
createyouracc: calls $1.43
*** TURN *** [5h Kh 8h] [3d]
Pon4uk.ua: bets $2.29
bamboe-x: calls $2.29
createyouracc: calls $2.29
*** RIVER *** [5h Kh 8h 3d] [6d]
Pon4uk.ua: checks 
bamboe-x: checks 
createyouracc: checks 
*** SHOW DOWN ***
Pon4uk.ua: shows [Jh 9d] (high card King)
bamboe-x: shows [Ks Jc] (a pair of Kings)
createyouracc: mucks hand 
bamboe-x collected $13.45 from pot
*** SUMMARY ***
Total pot $14.16 | Rake $0.71 
Board [5h Kh 8h 3d 6d]
Seat 1: Pon4uk.ua (small blind) showed [Jh 9d] and lost with high card King
Seat 2: bamboe-x (big blind) showed [Ks Jc] and won ($13.45) with a pair of Kings
Seat 3: createyouracc mucked
Seat 4: mr.Jckpot folded before Flop (didn't bet)
Seat 5: coeeeelho folded before Flop (didn't bet)
Seat 6: Joker007r (button) folded before Flop (didn't bet)



PokerStars Hand #254191428021:  Hold'em No Limit ($0.50/$1.00 USD) - 2025/01/04 16:38:44 WET [2025/01/04 11:38:44 ET]
Table 'Brambilla II' 6-max Seat #1 is the button
Seat 1: Pon4uk.ua ($122.44 in chips) 
Seat 2: bamboe-x ($110.37 in chips) 
Seat 3: createyouracc ($5.08 in chips) 
Seat 4: mr.Jckpot ($102.08 in chips) 
Seat 5: coeeeelho ($100 in chips) 
Seat 6: Joker007r ($107.52 in chips) 
bamboe-x: posts small blind $0.50
createyouracc: posts big blind $1
*** HOLE CARDS ***
mr.Jckpot: folds 
coeeeelho: folds 
Joker007r: folds 
Pon4uk.ua: raises $1.50 to $2.50
bamboe-x: folds 
createyouracc: raises $2.58 to $5.08 and is all-in
Pon4uk.ua: calls $2.58
*** FLOP *** [Ks 8c 4d]
*** TURN *** [Ks 8c 4d] [8d]
*** RIVER *** [Ks 8c 4d 8d] [5d]
*** SHOW DOWN ***
createyouracc: shows [Js 3s] (a pair of Eights)
Pon4uk.ua: shows [4s As] (two pair, Eights and Fours)
Pon4uk.ua collected $10.13 from pot
*** SUMMARY ***
Total pot $10.66 | Rake $0.53 
Board [Ks 8c 4d 8d 5d]
Seat 1: Pon4uk.ua (button) showed [4s As] and won ($10.13) with two pair, Eights and Fours
Seat 2: bamboe-x (small blind) folded before Flop
Seat 3: createyouracc (big blind) showed [Js 3s] and lost with a pair of Eights
Seat 4: mr.Jckpot folded before Flop (didn't bet)
Seat 5: coeeeelho folded before Flop (didn't bet)
Seat 6: Joker007r folded before Flop (didn't bet)



PokerStars Hand #254191438175:  Hold'em No Limit ($0.50/$1.00 USD) - 2025/01/04 16:39:20 WET [2025/01/04 11:39:20 ET]
Table 'Brambilla II' 6-max Seat #2 is the button
Seat 3: createyouracc ($0 in chips) is sitting out
Seat 1: Pon4uk.ua ($127.49 in chips) 
Seat 2: bamboe-x ($109.87 in chips) 
Seat 4: mr.Jckpot ($102.08 in chips) 
Seat 5: coeeeelho ($100 in chips) 
Seat 6: Joker007r ($107.52 in chips) 
mr.Jckpot: posts small blind $0.50
coeeeelho: posts big blind $1
*** HOLE CARDS ***
Joker007r: folds 
Pon4uk.ua: folds 
bamboe-x: folds 
mr.Jckpot: folds 
Uncalled bet ($0.50) returned to coeeeelho
coeeeelho collected $1 from pot
coeeeelho: doesn't show hand 
*** SUMMARY ***
Total pot $1 | Rake $0 
Seat 3: createyouracc
Seat 1: Pon4uk.ua folded before Flop (didn't bet)
Seat 2: bamboe-x (button) folded before Flop (didn't bet)
Seat 4: mr.Jckpot (small blind) folded before Flop
Seat 5: coeeeelho (big blind) collected ($1)
Seat 6: Joker007r folded before Flop (didn't bet)



PokerStars Hand #254191440644:  Hold'em No Limit ($0.50/$1.00 USD) - 2025/01/04 16:39:29 WET [2025/01/04 11:39:29 ET]
Table 'Brambilla II' 6-max Seat #4 is the button
Seat 3: createyouracc ($0 in chips) is sitting out
Seat 1: Pon4uk.ua ($127.49 in chips) 
Seat 2: bamboe-x ($109.87 in chips) 
Seat 4: mr.Jckpot ($101.58 in chips) 
Seat 5: coeeeelho ($100.50 in chips) 
Seat 6: Joker007r ($107.52 in chips) 
coeeeelho: posts small blind $0.50
Joker007r: posts big blind $1
*** HOLE CARDS ***
Pon4uk.ua: folds 
bamboe-x: folds 
mr.Jckpot: folds 
coeeeelho: folds 
Uncalled bet ($0.50) returned to Joker007r
Joker007r collected $1 from pot
Joker007r: doesn't show hand 
*** SUMMARY ***
Total pot $1 | Rake $0 
Seat 3: createyouracc
Seat 1: Pon4uk.ua folded before Flop (didn't bet)
Seat 2: bamboe-x folded before Flop (didn't bet)
Seat 4: mr.Jckpot (button) folded before Flop (didn't bet)
Seat 5: coeeeelho (small blind) folded before Flop
Seat 6: Joker007r (big blind) collected ($1)



PokerStars Hand #254191443608:  Hold'em No Limit ($0.50/$1.00 USD) - 2025/01/04 16:39:39 WET [2025/01/04 11:39:39 ET]
Table 'Brambilla II' 6-max Seat #5 is the button
Seat 3: createyouracc ($0 in chips) is sitting out
Seat 1: Pon4uk.ua ($127.49 in chips) 
Seat 2: bamboe-x ($109.87 in chips) 
Seat 4: mr.Jckpot ($101.58 in chips) 
Seat 5: coeeeelho ($100 in chips) 
Seat 6: Joker007r ($108.02 in chips) 
Joker007r: posts small blind $0.50
Pon4uk.ua: posts big blind $1
*** HOLE CARDS ***
bamboe-x: folds 
mr.Jckpot: folds 
coeeeelho: raises $1.20 to $2.20
Joker007r: folds 
Pon4uk.ua: folds 
Uncalled bet ($1.20) returned to coeeeelho
coeeeelho collected $2.50 from pot
coeeeelho: doesn't show hand 
*** SUMMARY ***
Total pot $2.50 | Rake $0 
Seat 3: createyouracc
Seat 1: Pon4uk.ua (big blind) folded before Flop
Seat 2: bamboe-x folded before Flop (didn't bet)
Seat 4: mr.Jckpot folded before Flop (didn't bet)
Seat 5: coeeeelho (button) collected ($2.50)
Seat 6: Joker007r (small blind) folded before Flop



PokerStars Hand #254191450545:  Hold'em No Limit ($0.50/$1.00 USD) - 2025/01/04 16:40:05 WET [2025/01/04 11:40:05 ET]
Table 'Brambilla II' 6-max Seat #6 is the button
Seat 2: bamboe-x ($109.87 in chips) is sitting out
Seat 3: createyouracc ($0 in chips) is sitting out
Seat 1: Pon4uk.ua ($126.49 in chips) 
Seat 4: mr.Jckpot ($101.58 in chips) 
Seat 5: coeeeelho ($101.50 in chips) 
Seat 6: Joker007r ($107.52 in chips) 
Pon4uk.ua: posts small blind $0.50
mr.Jckpot: posts big blind $1
*** HOLE CARDS ***
coeeeelho: folds 
createyouracc leaves the table
Joker007r: raises $1.50 to $2.50
Ysiven joins the table at seat #3 
Pon4uk.ua: folds 
mr.Jckpot: calls $1.50
*** FLOP *** [4s 9h Js]
mr.Jckpot: checks 
Joker007r: checks 
*** TURN *** [4s 9h Js] [5c]
bamboe-x leaves the table
mr.Jckpot: bets $3.45
Joker007r: folds 
Uncalled bet ($3.45) returned to mr.Jckpot
mr.Jckpot collected $5.22 from pot
mr.Jckpot: doesn't show hand 
*** SUMMARY ***
Total pot $5.50 | Rake $0.28 
Board [4s 9h Js 5c]
Seat 2: bamboe-x
Seat 3: createyouracc
Seat 1: Pon4uk.ua (small blind) folded before Flop
Seat 4: mr.Jckpot (big blind) collected ($5.22)
Seat 5: coeeeelho folded before Flop (didn't bet)
Seat 6: Joker007r (button) folded on the Turn



PokerStars Hand #254191464372:  Hold'em No Limit ($0.50/$1.00 USD) - 2025/01/04 16:40:54 WET [2025/01/04 11:40:54 ET]
Table 'Brambilla II' 6-max Seat #1 is the button
Seat 3: Ysiven ($100 in chips) is sitting out
Seat 1: Pon4uk.ua ($125.99 in chips) 
Seat 4: mr.Jckpot ($104.30 in chips) 
Seat 5: coeeeelho ($101.50 in chips) 
Seat 6: Joker007r ($105.02 in chips) 
mr.Jckpot: posts small blind $0.50
coeeeelho: posts big blind $1
*** HOLE CARDS ***
Joker007r: folds 
Pon4uk.ua: folds 
mr.Jckpot: folds 
Uncalled bet ($0.50) returned to coeeeelho
coeeeelho collected $1 from pot
coeeeelho: doesn't show hand 
*** SUMMARY ***
Total pot $1 | Rake $0 
Seat 3: Ysiven
Seat 1: Pon4uk.ua (button) folded before Flop (didn't bet)
Seat 4: mr.Jckpot (small blind) folded before Flop
Seat 5: coeeeelho (big blind) collected ($1)
Seat 6: Joker007r folded before Flop (didn't bet)



PokerStars Hand #254191466604:  Hold'em No Limit ($0.50/$1.00 USD) - 2025/01/04 16:41:02 WET [2025/01/04 11:41:02 ET]
Table 'Brambilla II' 6-max Seat #4 is the button
Seat 1: Pon4uk.ua ($125.99 in chips) is sitting out
Seat 6: Joker007r ($105.02 in chips) is sitting out
Seat 3: Ysiven ($100 in chips) 
Seat 4: mr.Jckpot ($103.80 in chips) 
Seat 5: coeeeelho ($102 in chips) 
coeeeelho: posts small blind $0.50
Joker007r: is sitting out 
Pon4uk.ua: is sitting out 
Ysiven: posts big blind $1
*** HOLE CARDS ***
mr.Jckpot: raises $1.50 to $2.50
Joker007r leaves the table
coeeeelho: folds 
Ysiven: folds 
Uncalled bet ($1.50) returned to mr.Jckpot
mr.Jckpot collected $2.50 from pot
mr.Jckpot: doesn't show hand 
Pon4uk.ua leaves the table
*** SUMMARY ***
Total pot $2.50 | Rake $0 
Seat 1: Pon4uk.ua
Seat 6: Joker007r
Seat 3: Ysiven (big blind) folded before Flop
Seat 4: mr.Jckpot (button) collected ($2.50)
Seat 5: coeeeelho (small blind) folded before Flop



PokerStars Hand #254191468965:  Hold'em No Limit ($0.50/$1.00 USD) - 2025/01/04 16:41:10 WET [2025/01/04 11:41:10 ET]
Table 'Brambilla II' 6-max Seat #3 is the button
Seat 4: mr.Jckpot ($105.30 in chips) is sitting out
Seat 3: Ysiven ($100 in chips) 
Seat 5: coeeeelho ($101.50 in chips) 
Ysiven: posts small blind $0.50
mr.Jckpot: is sitting out 
coeeeelho: posts big blind $1
*** HOLE CARDS ***
Ysiven: folds 
Uncalled bet ($0.50) returned to coeeeelho
mr.Jckpot leaves the table
coeeeelho collected $1 from pot
coeeeelho: doesn't show hand 
*** SUMMARY ***
Total pot $1 | Rake $0 
Seat 4: mr.Jckpot
Seat 3: Ysiven (button) (small blind) folded before Flop
Seat 5: coeeeelho (big blind) collected ($1)



