PokerStars Hand #254187296799:  Hold'em No Limit ($0.50/$1.00 USD) - 2025/01/04 10:42:53 WET [2025/01/04 5:42:53 ET]
Table 'Svea II' 6-max Seat #2 is the button
Seat 4: YeeesMan ($100 in chips) is sitting out
Seat 1: PayTaxOrDie ($100 in chips) 
Seat 2: Swissstar54 ($50 in chips) 
Seat 3: rao999 ($100 in chips) 
rao999: posts small blind $0.50
PayTaxOrDie: posts big blind $1
*** HOLE CARDS ***
KeR888 joins the table at seat #5 
Swissstar54: calls $1
rao999: calls $0.50
PayTaxOrDie: checks 
*** FLOP *** [9h As 3s]
rao999: checks 
YeeesMan leaves the table
PayTaxOrDie: checks 
Swissstar54: checks 
*** TURN *** [9h As 3s] [Js]
rao999: checks 
PayTaxOrDie: bets $1.43
Swissstar54: folds 
rao999: folds 
Uncalled bet ($1.43) returned to PayTaxOrDie
PayTaxOrDie collected $2.85 from pot
PayTaxOrDie: doesn't show hand 
*** SUMMARY ***
Total pot $3 | Rake $0.15 
Board [9h As 3s Js]
Seat 4: YeeesMan
Seat 1: PayTaxOrDie (big blind) collected ($2.85)
Seat 2: Swissstar54 (button) folded on the Turn
Seat 3: rao999 (small blind) folded on the Turn



PokerStars Hand #254187304625:  Hold'em No Limit ($0.50/$1.00 USD) - 2025/01/04 10:43:53 WET [2025/01/04 5:43:53 ET]
Table 'Svea II' 6-max Seat #3 is the button
Seat 5: KeR888 ($100 in chips) is sitting out
Seat 1: PayTaxOrDie ($101.85 in chips) 
Seat 2: Swissstar54 ($49 in chips) 
Seat 3: rao999 ($100 in chips) 
PayTaxOrDie: posts small blind $0.50
Swissstar54: posts big blind $1
*** HOLE CARDS ***
rao999: folds 
kniferok joins the table at seat #4 
PayTaxOrDie: folds 
Uncalled bet ($0.50) returned to Swissstar54
Swissstar54 collected $1 from pot
Swissstar54: doesn't show hand 
*** SUMMARY ***
Total pot $1 | Rake $0 
Seat 5: KeR888
Seat 1: PayTaxOrDie (small blind) folded before Flop
Seat 2: Swissstar54 (big blind) collected ($1)
Seat 3: rao999 (button) folded before Flop (didn't bet)



PokerStars Hand #254187318259:  Hold'em No Limit ($0.50/$1.00 USD) - 2025/01/04 10:45:35 WET [2025/01/04 5:45:35 ET]
Table 'Svea II' 6-max Seat #3 is the button
Seat 6: NOTfishON ($100 in chips) is sitting out
Seat 1: PayTaxOrDie ($101.77 in chips) 
Seat 2: Swissstar54 ($49 in chips) 
Seat 3: rao999 ($100 in chips) 
Seat 4: kniferok ($102.54 in chips) 
Seat 5: KeR888 ($100 in chips) 
kniferok: posts small blind $0.50
KeR888: posts big blind $1
NOTfishON: sits out 
*** HOLE CARDS ***
PayTaxOrDie: folds 
Swissstar54: raises $2 to $3
rao999: folds 
kniferok: folds 
KeR888: folds 
Uncalled bet ($2) returned to Swissstar54
Swissstar54 collected $2.50 from pot
Swissstar54: doesn't show hand 
*** SUMMARY ***
Total pot $2.50 | Rake $0 
Seat 6: NOTfishON
Seat 1: PayTaxOrDie folded before Flop (didn't bet)
Seat 2: Swissstar54 collected ($2.50)
Seat 3: rao999 (button) folded before Flop (didn't bet)
Seat 4: kniferok (small blind) folded before Flop
Seat 5: KeR888 (big blind) folded before Flop



PokerStars Hand #254187320919:  Hold'em No Limit ($0.50/$1.00 USD) - 2025/01/04 10:45:56 WET [2025/01/04 5:45:56 ET]
Table 'Svea II' 6-max Seat #4 is the button
Seat 1: PayTaxOrDie ($101.77 in chips) 
Seat 2: Swissstar54 ($50.50 in chips) 
Seat 3: rao999 ($100 in chips) 
Seat 4: kniferok ($102.04 in chips) 
Seat 5: KeR888 ($100 in chips) 
Seat 6: NOTfishON ($100 in chips) 
KeR888: posts small blind $0.50
NOTfishON: posts big blind $1
*** HOLE CARDS ***
PayTaxOrDie: folds 
Swissstar54: folds 
rao999: folds 
kniferok: raises $1.50 to $2.50
KeR888: folds 
NOTfishON: folds 
Uncalled bet ($1.50) returned to kniferok
kniferok collected $2.50 from pot
kniferok: doesn't show hand 
*** SUMMARY ***
Total pot $2.50 | Rake $0 
Seat 1: PayTaxOrDie folded before Flop (didn't bet)
Seat 2: Swissstar54 folded before Flop (didn't bet)
Seat 3: rao999 folded before Flop (didn't bet)
Seat 4: kniferok (button) collected ($2.50)
Seat 5: KeR888 (small blind) folded before Flop
Seat 6: NOTfishON (big blind) folded before Flop



PokerStars Hand #254187324016:  Hold'em No Limit ($0.50/$1.00 USD) - 2025/01/04 10:46:20 WET [2025/01/04 5:46:20 ET]
Table 'Svea II' 6-max Seat #5 is the button
Seat 1: PayTaxOrDie ($101.77 in chips) 
Seat 2: Swissstar54 ($50.50 in chips) 
Seat 3: rao999 ($100 in chips) 
Seat 4: kniferok ($103.54 in chips) 
Seat 5: KeR888 ($100 in chips) 
Seat 6: NOTfishON ($100 in chips) 
NOTfishON: posts small blind $0.50
PayTaxOrDie: posts big blind $1
*** HOLE CARDS ***
Swissstar54: raises $2 to $3
rao999: folds 
kniferok: folds 
KeR888: folds 
NOTfishON: folds 
PayTaxOrDie: folds 
Uncalled bet ($2) returned to Swissstar54
Swissstar54 collected $2.50 from pot
Swissstar54: doesn't show hand 
*** SUMMARY ***
Total pot $2.50 | Rake $0 
Seat 1: PayTaxOrDie (big blind) folded before Flop
Seat 2: Swissstar54 collected ($2.50)
Seat 3: rao999 folded before Flop (didn't bet)
Seat 4: kniferok folded before Flop (didn't bet)
Seat 5: KeR888 (button) folded before Flop (didn't bet)
Seat 6: NOTfishON (small blind) folded before Flop



PokerStars Hand #254187327067:  Hold'em No Limit ($0.50/$1.00 USD) - 2025/01/04 10:46:43 WET [2025/01/04 5:46:43 ET]
Table 'Svea II' 6-max Seat #6 is the button
Seat 1: PayTaxOrDie ($100.77 in chips) 
Seat 2: Swissstar54 ($52 in chips) 
Seat 3: rao999 ($100 in chips) 
Seat 4: kniferok ($103.54 in chips) 
Seat 5: KeR888 ($100 in chips) 
Seat 6: NOTfishON ($100 in chips) 
PayTaxOrDie: posts small blind $0.50
Swissstar54: posts big blind $1
*** HOLE CARDS ***
rao999: folds 
kniferok: folds 
KeR888: raises $1.50 to $2.50
NOTfishON: folds 
PayTaxOrDie: folds 
Swissstar54: folds 
Uncalled bet ($1.50) returned to KeR888
KeR888 collected $2.50 from pot
KeR888: doesn't show hand 
*** SUMMARY ***
Total pot $2.50 | Rake $0 
Seat 1: PayTaxOrDie (small blind) folded before Flop
Seat 2: Swissstar54 (big blind) folded before Flop
Seat 3: rao999 folded before Flop (didn't bet)
Seat 4: kniferok folded before Flop (didn't bet)
Seat 5: KeR888 collected ($2.50)
Seat 6: NOTfishON (button) folded before Flop (didn't bet)



PokerStars Hand #254187329530:  Hold'em No Limit ($0.50/$1.00 USD) - 2025/01/04 10:47:02 WET [2025/01/04 5:47:02 ET]
Table 'Svea II' 6-max Seat #1 is the button
Seat 1: PayTaxOrDie ($100.27 in chips) 
Seat 2: Swissstar54 ($51 in chips) 
Seat 3: rao999 ($100 in chips) 
Seat 4: kniferok ($103.54 in chips) 
Seat 5: KeR888 ($101.50 in chips) 
Seat 6: NOTfishON ($100 in chips) 
Swissstar54: posts small blind $0.50
rao999: posts big blind $1
*** HOLE CARDS ***
kniferok: folds 
KeR888: folds 
NOTfishON: folds 
PayTaxOrDie: folds 
Swissstar54: calls $0.50
rao999: raises $3 to $4
Swissstar54: calls $3
*** FLOP *** [Th 6s 5s]
Swissstar54: checks 
rao999: bets $5.02
Swissstar54: folds 
Uncalled bet ($5.02) returned to rao999
rao999 collected $7.60 from pot
rao999: doesn't show hand 
*** SUMMARY ***
Total pot $8 | Rake $0.40 
Board [Th 6s 5s]
Seat 1: PayTaxOrDie (button) folded before Flop (didn't bet)
Seat 2: Swissstar54 (small blind) folded on the Flop
Seat 3: rao999 (big blind) collected ($7.60)
Seat 4: kniferok folded before Flop (didn't bet)
Seat 5: KeR888 folded before Flop (didn't bet)
Seat 6: NOTfishON folded before Flop (didn't bet)



PokerStars Hand #254187332987:  Hold'em No Limit ($0.50/$1.00 USD) - 2025/01/04 10:47:28 WET [2025/01/04 5:47:28 ET]
Table 'Svea II' 6-max Seat #2 is the button
Seat 1: PayTaxOrDie ($100.27 in chips) 
Seat 2: Swissstar54 ($47 in chips) 
Seat 3: rao999 ($103.60 in chips) 
Seat 4: kniferok ($103.54 in chips) 
Seat 5: KeR888 ($101.50 in chips) 
Seat 6: NOTfishON ($100 in chips) 
rao999: posts small blind $0.50
kniferok: posts big blind $1
*** HOLE CARDS ***
KeR888: folds 
NOTfishON: folds 
PayTaxOrDie: folds 
Swissstar54: folds 
rao999 has timed out
rao999: folds 
Uncalled bet ($0.50) returned to kniferok
kniferok collected $1 from pot
kniferok: doesn't show hand 
*** SUMMARY ***
Total pot $1 | Rake $0 
Seat 1: PayTaxOrDie folded before Flop (didn't bet)
Seat 2: Swissstar54 (button) folded before Flop (didn't bet)
Seat 3: rao999 (small blind) folded before Flop
Seat 4: kniferok (big blind) collected ($1)
Seat 5: KeR888 folded before Flop (didn't bet)
Seat 6: NOTfishON folded before Flop (didn't bet)



PokerStars Hand #254187337198:  Hold'em No Limit ($0.50/$1.00 USD) - 2025/01/04 10:48:01 WET [2025/01/04 5:48:01 ET]
Table 'Svea II' 6-max Seat #3 is the button
Seat 1: PayTaxOrDie ($100.27 in chips) 
Seat 2: Swissstar54 ($47 in chips) 
Seat 3: rao999 ($103.10 in chips) 
Seat 4: kniferok ($104.04 in chips) 
Seat 5: KeR888 ($101.50 in chips) 
Seat 6: NOTfishON ($100 in chips) 
kniferok: posts small blind $0.50
KeR888: posts big blind $1
*** HOLE CARDS ***
NOTfishON: folds 
PayTaxOrDie: folds 
Swissstar54: folds 
rao999: raises $1.50 to $2.50
kniferok: folds 
KeR888: folds 
Uncalled bet ($1.50) returned to rao999
rao999 collected $2.50 from pot
rao999: doesn't show hand 
*** SUMMARY ***
Total pot $2.50 | Rake $0 
Seat 1: PayTaxOrDie folded before Flop (didn't bet)
Seat 2: Swissstar54 folded before Flop (didn't bet)
Seat 3: rao999 (button) collected ($2.50)
Seat 4: kniferok (small blind) folded before Flop
Seat 5: KeR888 (big blind) folded before Flop
Seat 6: NOTfishON folded before Flop (didn't bet)



PokerStars Hand #254187340664:  Hold'em No Limit ($0.50/$1.00 USD) - 2025/01/04 10:48:27 WET [2025/01/04 5:48:27 ET]
Table 'Svea II' 6-max Seat #4 is the button
Seat 1: PayTaxOrDie ($100.27 in chips) 
Seat 2: Swissstar54 ($47 in chips) 
Seat 3: rao999 ($104.60 in chips) 
Seat 4: kniferok ($103.54 in chips) 
Seat 5: KeR888 ($100.50 in chips) 
Seat 6: NOTfishON ($100 in chips) 
KeR888: posts small blind $0.50
NOTfishON: posts big blind $1
*** HOLE CARDS ***
PayTaxOrDie: folds 
Swissstar54: folds 
rao999: raises $1.50 to $2.50
kniferok: folds 
KeR888: folds 
NOTfishON: folds 
Uncalled bet ($1.50) returned to rao999
rao999 collected $2.50 from pot
rao999: doesn't show hand 
*** SUMMARY ***
Total pot $2.50 | Rake $0 
Seat 1: PayTaxOrDie folded before Flop (didn't bet)
Seat 2: Swissstar54 folded before Flop (didn't bet)
Seat 3: rao999 collected ($2.50)
Seat 4: kniferok (button) folded before Flop (didn't bet)
Seat 5: KeR888 (small blind) folded before Flop
Seat 6: NOTfishON (big blind) folded before Flop



PokerStars Hand #254187345297:  Hold'em No Limit ($0.50/$1.00 USD) - 2025/01/04 10:49:03 WET [2025/01/04 5:49:03 ET]
Table 'Svea II' 6-max Seat #5 is the button
Seat 1: PayTaxOrDie ($100.27 in chips) 
Seat 2: Swissstar54 ($47 in chips) 
Seat 3: rao999 ($106.10 in chips) 
Seat 4: kniferok ($103.54 in chips) 
Seat 5: KeR888 ($100 in chips) 
Seat 6: NOTfishON ($100 in chips) 
NOTfishON: posts small blind $0.50
PayTaxOrDie: posts big blind $1
*** HOLE CARDS ***
Swissstar54: folds 
rao999: folds 
kniferok: raises $1.50 to $2.50
KeR888: folds 
NOTfishON: folds 
PayTaxOrDie: calls $1.50
*** FLOP *** [Tc As 2d]
PayTaxOrDie: checks 
kniferok: checks 
*** TURN *** [Tc As 2d] [8d]
PayTaxOrDie: checks 
kniferok: bets $2.61
PayTaxOrDie: calls $2.61
*** RIVER *** [Tc As 2d 8d] [Ts]
PayTaxOrDie: checks 
kniferok: checks 
*** SHOW DOWN ***
PayTaxOrDie: shows [Qc Kc] (a pair of Tens)
kniferok: mucks hand 
PayTaxOrDie collected $10.18 from pot
*** SUMMARY ***
Total pot $10.72 | Rake $0.54 
Board [Tc As 2d 8d Ts]
Seat 1: PayTaxOrDie (big blind) showed [Qc Kc] and won ($10.18) with a pair of Tens
Seat 2: Swissstar54 folded before Flop (didn't bet)
Seat 3: rao999 folded before Flop (didn't bet)
Seat 4: kniferok mucked
Seat 5: KeR888 (button) folded before Flop (didn't bet)
Seat 6: NOTfishON (small blind) folded before Flop



PokerStars Hand #254187354933:  Hold'em No Limit ($0.50/$1.00 USD) - 2025/01/04 10:50:17 WET [2025/01/04 5:50:17 ET]
Table 'Svea II' 6-max Seat #6 is the button
Seat 1: PayTaxOrDie ($105.34 in chips) 
Seat 2: Swissstar54 ($47 in chips) 
Seat 3: rao999 ($106.10 in chips) 
Seat 4: kniferok ($100 in chips) 
Seat 5: KeR888 ($100 in chips) 
Seat 6: NOTfishON ($100 in chips) 
PayTaxOrDie: posts small blind $0.50
Swissstar54: posts big blind $1
*** HOLE CARDS ***
rao999: folds 
kniferok: folds 
KeR888: raises $1.50 to $2.50
NOTfishON: folds 
PayTaxOrDie: folds 
Swissstar54: folds 
Uncalled bet ($1.50) returned to KeR888
KeR888 collected $2.50 from pot
KeR888: doesn't show hand 
*** SUMMARY ***
Total pot $2.50 | Rake $0 
Seat 1: PayTaxOrDie (small blind) folded before Flop
Seat 2: Swissstar54 (big blind) folded before Flop
Seat 3: rao999 folded before Flop (didn't bet)
Seat 4: kniferok folded before Flop (didn't bet)
Seat 5: KeR888 collected ($2.50)
Seat 6: NOTfishON (button) folded before Flop (didn't bet)



PokerStars Hand #254187357292:  Hold'em No Limit ($0.50/$1.00 USD) - 2025/01/04 10:50:35 WET [2025/01/04 5:50:35 ET]
Table 'Svea II' 6-max Seat #1 is the button
Seat 1: PayTaxOrDie ($104.84 in chips) 
Seat 2: Swissstar54 ($46 in chips) 
Seat 3: rao999 ($106.10 in chips) 
Seat 4: kniferok ($100 in chips) 
Seat 5: KeR888 ($101.50 in chips) 
Seat 6: NOTfishON ($100 in chips) 
Swissstar54: posts small blind $0.50
rao999: posts big blind $1
*** HOLE CARDS ***
kniferok: raises $1.50 to $2.50
KeR888: folds 
NOTfishON: folds 
PayTaxOrDie: folds 
Swissstar54: calls $2
rao999: folds 
*** FLOP *** [Tc 6s 5d]
Swissstar54: checks 
kniferok: bets $1.88
Swissstar54: calls $1.88
*** TURN *** [Tc 6s 5d] [6c]
Swissstar54: checks 
kniferok: checks 
*** RIVER *** [Tc 6s 5d 6c] [Kc]
Swissstar54: checks 
kniferok: bets $3.56
Swissstar54: folds 
Uncalled bet ($3.56) returned to kniferok
kniferok collected $9.27 from pot
kniferok: doesn't show hand 
*** SUMMARY ***
Total pot $9.76 | Rake $0.49 
Board [Tc 6s 5d 6c Kc]
Seat 1: PayTaxOrDie (button) folded before Flop (didn't bet)
Seat 2: Swissstar54 (small blind) folded on the River
Seat 3: rao999 (big blind) folded before Flop
Seat 4: kniferok collected ($9.27)
Seat 5: KeR888 folded before Flop (didn't bet)
Seat 6: NOTfishON folded before Flop (didn't bet)



PokerStars Hand #254187366340:  Hold'em No Limit ($0.50/$1.00 USD) - 2025/01/04 10:51:43 WET [2025/01/04 5:51:43 ET]
Table 'Svea II' 6-max Seat #2 is the button
Seat 1: PayTaxOrDie ($104.84 in chips) 
Seat 2: Swissstar54 ($41.62 in chips) 
Seat 3: rao999 ($105.10 in chips) 
Seat 4: kniferok ($104.89 in chips) 
Seat 5: KeR888 ($101.50 in chips) 
Seat 6: NOTfishON ($100 in chips) 
rao999: posts small blind $0.50
kniferok: posts big blind $1
*** HOLE CARDS ***
KeR888: folds 
NOTfishON: folds 
PayTaxOrDie: folds 
Swissstar54: folds 
rao999: folds 
Uncalled bet ($0.50) returned to kniferok
kniferok collected $1 from pot
kniferok: doesn't show hand 
*** SUMMARY ***
Total pot $1 | Rake $0 
Seat 1: PayTaxOrDie folded before Flop (didn't bet)
Seat 2: Swissstar54 (button) folded before Flop (didn't bet)
Seat 3: rao999 (small blind) folded before Flop
Seat 4: kniferok (big blind) collected ($1)
Seat 5: KeR888 folded before Flop (didn't bet)
Seat 6: NOTfishON folded before Flop (didn't bet)



PokerStars Hand #254187368300:  Hold'em No Limit ($0.50/$1.00 USD) - 2025/01/04 10:51:58 WET [2025/01/04 5:51:58 ET]
Table 'Svea II' 6-max Seat #3 is the button
Seat 1: PayTaxOrDie ($104.84 in chips) 
Seat 2: Swissstar54 ($41.62 in chips) 
Seat 3: rao999 ($104.60 in chips) 
Seat 4: kniferok ($105.39 in chips) 
Seat 5: KeR888 ($101.50 in chips) 
Seat 6: NOTfishON ($100 in chips) 
kniferok: posts small blind $0.50
KeR888: posts big blind $1
*** HOLE CARDS ***
NOTfishON: folds 
PayTaxOrDie: folds 
Swissstar54: folds 
rao999: raises $1.50 to $2.50
kniferok: folds 
KeR888: folds 
Uncalled bet ($1.50) returned to rao999
rao999 collected $2.50 from pot
rao999: doesn't show hand 
*** SUMMARY ***
Total pot $2.50 | Rake $0 
Seat 1: PayTaxOrDie folded before Flop (didn't bet)
Seat 2: Swissstar54 folded before Flop (didn't bet)
Seat 3: rao999 (button) collected ($2.50)
Seat 4: kniferok (small blind) folded before Flop
Seat 5: KeR888 (big blind) folded before Flop
Seat 6: NOTfishON folded before Flop (didn't bet)



PokerStars Hand #254187371180:  Hold'em No Limit ($0.50/$1.00 USD) - 2025/01/04 10:52:20 WET [2025/01/04 5:52:20 ET]
Table 'Svea II' 6-max Seat #4 is the button
Seat 1: PayTaxOrDie ($104.84 in chips) 
Seat 2: Swissstar54 ($41.62 in chips) 
Seat 3: rao999 ($106.10 in chips) 
Seat 4: kniferok ($104.89 in chips) 
Seat 5: KeR888 ($100.50 in chips) 
Seat 6: NOTfishON ($100 in chips) 
KeR888: posts small blind $0.50
NOTfishON: posts big blind $1
*** HOLE CARDS ***
PayTaxOrDie: raises $1 to $2
Swissstar54: folds 
rao999: folds 
kniferok: folds 
KeR888: folds 
NOTfishON: folds 
Uncalled bet ($1) returned to PayTaxOrDie
PayTaxOrDie collected $2.50 from pot
PayTaxOrDie: doesn't show hand 
*** SUMMARY ***
Total pot $2.50 | Rake $0 
Seat 1: PayTaxOrDie collected ($2.50)
Seat 2: Swissstar54 folded before Flop (didn't bet)
Seat 3: rao999 folded before Flop (didn't bet)
Seat 4: kniferok (button) folded before Flop (didn't bet)
Seat 5: KeR888 (small blind) folded before Flop
Seat 6: NOTfishON (big blind) folded before Flop



PokerStars Hand #254187374574:  Hold'em No Limit ($0.50/$1.00 USD) - 2025/01/04 10:52:46 WET [2025/01/04 5:52:46 ET]
Table 'Svea II' 6-max Seat #5 is the button
Seat 1: PayTaxOrDie ($106.34 in chips) 
Seat 2: Swissstar54 ($41.62 in chips) 
Seat 3: rao999 ($106.10 in chips) 
Seat 4: kniferok ($104.89 in chips) 
Seat 5: KeR888 ($100 in chips) 
Seat 6: NOTfishON ($100 in chips) 
NOTfishON: posts small blind $0.50
PayTaxOrDie: posts big blind $1
*** HOLE CARDS ***
Swissstar54: folds 
rao999: raises $1.50 to $2.50
kniferok: folds 
KeR888: folds 
NOTfishON: raises $8.50 to $11
PayTaxOrDie: folds 
rao999: folds 
Uncalled bet ($8.50) returned to NOTfishON
NOTfishON collected $6 from pot
*** SUMMARY ***
Total pot $6 | Rake $0 
Seat 1: PayTaxOrDie (big blind) folded before Flop
Seat 2: Swissstar54 folded before Flop (didn't bet)
Seat 3: rao999 folded before Flop
Seat 4: kniferok folded before Flop (didn't bet)
Seat 5: KeR888 (button) folded before Flop (didn't bet)
Seat 6: NOTfishON (small blind) collected ($6)



PokerStars Hand #254187380321:  Hold'em No Limit ($0.50/$1.00 USD) - 2025/01/04 10:53:30 WET [2025/01/04 5:53:30 ET]
Table 'Svea II' 6-max Seat #6 is the button
Seat 1: PayTaxOrDie ($105.34 in chips) 
Seat 2: Swissstar54 ($41.62 in chips) 
Seat 3: rao999 ($103.60 in chips) 
Seat 4: kniferok ($104.89 in chips) 
Seat 5: KeR888 ($100 in chips) 
Seat 6: NOTfishON ($103.50 in chips) 
PayTaxOrDie: posts small blind $0.50
Swissstar54: posts big blind $1
*** HOLE CARDS ***
rao999: folds 
kniferok: raises $1.50 to $2.50
KeR888: folds 
NOTfishON: folds 
PayTaxOrDie: folds 
Swissstar54: folds 
Uncalled bet ($1.50) returned to kniferok
kniferok collected $2.50 from pot
kniferok: doesn't show hand 
*** SUMMARY ***
Total pot $2.50 | Rake $0 
Seat 1: PayTaxOrDie (small blind) folded before Flop
Seat 2: Swissstar54 (big blind) folded before Flop
Seat 3: rao999 folded before Flop (didn't bet)
Seat 4: kniferok collected ($2.50)
Seat 5: KeR888 folded before Flop (didn't bet)
Seat 6: NOTfishON (button) folded before Flop (didn't bet)



PokerStars Hand #254187383487:  Hold'em No Limit ($0.50/$1.00 USD) - 2025/01/04 10:53:54 WET [2025/01/04 5:53:54 ET]
Table 'Svea II' 6-max Seat #1 is the button
Seat 1: PayTaxOrDie ($104.84 in chips) 
Seat 2: Swissstar54 ($40.62 in chips) 
Seat 3: rao999 ($103.60 in chips) 
Seat 4: kniferok ($106.39 in chips) 
Seat 5: KeR888 ($100 in chips) 
Seat 6: NOTfishON ($103.50 in chips) 
Swissstar54: posts small blind $0.50
rao999: posts big blind $1
*** HOLE CARDS ***
kniferok: folds 
KeR888: raises $1.20 to $2.20
NOTfishON: folds 
PayTaxOrDie: folds 
Swissstar54: folds 
rao999: calls $1.20
*** FLOP *** [4h 6c Kd]
rao999: checks 
KeR888: bets $1.40
rao999: folds 
Uncalled bet ($1.40) returned to KeR888
KeR888 collected $4.66 from pot
KeR888: doesn't show hand 
*** SUMMARY ***
Total pot $4.90 | Rake $0.24 
Board [4h 6c Kd]
Seat 1: PayTaxOrDie (button) folded before Flop (didn't bet)
Seat 2: Swissstar54 (small blind) folded before Flop
Seat 3: rao999 (big blind) folded on the Flop
Seat 4: kniferok folded before Flop (didn't bet)
Seat 5: KeR888 collected ($4.66)
Seat 6: NOTfishON folded before Flop (didn't bet)



PokerStars Hand #254187389392:  Hold'em No Limit ($0.50/$1.00 USD) - 2025/01/04 10:54:39 WET [2025/01/04 5:54:39 ET]
Table 'Svea II' 6-max Seat #2 is the button
Seat 1: PayTaxOrDie ($104.84 in chips) 
Seat 2: Swissstar54 ($40.12 in chips) 
Seat 3: rao999 ($101.40 in chips) 
Seat 4: kniferok ($106.39 in chips) 
Seat 5: KeR888 ($102.46 in chips) 
Seat 6: NOTfishON ($103.50 in chips) 
rao999: posts small blind $0.50
kniferok: posts big blind $1
*** HOLE CARDS ***
KeR888: folds 
NOTfishON: folds 
PayTaxOrDie: folds 
Swissstar54: folds 
rao999: raises $2 to $3
kniferok: calls $2
*** FLOP *** [4h Td 8s]
rao999: bets $1.88
kniferok: calls $1.88
*** TURN *** [4h Td 8s] [8d]
rao999: bets $6.12
kniferok: folds 
Uncalled bet ($6.12) returned to rao999
rao999 collected $9.27 from pot
rao999: doesn't show hand 
*** SUMMARY ***
Total pot $9.76 | Rake $0.49 
Board [4h Td 8s 8d]
Seat 1: PayTaxOrDie folded before Flop (didn't bet)
Seat 2: Swissstar54 (button) folded before Flop (didn't bet)
Seat 3: rao999 (small blind) collected ($9.27)
Seat 4: kniferok (big blind) folded on the Turn
Seat 5: KeR888 folded before Flop (didn't bet)
Seat 6: NOTfishON folded before Flop (didn't bet)



PokerStars Hand #254187397213:  Hold'em No Limit ($0.50/$1.00 USD) - 2025/01/04 10:55:45 WET [2025/01/04 5:55:45 ET]
Table 'Svea II' 6-max Seat #3 is the button
Seat 1: PayTaxOrDie ($104.84 in chips) 
Seat 2: Swissstar54 ($40.12 in chips) 
Seat 3: rao999 ($105.79 in chips) 
Seat 4: kniferok ($101.51 in chips) 
Seat 5: KeR888 ($102.46 in chips) 
Seat 6: NOTfishON ($103.50 in chips) 
kniferok: posts small blind $0.50
KeR888: posts big blind $1
*** HOLE CARDS ***
NOTfishON: raises $1.10 to $2.10
PayTaxOrDie: folds 
Swissstar54: folds 
rao999: calls $2.10
kniferok: folds 
KeR888: folds 
*** FLOP *** [8s Tc As]
NOTfishON: checks 
rao999: checks 
*** TURN *** [8s Tc As] [Ks]
NOTfishON: bets $5.42
rao999: folds 
Uncalled bet ($5.42) returned to NOTfishON
NOTfishON collected $5.42 from pot
*** SUMMARY ***
Total pot $5.70 | Rake $0.28 
Board [8s Tc As Ks]
Seat 1: PayTaxOrDie folded before Flop (didn't bet)
Seat 2: Swissstar54 folded before Flop (didn't bet)
Seat 3: rao999 (button) folded on the Turn
Seat 4: kniferok (small blind) folded before Flop
Seat 5: KeR888 (big blind) folded before Flop
Seat 6: NOTfishON collected ($5.42)



PokerStars Hand #254187404098:  Hold'em No Limit ($0.50/$1.00 USD) - 2025/01/04 10:56:46 WET [2025/01/04 5:56:46 ET]
Table 'Svea II' 6-max Seat #4 is the button
Seat 1: PayTaxOrDie ($104.84 in chips) 
Seat 2: Swissstar54 ($40.12 in chips) 
Seat 3: rao999 ($103.69 in chips) 
Seat 4: kniferok ($101.01 in chips) 
Seat 5: KeR888 ($101.46 in chips) 
Seat 6: NOTfishON ($106.82 in chips) 
KeR888: posts small blind $0.50
NOTfishON: posts big blind $1
*** HOLE CARDS ***
PayTaxOrDie: folds 
Swissstar54: folds 
rao999: folds 
kniferok: folds 
KeR888: raises $2 to $3
NOTfishON: calls $2
*** FLOP *** [5c 3d 2d]
KeR888: checks 
NOTfishON: bets $1.77
KeR888: raises $5.23 to $7
NOTfishON: folds 
Uncalled bet ($5.23) returned to KeR888
KeR888 collected $9.06 from pot
KeR888: doesn't show hand 
*** SUMMARY ***
Total pot $9.54 | Rake $0.48 
Board [5c 3d 2d]
Seat 1: PayTaxOrDie folded before Flop (didn't bet)
Seat 2: Swissstar54 folded before Flop (didn't bet)
Seat 3: rao999 folded before Flop (didn't bet)
Seat 4: kniferok (button) folded before Flop (didn't bet)
Seat 5: KeR888 (small blind) collected ($9.06)
Seat 6: NOTfishON (big blind) folded on the Flop



PokerStars Hand #254187410980:  Hold'em No Limit ($0.50/$1.00 USD) - 2025/01/04 10:57:47 WET [2025/01/04 5:57:47 ET]
Table 'Svea II' 6-max Seat #5 is the button
Seat 1: PayTaxOrDie ($104.84 in chips) 
Seat 2: Swissstar54 ($40.12 in chips) 
Seat 3: rao999 ($103.69 in chips) 
Seat 4: kniferok ($101.01 in chips) 
Seat 5: KeR888 ($105.75 in chips) 
Seat 6: NOTfishON ($102.05 in chips) 
NOTfishON: posts small blind $0.50
PayTaxOrDie: posts big blind $1
*** HOLE CARDS ***
Swissstar54: folds 
rao999: folds 
kniferok: folds 
KeR888: folds 
NOTfishON: folds 
Uncalled bet ($0.50) returned to PayTaxOrDie
PayTaxOrDie collected $1 from pot
PayTaxOrDie: doesn't show hand 
*** SUMMARY ***
Total pot $1 | Rake $0 
Seat 1: PayTaxOrDie (big blind) collected ($1)
Seat 2: Swissstar54 folded before Flop (didn't bet)
Seat 3: rao999 folded before Flop (didn't bet)
Seat 4: kniferok folded before Flop (didn't bet)
Seat 5: KeR888 (button) folded before Flop (didn't bet)
Seat 6: NOTfishON (small blind) folded before Flop



PokerStars Hand #254187413596:  Hold'em No Limit ($0.50/$1.00 USD) - 2025/01/04 10:58:10 WET [2025/01/04 5:58:10 ET]
Table 'Svea II' 6-max Seat #6 is the button
Seat 1: PayTaxOrDie ($105.34 in chips) 
Seat 2: Swissstar54 ($40.12 in chips) 
Seat 3: rao999 ($103.69 in chips) 
Seat 4: kniferok ($101.01 in chips) 
Seat 5: KeR888 ($105.75 in chips) 
Seat 6: NOTfishON ($101.55 in chips) 
PayTaxOrDie: posts small blind $0.50
Swissstar54: posts big blind $1
*** HOLE CARDS ***
rao999: folds 
kniferok: folds 
KeR888: folds 
NOTfishON: folds 
PayTaxOrDie: raises $2 to $3
Swissstar54: calls $2
*** FLOP *** [2c Tc 8h]
PayTaxOrDie: checks 
Swissstar54: checks 
*** TURN *** [2c Tc 8h] [9d]
PayTaxOrDie: checks 
Swissstar54: bets $3
PayTaxOrDie: calls $3
*** RIVER *** [2c Tc 8h 9d] [Qh]
PayTaxOrDie: checks 
Swissstar54: checks 
*** SHOW DOWN ***
PayTaxOrDie: shows [Js As] (a straight, Eight to Queen)
Swissstar54: mucks hand 
PayTaxOrDie collected $11.40 from pot
*** SUMMARY ***
Total pot $12 | Rake $0.60 
Board [2c Tc 8h 9d Qh]
Seat 1: PayTaxOrDie (small blind) showed [Js As] and won ($11.40) with a straight, Eight to Queen
Seat 2: Swissstar54 (big blind) mucked
Seat 3: rao999 folded before Flop (didn't bet)
Seat 4: kniferok folded before Flop (didn't bet)
Seat 5: KeR888 folded before Flop (didn't bet)
Seat 6: NOTfishON (button) folded before Flop (didn't bet)



PokerStars Hand #254187421361:  Hold'em No Limit ($0.50/$1.00 USD) - 2025/01/04 10:59:17 WET [2025/01/04 5:59:17 ET]
Table 'Svea II' 6-max Seat #1 is the button
Seat 3: rao999 ($103.69 in chips) is sitting out
Seat 1: PayTaxOrDie ($110.74 in chips) 
Seat 2: Swissstar54 ($34.12 in chips) 
Seat 4: kniferok ($101.01 in chips) 
Seat 5: KeR888 ($105.75 in chips) 
Seat 6: NOTfishON ($101.55 in chips) 
Swissstar54: posts small blind $0.50
rao999: is sitting out 
kniferok: posts big blind $1
*** HOLE CARDS ***
rao999 leaves the table
Dai5dop joins the table at seat #3 
KeR888: raises $1.20 to $2.20
NOTfishON: folds 
PayTaxOrDie: raises $5.30 to $7.50
Swissstar54: raises $26.62 to $34.12 and is all-in
kniferok: folds 
KeR888: folds 
PayTaxOrDie: calls $26.62
*** FLOP *** [Qc 7d 2c]
*** TURN *** [Qc 7d 2c] [7h]
*** RIVER *** [Qc 7d 2c 7h] [8s]
*** SHOW DOWN ***
Swissstar54: shows [Js Jh] (two pair, Jacks and Sevens)
PayTaxOrDie: shows [Ad Qd] (two pair, Queens and Sevens)
PayTaxOrDie collected $68.94 from pot
*** SUMMARY ***
Total pot $71.44 | Rake $2.50 
Board [Qc 7d 2c 7h 8s]
Seat 3: rao999
Seat 1: PayTaxOrDie (button) showed [Ad Qd] and won ($68.94) with two pair, Queens and Sevens
Seat 2: Swissstar54 (small blind) showed [Js Jh] and lost with two pair, Jacks and Sevens
Seat 4: kniferok (big blind) folded before Flop
Seat 5: KeR888 folded before Flop
Seat 6: NOTfishON folded before Flop (didn't bet)



PokerStars Hand #254187427017:  Hold'em No Limit ($0.50/$1.00 USD) - 2025/01/04 11:00:06 WET [2025/01/04 6:00:06 ET]
Table 'Svea II' 6-max Seat #4 is the button
Seat 2: Swissstar54 ($0 in chips) is sitting out
Seat 3: Dai5dop ($100 in chips) is sitting out
Seat 1: PayTaxOrDie ($145.56 in chips) 
Seat 4: kniferok ($100.01 in chips) 
Seat 5: KeR888 ($103.55 in chips) 
Seat 6: NOTfishON ($101.55 in chips) 
KeR888: posts small blind $0.50
NOTfishON: posts big blind $1
Dai5dop: sits out 
*** HOLE CARDS ***
PayTaxOrDie: folds 
kniferok: folds 
Swissstar54 leaves the table
KeR888: folds 
Uncalled bet ($0.50) returned to NOTfishON
NOTfishON collected $1 from pot
*** SUMMARY ***
Total pot $1 | Rake $0 
Seat 2: Swissstar54
Seat 3: Dai5dop
Seat 1: PayTaxOrDie folded before Flop (didn't bet)
Seat 4: kniferok (button) folded before Flop (didn't bet)
Seat 5: KeR888 (small blind) folded before Flop
Seat 6: NOTfishON (big blind) collected ($1)



PokerStars Hand #254187429190:  Hold'em No Limit ($0.50/$1.00 USD) - 2025/01/04 11:00:24 WET [2025/01/04 6:00:24 ET]
Table 'Svea II' 6-max Seat #5 is the button
Seat 3: Dai5dop ($100 in chips) is sitting out
Seat 1: PayTaxOrDie ($145.56 in chips) 
Seat 4: kniferok ($100.01 in chips) 
Seat 5: KeR888 ($103.05 in chips) 
Seat 6: NOTfishON ($102.05 in chips) 
NOTfishON: posts small blind $0.50
PayTaxOrDie: posts big blind $1
Dai5dop: sits out 
*** HOLE CARDS ***
kniferok: raises $1.50 to $2.50
KeR888: folds 
NOTfishON: raises $8.50 to $11
PayTaxOrDie: folds 
kniferok: folds 
Uncalled bet ($8.50) returned to NOTfishON
NOTfishON collected $6 from pot
*** SUMMARY ***
Total pot $6 | Rake $0 
Seat 3: Dai5dop
Seat 1: PayTaxOrDie (big blind) folded before Flop
Seat 4: kniferok folded before Flop
Seat 5: KeR888 (button) folded before Flop (didn't bet)
Seat 6: NOTfishON (small blind) collected ($6)



PokerStars Hand #254187432238:  Hold'em No Limit ($0.50/$1.00 USD) - 2025/01/04 11:00:49 WET [2025/01/04 6:00:49 ET]
Table 'Svea II' 6-max Seat #6 is the button
Seat 1: PayTaxOrDie ($144.56 in chips) 
Seat 3: Dai5dop ($100 in chips) 
Seat 4: kniferok ($100 in chips) 
Seat 5: KeR888 ($103.05 in chips) 
Seat 6: NOTfishON ($105.55 in chips) 
PayTaxOrDie: posts small blind $0.50
Dai5dop: posts big blind $1
*** HOLE CARDS ***
kniferok: folds 
KeR888: raises $1.20 to $2.20
NOTfishON: raises $4.80 to $7
PayTaxOrDie: folds 
Dai5dop: folds 
KeR888: calls $4.80
*** FLOP *** [As 2d Js]
KeR888: checks 
NOTfishON: bets $4.56
KeR888: folds 
Uncalled bet ($4.56) returned to NOTfishON
NOTfishON collected $14.72 from pot
*** SUMMARY ***
Total pot $15.50 | Rake $0.78 
Board [As 2d Js]
Seat 1: PayTaxOrDie (small blind) folded before Flop
Seat 3: Dai5dop (big blind) folded before Flop
Seat 4: kniferok folded before Flop (didn't bet)
Seat 5: KeR888 folded on the Flop
Seat 6: NOTfishON (button) collected ($14.72)



PokerStars Hand #254187439700:  Hold'em No Limit ($0.50/$1.00 USD) - 2025/01/04 11:01:46 WET [2025/01/04 6:01:46 ET]
Table 'Svea II' 6-max Seat #3 is the button
Seat 4: kniferok ($100 in chips) is sitting out
Seat 5: KeR888 ($100 in chips) is sitting out
Seat 6: NOTfishON ($113.27 in chips) is sitting out
Seat 1: PayTaxOrDie ($144.06 in chips) 
Seat 3: Dai5dop ($100 in chips) 
Dai5dop: posts small blind $0.50
kniferok: is sitting out 
KeR888: is sitting out 
NOTfishON: is sitting out 
PayTaxOrDie: posts big blind $1
*** HOLE CARDS ***
NOTfishON leaves the table
Dai5dop: raises $1.50 to $2.50
kniferok leaves the table
KeR888 leaves the table
PayTaxOrDie: folds 
Uncalled bet ($1.50) returned to Dai5dop
Dai5dop collected $2 from pot
Dai5dop: doesn't show hand 
Aescul@pius joins the table at seat #5 
*** SUMMARY ***
Total pot $2 | Rake $0 
Seat 4: kniferok
Seat 5: KeR888
Seat 6: NOTfishON
Seat 1: PayTaxOrDie (big blind) folded before Flop
Seat 3: Dai5dop (button) (small blind) collected ($2)



PokerStars Hand #254187441629:  Hold'em No Limit ($0.50/$1.00 USD) - 2025/01/04 11:02:02 WET [2025/01/04 6:02:02 ET]
Table 'Svea II' 6-max Seat #1 is the button
Seat 1: PayTaxOrDie ($143.06 in chips) 
Seat 3: Dai5dop ($101 in chips) 
Seat 5: Aescul@pius ($100 in chips) 
Dai5dop: posts small blind $0.50
Aescul@pius is connected 
Aescul@pius: posts big blind $1
*** HOLE CARDS ***
PayTaxOrDie: raises $1.50 to $2.50
Dai5dop: folds 
Aescul@pius: folds 
Uncalled bet ($1.50) returned to PayTaxOrDie
PayTaxOrDie collected $2.50 from pot
PayTaxOrDie: doesn't show hand 
*** SUMMARY ***
Total pot $2.50 | Rake $0 
Seat 1: PayTaxOrDie (button) collected ($2.50)
Seat 3: Dai5dop (small blind) folded before Flop
Seat 5: Aescul@pius (big blind) folded before Flop



PokerStars Hand #254187443358:  Hold'em No Limit ($0.50/$1.00 USD) - 2025/01/04 11:02:15 WET [2025/01/04 6:02:15 ET]
Table 'Svea II' 6-max Seat #3 is the button
Seat 1: PayTaxOrDie ($144.56 in chips) 
Seat 3: Dai5dop ($100.50 in chips) 
Seat 5: Aescul@pius ($100 in chips) 
Aescul@pius: posts small blind $0.50
PayTaxOrDie: posts big blind $1
*** HOLE CARDS ***
Dai5dop: folds 
Aescul@pius: raises $2 to $3
PayTaxOrDie: raises $6 to $9
Aescul@pius: raises $15 to $24
Dai5dop leaves the table
PayTaxOrDie: raises $120.56 to $144.56 and is all-in
Aescul@pius: calls $76 and is all-in
Uncalled bet ($44.56) returned to PayTaxOrDie
*** FLOP *** [5s 5c Ac]
*** TURN *** [5s 5c Ac] [Kh]
*** RIVER *** [5s 5c Ac Kh] [Ks]
*** SHOW DOWN ***
Aescul@pius: shows [Qh Qc] (two pair, Kings and Queens)
PayTaxOrDie: shows [Jc Jd] (two pair, Kings and Jacks)
Aescul@pius collected $199 from pot
*** SUMMARY ***
Total pot $200 | Rake $1 
Board [5s 5c Ac Kh Ks]
Seat 1: PayTaxOrDie (big blind) showed [Jc Jd] and lost with two pair, Kings and Jacks
Seat 3: Dai5dop (button) folded before Flop (didn't bet)
Seat 5: Aescul@pius (small blind) showed [Qh Qc] and won ($199) with two pair, Kings and Queens



PokerStars Hand #254187486728:  Hold'em No Limit ($0.50/$1.00 USD) - 2025/01/04 11:07:34 WET [2025/01/04 6:07:34 ET]
Table 'Svea II' 6-max Seat #5 is the button
Seat 1: PayTaxOrDie ($100 in chips) 
Seat 3: MAO_DZEDYN_S ($100 in chips) 
Seat 5: ChrispyL ($100 in chips) 
PayTaxOrDie: posts small blind $0.50
MAO_DZEDYN_S: posts big blind $1
*** HOLE CARDS ***
ChrispyL: folds 
PayTaxOrDie: raises $2 to $3
MAO_DZEDYN_S: calls $2
*** FLOP *** [2h 6s Kh]
PayTaxOrDie: bets $1.43
MAO_DZEDYN_S: calls $1.43
*** TURN *** [2h 6s Kh] [Ac]
PayTaxOrDie: bets $14.73
MAO_DZEDYN_S: folds 
Uncalled bet ($14.73) returned to PayTaxOrDie
PayTaxOrDie collected $8.42 from pot
PayTaxOrDie: doesn't show hand 
*** SUMMARY ***
Total pot $8.86 | Rake $0.44 
Board [2h 6s Kh Ac]
Seat 1: PayTaxOrDie (small blind) collected ($8.42)
Seat 3: MAO_DZEDYN_S (big blind) folded on the Turn
Seat 5: ChrispyL (button) folded before Flop (didn't bet)



PokerStars Hand #254187495473:  Hold'em No Limit ($0.50/$1.00 USD) - 2025/01/04 11:08:39 WET [2025/01/04 6:08:39 ET]
Table 'Svea II' 6-max Seat #1 is the button
Seat 1: PayTaxOrDie ($103.99 in chips) 
Seat 3: MAO_DZEDYN_S ($100 in chips) 
Seat 5: ChrispyL ($100 in chips) 
MAO_DZEDYN_S: posts small blind $0.50
ChrispyL: posts big blind $1
*** HOLE CARDS ***
PayTaxOrDie: raises $1.50 to $2.50
G.Andrei95 joins the table at seat #6 
stevieh124 joins the table at seat #4 
MAO_DZEDYN_S: folds 
ChrispyL: calls $1.50
*** FLOP *** [3c Jc 7s]
ChrispyL: checks 
Flooris123 joins the table at seat #2 
PayTaxOrDie: bets $2.09
ChrispyL: folds 
Uncalled bet ($2.09) returned to PayTaxOrDie
PayTaxOrDie collected $5.22 from pot
PayTaxOrDie: doesn't show hand 
*** SUMMARY ***
Total pot $5.50 | Rake $0.28 
Board [3c Jc 7s]
Seat 1: PayTaxOrDie (button) collected ($5.22)
Seat 3: MAO_DZEDYN_S (small blind) folded before Flop
Seat 5: ChrispyL (big blind) folded on the Flop



PokerStars Hand #254187500207:  Hold'em No Limit ($0.50/$1.00 USD) - 2025/01/04 11:09:13 WET [2025/01/04 6:09:13 ET]
Table 'Svea II' 6-max Seat #3 is the button
Seat 2: Flooris123 ($100 in chips) is sitting out
Seat 4: stevieh124 ($100 in chips) is sitting out
Seat 1: PayTaxOrDie ($106.71 in chips) 
Seat 3: MAO_DZEDYN_S ($100 in chips) 
Seat 5: ChrispyL ($97.50 in chips) 
Seat 6: G.Andrei95 ($100 in chips) 
ChrispyL: posts small blind $0.50
G.Andrei95: posts big blind $1
Flooris123: sits out 
*** HOLE CARDS ***
PayTaxOrDie: folds 
MAO_DZEDYN_S: folds 
ChrispyL: folds 
Uncalled bet ($0.50) returned to G.Andrei95
G.Andrei95 collected $1 from pot
G.Andrei95: doesn't show hand 
*** SUMMARY ***
Total pot $1 | Rake $0 
Seat 2: Flooris123
Seat 4: stevieh124
Seat 1: PayTaxOrDie folded before Flop (didn't bet)
Seat 3: MAO_DZEDYN_S (button) folded before Flop (didn't bet)
Seat 5: ChrispyL (small blind) folded before Flop
Seat 6: G.Andrei95 (big blind) collected ($1)



PokerStars Hand #254187501654:  Hold'em No Limit ($0.50/$1.00 USD) - 2025/01/04 11:09:24 WET [2025/01/04 6:09:24 ET]
Table 'Svea II' 6-max Seat #5 is the button
Seat 2: Flooris123 ($100 in chips) is sitting out
Seat 4: stevieh124 ($100 in chips) is sitting out
Seat 1: PayTaxOrDie ($106.71 in chips) 
Seat 3: MAO_DZEDYN_S ($100 in chips) 
Seat 5: ChrispyL ($97 in chips) 
Seat 6: G.Andrei95 ($100.50 in chips) 
G.Andrei95: posts small blind $0.50
PayTaxOrDie: posts big blind $1
Flooris123: sits out 
stevieh124: sits out 
*** HOLE CARDS ***
MAO_DZEDYN_S: folds 
ChrispyL: raises $1 to $2
G.Andrei95: folds 
PayTaxOrDie: calls $1
*** FLOP *** [3s Td 4h]
PayTaxOrDie: checks 
ChrispyL: bets $5.28
PayTaxOrDie: calls $5.28
*** TURN *** [3s Td 4h] [As]
PayTaxOrDie: checks 
ChrispyL: checks 
*** RIVER *** [3s Td 4h As] [2h]
PayTaxOrDie: checks 
ChrispyL: checks 
*** SHOW DOWN ***
PayTaxOrDie: shows [Js Tc] (a pair of Tens)
ChrispyL: mucks hand 
PayTaxOrDie collected $14.31 from pot
*** SUMMARY ***
Total pot $15.06 | Rake $0.75 
Board [3s Td 4h As 2h]
Seat 2: Flooris123
Seat 4: stevieh124
Seat 1: PayTaxOrDie (big blind) showed [Js Tc] and won ($14.31) with a pair of Tens
Seat 3: MAO_DZEDYN_S folded before Flop (didn't bet)
Seat 5: ChrispyL (button) mucked
Seat 6: G.Andrei95 (small blind) folded before Flop



PokerStars Hand #254187511332:  Hold'em No Limit ($0.50/$1.00 USD) - 2025/01/04 11:10:36 WET [2025/01/04 6:10:36 ET]
Table 'Svea II' 6-max Seat #6 is the button
Seat 4: stevieh124 ($100 in chips) is sitting out
Seat 5: ChrispyL ($89.72 in chips) is sitting out
Seat 1: PayTaxOrDie ($113.74 in chips) 
Seat 2: Flooris123 ($100 in chips) 
Seat 3: MAO_DZEDYN_S ($100 in chips) 
Seat 6: G.Andrei95 ($100 in chips) 
PayTaxOrDie: posts small blind $0.50
Flooris123: posts big blind $1
stevieh124: sits out 
*** HOLE CARDS ***
MAO_DZEDYN_S: folds 
G.Andrei95: folds 
PayTaxOrDie: raises $2 to $3
Flooris123: calls $2
*** FLOP *** [2h Ks Kd]
stevieh124 leaves the table
PayTaxOrDie: bets $1.43
Dai5dop joins the table at seat #4 
Flooris123: raises $1.43 to $2.86
PayTaxOrDie: folds 
Uncalled bet ($1.43) returned to Flooris123
Flooris123 collected $8.42 from pot
Flooris123: doesn't show hand 
*** SUMMARY ***
Total pot $8.86 | Rake $0.44 
Board [2h Ks Kd]
Seat 4: stevieh124
Seat 5: ChrispyL
Seat 1: PayTaxOrDie (small blind) folded on the Flop
Seat 2: Flooris123 (big blind) collected ($8.42)
Seat 3: MAO_DZEDYN_S folded before Flop (didn't bet)
Seat 6: G.Andrei95 (button) folded before Flop (didn't bet)



PokerStars Hand #254187515629:  Hold'em No Limit ($0.50/$1.00 USD) - 2025/01/04 11:11:08 WET [2025/01/04 6:11:08 ET]
Table 'Svea II' 6-max Seat #1 is the button
Seat 4: Dai5dop ($100.50 in chips) is sitting out
Seat 5: ChrispyL ($89.72 in chips) is sitting out
Seat 1: PayTaxOrDie ($109.31 in chips) 
Seat 2: Flooris123 ($103.99 in chips) 
Seat 3: MAO_DZEDYN_S ($100 in chips) 
Seat 6: G.Andrei95 ($100 in chips) 
Flooris123: posts small blind $0.50
MAO_DZEDYN_S: posts big blind $1
Dai5dop: sits out 
*** HOLE CARDS ***
G.Andrei95: folds 
PayTaxOrDie: folds 
Flooris123: calls $0.50
ChrispyL leaves the table
stevieh124 joins the table at seat #5 
MAO_DZEDYN_S: checks 
*** FLOP *** [Td Js Ad]
Flooris123: checks 
MAO_DZEDYN_S: bets $1.43
Flooris123: folds 
Uncalled bet ($1.43) returned to MAO_DZEDYN_S
MAO_DZEDYN_S collected $1.90 from pot
MAO_DZEDYN_S: doesn't show hand 
*** SUMMARY ***
Total pot $2 | Rake $0.10 
Board [Td Js Ad]
Seat 4: Dai5dop
Seat 5: ChrispyL
Seat 1: PayTaxOrDie (button) folded before Flop (didn't bet)
Seat 2: Flooris123 (small blind) folded on the Flop
Seat 3: MAO_DZEDYN_S (big blind) collected ($1.90)
Seat 6: G.Andrei95 folded before Flop (didn't bet)



PokerStars Hand #254187522712:  Hold'em No Limit ($0.50/$1.00 USD) - 2025/01/04 11:12:00 WET [2025/01/04 6:12:00 ET]
Table 'Svea II' 6-max Seat #2 is the button
Seat 5: stevieh124 ($100 in chips) is sitting out
Seat 1: PayTaxOrDie ($109.31 in chips) 
Seat 2: Flooris123 ($102.99 in chips) 
Seat 3: MAO_DZEDYN_S ($100.90 in chips) 
Seat 4: Dai5dop ($100.50 in chips) 
Seat 6: G.Andrei95 ($100 in chips) 
MAO_DZEDYN_S: posts small blind $0.50
Dai5dop: posts big blind $1
stevieh124: sits out 
*** HOLE CARDS ***
G.Andrei95: folds 
PayTaxOrDie: folds 
Flooris123: calls $1
MAO_DZEDYN_S: folds 
Dai5dop: raises $3 to $4
Flooris123: calls $3
*** FLOP *** [Kd 7h Qs]
Dai5dop: bets $2.42
Flooris123: calls $2.42
*** TURN *** [Kd 7h Qs] [Kh]
Dai5dop: bets $9.50
Flooris123: folds 
Uncalled bet ($9.50) returned to Dai5dop
Dai5dop collected $12.67 from pot
Dai5dop: doesn't show hand 
*** SUMMARY ***
Total pot $13.34 | Rake $0.67 
Board [Kd 7h Qs Kh]
Seat 5: stevieh124
Seat 1: PayTaxOrDie folded before Flop (didn't bet)
Seat 2: Flooris123 (button) folded on the Turn
Seat 3: MAO_DZEDYN_S (small blind) folded before Flop
Seat 4: Dai5dop (big blind) collected ($12.67)
Seat 6: G.Andrei95 folded before Flop (didn't bet)



PokerStars Hand #254187529705:  Hold'em No Limit ($0.50/$1.00 USD) - 2025/01/04 11:12:51 WET [2025/01/04 6:12:51 ET]
Table 'Svea II' 6-max Seat #3 is the button
Seat 1: PayTaxOrDie ($109.31 in chips) 
Seat 2: Flooris123 ($96.57 in chips) 
Seat 3: MAO_DZEDYN_S ($100.40 in chips) 
Seat 4: Dai5dop ($106.75 in chips) 
Seat 5: stevieh124 ($100 in chips) 
Seat 6: G.Andrei95 ($100 in chips) 
Dai5dop: posts small blind $0.50
stevieh124: posts big blind $1
*** HOLE CARDS ***
G.Andrei95: folds 
PayTaxOrDie: raises $1 to $2
Flooris123: folds 
MAO_DZEDYN_S: folds 
Dai5dop: folds 
stevieh124: folds 
Uncalled bet ($1) returned to PayTaxOrDie
PayTaxOrDie collected $2.50 from pot
PayTaxOrDie: doesn't show hand 
*** SUMMARY ***
Total pot $2.50 | Rake $0 
Seat 1: PayTaxOrDie collected ($2.50)
Seat 2: Flooris123 folded before Flop (didn't bet)
Seat 3: MAO_DZEDYN_S (button) folded before Flop (didn't bet)
Seat 4: Dai5dop (small blind) folded before Flop
Seat 5: stevieh124 (big blind) folded before Flop
Seat 6: G.Andrei95 folded before Flop (didn't bet)



PokerStars Hand #254187660147:  Hold'em No Limit ($0.50/$1.00 USD) - 2025/01/04 11:28:39 WET [2025/01/04 6:28:39 ET]
Table 'Svea II' 6-max Seat #4 is the button
Seat 1: coeeeelho ($100 in chips) is sitting out
Seat 2: Flooris123 ($70.39 in chips) 
Seat 3: MauriFierro27 ($102.97 in chips) 
Seat 4: Dai5dop ($116.62 in chips) 
Seat 5: stevieh124 ($100.57 in chips) 
Seat 6: G.Andrei95 ($147.46 in chips) 
stevieh124: posts small blind $0.50
G.Andrei95: posts big blind $1
coeeeelho: sits out 
*** HOLE CARDS ***
Flooris123: calls $1
MauriFierro27: folds 
Dai5dop: folds 
stevieh124: calls $0.50
G.Andrei95: checks 
*** FLOP *** [5h 3h 3c]
stevieh124: checks 
G.Andrei95: checks 
Flooris123: checks 
*** TURN *** [5h 3h 3c] [Jh]
stevieh124: checks 
G.Andrei95: checks 
Flooris123: bets $2.85
stevieh124: folds 
G.Andrei95: folds 
Uncalled bet ($2.85) returned to Flooris123
Flooris123 collected $2.85 from pot
Flooris123: doesn't show hand 
*** SUMMARY ***
Total pot $3 | Rake $0.15 
Board [5h 3h 3c Jh]
Seat 1: coeeeelho
Seat 2: Flooris123 collected ($2.85)
Seat 3: MauriFierro27 folded before Flop (didn't bet)
Seat 4: Dai5dop (button) folded before Flop (didn't bet)
Seat 5: stevieh124 (small blind) folded on the Turn
Seat 6: G.Andrei95 (big blind) folded on the Turn



PokerStars Hand #254187667465:  Hold'em No Limit ($0.50/$1.00 USD) - 2025/01/04 11:29:32 WET [2025/01/04 6:29:32 ET]
Table 'Svea II' 6-max Seat #5 is the button
Seat 1: coeeeelho ($100 in chips) 
Seat 2: Flooris123 ($72.24 in chips) 
Seat 3: MauriFierro27 ($102.97 in chips) 
Seat 4: Dai5dop ($116.62 in chips) 
Seat 5: stevieh124 ($100 in chips) 
Seat 6: G.Andrei95 ($146.46 in chips) 
G.Andrei95: posts small blind $0.50
coeeeelho: posts big blind $1
*** HOLE CARDS ***
Flooris123: calls $1
MauriFierro27: folds 
Dai5dop: folds 
stevieh124: folds 
G.Andrei95: folds 
coeeeelho: checks 
*** FLOP *** [9c 5c 3d]
coeeeelho: checks 
Flooris123: checks 
*** TURN *** [9c 5c 3d] [9s]
coeeeelho: bets $1.78
Flooris123: calls $1.78
*** RIVER *** [9c 5c 3d 9s] [Ks]
coeeeelho: bets $4.32
Flooris123: folds 
Uncalled bet ($4.32) returned to coeeeelho
coeeeelho collected $5.76 from pot
coeeeelho: doesn't show hand 
*** SUMMARY ***
Total pot $6.06 | Rake $0.30 
Board [9c 5c 3d 9s Ks]
Seat 1: coeeeelho (big blind) collected ($5.76)
Seat 2: Flooris123 folded on the River
Seat 3: MauriFierro27 folded before Flop (didn't bet)
Seat 4: Dai5dop folded before Flop (didn't bet)
Seat 5: stevieh124 (button) folded before Flop (didn't bet)
Seat 6: G.Andrei95 (small blind) folded before Flop



PokerStars Hand #254187673372:  Hold'em No Limit ($0.50/$1.00 USD) - 2025/01/04 11:30:14 WET [2025/01/04 6:30:14 ET]
Table 'Svea II' 6-max Seat #6 is the button
Seat 1: coeeeelho ($102.98 in chips) 
Seat 2: Flooris123 ($69.46 in chips) 
Seat 3: MauriFierro27 ($102.97 in chips) 
Seat 4: Dai5dop ($116.62 in chips) 
Seat 5: stevieh124 ($100 in chips) 
Seat 6: G.Andrei95 ($145.96 in chips) 
coeeeelho: posts small blind $0.50
Flooris123: posts big blind $1
*** HOLE CARDS ***
MauriFierro27: folds 
Dai5dop: folds 
stevieh124: folds 
G.Andrei95: folds 
coeeeelho: raises $2 to $3
Flooris123: calls $2
*** FLOP *** [As 4d Qc]
coeeeelho: bets $1.43
Flooris123: raises $1.43 to $2.86
coeeeelho: calls $1.43
*** TURN *** [As 4d Qc] [Qh]
coeeeelho: checks 
Flooris123: checks 
*** RIVER *** [As 4d Qc Qh] [6s]
coeeeelho: bets $15
Flooris123: folds 
Uncalled bet ($15) returned to coeeeelho
coeeeelho collected $11.13 from pot
coeeeelho: doesn't show hand 
*** SUMMARY ***
Total pot $11.72 | Rake $0.59 
Board [As 4d Qc Qh 6s]
Seat 1: coeeeelho (small blind) collected ($11.13)
Seat 2: Flooris123 (big blind) folded on the River
Seat 3: MauriFierro27 folded before Flop (didn't bet)
Seat 4: Dai5dop folded before Flop (didn't bet)
Seat 5: stevieh124 folded before Flop (didn't bet)
Seat 6: G.Andrei95 (button) folded before Flop (didn't bet)



PokerStars Hand #254187679392:  Hold'em No Limit ($0.50/$1.00 USD) - 2025/01/04 11:30:57 WET [2025/01/04 6:30:57 ET]
Table 'Svea II' 6-max Seat #1 is the button
Seat 1: coeeeelho ($108.25 in chips) 
Seat 2: Flooris123 ($63.60 in chips) 
Seat 3: MauriFierro27 ($102.97 in chips) 
Seat 4: Dai5dop ($116.62 in chips) 
Seat 5: stevieh124 ($100 in chips) 
Seat 6: G.Andrei95 ($145.96 in chips) 
Flooris123: posts small blind $0.50
MauriFierro27: posts big blind $1
*** HOLE CARDS ***
Dai5dop: folds 
stevieh124: raises $1 to $2
G.Andrei95: folds 
coeeeelho: folds 
Flooris123: calls $1.50
MauriFierro27: calls $1
*** FLOP *** [3d 7d 4s]
Flooris123: checks 
MauriFierro27: checks 
stevieh124: bets $3.85
Flooris123: folds 
MauriFierro27: folds 
Uncalled bet ($3.85) returned to stevieh124
stevieh124 collected $5.70 from pot
stevieh124: doesn't show hand 
*** SUMMARY ***
Total pot $6 | Rake $0.30 
Board [3d 7d 4s]
Seat 1: coeeeelho (button) folded before Flop (didn't bet)
Seat 2: Flooris123 (small blind) folded on the Flop
Seat 3: MauriFierro27 (big blind) folded on the Flop
Seat 4: Dai5dop folded before Flop (didn't bet)
Seat 5: stevieh124 collected ($5.70)
Seat 6: G.Andrei95 folded before Flop (didn't bet)



PokerStars Hand #254187683602:  Hold'em No Limit ($0.50/$1.00 USD) - 2025/01/04 11:31:28 WET [2025/01/04 6:31:28 ET]
Table 'Svea II' 6-max Seat #2 is the button
Seat 1: coeeeelho ($108.25 in chips) 
Seat 2: Flooris123 ($61.60 in chips) 
Seat 3: MauriFierro27 ($100.97 in chips) 
Seat 4: Dai5dop ($116.62 in chips) 
Seat 5: stevieh124 ($103.70 in chips) 
Seat 6: G.Andrei95 ($145.96 in chips) 
MauriFierro27: posts small blind $0.50
Dai5dop: posts big blind $1
*** HOLE CARDS ***
stevieh124: folds 
G.Andrei95: folds 
coeeeelho: folds 
Flooris123: folds 
MauriFierro27: folds 
Uncalled bet ($0.50) returned to Dai5dop
Dai5dop collected $1 from pot
Dai5dop: doesn't show hand 
*** SUMMARY ***
Total pot $1 | Rake $0 
Seat 1: coeeeelho folded before Flop (didn't bet)
Seat 2: Flooris123 (button) folded before Flop (didn't bet)
Seat 3: MauriFierro27 (small blind) folded before Flop
Seat 4: Dai5dop (big blind) collected ($1)
Seat 5: stevieh124 folded before Flop (didn't bet)
Seat 6: G.Andrei95 folded before Flop (didn't bet)



PokerStars Hand #254187685248:  Hold'em No Limit ($0.50/$1.00 USD) - 2025/01/04 11:31:40 WET [2025/01/04 6:31:40 ET]
Table 'Svea II' 6-max Seat #3 is the button
Seat 1: coeeeelho ($108.25 in chips) 
Seat 2: Flooris123 ($61.60 in chips) 
Seat 3: MauriFierro27 ($100.47 in chips) 
Seat 4: Dai5dop ($117.12 in chips) 
Seat 5: stevieh124 ($103.70 in chips) 
Seat 6: G.Andrei95 ($145.96 in chips) 
Dai5dop: posts small blind $0.50
stevieh124: posts big blind $1
*** HOLE CARDS ***
G.Andrei95: folds 
coeeeelho: folds 
Flooris123: folds 
MauriFierro27: folds 
Dai5dop: folds 
Uncalled bet ($0.50) returned to stevieh124
stevieh124 collected $1 from pot
stevieh124: doesn't show hand 
*** SUMMARY ***
Total pot $1 | Rake $0 
Seat 1: coeeeelho folded before Flop (didn't bet)
Seat 2: Flooris123 folded before Flop (didn't bet)
Seat 3: MauriFierro27 (button) folded before Flop (didn't bet)
Seat 4: Dai5dop (small blind) folded before Flop
Seat 5: stevieh124 (big blind) collected ($1)
Seat 6: G.Andrei95 folded before Flop (didn't bet)



PokerStars Hand #254187687435:  Hold'em No Limit ($0.50/$1.00 USD) - 2025/01/04 11:31:56 WET [2025/01/04 6:31:56 ET]
Table 'Svea II' 6-max Seat #4 is the button
Seat 1: coeeeelho ($108.25 in chips) 
Seat 2: Flooris123 ($61.60 in chips) 
Seat 3: MauriFierro27 ($100.47 in chips) 
Seat 4: Dai5dop ($116.62 in chips) 
Seat 5: stevieh124 ($104.20 in chips) 
Seat 6: G.Andrei95 ($145.96 in chips) 
stevieh124: posts small blind $0.50
G.Andrei95: posts big blind $1
*** HOLE CARDS ***
coeeeelho: folds 
Flooris123: folds 
MauriFierro27: folds 
Dai5dop: raises $1.50 to $2.50
stevieh124: folds 
G.Andrei95: calls $1.50
*** FLOP *** [Th 9d 9h]
G.Andrei95: checks 
Dai5dop: bets $1.57
G.Andrei95: calls $1.57
*** TURN *** [Th 9d 9h] [Kh]
G.Andrei95: checks 
Dai5dop: bets $6.16
G.Andrei95: calls $6.16
*** RIVER *** [Th 9d 9h Kh] [2c]
G.Andrei95: checks 
Dai5dop: checks 
*** SHOW DOWN ***
G.Andrei95: shows [Js Td] (two pair, Tens and Nines)
Dai5dop: mucks hand 
G.Andrei95 collected $19.91 from pot
*** SUMMARY ***
Total pot $20.96 | Rake $1.05 
Board [Th 9d 9h Kh 2c]
Seat 1: coeeeelho folded before Flop (didn't bet)
Seat 2: Flooris123 folded before Flop (didn't bet)
Seat 3: MauriFierro27 folded before Flop (didn't bet)
Seat 4: Dai5dop (button) mucked
Seat 5: stevieh124 (small blind) folded before Flop
Seat 6: G.Andrei95 (big blind) showed [Js Td] and won ($19.91) with two pair, Tens and Nines



PokerStars Hand #254187698054:  Hold'em No Limit ($0.50/$1.00 USD) - 2025/01/04 11:33:12 WET [2025/01/04 6:33:12 ET]
Table 'Svea II' 6-max Seat #5 is the button
Seat 1: coeeeelho ($108.25 in chips) 
Seat 2: Flooris123 ($61.60 in chips) 
Seat 3: MauriFierro27 ($100.47 in chips) 
Seat 4: Dai5dop ($106.39 in chips) 
Seat 5: stevieh124 ($103.70 in chips) 
Seat 6: G.Andrei95 ($155.64 in chips) 
G.Andrei95: posts small blind $0.50
coeeeelho: posts big blind $1
*** HOLE CARDS ***
Flooris123: folds 
MauriFierro27: folds 
Dai5dop: raises $1.50 to $2.50
stevieh124: calls $2.50
G.Andrei95: folds 
coeeeelho: calls $1.50
*** FLOP *** [2d 8d Jh]
coeeeelho: checks 
Dai5dop: checks 
stevieh124: checks 
*** TURN *** [2d 8d Jh] [2c]
coeeeelho: checks 
Dai5dop: bets $5.70
stevieh124: folds 
coeeeelho: calls $5.70
*** RIVER *** [2d 8d Jh 2c] [Qc]
coeeeelho: checks 
Dai5dop: bets $23.96
coeeeelho: folds 
Uncalled bet ($23.96) returned to Dai5dop
Dai5dop collected $18.43 from pot
Dai5dop: doesn't show hand 
*** SUMMARY ***
Total pot $19.40 | Rake $0.97 
Board [2d 8d Jh 2c Qc]
Seat 1: coeeeelho (big blind) folded on the River
Seat 2: Flooris123 folded before Flop (didn't bet)
Seat 3: MauriFierro27 folded before Flop (didn't bet)
Seat 4: Dai5dop collected ($18.43)
Seat 5: stevieh124 (button) folded on the Turn
Seat 6: G.Andrei95 (small blind) folded before Flop



PokerStars Hand #254187714704:  Hold'em No Limit ($0.50/$1.00 USD) - 2025/01/04 11:35:06 WET [2025/01/04 6:35:06 ET]
Table 'Svea II' 6-max Seat #6 is the button
Seat 1: coeeeelho ($100.05 in chips) 
Seat 2: Flooris123 ($61.60 in chips) 
Seat 3: MauriFierro27 ($100.47 in chips) 
Seat 4: Dai5dop ($116.62 in chips) 
Seat 5: stevieh124 ($101.20 in chips) 
Seat 6: G.Andrei95 ($155.14 in chips) 
coeeeelho: posts small blind $0.50
Flooris123: posts big blind $1
*** HOLE CARDS ***
MauriFierro27: folds 
Dai5dop: folds 
stevieh124: raises $1 to $2
G.Andrei95: folds 
coeeeelho: folds 
Flooris123: calls $1
*** FLOP *** [Kh 3c Qh]
Flooris123: checks 
stevieh124: bets $3.14
Flooris123: folds 
Uncalled bet ($3.14) returned to stevieh124
stevieh124 collected $4.28 from pot
stevieh124: doesn't show hand 
*** SUMMARY ***
Total pot $4.50 | Rake $0.22 
Board [Kh 3c Qh]
Seat 1: coeeeelho (small blind) folded before Flop
Seat 2: Flooris123 (big blind) folded on the Flop
Seat 3: MauriFierro27 folded before Flop (didn't bet)
Seat 4: Dai5dop folded before Flop (didn't bet)
Seat 5: stevieh124 collected ($4.28)
Seat 6: G.Andrei95 (button) folded before Flop (didn't bet)



PokerStars Hand #254187719561:  Hold'em No Limit ($0.50/$1.00 USD) - 2025/01/04 11:35:40 WET [2025/01/04 6:35:40 ET]
Table 'Svea II' 6-max Seat #1 is the button
Seat 1: coeeeelho ($100 in chips) 
Seat 2: Flooris123 ($59.60 in chips) 
Seat 3: MauriFierro27 ($100.47 in chips) 
Seat 4: Dai5dop ($116.62 in chips) 
Seat 5: stevieh124 ($103.48 in chips) 
Seat 6: G.Andrei95 ($155.14 in chips) 
Flooris123: posts small blind $0.50
MauriFierro27: posts big blind $1
*** HOLE CARDS ***
Dai5dop: folds 
stevieh124: folds 
G.Andrei95: folds 
coeeeelho: raises $1.50 to $2.50
Flooris123: calls $2
MauriFierro27: calls $1.50
*** FLOP *** [Th 8d As]
Flooris123: checks 
MauriFierro27: checks 
coeeeelho: bets $1.78
Flooris123: folds 
MauriFierro27: folds 
Uncalled bet ($1.78) returned to coeeeelho
coeeeelho collected $7.12 from pot
coeeeelho: doesn't show hand 
*** SUMMARY ***
Total pot $7.50 | Rake $0.38 
Board [Th 8d As]
Seat 1: coeeeelho (button) collected ($7.12)
Seat 2: Flooris123 (small blind) folded on the Flop
Seat 3: MauriFierro27 (big blind) folded on the Flop
Seat 4: Dai5dop folded before Flop (didn't bet)
Seat 5: stevieh124 folded before Flop (didn't bet)
Seat 6: G.Andrei95 folded before Flop (didn't bet)



PokerStars Hand #254187728911:  Hold'em No Limit ($0.50/$1.00 USD) - 2025/01/04 11:36:44 WET [2025/01/04 6:36:44 ET]
Table 'Svea II' 6-max Seat #2 is the button
Seat 1: coeeeelho ($104.62 in chips) 
Seat 2: Flooris123 ($57.10 in chips) 
Seat 3: MauriFierro27 ($100 in chips) 
Seat 4: Dai5dop ($116.62 in chips) 
Seat 5: stevieh124 ($103.48 in chips) 
Seat 6: G.Andrei95 ($155.14 in chips) 
MauriFierro27: posts small blind $0.50
Dai5dop: posts big blind $1
*** HOLE CARDS ***
stevieh124: folds 
G.Andrei95: folds 
coeeeelho: raises $1.20 to $2.20
Flooris123: raises $1.20 to $3.40
MauriFierro27: folds 
Dai5dop: folds 
coeeeelho: calls $1.20
*** FLOP *** [6c 4s 8c]
coeeeelho: checks 
Flooris123: checks 
*** TURN *** [6c 4s 8c] [3h]
coeeeelho: bets $2.60
Flooris123: raises $2.60 to $5.20
coeeeelho: calls $2.60
*** RIVER *** [6c 4s 8c 3h] [Qd]
coeeeelho: checks 
Flooris123: bets $23.76
coeeeelho: folds 
Uncalled bet ($23.76) returned to Flooris123
Flooris123 collected $17.76 from pot
Flooris123: doesn't show hand 
*** SUMMARY ***
Total pot $18.70 | Rake $0.94 
Board [6c 4s 8c 3h Qd]
Seat 1: coeeeelho folded on the River
Seat 2: Flooris123 (button) collected ($17.76)
Seat 3: MauriFierro27 (small blind) folded before Flop
Seat 4: Dai5dop (big blind) folded before Flop
Seat 5: stevieh124 folded before Flop (didn't bet)
Seat 6: G.Andrei95 folded before Flop (didn't bet)



PokerStars Hand #254187738163:  Hold'em No Limit ($0.50/$1.00 USD) - 2025/01/04 11:37:47 WET [2025/01/04 6:37:47 ET]
Table 'Svea II' 6-max Seat #3 is the button
Seat 1: coeeeelho ($100 in chips) 
Seat 2: Flooris123 ($66.26 in chips) 
Seat 3: MauriFierro27 ($100 in chips) 
Seat 4: Dai5dop ($115.62 in chips) 
Seat 5: stevieh124 ($103.48 in chips) 
Seat 6: G.Andrei95 ($155.14 in chips) 
Dai5dop: posts small blind $0.50
stevieh124: posts big blind $1
*** HOLE CARDS ***
G.Andrei95: folds 
coeeeelho: folds 
Flooris123: folds 
MauriFierro27: raises $1.20 to $2.20
Dai5dop: folds 
stevieh124: folds 
Uncalled bet ($1.20) returned to MauriFierro27
MauriFierro27 collected $2.50 from pot
MauriFierro27: doesn't show hand 
*** SUMMARY ***
Total pot $2.50 | Rake $0 
Seat 1: coeeeelho folded before Flop (didn't bet)
Seat 2: Flooris123 folded before Flop (didn't bet)
Seat 3: MauriFierro27 (button) collected ($2.50)
Seat 4: Dai5dop (small blind) folded before Flop
Seat 5: stevieh124 (big blind) folded before Flop
Seat 6: G.Andrei95 folded before Flop (didn't bet)



PokerStars Hand #254187740956:  Hold'em No Limit ($0.50/$1.00 USD) - 2025/01/04 11:38:06 WET [2025/01/04 6:38:06 ET]
Table 'Svea II' 6-max Seat #4 is the button
Seat 1: coeeeelho ($100 in chips) 
Seat 2: Flooris123 ($66.26 in chips) 
Seat 3: MauriFierro27 ($101.50 in chips) 
Seat 4: Dai5dop ($115.12 in chips) 
Seat 5: stevieh124 ($102.48 in chips) 
Seat 6: G.Andrei95 ($155.14 in chips) 
stevieh124: posts small blind $0.50
G.Andrei95: posts big blind $1
*** HOLE CARDS ***
coeeeelho: folds 
Flooris123: raises $1 to $2
MauriFierro27: folds 
Dai5dop: folds 
stevieh124: folds 
G.Andrei95: folds 
Uncalled bet ($1) returned to Flooris123
Flooris123 collected $2.50 from pot
Flooris123: doesn't show hand 
*** SUMMARY ***
Total pot $2.50 | Rake $0 
Seat 1: coeeeelho folded before Flop (didn't bet)
Seat 2: Flooris123 collected ($2.50)
Seat 3: MauriFierro27 folded before Flop (didn't bet)
Seat 4: Dai5dop (button) folded before Flop (didn't bet)
Seat 5: stevieh124 (small blind) folded before Flop
Seat 6: G.Andrei95 (big blind) folded before Flop



PokerStars Hand #254187743051:  Hold'em No Limit ($0.50/$1.00 USD) - 2025/01/04 11:38:20 WET [2025/01/04 6:38:20 ET]
Table 'Svea II' 6-max Seat #5 is the button
Seat 1: coeeeelho ($100 in chips) 
Seat 2: Flooris123 ($67.76 in chips) 
Seat 3: MauriFierro27 ($101.50 in chips) 
Seat 4: Dai5dop ($115.12 in chips) 
Seat 5: stevieh124 ($101.98 in chips) 
Seat 6: G.Andrei95 ($154.14 in chips) 
G.Andrei95: posts small blind $0.50
coeeeelho: posts big blind $1
*** HOLE CARDS ***
Flooris123: raises $1 to $2
MauriFierro27: folds 
Dai5dop: folds 
stevieh124: folds 
G.Andrei95: folds 
coeeeelho: calls $1
*** FLOP *** [6h 2s 2h]
coeeeelho: checks 
Flooris123: checks 
*** TURN *** [6h 2s 2h] [As]
coeeeelho: checks 
Flooris123: bets $2.14
coeeeelho: folds 
Uncalled bet ($2.14) returned to Flooris123
Flooris123 collected $4.28 from pot
Flooris123: doesn't show hand 
*** SUMMARY ***
Total pot $4.50 | Rake $0.22 
Board [6h 2s 2h As]
Seat 1: coeeeelho (big blind) folded on the Turn
Seat 2: Flooris123 collected ($4.28)
Seat 3: MauriFierro27 folded before Flop (didn't bet)
Seat 4: Dai5dop folded before Flop (didn't bet)
Seat 5: stevieh124 (button) folded before Flop (didn't bet)
Seat 6: G.Andrei95 (small blind) folded before Flop



PokerStars Hand #254187748073:  Hold'em No Limit ($0.50/$1.00 USD) - 2025/01/04 11:38:55 WET [2025/01/04 6:38:55 ET]
Table 'Svea II' 6-max Seat #6 is the button
Seat 1: coeeeelho ($100 in chips) 
Seat 2: Flooris123 ($70.04 in chips) 
Seat 3: MauriFierro27 ($101.50 in chips) 
Seat 4: Dai5dop ($115.12 in chips) 
Seat 5: stevieh124 ($101.98 in chips) 
Seat 6: G.Andrei95 ($153.64 in chips) 
coeeeelho: posts small blind $0.50
Flooris123: posts big blind $1
*** HOLE CARDS ***
MauriFierro27: folds 
Dai5dop: raises $1.20 to $2.20
stevieh124: folds 
G.Andrei95: folds 
coeeeelho: folds 
Flooris123: calls $1.20
*** FLOP *** [7c 7s Qh]
Flooris123: checks 
Dai5dop: checks 
*** TURN *** [7c 7s Qh] [Ac]
Flooris123: checks 
Dai5dop: checks 
*** RIVER *** [7c 7s Qh Ac] [Kc]
Flooris123: bets $2.33
Dai5dop: calls $2.33
*** SHOW DOWN ***
Flooris123: shows [8d Kh] (two pair, Kings and Sevens)
Dai5dop: mucks hand 
Flooris123 collected $9.08 from pot
*** SUMMARY ***
Total pot $9.56 | Rake $0.48 
Board [7c 7s Qh Ac Kc]
Seat 1: coeeeelho (small blind) folded before Flop
Seat 2: Flooris123 (big blind) showed [8d Kh] and won ($9.08) with two pair, Kings and Sevens
Seat 3: MauriFierro27 folded before Flop (didn't bet)
Seat 4: Dai5dop mucked
Seat 5: stevieh124 folded before Flop (didn't bet)
Seat 6: G.Andrei95 (button) folded before Flop (didn't bet)



PokerStars Hand #254187755252:  Hold'em No Limit ($0.50/$1.00 USD) - 2025/01/04 11:39:42 WET [2025/01/04 6:39:42 ET]
Table 'Svea II' 6-max Seat #1 is the button
Seat 1: coeeeelho ($100 in chips) 
Seat 2: Flooris123 ($74.59 in chips) 
Seat 3: MauriFierro27 ($101.50 in chips) 
Seat 4: Dai5dop ($110.59 in chips) 
Seat 5: stevieh124 ($101.98 in chips) 
Seat 6: G.Andrei95 ($153.64 in chips) 
Flooris123: posts small blind $0.50
MauriFierro27: posts big blind $1
*** HOLE CARDS ***
Dai5dop: folds 
stevieh124: folds 
G.Andrei95: folds 
coeeeelho: folds 
Flooris123: raises $1 to $2
MauriFierro27: calls $1
*** FLOP *** [Js Ts 4h]
Flooris123: checks 
MauriFierro27: checks 
*** TURN *** [Js Ts 4h] [Kh]
Flooris123: bets $1.90
MauriFierro27: folds 
Uncalled bet ($1.90) returned to Flooris123
Flooris123 collected $3.80 from pot
Flooris123: doesn't show hand 
*** SUMMARY ***
Total pot $4 | Rake $0.20 
Board [Js Ts 4h Kh]
Seat 1: coeeeelho (button) folded before Flop (didn't bet)
Seat 2: Flooris123 (small blind) collected ($3.80)
Seat 3: MauriFierro27 (big blind) folded on the Turn
Seat 4: Dai5dop folded before Flop (didn't bet)
Seat 5: stevieh124 folded before Flop (didn't bet)
Seat 6: G.Andrei95 folded before Flop (didn't bet)



PokerStars Hand #254187762474:  Hold'em No Limit ($0.50/$1.00 USD) - 2025/01/04 11:40:31 WET [2025/01/04 6:40:31 ET]
Table 'Svea II' 6-max Seat #2 is the button
Seat 1: coeeeelho ($100 in chips) 
Seat 2: Flooris123 ($76.39 in chips) 
Seat 3: MauriFierro27 ($100 in chips) 
Seat 4: Dai5dop ($110.59 in chips) 
Seat 5: stevieh124 ($101.98 in chips) 
Seat 6: G.Andrei95 ($153.64 in chips) 
MauriFierro27: posts small blind $0.50
Dai5dop: posts big blind $1
*** HOLE CARDS ***
stevieh124: raises $1 to $2
G.Andrei95: folds 
coeeeelho: folds 
Flooris123: calls $2
MauriFierro27: folds 
Dai5dop: raises $12 to $14
stevieh124: folds 
Flooris123: calls $12
*** FLOP *** [Kh Jh 9s]
Dai5dop: checks 
Flooris123: checks 
*** TURN *** [Kh Jh 9s] [Qs]
Dai5dop: checks 
Flooris123: bets $14.49
Dai5dop: calls $14.49
*** RIVER *** [Kh Jh 9s Qs] [Qd]
Dai5dop: checks 
Flooris123: bets $47.90 and is all-in
Dai5dop: calls $47.90
*** SHOW DOWN ***
Flooris123: shows [As Ts] (a straight, Ten to Ace)
Dai5dop: shows [Ks Kd] (a full house, Kings full of Queens)
Dai5dop collected $152.78 from pot
*** SUMMARY ***
Total pot $155.28 | Rake $2.50 
Board [Kh Jh 9s Qs Qd]
Seat 1: coeeeelho folded before Flop (didn't bet)
Seat 2: Flooris123 (button) showed [As Ts] and lost with a straight, Ten to Ace
Seat 3: MauriFierro27 (small blind) folded before Flop
Seat 4: Dai5dop (big blind) showed [Ks Kd] and won ($152.78) with a full house, Kings full of Queens
Seat 5: stevieh124 folded before Flop
Seat 6: G.Andrei95 folded before Flop (didn't bet)



PokerStars Hand #254187774904:  Hold'em No Limit ($0.50/$1.00 USD) - 2025/01/04 11:41:55 WET [2025/01/04 6:41:55 ET]
Table 'Svea II' 6-max Seat #3 is the button
Seat 2: Flooris123 ($0 in chips) is sitting out
Seat 1: coeeeelho ($100 in chips) 
Seat 3: MauriFierro27 ($100 in chips) 
Seat 4: Dai5dop ($186.98 in chips) 
Seat 5: stevieh124 ($100 in chips) 
Seat 6: G.Andrei95 ($153.64 in chips) 
Dai5dop: posts small blind $0.50
stevieh124: posts big blind $1
*** HOLE CARDS ***
G.Andrei95: folds 
coeeeelho: folds 
MauriFierro27: folds 
Dai5dop: raises $2 to $3
stevieh124: calls $2
*** FLOP *** [Qd Qh Kc]
Dai5dop: checks 
stevieh124: bets $2.85
Dai5dop: folds 
Uncalled bet ($2.85) returned to stevieh124
stevieh124 collected $5.70 from pot
stevieh124: doesn't show hand 
*** SUMMARY ***
Total pot $6 | Rake $0.30 
Board [Qd Qh Kc]
Seat 2: Flooris123
Seat 1: coeeeelho folded before Flop (didn't bet)
Seat 3: MauriFierro27 (button) folded before Flop (didn't bet)
Seat 4: Dai5dop (small blind) folded on the Flop
Seat 5: stevieh124 (big blind) collected ($5.70)
Seat 6: G.Andrei95 folded before Flop (didn't bet)



PokerStars Hand #254187781583:  Hold'em No Limit ($0.50/$1.00 USD) - 2025/01/04 11:42:41 WET [2025/01/04 6:42:41 ET]
Table 'Svea II' 6-max Seat #4 is the button
Seat 1: coeeeelho ($100 in chips) 
Seat 2: Flooris123 ($100 in chips) 
Seat 3: MauriFierro27 ($100 in chips) 
Seat 4: Dai5dop ($183.98 in chips) 
Seat 5: stevieh124 ($102.70 in chips) 
Seat 6: G.Andrei95 ($153.64 in chips) 
stevieh124: posts small blind $0.50
G.Andrei95: posts big blind $1
*** HOLE CARDS ***
coeeeelho: folds 
Flooris123: folds 
MauriFierro27: folds 
Dai5dop: folds 
stevieh124: folds 
Uncalled bet ($0.50) returned to G.Andrei95
G.Andrei95 collected $1 from pot
G.Andrei95: doesn't show hand 
*** SUMMARY ***
Total pot $1 | Rake $0 
Seat 1: coeeeelho folded before Flop (didn't bet)
Seat 2: Flooris123 folded before Flop (didn't bet)
Seat 3: MauriFierro27 folded before Flop (didn't bet)
Seat 4: Dai5dop (button) folded before Flop (didn't bet)
Seat 5: stevieh124 (small blind) folded before Flop
Seat 6: G.Andrei95 (big blind) collected ($1)



PokerStars Hand #254187784207:  Hold'em No Limit ($0.50/$1.00 USD) - 2025/01/04 11:42:59 WET [2025/01/04 6:42:59 ET]
Table 'Svea II' 6-max Seat #5 is the button
Seat 1: coeeeelho ($100 in chips) 
Seat 2: Flooris123 ($100 in chips) 
Seat 3: MauriFierro27 ($100 in chips) 
Seat 4: Dai5dop ($183.98 in chips) 
Seat 5: stevieh124 ($102.20 in chips) 
Seat 6: G.Andrei95 ($154.14 in chips) 
G.Andrei95: posts small blind $0.50
coeeeelho: posts big blind $1
*** HOLE CARDS ***
Flooris123: raises $1 to $2
MauriFierro27: folds 
Dai5dop: folds 
stevieh124: raises $4 to $6
G.Andrei95: folds 
coeeeelho: folds 
Flooris123: calls $4
*** FLOP *** [Ts 7d 6c]
Flooris123: checks 
stevieh124: checks 
*** TURN *** [Ts 7d 6c] [7c]
Flooris123: bets $6.41
stevieh124: folds 
Uncalled bet ($6.41) returned to Flooris123
Flooris123 collected $12.82 from pot
Flooris123: doesn't show hand 
*** SUMMARY ***
Total pot $13.50 | Rake $0.68 
Board [Ts 7d 6c 7c]
Seat 1: coeeeelho (big blind) folded before Flop
Seat 2: Flooris123 collected ($12.82)
Seat 3: MauriFierro27 folded before Flop (didn't bet)
Seat 4: Dai5dop folded before Flop (didn't bet)
Seat 5: stevieh124 (button) folded on the Turn
Seat 6: G.Andrei95 (small blind) folded before Flop



PokerStars Hand #254187793345:  Hold'em No Limit ($0.50/$1.00 USD) - 2025/01/04 11:44:00 WET [2025/01/04 6:44:00 ET]
Table 'Svea II' 6-max Seat #6 is the button
Seat 5: stevieh124 ($100 in chips) is sitting out
Seat 1: coeeeelho ($100 in chips) 
Seat 2: Flooris123 ($106.82 in chips) 
Seat 3: MauriFierro27 ($100 in chips) 
Seat 4: Dai5dop ($183.98 in chips) 
Seat 6: G.Andrei95 ($153.64 in chips) 
coeeeelho: posts small blind $0.50
Flooris123: posts big blind $1
*** HOLE CARDS ***
MauriFierro27: folds 
Dai5dop: folds 
G.Andrei95: raises $1.50 to $2.50
stevieh124 leaves the table
coeeeelho: folds 
Flooris123: folds 
Uncalled bet ($1.50) returned to G.Andrei95
G.Andrei95 collected $2.50 from pot
G.Andrei95: doesn't show hand 
kniferok joins the table at seat #5 
*** SUMMARY ***
Total pot $2.50 | Rake $0 
Seat 5: stevieh124
Seat 1: coeeeelho (small blind) folded before Flop
Seat 2: Flooris123 (big blind) folded before Flop
Seat 3: MauriFierro27 folded before Flop (didn't bet)
Seat 4: Dai5dop folded before Flop (didn't bet)
Seat 6: G.Andrei95 (button) collected ($2.50)



PokerStars Hand #254187795718:  Hold'em No Limit ($0.50/$1.00 USD) - 2025/01/04 11:44:17 WET [2025/01/04 6:44:17 ET]
Table 'Svea II' 6-max Seat #1 is the button
Seat 5: kniferok ($100 in chips) is sitting out
Seat 1: coeeeelho ($100 in chips) 
Seat 2: Flooris123 ($105.82 in chips) 
Seat 3: MauriFierro27 ($100 in chips) 
Seat 4: Dai5dop ($183.98 in chips) 
Seat 6: G.Andrei95 ($155.14 in chips) 
Flooris123: posts small blind $0.50
MauriFierro27: posts big blind $1
kniferok: sits out 
*** HOLE CARDS ***
Dai5dop: folds 
G.Andrei95: folds 
coeeeelho: raises $1.50 to $2.50
Flooris123: folds 
MauriFierro27: folds 
Uncalled bet ($1.50) returned to coeeeelho
coeeeelho collected $2.50 from pot
coeeeelho: doesn't show hand 
*** SUMMARY ***
Total pot $2.50 | Rake $0 
Seat 5: kniferok
Seat 1: coeeeelho (button) collected ($2.50)
Seat 2: Flooris123 (small blind) folded before Flop
Seat 3: MauriFierro27 (big blind) folded before Flop
Seat 4: Dai5dop folded before Flop (didn't bet)
Seat 6: G.Andrei95 folded before Flop (didn't bet)



PokerStars Hand #254187798917:  Hold'em No Limit ($0.50/$1.00 USD) - 2025/01/04 11:44:39 WET [2025/01/04 6:44:39 ET]
Table 'Svea II' 6-max Seat #2 is the button
Seat 5: kniferok ($100 in chips) is sitting out
Seat 1: coeeeelho ($101.50 in chips) 
Seat 2: Flooris123 ($105.32 in chips) 
Seat 3: MauriFierro27 ($100 in chips) 
Seat 4: Dai5dop ($183.98 in chips) 
Seat 6: G.Andrei95 ($155.14 in chips) 
MauriFierro27: posts small blind $0.50
Dai5dop: posts big blind $1
kniferok: sits out 
*** HOLE CARDS ***
G.Andrei95: raises $1.50 to $2.50
coeeeelho: folds 
Flooris123: calls $2.50
MauriFierro27: folds 
Dai5dop: folds 
*** FLOP *** [9c 3h 8c]
G.Andrei95: bets $4.39
Flooris123: raises $4.39 to $8.78
G.Andrei95: calls $4.39
*** TURN *** [9c 3h 8c] [Ts]
G.Andrei95: checks 
Flooris123: bets $22.86
G.Andrei95: raises $121 to $143.86 and is all-in
Flooris123: calls $71.18 and is all-in
Uncalled bet ($49.82) returned to G.Andrei95
*** RIVER *** [9c 3h 8c Ts] [7s]
*** SHOW DOWN ***
G.Andrei95: shows [Qh Jc] (a straight, Eight to Queen)
Flooris123: shows [9d Qd] (a pair of Nines)
G.Andrei95 collected $209.64 from pot
*** SUMMARY ***
Total pot $212.14 | Rake $2.50 
Board [9c 3h 8c Ts 7s]
Seat 5: kniferok
Seat 1: coeeeelho folded before Flop (didn't bet)
Seat 2: Flooris123 (button) showed [9d Qd] and lost with a pair of Nines
Seat 3: MauriFierro27 (small blind) folded before Flop
Seat 4: Dai5dop (big blind) folded before Flop
Seat 6: G.Andrei95 showed [Qh Jc] and won ($209.64) with a straight, Eight to Queen



PokerStars Hand #254187811932:  Hold'em No Limit ($0.50/$1.00 USD) - 2025/01/04 11:46:08 WET [2025/01/04 6:46:08 ET]
Table 'Svea II' 6-max Seat #3 is the button
Seat 2: Flooris123 ($0 in chips) is sitting out
Seat 1: coeeeelho ($101.50 in chips) 
Seat 3: MauriFierro27 ($100 in chips) 
Seat 4: Dai5dop ($182.98 in chips) 
Seat 5: kniferok ($100 in chips) 
Seat 6: G.Andrei95 ($259.46 in chips) 
Dai5dop: posts small blind $0.50
kniferok: posts big blind $1
*** HOLE CARDS ***
G.Andrei95: folds 
coeeeelho: folds 
MauriFierro27: folds 
Dai5dop: raises $2 to $3
kniferok: calls $2
*** FLOP *** [7s Jd Th]
Dai5dop: bets $1.71
kniferok: calls $1.71
*** TURN *** [7s Jd Th] [6s]
Dai5dop: checks 
kniferok: bets $11.95
Dai5dop: folds 
Uncalled bet ($11.95) returned to kniferok
kniferok collected $8.95 from pot
kniferok: doesn't show hand 
*** SUMMARY ***
Total pot $9.42 | Rake $0.47 
Board [7s Jd Th 6s]
Seat 2: Flooris123
Seat 1: coeeeelho folded before Flop (didn't bet)
Seat 3: MauriFierro27 (button) folded before Flop (didn't bet)
Seat 4: Dai5dop (small blind) folded on the Turn
Seat 5: kniferok (big blind) collected ($8.95)
Seat 6: G.Andrei95 folded before Flop (didn't bet)



PokerStars Hand #254187820574:  Hold'em No Limit ($0.50/$1.00 USD) - 2025/01/04 11:47:07 WET [2025/01/04 6:47:07 ET]
Table 'Svea II' 6-max Seat #4 is the button
Seat 1: coeeeelho ($101.50 in chips) 
Seat 2: Flooris123 ($100 in chips) 
Seat 3: MauriFierro27 ($100 in chips) 
Seat 4: Dai5dop ($178.27 in chips) 
Seat 5: kniferok ($104.24 in chips) 
Seat 6: G.Andrei95 ($259.46 in chips) 
kniferok: posts small blind $0.50
G.Andrei95: posts big blind $1
*** HOLE CARDS ***
coeeeelho: folds 
Flooris123: folds 
MauriFierro27: folds 
Dai5dop: folds 
kniferok: folds 
Uncalled bet ($0.50) returned to G.Andrei95
G.Andrei95 collected $1 from pot
G.Andrei95: doesn't show hand 
*** SUMMARY ***
Total pot $1 | Rake $0 
Seat 1: coeeeelho folded before Flop (didn't bet)
Seat 2: Flooris123 folded before Flop (didn't bet)
Seat 3: MauriFierro27 folded before Flop (didn't bet)
Seat 4: Dai5dop (button) folded before Flop (didn't bet)
Seat 5: kniferok (small blind) folded before Flop
Seat 6: G.Andrei95 (big blind) collected ($1)



PokerStars Hand #254187822314:  Hold'em No Limit ($0.50/$1.00 USD) - 2025/01/04 11:47:19 WET [2025/01/04 6:47:19 ET]
Table 'Svea II' 6-max Seat #5 is the button
Seat 1: coeeeelho ($101.50 in chips) 
Seat 2: Flooris123 ($100 in chips) 
Seat 3: MauriFierro27 ($100 in chips) 
Seat 4: Dai5dop ($178.27 in chips) 
Seat 5: kniferok ($103.74 in chips) 
Seat 6: G.Andrei95 ($259.96 in chips) 
G.Andrei95: posts small blind $0.50
coeeeelho: posts big blind $1
*** HOLE CARDS ***
Flooris123: calls $1
MauriFierro27: folds 
Dai5dop: folds 
kniferok: folds 
G.Andrei95: raises $4 to $5
coeeeelho: folds 
Flooris123: calls $4
*** FLOP *** [6d 3h Th]
G.Andrei95: checks 
Flooris123: checks 
*** TURN *** [6d 3h Th] [2c]
G.Andrei95: checks 
Flooris123: checks 
*** RIVER *** [6d 3h Th 2c] [Ts]
G.Andrei95: checks 
Flooris123: checks 
*** SHOW DOWN ***
G.Andrei95: shows [Qs Kc] (a pair of Tens)
Flooris123: mucks hand 
G.Andrei95 collected $10.45 from pot
*** SUMMARY ***
Total pot $11 | Rake $0.55 
Board [6d 3h Th 2c Ts]
Seat 1: coeeeelho (big blind) folded before Flop
Seat 2: Flooris123 mucked
Seat 3: MauriFierro27 folded before Flop (didn't bet)
Seat 4: Dai5dop folded before Flop (didn't bet)
Seat 5: kniferok (button) folded before Flop (didn't bet)
Seat 6: G.Andrei95 (small blind) showed [Qs Kc] and won ($10.45) with a pair of Tens



PokerStars Hand #254187829382:  Hold'em No Limit ($0.50/$1.00 USD) - 2025/01/04 11:48:06 WET [2025/01/04 6:48:06 ET]
Table 'Svea II' 6-max Seat #6 is the button
Seat 1: coeeeelho ($100.50 in chips) 
Seat 2: Flooris123 ($95 in chips) 
Seat 3: MauriFierro27 ($100 in chips) 
Seat 4: Dai5dop ($178.27 in chips) 
Seat 5: kniferok ($103.74 in chips) 
Seat 6: G.Andrei95 ($265.41 in chips) 
coeeeelho: posts small blind $0.50
Flooris123: posts big blind $1
*** HOLE CARDS ***
MauriFierro27: folds 
Dai5dop: folds 
kniferok: folds 
G.Andrei95: raises $1.50 to $2.50
coeeeelho: raises $8.72 to $11.22
Flooris123: folds 
G.Andrei95: folds 
Uncalled bet ($8.72) returned to coeeeelho
coeeeelho collected $6 from pot
coeeeelho: doesn't show hand 
*** SUMMARY ***
Total pot $6 | Rake $0 
Seat 1: coeeeelho (small blind) collected ($6)
Seat 2: Flooris123 (big blind) folded before Flop
Seat 3: MauriFierro27 folded before Flop (didn't bet)
Seat 4: Dai5dop folded before Flop (didn't bet)
Seat 5: kniferok folded before Flop (didn't bet)
Seat 6: G.Andrei95 (button) folded before Flop



PokerStars Hand #254187833633:  Hold'em No Limit ($0.50/$1.00 USD) - 2025/01/04 11:48:36 WET [2025/01/04 6:48:36 ET]
Table 'Svea II' 6-max Seat #1 is the button
Seat 1: coeeeelho ($104 in chips) 
Seat 2: Flooris123 ($94 in chips) 
Seat 3: MauriFierro27 ($100 in chips) 
Seat 4: Dai5dop ($178.27 in chips) 
Seat 5: kniferok ($103.74 in chips) 
Seat 6: G.Andrei95 ($262.91 in chips) 
Flooris123: posts small blind $0.50
MauriFierro27: posts big blind $1
*** HOLE CARDS ***
Dai5dop: folds 
kniferok: raises $1.50 to $2.50
G.Andrei95: folds 
coeeeelho: raises $5 to $7.50
Flooris123: folds 
MauriFierro27: raises $92.50 to $100 and is all-in
kniferok: folds 
coeeeelho: folds 
Uncalled bet ($92.50) returned to MauriFierro27
MauriFierro27 collected $18 from pot
MauriFierro27: doesn't show hand 
*** SUMMARY ***
Total pot $18 | Rake $0 
Seat 1: coeeeelho (button) folded before Flop
Seat 2: Flooris123 (small blind) folded before Flop
Seat 3: MauriFierro27 (big blind) collected ($18)
Seat 4: Dai5dop folded before Flop (didn't bet)
Seat 5: kniferok folded before Flop
Seat 6: G.Andrei95 folded before Flop (didn't bet)



PokerStars Hand #254187839345:  Hold'em No Limit ($0.50/$1.00 USD) - 2025/01/04 11:49:15 WET [2025/01/04 6:49:15 ET]
Table 'Svea II' 6-max Seat #2 is the button
Seat 1: coeeeelho ($100 in chips) 
Seat 2: Flooris123 ($93.50 in chips) 
Seat 3: MauriFierro27 ($110.50 in chips) 
Seat 4: Dai5dop ($178.27 in chips) 
Seat 5: kniferok ($101.24 in chips) 
Seat 6: G.Andrei95 ($262.91 in chips) 
MauriFierro27: posts small blind $0.50
Dai5dop: posts big blind $1
*** HOLE CARDS ***
kniferok: folds 
G.Andrei95: raises $1.50 to $2.50
coeeeelho: folds 
Flooris123: folds 
MauriFierro27: folds 
Dai5dop: folds 
Uncalled bet ($1.50) returned to G.Andrei95
G.Andrei95 collected $2.50 from pot
G.Andrei95: doesn't show hand 
*** SUMMARY ***
Total pot $2.50 | Rake $0 
Seat 1: coeeeelho folded before Flop (didn't bet)
Seat 2: Flooris123 (button) folded before Flop (didn't bet)
Seat 3: MauriFierro27 (small blind) folded before Flop
Seat 4: Dai5dop (big blind) folded before Flop
Seat 5: kniferok folded before Flop (didn't bet)
Seat 6: G.Andrei95 collected ($2.50)



PokerStars Hand #254187843335:  Hold'em No Limit ($0.50/$1.00 USD) - 2025/01/04 11:49:42 WET [2025/01/04 6:49:42 ET]
Table 'Svea II' 6-max Seat #3 is the button
Seat 1: coeeeelho ($100 in chips) 
Seat 2: Flooris123 ($93.50 in chips) 
Seat 3: MauriFierro27 ($110 in chips) 
Seat 4: Dai5dop ($177.27 in chips) 
Seat 5: kniferok ($101.24 in chips) 
Seat 6: G.Andrei95 ($264.41 in chips) 
Dai5dop: posts small blind $0.50
kniferok: posts big blind $1
*** HOLE CARDS ***
G.Andrei95: folds 
coeeeelho: folds 
Flooris123: folds 
MauriFierro27: folds 
Dai5dop: raises $2 to $3
kniferok: raises $6 to $9
Dai5dop: folds 
Uncalled bet ($6) returned to kniferok
kniferok collected $6 from pot
kniferok: doesn't show hand 
*** SUMMARY ***
Total pot $6 | Rake $0 
Seat 1: coeeeelho folded before Flop (didn't bet)
Seat 2: Flooris123 folded before Flop (didn't bet)
Seat 3: MauriFierro27 (button) folded before Flop (didn't bet)
Seat 4: Dai5dop (small blind) folded before Flop
Seat 5: kniferok (big blind) collected ($6)
Seat 6: G.Andrei95 folded before Flop (didn't bet)



PokerStars Hand #254187531440:  Hold'em No Limit ($0.50/$1.00 USD) - 2025/01/04 11:13:04 WET [2025/01/04 6:13:04 ET]
Table 'Svea II' 6-max Seat #4 is the button
Seat 1: PayTaxOrDie ($110.81 in chips) 
Seat 2: Flooris123 ($96.57 in chips) 
Seat 3: MAO_DZEDYN_S ($100.40 in chips) 
Seat 4: Dai5dop ($106.25 in chips) 
Seat 5: stevieh124 ($100 in chips) 
Seat 6: G.Andrei95 ($100 in chips) 
stevieh124: posts small blind $0.50
G.Andrei95: posts big blind $1
*** HOLE CARDS ***
PayTaxOrDie has timed out
PayTaxOrDie: folds 
Flooris123: folds 
MAO_DZEDYN_S: raises $1.25 to $2.25
Dai5dop: folds 
stevieh124: folds 
G.Andrei95: folds 
Uncalled bet ($1.25) returned to MAO_DZEDYN_S
MAO_DZEDYN_S collected $2.50 from pot
MAO_DZEDYN_S: doesn't show hand 
*** SUMMARY ***
Total pot $2.50 | Rake $0 
Seat 1: PayTaxOrDie folded before Flop (didn't bet)
Seat 2: Flooris123 folded before Flop (didn't bet)
Seat 3: MAO_DZEDYN_S collected ($2.50)
Seat 4: Dai5dop (button) folded before Flop (didn't bet)
Seat 5: stevieh124 (small blind) folded before Flop
Seat 6: G.Andrei95 (big blind) folded before Flop



PokerStars Hand #254187535881:  Hold'em No Limit ($0.50/$1.00 USD) - 2025/01/04 11:13:36 WET [2025/01/04 6:13:36 ET]
Table 'Svea II' 6-max Seat #5 is the button
Seat 1: PayTaxOrDie ($110.81 in chips) 
Seat 2: Flooris123 ($96.57 in chips) 
Seat 3: MAO_DZEDYN_S ($101.90 in chips) 
Seat 4: Dai5dop ($106.25 in chips) 
Seat 5: stevieh124 ($100 in chips) 
Seat 6: G.Andrei95 ($100 in chips) 
G.Andrei95: posts small blind $0.50
PayTaxOrDie: posts big blind $1
*** HOLE CARDS ***
Flooris123: raises $1 to $2
MAO_DZEDYN_S: folds 
Dai5dop: folds 
stevieh124: folds 
G.Andrei95: folds 
PayTaxOrDie: calls $1
*** FLOP *** [8c 8d Qd]
PayTaxOrDie: checks 
Flooris123: checks 
*** TURN *** [8c 8d Qd] [Jc]
PayTaxOrDie: bets $1.71
Flooris123: calls $1.71
*** RIVER *** [8c 8d Qd Jc] [Ad]
PayTaxOrDie: checks 
Flooris123: bets $3.76
PayTaxOrDie: raises $15.04 to $18.80
Flooris123: folds 
Uncalled bet ($15.04) returned to PayTaxOrDie
PayTaxOrDie collected $14.67 from pot
PayTaxOrDie: doesn't show hand 
*** SUMMARY ***
Total pot $15.44 | Rake $0.77 
Board [8c 8d Qd Jc Ad]
Seat 1: PayTaxOrDie (big blind) collected ($14.67)
Seat 2: Flooris123 folded on the River
Seat 3: MAO_DZEDYN_S folded before Flop (didn't bet)
Seat 4: Dai5dop folded before Flop (didn't bet)
Seat 5: stevieh124 (button) folded before Flop (didn't bet)
Seat 6: G.Andrei95 (small blind) folded before Flop



PokerStars Hand #254187548166:  Hold'em No Limit ($0.50/$1.00 USD) - 2025/01/04 11:15:06 WET [2025/01/04 6:15:06 ET]
Table 'Svea II' 6-max Seat #6 is the button
Seat 1: PayTaxOrDie ($118.01 in chips) 
Seat 2: Flooris123 ($89.10 in chips) 
Seat 3: MAO_DZEDYN_S ($101.90 in chips) 
Seat 4: Dai5dop ($106.25 in chips) 
Seat 5: stevieh124 ($100 in chips) 
Seat 6: G.Andrei95 ($100 in chips) 
PayTaxOrDie: posts small blind $0.50
Flooris123: posts big blind $1
*** HOLE CARDS ***
MAO_DZEDYN_S: raises $1.25 to $2.25
Dai5dop: raises $4.50 to $6.75
stevieh124: folds 
G.Andrei95: folds 
PayTaxOrDie: folds 
Flooris123: calls $5.75
MAO_DZEDYN_S: folds 
*** FLOP *** [6h 2s 9d]
Flooris123: checks 
Dai5dop: bets $11.58
Flooris123: folds 
Uncalled bet ($11.58) returned to Dai5dop
Dai5dop collected $15.44 from pot
Dai5dop: doesn't show hand 
*** SUMMARY ***
Total pot $16.25 | Rake $0.81 
Board [6h 2s 9d]
Seat 1: PayTaxOrDie (small blind) folded before Flop
Seat 2: Flooris123 (big blind) folded on the Flop
Seat 3: MAO_DZEDYN_S folded before Flop
Seat 4: Dai5dop collected ($15.44)
Seat 5: stevieh124 folded before Flop (didn't bet)
Seat 6: G.Andrei95 (button) folded before Flop (didn't bet)



PokerStars Hand #254187554932:  Hold'em No Limit ($0.50/$1.00 USD) - 2025/01/04 11:15:54 WET [2025/01/04 6:15:54 ET]
Table 'Svea II' 6-max Seat #1 is the button
Seat 1: PayTaxOrDie ($117.51 in chips) 
Seat 2: Flooris123 ($82.35 in chips) 
Seat 3: MAO_DZEDYN_S ($100 in chips) 
Seat 4: Dai5dop ($114.94 in chips) 
Seat 5: stevieh124 ($100 in chips) 
Seat 6: G.Andrei95 ($100 in chips) 
Flooris123: posts small blind $0.50
MAO_DZEDYN_S: posts big blind $1
*** HOLE CARDS ***
Dai5dop: folds 
stevieh124: folds 
G.Andrei95: folds 
PayTaxOrDie: raises $1.50 to $2.50
Flooris123: folds 
MAO_DZEDYN_S: folds 
Uncalled bet ($1.50) returned to PayTaxOrDie
PayTaxOrDie collected $2.50 from pot
PayTaxOrDie: doesn't show hand 
*** SUMMARY ***
Total pot $2.50 | Rake $0 
Seat 1: PayTaxOrDie (button) collected ($2.50)
Seat 2: Flooris123 (small blind) folded before Flop
Seat 3: MAO_DZEDYN_S (big blind) folded before Flop
Seat 4: Dai5dop folded before Flop (didn't bet)
Seat 5: stevieh124 folded before Flop (didn't bet)
Seat 6: G.Andrei95 folded before Flop (didn't bet)



PokerStars Hand #254187558238:  Hold'em No Limit ($0.50/$1.00 USD) - 2025/01/04 11:16:19 WET [2025/01/04 6:16:19 ET]
Table 'Svea II' 6-max Seat #2 is the button
Seat 1: PayTaxOrDie ($119.01 in chips) 
Seat 2: Flooris123 ($81.85 in chips) 
Seat 3: MAO_DZEDYN_S ($100 in chips) 
Seat 4: Dai5dop ($114.94 in chips) 
Seat 5: stevieh124 ($100 in chips) 
Seat 6: G.Andrei95 ($100 in chips) 
MAO_DZEDYN_S: posts small blind $0.50
Dai5dop: posts big blind $1
*** HOLE CARDS ***
stevieh124: folds 
G.Andrei95: raises $1.50 to $2.50
PayTaxOrDie: folds 
Flooris123: calls $2.50
MAO_DZEDYN_S: raises $10.68 to $13.18
Dai5dop: folds 
G.Andrei95: calls $10.68
Flooris123: folds 
*** FLOP *** [Ah 6d 3c]
MAO_DZEDYN_S: bets $6.81
G.Andrei95: calls $6.81
*** TURN *** [Ah 6d 3c] [7c]
MAO_DZEDYN_S: bets $24
G.Andrei95: calls $24
*** RIVER *** [Ah 6d 3c 7c] [8h]
MAO_DZEDYN_S: checks 
G.Andrei95: bets $56.01 and is all-in
MAO_DZEDYN_S: folds 
Uncalled bet ($56.01) returned to G.Andrei95
G.Andrei95 collected $88.98 from pot
G.Andrei95: doesn't show hand 
*** SUMMARY ***
Total pot $91.48 | Rake $2.50 
Board [Ah 6d 3c 7c 8h]
Seat 1: PayTaxOrDie folded before Flop (didn't bet)
Seat 2: Flooris123 (button) folded before Flop
Seat 3: MAO_DZEDYN_S (small blind) folded on the River
Seat 4: Dai5dop (big blind) folded before Flop
Seat 5: stevieh124 folded before Flop (didn't bet)
Seat 6: G.Andrei95 collected ($88.98)



PokerStars Hand #254187580666:  Hold'em No Limit ($0.50/$1.00 USD) - 2025/01/04 11:19:04 WET [2025/01/04 6:19:04 ET]
Table 'Svea II' 6-max Seat #3 is the button
Seat 1: PayTaxOrDie ($119.01 in chips) 
Seat 2: Flooris123 ($79.35 in chips) 
Seat 3: MAO_DZEDYN_S ($100 in chips) 
Seat 4: Dai5dop ($113.94 in chips) 
Seat 5: stevieh124 ($100 in chips) 
Seat 6: G.Andrei95 ($144.99 in chips) 
Dai5dop: posts small blind $0.50
stevieh124: posts big blind $1
*** HOLE CARDS ***
G.Andrei95: folds 
PayTaxOrDie: folds 
Flooris123: raises $3 to $4
MAO_DZEDYN_S: folds 
Dai5dop: folds 
stevieh124: folds 
Uncalled bet ($3) returned to Flooris123
Flooris123 collected $2.50 from pot
Flooris123: doesn't show hand 
*** SUMMARY ***
Total pot $2.50 | Rake $0 
Seat 1: PayTaxOrDie folded before Flop (didn't bet)
Seat 2: Flooris123 collected ($2.50)
Seat 3: MAO_DZEDYN_S (button) folded before Flop (didn't bet)
Seat 4: Dai5dop (small blind) folded before Flop
Seat 5: stevieh124 (big blind) folded before Flop
Seat 6: G.Andrei95 folded before Flop (didn't bet)



PokerStars Hand #254187583423:  Hold'em No Limit ($0.50/$1.00 USD) - 2025/01/04 11:19:23 WET [2025/01/04 6:19:23 ET]
Table 'Svea II' 6-max Seat #4 is the button
Seat 1: PayTaxOrDie ($119.01 in chips) 
Seat 2: Flooris123 ($80.85 in chips) 
Seat 3: MAO_DZEDYN_S ($100 in chips) 
Seat 4: Dai5dop ($113.44 in chips) 
Seat 5: stevieh124 ($100 in chips) 
Seat 6: G.Andrei95 ($144.99 in chips) 
stevieh124: posts small blind $0.50
G.Andrei95: posts big blind $1
*** HOLE CARDS ***
PayTaxOrDie: folds 
Flooris123: calls $1
MAO_DZEDYN_S: raises $3 to $4
Dai5dop: folds 
stevieh124: folds 
G.Andrei95: calls $3
Flooris123: folds 
*** FLOP *** [6c Ad 6d]
G.Andrei95: checks 
MAO_DZEDYN_S: checks 
*** TURN *** [6c Ad 6d] [6h]
G.Andrei95: checks 
MAO_DZEDYN_S: checks 
*** RIVER *** [6c Ad 6d 6h] [Td]
G.Andrei95: checks 
MAO_DZEDYN_S: bets $4.69
G.Andrei95: folds 
Uncalled bet ($4.69) returned to MAO_DZEDYN_S
MAO_DZEDYN_S collected $9.02 from pot
MAO_DZEDYN_S: doesn't show hand 
*** SUMMARY ***
Total pot $9.50 | Rake $0.48 
Board [6c Ad 6d 6h Td]
Seat 1: PayTaxOrDie folded before Flop (didn't bet)
Seat 2: Flooris123 folded before Flop
Seat 3: MAO_DZEDYN_S collected ($9.02)
Seat 4: Dai5dop (button) folded before Flop (didn't bet)
Seat 5: stevieh124 (small blind) folded before Flop
Seat 6: G.Andrei95 (big blind) folded on the River



PokerStars Hand #254187599388:  Hold'em No Limit ($0.50/$1.00 USD) - 2025/01/04 11:21:21 WET [2025/01/04 6:21:21 ET]
Table 'Svea II' 6-max Seat #5 is the button
Seat 1: PayTaxOrDie ($119.01 in chips) 
Seat 2: Flooris123 ($79.85 in chips) 
Seat 3: MAO_DZEDYN_S ($105.02 in chips) 
Seat 4: Dai5dop ($113.44 in chips) 
Seat 5: stevieh124 ($100 in chips) 
Seat 6: G.Andrei95 ($140.99 in chips) 
G.Andrei95: posts small blind $0.50
PayTaxOrDie: posts big blind $1
*** HOLE CARDS ***
Flooris123: folds 
MAO_DZEDYN_S: folds 
Dai5dop: folds 
stevieh124: raises $1 to $2
G.Andrei95: folds 
PayTaxOrDie: folds 
Uncalled bet ($1) returned to stevieh124
stevieh124 collected $2.50 from pot
stevieh124: doesn't show hand 
*** SUMMARY ***
Total pot $2.50 | Rake $0 
Seat 1: PayTaxOrDie (big blind) folded before Flop
Seat 2: Flooris123 folded before Flop (didn't bet)
Seat 3: MAO_DZEDYN_S folded before Flop (didn't bet)
Seat 4: Dai5dop folded before Flop (didn't bet)
Seat 5: stevieh124 (button) collected ($2.50)
Seat 6: G.Andrei95 (small blind) folded before Flop



PokerStars Hand #254187602242:  Hold'em No Limit ($0.50/$1.00 USD) - 2025/01/04 11:21:42 WET [2025/01/04 6:21:42 ET]
Table 'Svea II' 6-max Seat #6 is the button
Seat 1: PayTaxOrDie ($118.01 in chips) 
Seat 2: Flooris123 ($79.85 in chips) 
Seat 3: MAO_DZEDYN_S ($105.02 in chips) 
Seat 4: Dai5dop ($113.44 in chips) 
Seat 5: stevieh124 ($101.50 in chips) 
Seat 6: G.Andrei95 ($140.49 in chips) 
PayTaxOrDie: posts small blind $0.50
Flooris123: posts big blind $1
*** HOLE CARDS ***
MAO_DZEDYN_S: folds 
Dai5dop: folds 
stevieh124: raises $1 to $2
G.Andrei95: folds 
PayTaxOrDie: folds 
Flooris123: raises $5 to $7
stevieh124: calls $5
*** FLOP *** [Td Ad 6h]
MAO_DZEDYN_S leaves the table
Flooris123: bets $6.89
MauriFierro27 joins the table at seat #3 
stevieh124: folds 
Uncalled bet ($6.89) returned to Flooris123
Flooris123 collected $13.78 from pot
Flooris123: doesn't show hand 
*** SUMMARY ***
Total pot $14.50 | Rake $0.72 
Board [Td Ad 6h]
Seat 1: PayTaxOrDie (small blind) folded before Flop
Seat 2: Flooris123 (big blind) collected ($13.78)
Seat 3: MAO_DZEDYN_S folded before Flop (didn't bet)
Seat 4: Dai5dop folded before Flop (didn't bet)
Seat 5: stevieh124 folded on the Flop
Seat 6: G.Andrei95 (button) folded before Flop (didn't bet)



PokerStars Hand #254187609478:  Hold'em No Limit ($0.50/$1.00 USD) - 2025/01/04 11:22:35 WET [2025/01/04 6:22:35 ET]
Table 'Svea II' 6-max Seat #1 is the button
Seat 1: PayTaxOrDie ($117.51 in chips) 
Seat 2: Flooris123 ($86.63 in chips) 
Seat 3: MauriFierro27 ($100 in chips) 
Seat 4: Dai5dop ($113.44 in chips) 
Seat 5: stevieh124 ($100 in chips) 
Seat 6: G.Andrei95 ($140.49 in chips) 
Flooris123: posts small blind $0.50
MauriFierro27: posts big blind $1
*** HOLE CARDS ***
Dai5dop: folds 
stevieh124: folds 
G.Andrei95: folds 
PayTaxOrDie: folds 
Flooris123: calls $0.50
MauriFierro27: checks 
*** FLOP *** [Ah Ad Th]
Flooris123: checks 
MauriFierro27: checks 
*** TURN *** [Ah Ad Th] [6c]
Flooris123: checks 
MauriFierro27: bets $1.43
Flooris123: folds 
Uncalled bet ($1.43) returned to MauriFierro27
MauriFierro27 collected $1.90 from pot
MauriFierro27: doesn't show hand 
*** SUMMARY ***
Total pot $2 | Rake $0.10 
Board [Ah Ad Th 6c]
Seat 1: PayTaxOrDie (button) folded before Flop (didn't bet)
Seat 2: Flooris123 (small blind) folded on the Turn
Seat 3: MauriFierro27 (big blind) collected ($1.90)
Seat 4: Dai5dop folded before Flop (didn't bet)
Seat 5: stevieh124 folded before Flop (didn't bet)
Seat 6: G.Andrei95 folded before Flop (didn't bet)



PokerStars Hand #254187614184:  Hold'em No Limit ($0.50/$1.00 USD) - 2025/01/04 11:23:09 WET [2025/01/04 6:23:09 ET]
Table 'Svea II' 6-max Seat #2 is the button
Seat 1: PayTaxOrDie ($117.51 in chips) 
Seat 2: Flooris123 ($85.63 in chips) 
Seat 3: MauriFierro27 ($100.90 in chips) 
Seat 4: Dai5dop ($113.44 in chips) 
Seat 5: stevieh124 ($100 in chips) 
Seat 6: G.Andrei95 ($140.49 in chips) 
MauriFierro27: posts small blind $0.50
Dai5dop: posts big blind $1
*** HOLE CARDS ***
stevieh124: folds 
G.Andrei95: folds 
PayTaxOrDie: folds 
Flooris123: folds 
MauriFierro27: folds 
Uncalled bet ($0.50) returned to Dai5dop
Dai5dop collected $1 from pot
Dai5dop: doesn't show hand 
*** SUMMARY ***
Total pot $1 | Rake $0 
Seat 1: PayTaxOrDie folded before Flop (didn't bet)
Seat 2: Flooris123 (button) folded before Flop (didn't bet)
Seat 3: MauriFierro27 (small blind) folded before Flop
Seat 4: Dai5dop (big blind) collected ($1)
Seat 5: stevieh124 folded before Flop (didn't bet)
Seat 6: G.Andrei95 folded before Flop (didn't bet)



PokerStars Hand #254187615358:  Hold'em No Limit ($0.50/$1.00 USD) - 2025/01/04 11:23:17 WET [2025/01/04 6:23:17 ET]
Table 'Svea II' 6-max Seat #3 is the button
Seat 1: PayTaxOrDie ($117.51 in chips) 
Seat 2: Flooris123 ($85.63 in chips) 
Seat 3: MauriFierro27 ($100.40 in chips) 
Seat 4: Dai5dop ($113.94 in chips) 
Seat 5: stevieh124 ($100 in chips) 
Seat 6: G.Andrei95 ($140.49 in chips) 
Dai5dop: posts small blind $0.50
stevieh124: posts big blind $1
*** HOLE CARDS ***
G.Andrei95: raises $1.50 to $2.50
PayTaxOrDie: folds 
Flooris123: folds 
MauriFierro27: folds 
Dai5dop: folds 
stevieh124: calls $1.50
*** FLOP *** [4h 7h 3d]
stevieh124: checks 
G.Andrei95: bets $1.72
stevieh124: calls $1.72
*** TURN *** [4h 7h 3d] [8s]
stevieh124: checks 
G.Andrei95: checks 
*** RIVER *** [4h 7h 3d 8s] [3s]
stevieh124: checks 
G.Andrei95: checks 
*** SHOW DOWN ***
stevieh124: shows [6c 6h] (two pair, Sixes and Threes)
G.Andrei95: mucks hand 
stevieh124 collected $8.49 from pot
*** SUMMARY ***
Total pot $8.94 | Rake $0.45 
Board [4h 7h 3d 8s 3s]
Seat 1: PayTaxOrDie folded before Flop (didn't bet)
Seat 2: Flooris123 folded before Flop (didn't bet)
Seat 3: MauriFierro27 (button) folded before Flop (didn't bet)
Seat 4: Dai5dop (small blind) folded before Flop
Seat 5: stevieh124 (big blind) showed [6c 6h] and won ($8.49) with two pair, Sixes and Threes
Seat 6: G.Andrei95 mucked



PokerStars Hand #254187623541:  Hold'em No Limit ($0.50/$1.00 USD) - 2025/01/04 11:24:16 WET [2025/01/04 6:24:16 ET]
Table 'Svea II' 6-max Seat #4 is the button
Seat 1: PayTaxOrDie ($117.51 in chips) 
Seat 2: Flooris123 ($85.63 in chips) 
Seat 3: MauriFierro27 ($100.40 in chips) 
Seat 4: Dai5dop ($113.44 in chips) 
Seat 5: stevieh124 ($104.27 in chips) 
Seat 6: G.Andrei95 ($136.27 in chips) 
stevieh124: posts small blind $0.50
G.Andrei95: posts big blind $1
*** HOLE CARDS ***
PayTaxOrDie: folds 
Flooris123: folds 
MauriFierro27: raises $1.20 to $2.20
Dai5dop: folds 
stevieh124: calls $1.70
G.Andrei95: calls $1.20
*** FLOP *** [5h 7s 6d]
stevieh124: checks 
G.Andrei95: checks 
MauriFierro27: checks 
*** TURN *** [5h 7s 6d] [Jd]
stevieh124: checks 
G.Andrei95: checks 
MauriFierro27: bets $4.70
stevieh124: folds 
G.Andrei95: folds 
Uncalled bet ($4.70) returned to MauriFierro27
MauriFierro27 collected $6.27 from pot
MauriFierro27: doesn't show hand 
*** SUMMARY ***
Total pot $6.60 | Rake $0.33 
Board [5h 7s 6d Jd]
Seat 1: PayTaxOrDie folded before Flop (didn't bet)
Seat 2: Flooris123 folded before Flop (didn't bet)
Seat 3: MauriFierro27 collected ($6.27)
Seat 4: Dai5dop (button) folded before Flop (didn't bet)
Seat 5: stevieh124 (small blind) folded on the Turn
Seat 6: G.Andrei95 (big blind) folded on the Turn



PokerStars Hand #254187637108:  Hold'em No Limit ($0.50/$1.00 USD) - 2025/01/04 11:25:54 WET [2025/01/04 6:25:54 ET]
Table 'Svea II' 6-max Seat #5 is the button
Seat 1: PayTaxOrDie ($117.51 in chips) is sitting out
Seat 2: Flooris123 ($85.63 in chips) 
Seat 3: MauriFierro27 ($104.47 in chips) 
Seat 4: Dai5dop ($113.44 in chips) 
Seat 5: stevieh124 ($102.07 in chips) 
Seat 6: G.Andrei95 ($134.07 in chips) 
G.Andrei95: posts small blind $0.50
PayTaxOrDie: is sitting out 
Flooris123: posts big blind $1
*** HOLE CARDS ***
PayTaxOrDie leaves the table
MauriFierro27: folds 
Dai5dop: folds 
stevieh124: raises $1 to $2
G.Andrei95: folds 
Flooris123: folds 
Uncalled bet ($1) returned to stevieh124
stevieh124 collected $2.50 from pot
stevieh124: doesn't show hand 
*** SUMMARY ***
Total pot $2.50 | Rake $0 
Seat 1: PayTaxOrDie
Seat 2: Flooris123 (big blind) folded before Flop
Seat 3: MauriFierro27 folded before Flop (didn't bet)
Seat 4: Dai5dop folded before Flop (didn't bet)
Seat 5: stevieh124 (button) collected ($2.50)
Seat 6: G.Andrei95 (small blind) folded before Flop



PokerStars Hand #254187641056:  Hold'em No Limit ($0.50/$1.00 USD) - 2025/01/04 11:26:22 WET [2025/01/04 6:26:22 ET]
Table 'Svea II' 6-max Seat #6 is the button
Seat 2: Flooris123 ($84.63 in chips) 
Seat 3: MauriFierro27 ($104.47 in chips) 
Seat 4: Dai5dop ($113.44 in chips) 
Seat 5: stevieh124 ($103.57 in chips) 
Seat 6: G.Andrei95 ($133.57 in chips) 
Flooris123: posts small blind $0.50
MauriFierro27: posts big blind $1
*** HOLE CARDS ***
Dai5dop: raises $1.20 to $2.20
stevieh124 has timed out
stevieh124: folds 
G.Andrei95: folds 
Flooris123: folds 
MauriFierro27: folds 
Uncalled bet ($1.20) returned to Dai5dop
Dai5dop collected $2.50 from pot
Dai5dop: doesn't show hand 
*** SUMMARY ***
Total pot $2.50 | Rake $0 
Seat 2: Flooris123 (small blind) folded before Flop
Seat 3: MauriFierro27 (big blind) folded before Flop
Seat 4: Dai5dop collected ($2.50)
Seat 5: stevieh124 folded before Flop (didn't bet)
Seat 6: G.Andrei95 (button) folded before Flop (didn't bet)



PokerStars Hand #254187645377:  Hold'em No Limit ($0.50/$1.00 USD) - 2025/01/04 11:26:53 WET [2025/01/04 6:26:53 ET]
Table 'Svea II' 6-max Seat #2 is the button
Seat 2: Flooris123 ($84.13 in chips) 
Seat 3: MauriFierro27 ($103.47 in chips) 
Seat 4: Dai5dop ($114.94 in chips) 
Seat 5: stevieh124 ($103.57 in chips) 
Seat 6: G.Andrei95 ($133.57 in chips) 
MauriFierro27: posts small blind $0.50
Dai5dop: posts big blind $1
*** HOLE CARDS ***
stevieh124: raises $1 to $2
G.Andrei95: folds 
coeeeelho joins the table at seat #1 
Flooris123: calls $2
MauriFierro27: folds 
Dai5dop: calls $1
*** FLOP *** [Kc Qc 8c]
Dai5dop: checks 
stevieh124: checks 
Flooris123: checks 
*** TURN *** [Kc Qc 8c] [6d]
Dai5dop: bets $4.63
stevieh124: folds 
Flooris123: folds 
Uncalled bet ($4.63) returned to Dai5dop
Dai5dop collected $6.18 from pot
Dai5dop: doesn't show hand 
*** SUMMARY ***
Total pot $6.50 | Rake $0.32 
Board [Kc Qc 8c 6d]
Seat 2: Flooris123 (button) folded on the Turn
Seat 3: MauriFierro27 (small blind) folded before Flop
Seat 4: Dai5dop (big blind) collected ($6.18)
Seat 5: stevieh124 folded on the Turn
Seat 6: G.Andrei95 folded before Flop (didn't bet)



PokerStars Hand #254187650525:  Hold'em No Limit ($0.50/$1.00 USD) - 2025/01/04 11:27:30 WET [2025/01/04 6:27:30 ET]
Table 'Svea II' 6-max Seat #3 is the button
Seat 1: coeeeelho ($100 in chips) is sitting out
Seat 2: Flooris123 ($82.13 in chips) 
Seat 3: MauriFierro27 ($102.97 in chips) 
Seat 4: Dai5dop ($119.12 in chips) 
Seat 5: stevieh124 ($101.57 in chips) 
Seat 6: G.Andrei95 ($133.57 in chips) 
Dai5dop: posts small blind $0.50
stevieh124: posts big blind $1
coeeeelho: sits out 
*** HOLE CARDS ***
G.Andrei95: raises $1.50 to $2.50
Flooris123: calls $2.50
MauriFierro27: folds 
Dai5dop: calls $2
stevieh124: folds 
*** FLOP *** [5h Kd 5d]
Dai5dop: checks 
G.Andrei95: checks 
Flooris123: bets $4.04
Dai5dop: folds 
G.Andrei95: calls $4.04
*** TURN *** [5h Kd 5d] [9h]
G.Andrei95: checks 
Flooris123: checks 
*** RIVER *** [5h Kd 5d 9h] [As]
G.Andrei95: bets $5.20
Flooris123: calls $5.20
*** SHOW DOWN ***
G.Andrei95: shows [Ah Th] (two pair, Aces and Fives)
Flooris123: mucks hand 
G.Andrei95 collected $25.63 from pot
*** SUMMARY ***
Total pot $26.98 | Rake $1.35 
Board [5h Kd 5d 9h As]
Seat 1: coeeeelho
Seat 2: Flooris123 mucked
Seat 3: MauriFierro27 (button) folded before Flop (didn't bet)
Seat 4: Dai5dop (small blind) folded on the Flop
Seat 5: stevieh124 (big blind) folded before Flop
Seat 6: G.Andrei95 showed [Ah Th] and won ($25.63) with two pair, Aces and Fives



PokerStars Hand #254187846254:  Hold'em No Limit ($0.50/$1.00 USD) - 2025/01/04 11:50:02 WET [2025/01/04 6:50:02 ET]
Table 'Svea II' 6-max Seat #4 is the button
Seat 1: coeeeelho ($100 in chips) 
Seat 2: Flooris123 ($93.50 in chips) 
Seat 3: MauriFierro27 ($110 in chips) 
Seat 4: Dai5dop ($174.27 in chips) 
Seat 5: kniferok ($104.24 in chips) 
Seat 6: G.Andrei95 ($264.41 in chips) 
kniferok: posts small blind $0.50
G.Andrei95: posts big blind $1
*** HOLE CARDS ***
coeeeelho: folds 
Flooris123: folds 
MauriFierro27: folds 
Dai5dop: raises $1.50 to $2.50
kniferok: folds 
G.Andrei95: folds 
Uncalled bet ($1.50) returned to Dai5dop
Dai5dop collected $2.50 from pot
Dai5dop: doesn't show hand 
*** SUMMARY ***
Total pot $2.50 | Rake $0 
Seat 1: coeeeelho folded before Flop (didn't bet)
Seat 2: Flooris123 folded before Flop (didn't bet)
Seat 3: MauriFierro27 folded before Flop (didn't bet)
Seat 4: Dai5dop (button) collected ($2.50)
Seat 5: kniferok (small blind) folded before Flop
Seat 6: G.Andrei95 (big blind) folded before Flop



PokerStars Hand #254187849966:  Hold'em No Limit ($0.50/$1.00 USD) - 2025/01/04 11:50:28 WET [2025/01/04 6:50:28 ET]
Table 'Svea II' 6-max Seat #5 is the button
Seat 1: coeeeelho ($100 in chips) 
Seat 2: Flooris123 ($93.50 in chips) 
Seat 3: MauriFierro27 ($110 in chips) 
Seat 4: Dai5dop ($175.77 in chips) 
Seat 5: kniferok ($103.74 in chips) 
Seat 6: G.Andrei95 ($263.41 in chips) 
G.Andrei95: posts small blind $0.50
coeeeelho: posts big blind $1
*** HOLE CARDS ***
Flooris123: folds 
MauriFierro27: folds 
Dai5dop: folds 
kniferok: raises $1.50 to $2.50
G.Andrei95: raises $9.50 to $12
coeeeelho: folds 
kniferok: calls $9.50
*** FLOP *** [8d Jc 5h]
G.Andrei95: checks 
kniferok: bets $8.84
G.Andrei95: folds 
Uncalled bet ($8.84) returned to kniferok
kniferok collected $23.75 from pot
kniferok: doesn't show hand 
*** SUMMARY ***
Total pot $25 | Rake $1.25 
Board [8d Jc 5h]
Seat 1: coeeeelho (big blind) folded before Flop
Seat 2: Flooris123 folded before Flop (didn't bet)
Seat 3: MauriFierro27 folded before Flop (didn't bet)
Seat 4: Dai5dop folded before Flop (didn't bet)
Seat 5: kniferok (button) collected ($23.75)
Seat 6: G.Andrei95 (small blind) folded on the Flop



PokerStars Hand #254187860100:  Hold'em No Limit ($0.50/$1.00 USD) - 2025/01/04 11:51:38 WET [2025/01/04 6:51:38 ET]
Table 'Svea II' 6-max Seat #6 is the button
Seat 1: coeeeelho ($100 in chips) 
Seat 2: Flooris123 ($93.50 in chips) 
Seat 3: MauriFierro27 ($110 in chips) 
Seat 4: Dai5dop ($175.77 in chips) 
Seat 5: kniferok ($115.49 in chips) 
Seat 6: G.Andrei95 ($251.41 in chips) 
coeeeelho: posts small blind $0.50
Flooris123: posts big blind $1
*** HOLE CARDS ***
MauriFierro27: folds 
Dai5dop: folds 
kniferok: raises $1.50 to $2.50
G.Andrei95: folds 
coeeeelho: folds 
Flooris123: folds 
Uncalled bet ($1.50) returned to kniferok
kniferok collected $2.50 from pot
kniferok: doesn't show hand 
*** SUMMARY ***
Total pot $2.50 | Rake $0 
Seat 1: coeeeelho (small blind) folded before Flop
Seat 2: Flooris123 (big blind) folded before Flop
Seat 3: MauriFierro27 folded before Flop (didn't bet)
Seat 4: Dai5dop folded before Flop (didn't bet)
Seat 5: kniferok collected ($2.50)
Seat 6: G.Andrei95 (button) folded before Flop (didn't bet)



PokerStars Hand #254187862632:  Hold'em No Limit ($0.50/$1.00 USD) - 2025/01/04 11:51:56 WET [2025/01/04 6:51:56 ET]
Table 'Svea II' 6-max Seat #1 is the button
Seat 1: coeeeelho ($100 in chips) 
Seat 2: Flooris123 ($92.50 in chips) 
Seat 3: MauriFierro27 ($110 in chips) 
Seat 4: Dai5dop ($175.77 in chips) 
Seat 5: kniferok ($116.99 in chips) 
Seat 6: G.Andrei95 ($251.41 in chips) 
Flooris123: posts small blind $0.50
MauriFierro27: posts big blind $1
*** HOLE CARDS ***
Dai5dop: folds 
kniferok: folds 
G.Andrei95: raises $1.50 to $2.50
coeeeelho: raises $5 to $7.50
Flooris123: calls $7
MauriFierro27: folds 
G.Andrei95: raises $14.50 to $22
coeeeelho: calls $14.50
Flooris123: calls $14.50
*** FLOP *** [5d 9s 4h]
Flooris123: bets $18.25
G.Andrei95: folds 
coeeeelho: raises $59.75 to $78 and is all-in
Flooris123: folds 
Uncalled bet ($59.75) returned to coeeeelho
coeeeelho collected $101 from pot
coeeeelho: doesn't show hand 
*** SUMMARY ***
Total pot $103.50 | Rake $2.50 
Board [5d 9s 4h]
Seat 1: coeeeelho (button) collected ($101)
Seat 2: Flooris123 (small blind) folded on the Flop
Seat 3: MauriFierro27 (big blind) folded before Flop
Seat 4: Dai5dop folded before Flop (didn't bet)
Seat 5: kniferok folded before Flop (didn't bet)
Seat 6: G.Andrei95 folded on the Flop



PokerStars Hand #254187874195:  Hold'em No Limit ($0.50/$1.00 USD) - 2025/01/04 11:53:16 WET [2025/01/04 6:53:16 ET]
Table 'Svea II' 6-max Seat #2 is the button
Seat 1: coeeeelho ($160.75 in chips) 
Seat 2: Flooris123 ($52.25 in chips) 
Seat 3: MauriFierro27 ($109 in chips) 
Seat 4: Dai5dop ($175.77 in chips) 
Seat 5: kniferok ($116.99 in chips) 
Seat 6: G.Andrei95 ($229.41 in chips) 
MauriFierro27: posts small blind $0.50
Dai5dop: posts big blind $1
*** HOLE CARDS ***
kniferok: folds 
G.Andrei95: folds 
coeeeelho: folds 
Flooris123: folds 
MauriFierro27: folds 
Uncalled bet ($0.50) returned to Dai5dop
Dai5dop collected $1 from pot
Dai5dop: doesn't show hand 
*** SUMMARY ***
Total pot $1 | Rake $0 
Seat 1: coeeeelho folded before Flop (didn't bet)
Seat 2: Flooris123 (button) folded before Flop (didn't bet)
Seat 3: MauriFierro27 (small blind) folded before Flop
Seat 4: Dai5dop (big blind) collected ($1)
Seat 5: kniferok folded before Flop (didn't bet)
Seat 6: G.Andrei95 folded before Flop (didn't bet)



PokerStars Hand #254187876507:  Hold'em No Limit ($0.50/$1.00 USD) - 2025/01/04 11:53:31 WET [2025/01/04 6:53:31 ET]
Table 'Svea II' 6-max Seat #3 is the button
Seat 1: coeeeelho ($160.75 in chips) 
Seat 2: Flooris123 ($52.25 in chips) 
Seat 3: MauriFierro27 ($108.50 in chips) 
Seat 4: Dai5dop ($176.27 in chips) 
Seat 5: kniferok ($116.99 in chips) 
Seat 6: G.Andrei95 ($229.41 in chips) 
Dai5dop: posts small blind $0.50
kniferok: posts big blind $1
*** HOLE CARDS ***
G.Andrei95: folds 
coeeeelho: folds 
Flooris123: calls $1
MauriFierro27: raises $3.50 to $4.50
Dai5dop: folds 
kniferok: folds 
Flooris123: calls $3.50
*** FLOP *** [Ks Kd 7c]
Flooris123: checks 
MauriFierro27: bets $3.29
Flooris123: folds 
Uncalled bet ($3.29) returned to MauriFierro27
MauriFierro27 collected $9.98 from pot
MauriFierro27: doesn't show hand 
*** SUMMARY ***
Total pot $10.50 | Rake $0.52 
Board [Ks Kd 7c]
Seat 1: coeeeelho folded before Flop (didn't bet)
Seat 2: Flooris123 folded on the Flop
Seat 3: MauriFierro27 (button) collected ($9.98)
Seat 4: Dai5dop (small blind) folded before Flop
Seat 5: kniferok (big blind) folded before Flop
Seat 6: G.Andrei95 folded before Flop (didn't bet)



PokerStars Hand #254187880568:  Hold'em No Limit ($0.50/$1.00 USD) - 2025/01/04 11:54:00 WET [2025/01/04 6:54:00 ET]
Table 'Svea II' 6-max Seat #4 is the button
Seat 1: coeeeelho ($160.75 in chips) 
Seat 2: Flooris123 ($47.75 in chips) 
Seat 3: MauriFierro27 ($113.98 in chips) 
Seat 4: Dai5dop ($175.77 in chips) 
Seat 5: kniferok ($115.99 in chips) 
Seat 6: G.Andrei95 ($229.41 in chips) 
kniferok: posts small blind $0.50
G.Andrei95: posts big blind $1
*** HOLE CARDS ***
coeeeelho: folds 
Flooris123: folds 
MauriFierro27: folds 
Dai5dop: folds 
kniferok: folds 
Uncalled bet ($0.50) returned to G.Andrei95
G.Andrei95 collected $1 from pot
G.Andrei95: doesn't show hand 
*** SUMMARY ***
Total pot $1 | Rake $0 
Seat 1: coeeeelho folded before Flop (didn't bet)
Seat 2: Flooris123 folded before Flop (didn't bet)
Seat 3: MauriFierro27 folded before Flop (didn't bet)
Seat 4: Dai5dop (button) folded before Flop (didn't bet)
Seat 5: kniferok (small blind) folded before Flop
Seat 6: G.Andrei95 (big blind) collected ($1)



PokerStars Hand #254187882777:  Hold'em No Limit ($0.50/$1.00 USD) - 2025/01/04 11:54:15 WET [2025/01/04 6:54:15 ET]
Table 'Svea II' 6-max Seat #5 is the button
Seat 1: coeeeelho ($160.75 in chips) 
Seat 2: Flooris123 ($47.75 in chips) 
Seat 3: MauriFierro27 ($113.98 in chips) 
Seat 4: Dai5dop ($175.77 in chips) 
Seat 5: kniferok ($115.49 in chips) 
Seat 6: G.Andrei95 ($229.91 in chips) 
G.Andrei95: posts small blind $0.50
coeeeelho: posts big blind $1
*** HOLE CARDS ***
Flooris123: calls $1
MauriFierro27: raises $4 to $5
Dai5dop: folds 
kniferok: folds 
G.Andrei95: folds 
coeeeelho: folds 
Flooris123: calls $4
*** FLOP *** [Kd Kc 4h]
Flooris123: checks 
MauriFierro27: bets $3.60
Flooris123: folds 
Uncalled bet ($3.60) returned to MauriFierro27
MauriFierro27 collected $10.92 from pot
MauriFierro27: doesn't show hand 
*** SUMMARY ***
Total pot $11.50 | Rake $0.58 
Board [Kd Kc 4h]
Seat 1: coeeeelho (big blind) folded before Flop
Seat 2: Flooris123 folded on the Flop
Seat 3: MauriFierro27 collected ($10.92)
Seat 4: Dai5dop folded before Flop (didn't bet)
Seat 5: kniferok (button) folded before Flop (didn't bet)
Seat 6: G.Andrei95 (small blind) folded before Flop



PokerStars Hand #254187889663:  Hold'em No Limit ($0.50/$1.00 USD) - 2025/01/04 11:55:03 WET [2025/01/04 6:55:03 ET]
Table 'Svea II' 6-max Seat #6 is the button
Seat 1: coeeeelho ($159.75 in chips) 
Seat 2: Flooris123 ($42.75 in chips) 
Seat 3: MauriFierro27 ($119.90 in chips) 
Seat 4: Dai5dop ($175.77 in chips) 
Seat 5: kniferok ($115.49 in chips) 
Seat 6: G.Andrei95 ($229.41 in chips) 
coeeeelho: posts small blind $0.50
Flooris123: posts big blind $1
*** HOLE CARDS ***
MauriFierro27: raises $1.20 to $2.20
Dai5dop: folds 
kniferok: folds 
G.Andrei95: folds 
coeeeelho: folds 
Flooris123: calls $1.20
*** FLOP *** [Ks 5s Qc]
Flooris123: bets $2.33
MauriFierro27: folds 
Uncalled bet ($2.33) returned to Flooris123
Flooris123 collected $4.66 from pot
Flooris123: doesn't show hand 
*** SUMMARY ***
Total pot $4.90 | Rake $0.24 
Board [Ks 5s Qc]
Seat 1: coeeeelho (small blind) folded before Flop
Seat 2: Flooris123 (big blind) collected ($4.66)
Seat 3: MauriFierro27 folded on the Flop
Seat 4: Dai5dop folded before Flop (didn't bet)
Seat 5: kniferok folded before Flop (didn't bet)
Seat 6: G.Andrei95 (button) folded before Flop (didn't bet)



PokerStars Hand #254187893745:  Hold'em No Limit ($0.50/$1.00 USD) - 2025/01/04 11:55:34 WET [2025/01/04 6:55:34 ET]
Table 'Svea II' 6-max Seat #1 is the button
Seat 1: coeeeelho ($159.25 in chips) 
Seat 2: Flooris123 ($45.21 in chips) 
Seat 3: MauriFierro27 ($117.70 in chips) 
Seat 4: Dai5dop ($175.77 in chips) 
Seat 5: kniferok ($115.49 in chips) 
Seat 6: G.Andrei95 ($229.41 in chips) 
Flooris123: posts small blind $0.50
MauriFierro27: posts big blind $1
*** HOLE CARDS ***
Dai5dop: folds 
kniferok: folds 
G.Andrei95: folds 
coeeeelho: folds 
Flooris123: folds 
Uncalled bet ($0.50) returned to MauriFierro27
MauriFierro27 collected $1 from pot
MauriFierro27: doesn't show hand 
*** SUMMARY ***
Total pot $1 | Rake $0 
Seat 1: coeeeelho (button) folded before Flop (didn't bet)
Seat 2: Flooris123 (small blind) folded before Flop
Seat 3: MauriFierro27 (big blind) collected ($1)
Seat 4: Dai5dop folded before Flop (didn't bet)
Seat 5: kniferok folded before Flop (didn't bet)
Seat 6: G.Andrei95 folded before Flop (didn't bet)



PokerStars Hand #254187895266:  Hold'em No Limit ($0.50/$1.00 USD) - 2025/01/04 11:55:47 WET [2025/01/04 6:55:47 ET]
Table 'Svea II' 6-max Seat #2 is the button
Seat 1: coeeeelho ($159.25 in chips) 
Seat 2: Flooris123 ($44.71 in chips) 
Seat 3: MauriFierro27 ($118.20 in chips) 
Seat 4: Dai5dop ($175.77 in chips) 
Seat 5: kniferok ($115.49 in chips) 
Seat 6: G.Andrei95 ($229.41 in chips) 
MauriFierro27: posts small blind $0.50
Dai5dop: posts big blind $1
*** HOLE CARDS ***
kniferok: folds 
G.Andrei95: folds 
coeeeelho: folds 
Flooris123: calls $1
MauriFierro27: folds 
Dai5dop: checks 
*** FLOP *** [Js 4s 6h]
Dai5dop: checks 
Flooris123: bets $1.19
Dai5dop: calls $1.19
*** TURN *** [Js 4s 6h] [6c]
Dai5dop: checks 
Flooris123: checks 
*** RIVER *** [Js 4s 6h 6c] [8c]
Dai5dop: checks 
Flooris123: bets $2.32
Dai5dop: calls $2.32
*** SHOW DOWN ***
Flooris123: shows [Th Qc] (a pair of Sixes)
Dai5dop: shows [4d 8d] (two pair, Eights and Sixes)
Dai5dop collected $9.04 from pot
*** SUMMARY ***
Total pot $9.52 | Rake $0.48 
Board [Js 4s 6h 6c 8c]
Seat 1: coeeeelho folded before Flop (didn't bet)
Seat 2: Flooris123 (button) showed [Th Qc] and lost with a pair of Sixes
Seat 3: MauriFierro27 (small blind) folded before Flop
Seat 4: Dai5dop (big blind) showed [4d 8d] and won ($9.04) with two pair, Eights and Sixes
Seat 5: kniferok folded before Flop (didn't bet)
Seat 6: G.Andrei95 folded before Flop (didn't bet)



PokerStars Hand #254187900492:  Hold'em No Limit ($0.50/$1.00 USD) - 2025/01/04 11:56:29 WET [2025/01/04 6:56:29 ET]
Table 'Svea II' 6-max Seat #3 is the button
Seat 1: coeeeelho ($159.25 in chips) 
Seat 2: Flooris123 ($40.20 in chips) 
Seat 3: MauriFierro27 ($117.70 in chips) 
Seat 4: Dai5dop ($180.30 in chips) 
Seat 5: kniferok ($115.49 in chips) 
Seat 6: G.Andrei95 ($229.41 in chips) 
Dai5dop: posts small blind $0.50
kniferok: posts big blind $1
*** HOLE CARDS ***
G.Andrei95: folds 
G.Andrei95 leaves the table
coeeeelho: folds 
Flooris123: folds 
MauriFierro27: raises $1.20 to $2.20
Dai5dop: folds 
kniferok: calls $1.20
*** FLOP *** [Kh 8c 6s]
kniferok: checks 
MauriFierro27: bets $1.54
kniferok: calls $1.54
*** TURN *** [Kh 8c 6s] [Jd]
kniferok: checks 
MauriFierro27: bets $10.61
kniferok: folds 
Uncalled bet ($10.61) returned to MauriFierro27
MauriFierro27 collected $7.58 from pot
MauriFierro27: doesn't show hand 
*** SUMMARY ***
Total pot $7.98 | Rake $0.40 
Board [Kh 8c 6s Jd]
Seat 1: coeeeelho folded before Flop (didn't bet)
Seat 2: Flooris123 folded before Flop (didn't bet)
Seat 3: MauriFierro27 (button) collected ($7.58)
Seat 4: Dai5dop (small blind) folded before Flop
Seat 5: kniferok (big blind) folded on the Turn
Seat 6: G.Andrei95 folded before Flop (didn't bet)



PokerStars Hand #254187906410:  Hold'em No Limit ($0.50/$1.00 USD) - 2025/01/04 11:57:16 WET [2025/01/04 6:57:16 ET]
Table 'Svea II' 6-max Seat #4 is the button
Seat 1: coeeeelho ($159.25 in chips) 
Seat 2: Flooris123 ($40.20 in chips) 
Seat 3: MauriFierro27 ($121.54 in chips) 
Seat 4: Dai5dop ($179.80 in chips) 
Seat 5: kniferok ($111.75 in chips) 
kniferok: posts small blind $0.50
coeeeelho: posts big blind $1
*** HOLE CARDS ***
Flooris123: folds 
MauriFierro27: folds 
Dai5dop: raises $1.50 to $2.50
kniferok: folds 
coeeeelho: folds 
Uncalled bet ($1.50) returned to Dai5dop
Dai5dop collected $2.50 from pot
Dai5dop: doesn't show hand 
*** SUMMARY ***
Total pot $2.50 | Rake $0 
Seat 1: coeeeelho (big blind) folded before Flop
Seat 2: Flooris123 folded before Flop (didn't bet)
Seat 3: MauriFierro27 folded before Flop (didn't bet)
Seat 4: Dai5dop (button) collected ($2.50)
Seat 5: kniferok (small blind) folded before Flop



PokerStars Hand #254187908469:  Hold'em No Limit ($0.50/$1.00 USD) - 2025/01/04 11:57:33 WET [2025/01/04 6:57:33 ET]
Table 'Svea II' 6-max Seat #5 is the button
Seat 1: coeeeelho ($158.25 in chips) 
Seat 2: Flooris123 ($40.20 in chips) 
Seat 3: MauriFierro27 ($121.54 in chips) 
Seat 4: Dai5dop ($181.30 in chips) 
Seat 5: kniferok ($111.25 in chips) 
coeeeelho: posts small blind $0.50
Flooris123: posts big blind $1
*** HOLE CARDS ***
MauriFierro27: folds 
Dai5dop: folds 
kniferok: folds 
Emily_GetMan joins the table at seat #6 
coeeeelho: raises $2 to $3
Flooris123: calls $2
*** FLOP *** [Ts Ac Ad]
coeeeelho: bets $1.43
Flooris123: raises $1.43 to $2.86
coeeeelho: calls $1.43
*** TURN *** [Ts Ac Ad] [Qc]
coeeeelho: checks 
Flooris123: checks 
*** RIVER *** [Ts Ac Ad Qc] [Kh]
coeeeelho: checks 
Flooris123: bets $11.13
coeeeelho: folds 
Uncalled bet ($11.13) returned to Flooris123
Flooris123 collected $11.13 from pot
Flooris123: doesn't show hand 
*** SUMMARY ***
Total pot $11.72 | Rake $0.59 
Board [Ts Ac Ad Qc Kh]
Seat 1: coeeeelho (small blind) folded on the River
Seat 2: Flooris123 (big blind) collected ($11.13)
Seat 3: MauriFierro27 folded before Flop (didn't bet)
Seat 4: Dai5dop folded before Flop (didn't bet)
Seat 5: kniferok (button) folded before Flop (didn't bet)



PokerStars Hand #254187914435:  Hold'em No Limit ($0.50/$1.00 USD) - 2025/01/04 11:58:22 WET [2025/01/04 6:58:22 ET]
Table 'Svea II' 6-max Seat #1 is the button
Seat 6: Emily_GetMan ($100 in chips) is sitting out
Seat 1: coeeeelho ($152.39 in chips) 
Seat 2: Flooris123 ($45.47 in chips) 
Seat 3: MauriFierro27 ($121.54 in chips) 
Seat 4: Dai5dop ($181.30 in chips) 
Seat 5: kniferok ($111.25 in chips) 
Flooris123: posts small blind $0.50
MauriFierro27: posts big blind $1
Emily_GetMan: sits out 
*** HOLE CARDS ***
Dai5dop: folds 
kniferok: folds 
coeeeelho: folds 
Flooris123: raises $1 to $2
MauriFierro27: calls $1
*** FLOP *** [4d 6d As]
Flooris123: checks 
MauriFierro27: checks 
*** TURN *** [4d 6d As] [4c]
Flooris123: checks 
MauriFierro27: checks 
*** RIVER *** [4d 6d As 4c] [Qc]
Flooris123: checks 
MauriFierro27: bets $2.85
Flooris123: folds 
Uncalled bet ($2.85) returned to MauriFierro27
MauriFierro27 collected $3.80 from pot
MauriFierro27: doesn't show hand 
*** SUMMARY ***
Total pot $4 | Rake $0.20 
Board [4d 6d As 4c Qc]
Seat 6: Emily_GetMan
Seat 1: coeeeelho (button) folded before Flop (didn't bet)
Seat 2: Flooris123 (small blind) folded on the River
Seat 3: MauriFierro27 (big blind) collected ($3.80)
Seat 4: Dai5dop folded before Flop (didn't bet)
Seat 5: kniferok folded before Flop (didn't bet)



PokerStars Hand #254187922646:  Hold'em No Limit ($0.50/$1.00 USD) - 2025/01/04 11:59:28 WET [2025/01/04 6:59:28 ET]
Table 'Svea II' 6-max Seat #2 is the button
Seat 6: Emily_GetMan ($100 in chips) is sitting out
Seat 1: coeeeelho ($152.39 in chips) 
Seat 2: Flooris123 ($43.47 in chips) 
Seat 3: MauriFierro27 ($123.34 in chips) 
Seat 4: Dai5dop ($181.30 in chips) 
Seat 5: kniferok ($111.25 in chips) 
MauriFierro27: posts small blind $0.50
Dai5dop: posts big blind $1
Emily_GetMan: sits out 
*** HOLE CARDS ***
kniferok: folds 
coeeeelho: raises $1.20 to $2.20
Flooris123: folds 
MauriFierro27: folds 
Dai5dop: folds 
Uncalled bet ($1.20) returned to coeeeelho
coeeeelho collected $2.50 from pot
coeeeelho: doesn't show hand 
*** SUMMARY ***
Total pot $2.50 | Rake $0 
Seat 6: Emily_GetMan
Seat 1: coeeeelho collected ($2.50)
Seat 2: Flooris123 (button) folded before Flop (didn't bet)
Seat 3: MauriFierro27 (small blind) folded before Flop
Seat 4: Dai5dop (big blind) folded before Flop
Seat 5: kniferok folded before Flop (didn't bet)



PokerStars Hand #254187924918:  Hold'em No Limit ($0.50/$1.00 USD) - 2025/01/04 11:59:46 WET [2025/01/04 6:59:46 ET]
Table 'Svea II' 6-max Seat #3 is the button
Seat 6: Emily_GetMan ($100 in chips) is sitting out
Seat 1: coeeeelho ($153.89 in chips) 
Seat 2: Flooris123 ($43.47 in chips) 
Seat 3: MauriFierro27 ($122.84 in chips) 
Seat 4: Dai5dop ($180.30 in chips) 
Seat 5: kniferok ($111.25 in chips) 
Dai5dop: posts small blind $0.50
kniferok: posts big blind $1
Emily_GetMan: sits out 
*** HOLE CARDS ***
coeeeelho: raises $1.20 to $2.20
Flooris123: folds 
MauriFierro27: folds 
Dai5dop: folds 
kniferok: raises $9.40 to $11.60
coeeeelho: calls $9.40
*** FLOP *** [Ad 9s Ks]
kniferok: bets $11.26
coeeeelho: calls $11.26
*** TURN *** [Ad 9s Ks] [Jh]
kniferok: checks 
coeeeelho: checks 
*** RIVER *** [Ad 9s Ks Jh] [Jc]
kniferok: bets $88.39 and is all-in
coeeeelho: folds 
Uncalled bet ($88.39) returned to kniferok
kniferok collected $43.91 from pot
kniferok: doesn't show hand 
*** SUMMARY ***
Total pot $46.22 | Rake $2.31 
Board [Ad 9s Ks Jh Jc]
Seat 6: Emily_GetMan
Seat 1: coeeeelho folded on the River
Seat 2: Flooris123 folded before Flop (didn't bet)
Seat 3: MauriFierro27 (button) folded before Flop (didn't bet)
Seat 4: Dai5dop (small blind) folded before Flop
Seat 5: kniferok (big blind) collected ($43.91)



PokerStars Hand #254187934783:  Hold'em No Limit ($0.50/$1.00 USD) - 2025/01/04 12:01:02 WET [2025/01/04 7:01:02 ET]
Table 'Svea II' 6-max Seat #4 is the button
Seat 1: coeeeelho ($131.03 in chips) 
Seat 2: Flooris123 ($43.47 in chips) 
Seat 3: MauriFierro27 ($122.84 in chips) 
Seat 4: Dai5dop ($179.80 in chips) 
Seat 5: kniferok ($132.30 in chips) 
Seat 6: Emily_GetMan ($100 in chips) 
kniferok: posts small blind $0.50
Emily_GetMan: posts big blind $1
*** HOLE CARDS ***
coeeeelho: folds 
Flooris123: raises $2 to $3
MauriFierro27: folds 
Dai5dop: folds 
kniferok: folds 
Emily_GetMan: calls $2
*** FLOP *** [2h 8d 4h]
Emily_GetMan: checks 
Flooris123: checks 
*** TURN *** [2h 8d 4h] [Tc]
Emily_GetMan: checks 
Flooris123: bets $3.09
Emily_GetMan: folds 
Uncalled bet ($3.09) returned to Flooris123
Flooris123 collected $6.18 from pot
Flooris123: doesn't show hand 
*** SUMMARY ***
Total pot $6.50 | Rake $0.32 
Board [2h 8d 4h Tc]
Seat 1: coeeeelho folded before Flop (didn't bet)
Seat 2: Flooris123 collected ($6.18)
Seat 3: MauriFierro27 folded before Flop (didn't bet)
Seat 4: Dai5dop (button) folded before Flop (didn't bet)
Seat 5: kniferok (small blind) folded before Flop
Seat 6: Emily_GetMan (big blind) folded on the Turn



PokerStars Hand #254187941252:  Hold'em No Limit ($0.50/$1.00 USD) - 2025/01/04 12:01:47 WET [2025/01/04 7:01:47 ET]
Table 'Svea II' 6-max Seat #5 is the button
Seat 1: coeeeelho ($131.03 in chips) 
Seat 2: Flooris123 ($46.65 in chips) 
Seat 3: MauriFierro27 ($122.84 in chips) 
Seat 4: Dai5dop ($179.80 in chips) 
Seat 5: kniferok ($131.80 in chips) 
Seat 6: Emily_GetMan ($100 in chips) 
Emily_GetMan: posts small blind $0.50
coeeeelho: posts big blind $1
*** HOLE CARDS ***
Flooris123: folds 
MauriFierro27: raises $1.20 to $2.20
Dai5dop: folds 
kniferok: folds 
Emily_GetMan: folds 
coeeeelho: folds 
Uncalled bet ($1.20) returned to MauriFierro27
MauriFierro27 collected $2.50 from pot
MauriFierro27: doesn't show hand 
*** SUMMARY ***
Total pot $2.50 | Rake $0 
Seat 1: coeeeelho (big blind) folded before Flop
Seat 2: Flooris123 folded before Flop (didn't bet)
Seat 3: MauriFierro27 collected ($2.50)
Seat 4: Dai5dop folded before Flop (didn't bet)
Seat 5: kniferok (button) folded before Flop (didn't bet)
Seat 6: Emily_GetMan (small blind) folded before Flop



PokerStars Hand #254187945693:  Hold'em No Limit ($0.50/$1.00 USD) - 2025/01/04 12:02:17 WET [2025/01/04 7:02:17 ET]
Table 'Svea II' 6-max Seat #6 is the button
Seat 1: coeeeelho ($130.03 in chips) 
Seat 2: Flooris123 ($46.65 in chips) 
Seat 3: MauriFierro27 ($124.34 in chips) 
Seat 4: Dai5dop ($179.80 in chips) 
Seat 5: kniferok ($131.80 in chips) 
Seat 6: Emily_GetMan ($100 in chips) 
coeeeelho: posts small blind $0.50
Flooris123: posts big blind $1
*** HOLE CARDS ***
MauriFierro27: folds 
Dai5dop: folds 
kniferok: folds 
Emily_GetMan: raises $2 to $3
coeeeelho: folds 
Flooris123: calls $2
*** FLOP *** [4c Jd Qd]
Flooris123: checks 
Emily_GetMan: checks 
*** TURN *** [4c Jd Qd] [8d]
Flooris123: checks 
Emily_GetMan: bets $2.04
Flooris123: calls $2.04
*** RIVER *** [4c Jd Qd 8d] [6c]
Flooris123: checks 
Emily_GetMan: bets $8.50
Flooris123: folds 
Uncalled bet ($8.50) returned to Emily_GetMan
Emily_GetMan collected $10.05 from pot
Emily_GetMan: doesn't show hand 
*** SUMMARY ***
Total pot $10.58 | Rake $0.53 
Board [4c Jd Qd 8d 6c]
Seat 1: coeeeelho (small blind) folded before Flop
Seat 2: Flooris123 (big blind) folded on the River
Seat 3: MauriFierro27 folded before Flop (didn't bet)
Seat 4: Dai5dop folded before Flop (didn't bet)
Seat 5: kniferok folded before Flop (didn't bet)
Seat 6: Emily_GetMan (button) collected ($10.05)



PokerStars Hand #254187952432:  Hold'em No Limit ($0.50/$1.00 USD) - 2025/01/04 12:03:02 WET [2025/01/04 7:03:02 ET]
Table 'Svea II' 6-max Seat #1 is the button
Seat 1: coeeeelho ($129.53 in chips) 
Seat 2: Flooris123 ($41.61 in chips) 
Seat 3: MauriFierro27 ($124.34 in chips) 
Seat 4: Dai5dop ($179.80 in chips) 
Seat 5: kniferok ($131.80 in chips) 
Seat 6: Emily_GetMan ($105.01 in chips) 
Flooris123: posts small blind $0.50
MauriFierro27: posts big blind $1
*** HOLE CARDS ***
Dai5dop: folds 
kniferok: folds 
Emily_GetMan: raises $1 to $2
coeeeelho: folds 
Flooris123: folds 
MauriFierro27: folds 
Uncalled bet ($1) returned to Emily_GetMan
Emily_GetMan collected $2.50 from pot
Emily_GetMan: doesn't show hand 
*** SUMMARY ***
Total pot $2.50 | Rake $0 
Seat 1: coeeeelho (button) folded before Flop (didn't bet)
Seat 2: Flooris123 (small blind) folded before Flop
Seat 3: MauriFierro27 (big blind) folded before Flop
Seat 4: Dai5dop folded before Flop (didn't bet)
Seat 5: kniferok folded before Flop (didn't bet)
Seat 6: Emily_GetMan collected ($2.50)



PokerStars Hand #254187955749:  Hold'em No Limit ($0.50/$1.00 USD) - 2025/01/04 12:03:25 WET [2025/01/04 7:03:25 ET]
Table 'Svea II' 6-max Seat #2 is the button
Seat 1: coeeeelho ($129.53 in chips) 
Seat 2: Flooris123 ($41.11 in chips) 
Seat 3: MauriFierro27 ($123.34 in chips) 
Seat 4: Dai5dop ($179.80 in chips) 
Seat 5: kniferok ($131.80 in chips) 
Seat 6: Emily_GetMan ($106.51 in chips) 
MauriFierro27: posts small blind $0.50
Dai5dop: posts big blind $1
*** HOLE CARDS ***
kniferok: folds 
Emily_GetMan: raises $1 to $2
coeeeelho: folds 
Flooris123: raises $5 to $7
MauriFierro27: folds 
Dai5dop: folds 
Emily_GetMan: folds 
Uncalled bet ($5) returned to Flooris123
Flooris123 collected $5.50 from pot
Flooris123: doesn't show hand 
*** SUMMARY ***
Total pot $5.50 | Rake $0 
Seat 1: coeeeelho folded before Flop (didn't bet)
Seat 2: Flooris123 (button) collected ($5.50)
Seat 3: MauriFierro27 (small blind) folded before Flop
Seat 4: Dai5dop (big blind) folded before Flop
Seat 5: kniferok folded before Flop (didn't bet)
Seat 6: Emily_GetMan folded before Flop



PokerStars Hand #254187961002:  Hold'em No Limit ($0.50/$1.00 USD) - 2025/01/04 12:04:00 WET [2025/01/04 7:04:00 ET]
Table 'Svea II' 6-max Seat #3 is the button
Seat 1: coeeeelho ($129.53 in chips) 
Seat 2: Flooris123 ($44.61 in chips) 
Seat 3: MauriFierro27 ($122.84 in chips) 
Seat 4: Dai5dop ($178.80 in chips) 
Seat 5: kniferok ($131.80 in chips) 
Seat 6: Emily_GetMan ($104.51 in chips) 
Dai5dop: posts small blind $0.50
kniferok: posts big blind $1
*** HOLE CARDS ***
Emily_GetMan: folds 
coeeeelho: raises $1.20 to $2.20
Flooris123: folds 
MauriFierro27: folds 
Dai5dop: folds 
kniferok: folds 
Uncalled bet ($1.20) returned to coeeeelho
coeeeelho collected $2.50 from pot
coeeeelho: doesn't show hand 
*** SUMMARY ***
Total pot $2.50 | Rake $0 
Seat 1: coeeeelho collected ($2.50)
Seat 2: Flooris123 folded before Flop (didn't bet)
Seat 3: MauriFierro27 (button) folded before Flop (didn't bet)
Seat 4: Dai5dop (small blind) folded before Flop
Seat 5: kniferok (big blind) folded before Flop
Seat 6: Emily_GetMan folded before Flop (didn't bet)



PokerStars Hand #254187963499:  Hold'em No Limit ($0.50/$1.00 USD) - 2025/01/04 12:04:17 WET [2025/01/04 7:04:17 ET]
Table 'Svea II' 6-max Seat #4 is the button
Seat 1: coeeeelho ($131.03 in chips) 
Seat 2: Flooris123 ($44.61 in chips) 
Seat 3: MauriFierro27 ($122.84 in chips) 
Seat 4: Dai5dop ($178.30 in chips) 
Seat 5: kniferok ($130.80 in chips) 
Seat 6: Emily_GetMan ($104.51 in chips) 
kniferok: posts small blind $0.50
Emily_GetMan: posts big blind $1
*** HOLE CARDS ***
coeeeelho: folds 
Flooris123: raises $1 to $2
MauriFierro27: folds 
Dai5dop: folds 
kniferok: folds 
Emily_GetMan: calls $1
*** FLOP *** [8d 5c Jd]
Emily_GetMan: checks 
Flooris123: bets $2
Emily_GetMan: folds 
Uncalled bet ($2) returned to Flooris123
Flooris123 collected $4.28 from pot
Flooris123: doesn't show hand 
*** SUMMARY ***
Total pot $4.50 | Rake $0.22 
Board [8d 5c Jd]
Seat 1: coeeeelho folded before Flop (didn't bet)
Seat 2: Flooris123 collected ($4.28)
Seat 3: MauriFierro27 folded before Flop (didn't bet)
Seat 4: Dai5dop (button) folded before Flop (didn't bet)
Seat 5: kniferok (small blind) folded before Flop
Seat 6: Emily_GetMan (big blind) folded on the Flop



PokerStars Hand #254187967081:  Hold'em No Limit ($0.50/$1.00 USD) - 2025/01/04 12:04:41 WET [2025/01/04 7:04:41 ET]
Table 'Svea II' 6-max Seat #5 is the button
Seat 1: coeeeelho ($131.03 in chips) 
Seat 2: Flooris123 ($46.89 in chips) 
Seat 3: MauriFierro27 ($122.84 in chips) 
Seat 4: Dai5dop ($178.30 in chips) 
Seat 5: kniferok ($130.30 in chips) 
Seat 6: Emily_GetMan ($102.51 in chips) 
Emily_GetMan: posts small blind $0.50
coeeeelho: posts big blind $1
*** HOLE CARDS ***
Flooris123: calls $1
MauriFierro27: folds 
Dai5dop: raises $3 to $4
kniferok: folds 
Emily_GetMan: folds 
coeeeelho: calls $3
Flooris123: calls $3
*** FLOP *** [Jd 4h 8s]
coeeeelho: checks 
Flooris123: checks 
Dai5dop: bets $3.56
coeeeelho: calls $3.56
Flooris123: folds 
*** TURN *** [Jd 4h 8s] [9s]
coeeeelho: checks 
Dai5dop: bets $13.98
coeeeelho: folds 
Uncalled bet ($13.98) returned to Dai5dop
Dai5dop collected $18.64 from pot
Dai5dop: doesn't show hand 
*** SUMMARY ***
Total pot $19.62 | Rake $0.98 
Board [Jd 4h 8s 9s]
Seat 1: coeeeelho (big blind) folded on the Turn
Seat 2: Flooris123 folded on the Flop
Seat 3: MauriFierro27 folded before Flop (didn't bet)
Seat 4: Dai5dop collected ($18.64)
Seat 5: kniferok (button) folded before Flop (didn't bet)
Seat 6: Emily_GetMan (small blind) folded before Flop



PokerStars Hand #254187979896:  Hold'em No Limit ($0.50/$1.00 USD) - 2025/01/04 12:06:09 WET [2025/01/04 7:06:09 ET]
Table 'Svea II' 6-max Seat #6 is the button
Seat 1: coeeeelho ($123.47 in chips) 
Seat 2: Flooris123 ($42.89 in chips) 
Seat 3: MauriFierro27 ($122.84 in chips) 
Seat 4: Dai5dop ($189.38 in chips) 
Seat 5: kniferok ($130.30 in chips) 
Seat 6: Emily_GetMan ($102.01 in chips) 
coeeeelho: posts small blind $0.50
Flooris123: posts big blind $1
*** HOLE CARDS ***
MauriFierro27: raises $1.20 to $2.20
Dai5dop: folds 
kniferok: raises $6.40 to $8.60
Emily_GetMan: folds 
coeeeelho: folds 
Flooris123: folds 
MauriFierro27: folds 
Uncalled bet ($6.40) returned to kniferok
kniferok collected $5.90 from pot
kniferok: doesn't show hand 
*** SUMMARY ***
Total pot $5.90 | Rake $0 
Seat 1: coeeeelho (small blind) folded before Flop
Seat 2: Flooris123 (big blind) folded before Flop
Seat 3: MauriFierro27 folded before Flop
Seat 4: Dai5dop folded before Flop (didn't bet)
Seat 5: kniferok collected ($5.90)
Seat 6: Emily_GetMan (button) folded before Flop (didn't bet)



PokerStars Hand #254187984016:  Hold'em No Limit ($0.50/$1.00 USD) - 2025/01/04 12:06:38 WET [2025/01/04 7:06:38 ET]
Table 'Svea II' 6-max Seat #1 is the button
Seat 1: coeeeelho ($122.97 in chips) 
Seat 2: Flooris123 ($41.89 in chips) 
Seat 3: MauriFierro27 ($120.64 in chips) 
Seat 4: Dai5dop ($189.38 in chips) 
Seat 5: kniferok ($134 in chips) 
Seat 6: Emily_GetMan ($102.01 in chips) 
Flooris123: posts small blind $0.50
MauriFierro27: posts big blind $1
*** HOLE CARDS ***
Dai5dop: folds 
kniferok: folds 
Emily_GetMan: folds 
coeeeelho: folds 
Flooris123: folds 
Uncalled bet ($0.50) returned to MauriFierro27
MauriFierro27 collected $1 from pot
MauriFierro27: doesn't show hand 
*** SUMMARY ***
Total pot $1 | Rake $0 
Seat 1: coeeeelho (button) folded before Flop (didn't bet)
Seat 2: Flooris123 (small blind) folded before Flop
Seat 3: MauriFierro27 (big blind) collected ($1)
Seat 4: Dai5dop folded before Flop (didn't bet)
Seat 5: kniferok folded before Flop (didn't bet)
Seat 6: Emily_GetMan folded before Flop (didn't bet)



PokerStars Hand #254187985919:  Hold'em No Limit ($0.50/$1.00 USD) - 2025/01/04 12:06:50 WET [2025/01/04 7:06:50 ET]
Table 'Svea II' 6-max Seat #2 is the button
Seat 1: coeeeelho ($122.97 in chips) 
Seat 2: Flooris123 ($41.39 in chips) 
Seat 3: MauriFierro27 ($121.14 in chips) 
Seat 4: Dai5dop ($189.38 in chips) 
Seat 5: kniferok ($134 in chips) 
Seat 6: Emily_GetMan ($102.01 in chips) 
MauriFierro27: posts small blind $0.50
Dai5dop: posts big blind $1
*** HOLE CARDS ***
kniferok: folds 
Emily_GetMan: raises $1 to $2
coeeeelho: folds 
Flooris123: folds 
MauriFierro27: raises $8.50 to $10.50
Dai5dop: folds 
Emily_GetMan: folds 
Uncalled bet ($8.50) returned to MauriFierro27
MauriFierro27 collected $5 from pot
MauriFierro27: doesn't show hand 
*** SUMMARY ***
Total pot $5 | Rake $0 
Seat 1: coeeeelho folded before Flop (didn't bet)
Seat 2: Flooris123 (button) folded before Flop (didn't bet)
Seat 3: MauriFierro27 (small blind) collected ($5)
Seat 4: Dai5dop (big blind) folded before Flop
Seat 5: kniferok folded before Flop (didn't bet)
Seat 6: Emily_GetMan folded before Flop



PokerStars Hand #254187992610:  Hold'em No Limit ($0.50/$1.00 USD) - 2025/01/04 12:07:37 WET [2025/01/04 7:07:37 ET]
Table 'Svea II' 6-max Seat #3 is the button
Seat 1: coeeeelho ($122.97 in chips) 
Seat 2: Flooris123 ($41.39 in chips) 
Seat 3: MauriFierro27 ($124.14 in chips) 
Seat 4: Dai5dop ($188.38 in chips) 
Seat 5: kniferok ($134 in chips) 
Seat 6: Emily_GetMan ($100.01 in chips) 
Dai5dop: posts small blind $0.50
kniferok: posts big blind $1
*** HOLE CARDS ***
Emily_GetMan: folds 
coeeeelho: folds 
Flooris123: calls $1
MauriFierro27: raises $3.50 to $4.50
Dai5dop: folds 
kniferok: folds 
Flooris123: calls $3.50
*** FLOP *** [6h 9s 8d]
Flooris123: checks 
MauriFierro27: checks 
*** TURN *** [6h 9s 8d] [5h]
Flooris123: bets $9.98
MauriFierro27: folds 
Uncalled bet ($9.98) returned to Flooris123
Flooris123 collected $9.98 from pot
Flooris123: doesn't show hand 
*** SUMMARY ***
Total pot $10.50 | Rake $0.52 
Board [6h 9s 8d 5h]
Seat 1: coeeeelho folded before Flop (didn't bet)
Seat 2: Flooris123 collected ($9.98)
Seat 3: MauriFierro27 (button) folded on the Turn
Seat 4: Dai5dop (small blind) folded before Flop
Seat 5: kniferok (big blind) folded before Flop
Seat 6: Emily_GetMan folded before Flop (didn't bet)



PokerStars Hand #254187999572:  Hold'em No Limit ($0.50/$1.00 USD) - 2025/01/04 12:08:24 WET [2025/01/04 7:08:24 ET]
Table 'Svea II' 6-max Seat #4 is the button
Seat 1: coeeeelho ($122.97 in chips) 
Seat 2: Flooris123 ($46.87 in chips) 
Seat 3: MauriFierro27 ($119.64 in chips) 
Seat 4: Dai5dop ($187.88 in chips) 
Seat 5: kniferok ($133 in chips) 
Seat 6: Emily_GetMan ($100.01 in chips) 
kniferok: posts small blind $0.50
Emily_GetMan: posts big blind $1
*** HOLE CARDS ***
coeeeelho: folds 
Flooris123: folds 
MauriFierro27: raises $1.20 to $2.20
Dai5dop: folds 
kniferok: raises $8.90 to $11.10
Emily_GetMan: folds 
MauriFierro27: folds 
Uncalled bet ($8.90) returned to kniferok
kniferok collected $5.40 from pot
kniferok: doesn't show hand 
*** SUMMARY ***
Total pot $5.40 | Rake $0 
Seat 1: coeeeelho folded before Flop (didn't bet)
Seat 2: Flooris123 folded before Flop (didn't bet)
Seat 3: MauriFierro27 folded before Flop
Seat 4: Dai5dop (button) folded before Flop (didn't bet)
Seat 5: kniferok (small blind) collected ($5.40)
Seat 6: Emily_GetMan (big blind) folded before Flop



PokerStars Hand #254188003211:  Hold'em No Limit ($0.50/$1.00 USD) - 2025/01/04 12:08:49 WET [2025/01/04 7:08:49 ET]
Table 'Svea II' 6-max Seat #5 is the button
Seat 1: coeeeelho ($122.97 in chips) 
Seat 2: Flooris123 ($46.87 in chips) 
Seat 3: MauriFierro27 ($117.44 in chips) 
Seat 4: Dai5dop ($187.88 in chips) 
Seat 5: kniferok ($136.20 in chips) 
Seat 6: Emily_GetMan ($100 in chips) 
Emily_GetMan: posts small blind $0.50
coeeeelho: posts big blind $1
*** HOLE CARDS ***
Flooris123: folds 
MauriFierro27: raises $1.20 to $2.20
Dai5dop: folds 
kniferok: folds 
Emily_GetMan: folds 
coeeeelho: folds 
Uncalled bet ($1.20) returned to MauriFierro27
MauriFierro27 collected $2.50 from pot
MauriFierro27: doesn't show hand 
*** SUMMARY ***
Total pot $2.50 | Rake $0 
Seat 1: coeeeelho (big blind) folded before Flop
Seat 2: Flooris123 folded before Flop (didn't bet)
Seat 3: MauriFierro27 collected ($2.50)
Seat 4: Dai5dop folded before Flop (didn't bet)
Seat 5: kniferok (button) folded before Flop (didn't bet)
Seat 6: Emily_GetMan (small blind) folded before Flop



PokerStars Hand #254188005229:  Hold'em No Limit ($0.50/$1.00 USD) - 2025/01/04 12:09:03 WET [2025/01/04 7:09:03 ET]
Table 'Svea II' 6-max Seat #6 is the button
Seat 1: coeeeelho ($121.97 in chips) 
Seat 2: Flooris123 ($46.87 in chips) 
Seat 3: MauriFierro27 ($118.94 in chips) 
Seat 4: Dai5dop ($187.88 in chips) 
Seat 5: kniferok ($136.20 in chips) 
Seat 6: Emily_GetMan ($100 in chips) 
coeeeelho: posts small blind $0.50
Flooris123: posts big blind $1
*** HOLE CARDS ***
MauriFierro27: folds 
Dai5dop: folds 
kniferok: folds 
Emily_GetMan: folds 
coeeeelho: raises $2 to $3
Flooris123: folds 
Uncalled bet ($2) returned to coeeeelho
coeeeelho collected $2 from pot
coeeeelho: doesn't show hand 
*** SUMMARY ***
Total pot $2 | Rake $0 
Seat 1: coeeeelho (small blind) collected ($2)
Seat 2: Flooris123 (big blind) folded before Flop
Seat 3: MauriFierro27 folded before Flop (didn't bet)
Seat 4: Dai5dop folded before Flop (didn't bet)
Seat 5: kniferok folded before Flop (didn't bet)
Seat 6: Emily_GetMan (button) folded before Flop (didn't bet)



PokerStars Hand #254188007096:  Hold'em No Limit ($0.50/$1.00 USD) - 2025/01/04 12:09:16 WET [2025/01/04 7:09:16 ET]
Table 'Svea II' 6-max Seat #1 is the button
Seat 1: coeeeelho ($122.97 in chips) 
Seat 2: Flooris123 ($45.87 in chips) 
Seat 3: MauriFierro27 ($118.94 in chips) 
Seat 4: Dai5dop ($187.88 in chips) 
Seat 5: kniferok ($136.20 in chips) 
Seat 6: Emily_GetMan ($100 in chips) 
Flooris123: posts small blind $0.50
MauriFierro27: posts big blind $1
*** HOLE CARDS ***
Dai5dop: folds 
kniferok: folds 
Emily_GetMan: folds 
coeeeelho: raises $1.20 to $2.20
Flooris123: folds 
MauriFierro27: folds 
Uncalled bet ($1.20) returned to coeeeelho
coeeeelho collected $2.50 from pot
coeeeelho: doesn't show hand 
*** SUMMARY ***
Total pot $2.50 | Rake $0 
Seat 1: coeeeelho (button) collected ($2.50)
Seat 2: Flooris123 (small blind) folded before Flop
Seat 3: MauriFierro27 (big blind) folded before Flop
Seat 4: Dai5dop folded before Flop (didn't bet)
Seat 5: kniferok folded before Flop (didn't bet)
Seat 6: Emily_GetMan folded before Flop (didn't bet)



PokerStars Hand #254188010814:  Hold'em No Limit ($0.50/$1.00 USD) - 2025/01/04 12:09:41 WET [2025/01/04 7:09:41 ET]
Table 'Svea II' 6-max Seat #2 is the button
Seat 1: coeeeelho ($124.47 in chips) 
Seat 2: Flooris123 ($45.37 in chips) 
Seat 3: MauriFierro27 ($117.94 in chips) 
Seat 4: Dai5dop ($187.88 in chips) 
Seat 5: kniferok ($136.20 in chips) 
Seat 6: Emily_GetMan ($100 in chips) 
MauriFierro27: posts small blind $0.50
Dai5dop: posts big blind $1
*** HOLE CARDS ***
kniferok: folds 
Emily_GetMan: folds 
coeeeelho: folds 
Flooris123: raises $2 to $3
MauriFierro27: folds 
Dai5dop: folds 
Uncalled bet ($2) returned to Flooris123
Flooris123 collected $2.50 from pot
Flooris123: doesn't show hand 
*** SUMMARY ***
Total pot $2.50 | Rake $0 
Seat 1: coeeeelho folded before Flop (didn't bet)
Seat 2: Flooris123 (button) collected ($2.50)
Seat 3: MauriFierro27 (small blind) folded before Flop
Seat 4: Dai5dop (big blind) folded before Flop
Seat 5: kniferok folded before Flop (didn't bet)
Seat 6: Emily_GetMan folded before Flop (didn't bet)



PokerStars Hand #254188014050:  Hold'em No Limit ($0.50/$1.00 USD) - 2025/01/04 12:10:03 WET [2025/01/04 7:10:03 ET]
Table 'Svea II' 6-max Seat #3 is the button
Seat 1: coeeeelho ($124.47 in chips) 
Seat 2: Flooris123 ($46.87 in chips) 
Seat 3: MauriFierro27 ($117.44 in chips) 
Seat 4: Dai5dop ($186.88 in chips) 
Seat 5: kniferok ($136.20 in chips) 
Seat 6: Emily_GetMan ($100 in chips) 
Dai5dop: posts small blind $0.50
kniferok: posts big blind $1
*** HOLE CARDS ***
Emily_GetMan: folds 
coeeeelho: folds 
Flooris123: folds 
MauriFierro27: folds 
Dai5dop: folds 
Uncalled bet ($0.50) returned to kniferok
kniferok collected $1 from pot
kniferok: doesn't show hand 
*** SUMMARY ***
Total pot $1 | Rake $0 
Seat 1: coeeeelho folded before Flop (didn't bet)
Seat 2: Flooris123 folded before Flop (didn't bet)
Seat 3: MauriFierro27 (button) folded before Flop (didn't bet)
Seat 4: Dai5dop (small blind) folded before Flop
Seat 5: kniferok (big blind) collected ($1)
Seat 6: Emily_GetMan folded before Flop (didn't bet)



PokerStars Hand #254188016043:  Hold'em No Limit ($0.50/$1.00 USD) - 2025/01/04 12:10:16 WET [2025/01/04 7:10:16 ET]
Table 'Svea II' 6-max Seat #4 is the button
Seat 1: coeeeelho ($124.47 in chips) 
Seat 2: Flooris123 ($46.87 in chips) 
Seat 3: MauriFierro27 ($117.44 in chips) 
Seat 4: Dai5dop ($186.38 in chips) 
Seat 5: kniferok ($136.70 in chips) 
Seat 6: Emily_GetMan ($100 in chips) 
kniferok: posts small blind $0.50
Emily_GetMan: posts big blind $1
*** HOLE CARDS ***
coeeeelho: folds 
Flooris123: raises $3 to $4
MauriFierro27: folds 
Dai5dop: raises $8 to $12
kniferok: folds 
Emily_GetMan: folds 
Flooris123: calls $8
*** FLOP *** [Ac 8c As]
Flooris123: checks 
Dai5dop: bets $12.11
Flooris123: calls $12.11
*** TURN *** [Ac 8c As] [2s]
Flooris123: checks 
Dai5dop: bets $23.62
Flooris123: calls $22.76 and is all-in
Uncalled bet ($0.86) returned to Dai5dop
*** RIVER *** [Ac 8c As 2s] [7h]
*** SHOW DOWN ***
Flooris123: shows [9d 9s] (two pair, Aces and Nines)
Dai5dop: shows [Tc Ts] (two pair, Aces and Tens)
Dai5dop cashed out the hand for $86.75 | Cash Out Fee $1.77
*** SUMMARY ***
Total pot $95.24 | Rake $2.50 
Board [Ac 8c As 2s 7h]
Seat 1: coeeeelho folded before Flop (didn't bet)
Seat 2: Flooris123 showed [9d 9s] and lost with two pair, Aces and Nines
Seat 3: MauriFierro27 folded before Flop (didn't bet)
Seat 4: Dai5dop (button) showed [Tc Ts] and won ($92.74) with two pair, Aces and Tens (pot not awarded as player cashed out)
Seat 5: kniferok (small blind) folded before Flop
Seat 6: Emily_GetMan (big blind) folded before Flop



PokerStars Hand #254188029223:  Hold'em No Limit ($0.50/$1.00 USD) - 2025/01/04 12:11:45 WET [2025/01/04 7:11:45 ET]
Table 'Svea II' 6-max Seat #5 is the button
Seat 2: Flooris123 ($0 in chips) is sitting out
Seat 1: coeeeelho ($124.47 in chips) 
Seat 3: MauriFierro27 ($117.44 in chips) 
Seat 4: Dai5dop ($226.26 in chips) 
Seat 5: kniferok ($136.20 in chips) 
Seat 6: Emily_GetMan ($100 in chips) 
Emily_GetMan: posts small blind $0.50
coeeeelho: posts big blind $1
*** HOLE CARDS ***
MauriFierro27: folds 
Dai5dop: raises $1.50 to $2.50
Flooris123 leaves the table
kniferok: folds 
Emily_GetMan: folds 
coeeeelho: folds 
Uncalled bet ($1.50) returned to Dai5dop
Dai5dop collected $2.50 from pot
Dai5dop: doesn't show hand 
*** SUMMARY ***
Total pot $2.50 | Rake $0 
Seat 2: Flooris123
Seat 1: coeeeelho (big blind) folded before Flop
Seat 3: MauriFierro27 folded before Flop (didn't bet)
Seat 4: Dai5dop collected ($2.50)
Seat 5: kniferok (button) folded before Flop (didn't bet)
Seat 6: Emily_GetMan (small blind) folded before Flop



