PokerStars Hand #254201523668:  Hold'em No Limit ($0.50/$1.00 USD) - 2025/01/04 2:07:13 WET [2025/01/04 21:07:13 ET]
Table 'Mancunia II' 6-max Seat #2 is the button
Seat 1: 50CandyJoe ($100 in chips) 
Seat 2: stjoca ($100 in chips) 
Seat 3: m0nTTu ($10 in chips) 
Seat 4: LuckyShikari ($10 in chips) 
Seat 5: XneferX ($100 in chips) 
m0nTTu: posts small blind $0.50
LuckyShikari: posts big blind $1
*** HOLE CARDS ***
XneferX: folds 
v1lo4ka joins the table at seat #6 
50CandyJoe: folds 
stjoca: raises $1.50 to $2.50
m0nTTu: raises $7.50 to $10 and is all-in
LuckyShikari: folds 
stjoca: folds 
Uncalled bet ($7.50) returned to m0nTTu
m0nTTu collected $6 from pot
m0nTTu: doesn't show hand 
*** SUMMARY ***
Total pot $6 | Rake $0 
Seat 1: 50CandyJoe folded before Flop (didn't bet)
Seat 2: stjoca (button) folded before Flop
Seat 3: m0nTTu (small blind) collected ($6)
Seat 4: LuckyShikari (big blind) folded before Flop
Seat 5: XneferX folded before Flop (didn't bet)



PokerStars Hand #254201530263:  Hold'em No Limit ($0.50/$1.00 USD) - 2025/01/04 2:07:48 WET [2025/01/04 21:07:48 ET]
Table 'Mancunia II' 6-max Seat #3 is the button
Seat 6: v1lo4ka ($100 in chips) is sitting out
Seat 1: 50CandyJoe ($100 in chips) 
Seat 2: stjoca ($97.50 in chips) 
Seat 3: m0nTTu ($13.50 in chips) 
Seat 4: LuckyShikari ($100 in chips) 
Seat 5: XneferX ($100 in chips) 
LuckyShikari: posts small blind $0.50
XneferX: posts big blind $1
v1lo4ka: sits out 
*** HOLE CARDS ***
50CandyJoe: folds 
stjoca: raises $1.50 to $2.50
m0nTTu: folds 
LuckyShikari: raises $9 to $11.50
XneferX: folds 
stjoca: folds 
Uncalled bet ($9) returned to LuckyShikari
LuckyShikari collected $6 from pot
LuckyShikari: doesn't show hand 
*** SUMMARY ***
Total pot $6 | Rake $0 
Seat 6: v1lo4ka
Seat 1: 50CandyJoe folded before Flop (didn't bet)
Seat 2: stjoca folded before Flop
Seat 3: m0nTTu (button) folded before Flop (didn't bet)
Seat 4: LuckyShikari (small blind) collected ($6)
Seat 5: XneferX (big blind) folded before Flop



PokerStars Hand #254201534171:  Hold'em No Limit ($0.50/$1.00 USD) - 2025/01/04 2:08:08 WET [2025/01/04 21:08:08 ET]
Table 'Mancunia II' 6-max Seat #4 is the button
Seat 1: 50CandyJoe ($100 in chips) 
Seat 2: stjoca ($95 in chips) 
Seat 3: m0nTTu ($13.50 in chips) 
Seat 4: LuckyShikari ($103.50 in chips) 
Seat 5: XneferX ($100 in chips) 
Seat 6: v1lo4ka ($100 in chips) 
XneferX: posts small blind $0.50
v1lo4ka: posts big blind $1
*** HOLE CARDS ***
50CandyJoe: folds 
stjoca: folds 
m0nTTu: folds 
LuckyShikari: raises $1.50 to $2.50
XneferX: folds 
v1lo4ka: folds 
Uncalled bet ($1.50) returned to LuckyShikari
LuckyShikari collected $2.50 from pot
LuckyShikari: doesn't show hand 
*** SUMMARY ***
Total pot $2.50 | Rake $0 
Seat 1: 50CandyJoe folded before Flop (didn't bet)
Seat 2: stjoca folded before Flop (didn't bet)
Seat 3: m0nTTu folded before Flop (didn't bet)
Seat 4: LuckyShikari (button) collected ($2.50)
Seat 5: XneferX (small blind) folded before Flop
Seat 6: v1lo4ka (big blind) folded before Flop



PokerStars Hand #254201537288:  Hold'em No Limit ($0.50/$1.00 USD) - 2025/01/04 2:08:25 WET [2025/01/04 21:08:25 ET]
Table 'Mancunia II' 6-max Seat #5 is the button
Seat 1: 50CandyJoe ($100 in chips) 
Seat 2: stjoca ($95 in chips) 
Seat 3: m0nTTu ($13.50 in chips) 
Seat 4: LuckyShikari ($105 in chips) 
Seat 5: XneferX ($100 in chips) 
Seat 6: v1lo4ka ($100 in chips) 
v1lo4ka: posts small blind $0.50
50CandyJoe: posts big blind $1
*** HOLE CARDS ***
stjoca: raises $1.80 to $2.80
m0nTTu: folds 
LuckyShikari: folds 
XneferX: folds 
v1lo4ka: folds 
50CandyJoe: raises $9.70 to $12.50
stjoca: calls $9.70
*** FLOP *** [7h 8c 3d]
50CandyJoe: checks 
stjoca: bets $9.69
50CandyJoe: raises $15.31 to $25
stjoca: folds 
Uncalled bet ($15.31) returned to 50CandyJoe
50CandyJoe collected $42.64 from pot
50CandyJoe: doesn't show hand 
*** SUMMARY ***
Total pot $44.88 | Rake $2.24 
Board [7h 8c 3d]
Seat 1: 50CandyJoe (big blind) collected ($42.64)
Seat 2: stjoca folded on the Flop
Seat 3: m0nTTu folded before Flop (didn't bet)
Seat 4: LuckyShikari folded before Flop (didn't bet)
Seat 5: XneferX (button) folded before Flop (didn't bet)
Seat 6: v1lo4ka (small blind) folded before Flop



PokerStars Hand #254201549141:  Hold'em No Limit ($0.50/$1.00 USD) - 2025/01/04 2:09:27 WET [2025/01/04 21:09:27 ET]
Table 'Mancunia II' 6-max Seat #6 is the button
Seat 1: 50CandyJoe ($120.45 in chips) 
Seat 2: stjoca ($72.81 in chips) 
Seat 3: m0nTTu ($13.50 in chips) 
Seat 4: LuckyShikari ($105 in chips) 
Seat 5: XneferX ($100 in chips) 
Seat 6: v1lo4ka ($100 in chips) 
50CandyJoe: posts small blind $0.50
stjoca: posts big blind $1
*** HOLE CARDS ***
m0nTTu: folds 
LuckyShikari: folds 
XneferX: folds 
v1lo4ka: folds 
50CandyJoe: folds 
Uncalled bet ($0.50) returned to stjoca
stjoca collected $1 from pot
stjoca: doesn't show hand 
*** SUMMARY ***
Total pot $1 | Rake $0 
Seat 1: 50CandyJoe (small blind) folded before Flop
Seat 2: stjoca (big blind) collected ($1)
Seat 3: m0nTTu folded before Flop (didn't bet)
Seat 4: LuckyShikari folded before Flop (didn't bet)
Seat 5: XneferX folded before Flop (didn't bet)
Seat 6: v1lo4ka (button) folded before Flop (didn't bet)



PokerStars Hand #254201551752:  Hold'em No Limit ($0.50/$1.00 USD) - 2025/01/04 2:09:41 WET [2025/01/04 21:09:41 ET]
Table 'Mancunia II' 6-max Seat #1 is the button
Seat 1: 50CandyJoe ($119.95 in chips) 
Seat 2: stjoca ($73.31 in chips) 
Seat 3: m0nTTu ($13.50 in chips) 
Seat 4: LuckyShikari ($105 in chips) 
Seat 5: XneferX ($100 in chips) 
Seat 6: v1lo4ka ($100 in chips) 
stjoca: posts small blind $0.50
m0nTTu: posts big blind $1
*** HOLE CARDS ***
LuckyShikari: folds 
XneferX: folds 
v1lo4ka: folds 
50CandyJoe: folds 
stjoca: folds 
Uncalled bet ($0.50) returned to m0nTTu
m0nTTu collected $1 from pot
m0nTTu: doesn't show hand 
*** SUMMARY ***
Total pot $1 | Rake $0 
Seat 1: 50CandyJoe (button) folded before Flop (didn't bet)
Seat 2: stjoca (small blind) folded before Flop
Seat 3: m0nTTu (big blind) collected ($1)
Seat 4: LuckyShikari folded before Flop (didn't bet)
Seat 5: XneferX folded before Flop (didn't bet)
Seat 6: v1lo4ka folded before Flop (didn't bet)



PokerStars Hand #254201554143:  Hold'em No Limit ($0.50/$1.00 USD) - 2025/01/04 2:09:53 WET [2025/01/04 21:09:53 ET]
Table 'Mancunia II' 6-max Seat #2 is the button
Seat 1: 50CandyJoe ($119.95 in chips) 
Seat 2: stjoca ($72.81 in chips) 
Seat 3: m0nTTu ($14 in chips) 
Seat 4: LuckyShikari ($105 in chips) 
Seat 5: XneferX ($100 in chips) 
Seat 6: v1lo4ka ($100 in chips) 
m0nTTu: posts small blind $0.50
LuckyShikari: posts big blind $1
*** HOLE CARDS ***
XneferX: folds 
v1lo4ka: folds 
50CandyJoe: raises $1.20 to $2.20
stjoca: folds 
m0nTTu: folds 
LuckyShikari: calls $1.20
*** FLOP *** [Jc Tc 4s]
LuckyShikari: checks 
50CandyJoe: checks 
*** TURN *** [Jc Tc 4s] [2c]
LuckyShikari: bets $4.05
50CandyJoe: folds 
Uncalled bet ($4.05) returned to LuckyShikari
LuckyShikari collected $4.66 from pot
LuckyShikari: doesn't show hand 
*** SUMMARY ***
Total pot $4.90 | Rake $0.24 
Board [Jc Tc 4s 2c]
Seat 1: 50CandyJoe folded on the Turn
Seat 2: stjoca (button) folded before Flop (didn't bet)
Seat 3: m0nTTu (small blind) folded before Flop
Seat 4: LuckyShikari (big blind) collected ($4.66)
Seat 5: XneferX folded before Flop (didn't bet)
Seat 6: v1lo4ka folded before Flop (didn't bet)



PokerStars Hand #254201559737:  Hold'em No Limit ($0.50/$1.00 USD) - 2025/01/04 2:10:23 WET [2025/01/04 21:10:23 ET]
Table 'Mancunia II' 6-max Seat #3 is the button
Seat 1: 50CandyJoe ($117.75 in chips) 
Seat 2: stjoca ($72.81 in chips) 
Seat 3: m0nTTu ($13.50 in chips) 
Seat 4: LuckyShikari ($107.46 in chips) 
Seat 5: XneferX ($100 in chips) 
Seat 6: v1lo4ka ($100 in chips) 
LuckyShikari: posts small blind $0.50
XneferX: posts big blind $1
*** HOLE CARDS ***
v1lo4ka: folds 
50CandyJoe: folds 
stjoca: folds 
m0nTTu: folds 
LuckyShikari: raises $1.50 to $2.50
XneferX: calls $1.50
*** FLOP *** [5d 6h Qh]
LuckyShikari: checks 
XneferX: checks 
*** TURN *** [5d 6h Qh] [As]
LuckyShikari: checks 
XneferX: checks 
*** RIVER *** [5d 6h Qh As] [Qd]
LuckyShikari: checks 
XneferX: checks 
*** SHOW DOWN ***
LuckyShikari: shows [Jd 8h] (a pair of Queens)
XneferX: mucks hand 
LuckyShikari collected $4.75 from pot
*** SUMMARY ***
Total pot $5 | Rake $0.25 
Board [5d 6h Qh As Qd]
Seat 1: 50CandyJoe folded before Flop (didn't bet)
Seat 2: stjoca folded before Flop (didn't bet)
Seat 3: m0nTTu (button) folded before Flop (didn't bet)
Seat 4: LuckyShikari (small blind) showed [Jd 8h] and won ($4.75) with a pair of Queens
Seat 5: XneferX (big blind) mucked
Seat 6: v1lo4ka folded before Flop (didn't bet)



PokerStars Hand #254201571142:  Hold'em No Limit ($0.50/$1.00 USD) - 2025/01/04 2:11:23 WET [2025/01/04 21:11:23 ET]
Table 'Mancunia II' 6-max Seat #4 is the button
Seat 1: 50CandyJoe ($117.75 in chips) 
Seat 2: stjoca ($72.81 in chips) 
Seat 3: m0nTTu ($13.50 in chips) 
Seat 4: LuckyShikari ($109.71 in chips) 
Seat 5: XneferX ($100 in chips) 
Seat 6: v1lo4ka ($100 in chips) 
XneferX: posts small blind $0.50
v1lo4ka: posts big blind $1
*** HOLE CARDS ***
50CandyJoe: folds 
stjoca: folds 
m0nTTu: folds 
LuckyShikari: folds 
XneferX: raises $1.90 to $2.90
v1lo4ka: folds 
Uncalled bet ($1.90) returned to XneferX
XneferX collected $2 from pot
XneferX: doesn't show hand 
*** SUMMARY ***
Total pot $2 | Rake $0 
Seat 1: 50CandyJoe folded before Flop (didn't bet)
Seat 2: stjoca folded before Flop (didn't bet)
Seat 3: m0nTTu folded before Flop (didn't bet)
Seat 4: LuckyShikari (button) folded before Flop (didn't bet)
Seat 5: XneferX (small blind) collected ($2)
Seat 6: v1lo4ka (big blind) folded before Flop



PokerStars Hand #254201575689:  Hold'em No Limit ($0.50/$1.00 USD) - 2025/01/04 2:11:47 WET [2025/01/04 21:11:47 ET]
Table 'Mancunia II' 6-max Seat #5 is the button
Seat 2: stjoca ($72.81 in chips) is sitting out
Seat 1: 50CandyJoe ($117.75 in chips) 
Seat 3: m0nTTu ($13.50 in chips) 
Seat 4: LuckyShikari ($109.71 in chips) 
Seat 5: XneferX ($101 in chips) 
Seat 6: v1lo4ka ($100 in chips) 
v1lo4ka: posts small blind $0.50
50CandyJoe: posts big blind $1
*** HOLE CARDS ***
m0nTTu: raises $12.50 to $13.50 and is all-in
LuckyShikari: folds 
XneferX: folds 
v1lo4ka: folds 
50CandyJoe: folds 
Uncalled bet ($12.50) returned to m0nTTu
m0nTTu collected $2.50 from pot
m0nTTu: doesn't show hand 
*** SUMMARY ***
Total pot $2.50 | Rake $0 
Seat 2: stjoca
Seat 1: 50CandyJoe (big blind) folded before Flop
Seat 3: m0nTTu collected ($2.50)
Seat 4: LuckyShikari folded before Flop (didn't bet)
Seat 5: XneferX (button) folded before Flop (didn't bet)
Seat 6: v1lo4ka (small blind) folded before Flop



PokerStars Hand #254201578836:  Hold'em No Limit ($0.50/$1.00 USD) - 2025/01/04 2:12:04 WET [2025/01/04 21:12:04 ET]
Table 'Mancunia II' 6-max Seat #6 is the button
Seat 2: stjoca ($72.81 in chips) is sitting out
Seat 3: m0nTTu ($15 in chips) is sitting out
Seat 1: 50CandyJoe ($116.75 in chips) 
Seat 4: LuckyShikari ($109.71 in chips) 
Seat 5: XneferX ($101 in chips) 
Seat 6: v1lo4ka ($100 in chips) 
50CandyJoe: posts small blind $0.50
m0nTTu: is sitting out 
LuckyShikari: posts big blind $1
*** HOLE CARDS ***
m0nTTu leaves the table
XneferX: raises $1.20 to $2.20
v1lo4ka: raises $5.80 to $8
50CandyJoe: folds 
LuckyShikari: folds 
XneferX: calls $5.80
*** FLOP *** [Qh 3d 6h]
XneferX: checks 
v1lo4ka: bets $5.48
XneferX: folds 
Uncalled bet ($5.48) returned to v1lo4ka
v1lo4ka collected $16.62 from pot
v1lo4ka: doesn't show hand 
*** SUMMARY ***
Total pot $17.50 | Rake $0.88 
Board [Qh 3d 6h]
Seat 2: stjoca
Seat 3: m0nTTu
Seat 1: 50CandyJoe (small blind) folded before Flop
Seat 4: LuckyShikari (big blind) folded before Flop
Seat 5: XneferX folded on the Flop
Seat 6: v1lo4ka (button) collected ($16.62)



PokerStars Hand #254201586052:  Hold'em No Limit ($0.50/$1.00 USD) - 2025/01/04 2:12:42 WET [2025/01/04 21:12:42 ET]
Table 'Mancunia II' 6-max Seat #1 is the button
Seat 2: stjoca ($72.81 in chips) is sitting out
Seat 1: 50CandyJoe ($116.25 in chips) 
Seat 4: LuckyShikari ($108.71 in chips) 
Seat 5: XneferX ($100 in chips) 
Seat 6: v1lo4ka ($108.62 in chips) 
LuckyShikari: posts small blind $0.50
XneferX: posts big blind $1
*** HOLE CARDS ***
v1lo4ka: folds 
50CandyJoe: folds 
LuckyShikari: folds 
Uncalled bet ($0.50) returned to XneferX
XneferX collected $1 from pot
XneferX: doesn't show hand 
*** SUMMARY ***
Total pot $1 | Rake $0 
Seat 2: stjoca
Seat 1: 50CandyJoe (button) folded before Flop (didn't bet)
Seat 4: LuckyShikari (small blind) folded before Flop
Seat 5: XneferX (big blind) collected ($1)
Seat 6: v1lo4ka folded before Flop (didn't bet)



PokerStars Hand #254201587838:  Hold'em No Limit ($0.50/$1.00 USD) - 2025/01/04 2:12:52 WET [2025/01/04 21:12:52 ET]
Table 'Mancunia II' 6-max Seat #4 is the button
Seat 6: v1lo4ka ($108.62 in chips) is sitting out
Seat 1: 50CandyJoe ($116.25 in chips) 
Seat 2: stjoca ($72.81 in chips) 
Seat 4: LuckyShikari ($108.21 in chips) 
Seat 5: XneferX ($100.50 in chips) 
XneferX: posts small blind $0.50
v1lo4ka: is sitting out 
50CandyJoe: posts big blind $1
stjoca: posts small & big blinds $1.50
*** HOLE CARDS ***
abramovich87 joins the table at seat #3 
v1lo4ka leaves the table
stjoca: raises $2.80 to $3.80
LuckyShikari: raises $5.20 to $9
XneferX: folds 
50CandyJoe: folds 
stjoca: calls $5.20
*** FLOP *** [3s 5c Th]
stjoca: bets $4.56
LuckyShikari: raises $8.94 to $13.50
stjoca: calls $8.94
*** TURN *** [3s 5c Th] [Td]
stjoca: bets $18.40
LuckyShikari: calls $18.40
*** RIVER *** [3s 5c Th Td] [5d]
stjoca: checks 
LuckyShikari: bets $67.31 and is all-in
stjoca: folds 
Uncalled bet ($67.31) returned to LuckyShikari
LuckyShikari collected $82.80 from pot
LuckyShikari: doesn't show hand 
*** SUMMARY ***
Total pot $83.80 | Rake $1 
Board [3s 5c Th Td 5d]
Seat 6: v1lo4ka
Seat 1: 50CandyJoe (big blind) folded before Flop
Seat 2: stjoca folded on the River
Seat 4: LuckyShikari (button) collected ($82.80)
Seat 5: XneferX (small blind) folded before Flop



PokerStars Hand #254201596608:  Hold'em No Limit ($0.50/$1.00 USD) - 2025/01/04 2:13:38 WET [2025/01/04 21:13:38 ET]
Table 'Mancunia II' 6-max Seat #5 is the button
Seat 3: abramovich87 ($100 in chips) is sitting out
Seat 1: 50CandyJoe ($115.25 in chips) 
Seat 2: stjoca ($31.41 in chips) 
Seat 4: LuckyShikari ($150.11 in chips) 
Seat 5: XneferX ($100 in chips) 
50CandyJoe: posts small blind $0.50
stjoca: posts big blind $1
abramovich87: sits out 
*** HOLE CARDS ***
LuckyShikari: raises $1.20 to $2.20
XneferX: folds 
50CandyJoe: folds 
stjoca: folds 
Uncalled bet ($1.20) returned to LuckyShikari
LuckyShikari collected $2.50 from pot
LuckyShikari: doesn't show hand 
*** SUMMARY ***
Total pot $2.50 | Rake $0 
Seat 3: abramovich87
Seat 1: 50CandyJoe (small blind) folded before Flop
Seat 2: stjoca (big blind) folded before Flop
Seat 4: LuckyShikari collected ($2.50)
Seat 5: XneferX (button) folded before Flop (didn't bet)



PokerStars Hand #254201599243:  Hold'em No Limit ($0.50/$1.00 USD) - 2025/01/04 2:13:53 WET [2025/01/04 21:13:53 ET]
Table 'Mancunia II' 6-max Seat #1 is the button
Seat 1: 50CandyJoe ($114.75 in chips) 
Seat 2: stjoca ($30.41 in chips) 
Seat 3: abramovich87 ($100 in chips) 
Seat 4: LuckyShikari ($151.61 in chips) 
Seat 5: XneferX ($100 in chips) 
stjoca: posts small blind $0.50
abramovich87: posts big blind $1
*** HOLE CARDS ***
LuckyShikari: folds 
XneferX: folds 
50CandyJoe: raises $1.50 to $2.50
stjoca: raises $3.50 to $6
abramovich87: folds 
50CandyJoe: folds 
Uncalled bet ($3.50) returned to stjoca
stjoca collected $6 from pot
stjoca: doesn't show hand 
*** SUMMARY ***
Total pot $6 | Rake $0 
Seat 1: 50CandyJoe (button) folded before Flop
Seat 2: stjoca (small blind) collected ($6)
Seat 3: abramovich87 (big blind) folded before Flop
Seat 4: LuckyShikari folded before Flop (didn't bet)
Seat 5: XneferX folded before Flop (didn't bet)



PokerStars Hand #254201602149:  Hold'em No Limit ($0.50/$1.00 USD) - 2025/01/04 2:14:08 WET [2025/01/04 21:14:08 ET]
Table 'Mancunia II' 6-max Seat #2 is the button
Seat 1: 50CandyJoe ($112.25 in chips) 
Seat 2: stjoca ($33.91 in chips) 
Seat 3: abramovich87 ($100 in chips) 
Seat 4: LuckyShikari ($151.61 in chips) 
Seat 5: XneferX ($100 in chips) 
abramovich87: posts small blind $0.50
LuckyShikari: posts big blind $1
*** HOLE CARDS ***
BumHuntKing joins the table at seat #6 
XneferX: folds 
50CandyJoe: folds 
stjoca: folds 
abramovich87: raises $2 to $3
LuckyShikari: raises $6 to $9
abramovich87: folds 
Uncalled bet ($6) returned to LuckyShikari
LuckyShikari collected $6 from pot
LuckyShikari: doesn't show hand 
*** SUMMARY ***
Total pot $6 | Rake $0 
Seat 1: 50CandyJoe folded before Flop (didn't bet)
Seat 2: stjoca (button) folded before Flop (didn't bet)
Seat 3: abramovich87 (small blind) folded before Flop
Seat 4: LuckyShikari (big blind) collected ($6)
Seat 5: XneferX folded before Flop (didn't bet)



PokerStars Hand #254201607855:  Hold'em No Limit ($0.50/$1.00 USD) - 2025/01/04 2:14:39 WET [2025/01/04 21:14:39 ET]
Table 'Mancunia II' 6-max Seat #3 is the button
Seat 6: BumHuntKing ($100 in chips) is sitting out
Seat 1: 50CandyJoe ($112.25 in chips) 
Seat 2: stjoca ($33.91 in chips) 
Seat 3: abramovich87 ($100 in chips) 
Seat 4: LuckyShikari ($154.61 in chips) 
Seat 5: XneferX ($100 in chips) 
LuckyShikari: posts small blind $0.50
XneferX: posts big blind $1
BumHuntKing: sits out 
*** HOLE CARDS ***
50CandyJoe: folds 
stjoca: raises $1.80 to $2.80
abramovich87: folds 
LuckyShikari: folds 
XneferX: raises $56.70 to $59.50
stjoca: calls $31.11 and is all-in
Uncalled bet ($25.59) returned to XneferX
*** FLOP *** [Kc 2c 3d]
*** TURN *** [Kc 2c 3d] [Jc]
*** RIVER *** [Kc 2c 3d Jc] [5d]
*** SHOW DOWN ***
XneferX: shows [Ts Tc] (a pair of Tens)
stjoca: shows [Ah Ac] (a pair of Aces)
stjoca collected $65.82 from pot
XneferX cashed out the hand for $12.43 | Cash Out Fee $0.25
*** SUMMARY ***
Total pot $68.32 | Rake $2.50 
Board [Kc 2c 3d Jc 5d]
Seat 6: BumHuntKing
Seat 1: 50CandyJoe folded before Flop (didn't bet)
Seat 2: stjoca showed [Ah Ac] and won ($65.82) with a pair of Aces
Seat 3: abramovich87 (button) folded before Flop (didn't bet)
Seat 4: LuckyShikari (small blind) folded before Flop
Seat 5: XneferX (big blind) showed [Ts Tc] and lost with a pair of Tens (cashed out).



PokerStars Hand #254201616167:  Hold'em No Limit ($0.50/$1.00 USD) - 2025/01/04 2:15:23 WET [2025/01/04 21:15:23 ET]
Table 'Mancunia II' 6-max Seat #4 is the button
Seat 1: 50CandyJoe ($112.25 in chips) 
Seat 2: stjoca ($65.82 in chips) 
Seat 3: abramovich87 ($100 in chips) 
Seat 4: LuckyShikari ($154.11 in chips) 
Seat 5: XneferX ($100 in chips) 
Seat 6: BumHuntKing ($100 in chips) 
XneferX: posts small blind $0.50
BumHuntKing: posts big blind $1
*** HOLE CARDS ***
50CandyJoe: raises $1.20 to $2.20
stjoca: raises $4.20 to $6.40
abramovich87: folds 
LuckyShikari: folds 
XneferX: folds 
BumHuntKing: folds 
50CandyJoe: calls $4.20
*** FLOP *** [2h 6h 4h]
50CandyJoe: checks 
stjoca: checks 
*** TURN *** [2h 6h 4h] [Ks]
50CandyJoe: checks 
stjoca: bets $10.05
50CandyJoe: raises $95.80 to $105.85 and is all-in
stjoca: calls $49.37 and is all-in
Uncalled bet ($46.43) returned to 50CandyJoe
*** RIVER *** [2h 6h 4h Ks] [Jd]
*** SHOW DOWN ***
50CandyJoe: shows [Kh Js] (two pair, Kings and Jacks)
stjoca: shows [Ad Kc] (a pair of Kings)
50CandyJoe collected $130.64 from pot
*** SUMMARY ***
Total pot $133.14 | Rake $2.50 
Board [2h 6h 4h Ks Jd]
Seat 1: 50CandyJoe showed [Kh Js] and won ($130.64) with two pair, Kings and Jacks
Seat 2: stjoca showed [Ad Kc] and lost with a pair of Kings
Seat 3: abramovich87 folded before Flop (didn't bet)
Seat 4: LuckyShikari (button) folded before Flop (didn't bet)
Seat 5: XneferX (small blind) folded before Flop
Seat 6: BumHuntKing (big blind) folded before Flop



PokerStars Hand #254201623661:  Hold'em No Limit ($0.50/$1.00 USD) - 2025/01/04 2:16:04 WET [2025/01/04 21:16:04 ET]
Table 'Mancunia II' 6-max Seat #5 is the button
Seat 1: 50CandyJoe ($177.07 in chips) 
Seat 2: stjoca ($55.74 in chips) 
Seat 3: abramovich87 ($100 in chips) 
Seat 4: LuckyShikari ($154.11 in chips) 
Seat 5: XneferX ($100 in chips) 
Seat 6: BumHuntKing ($100 in chips) 
BumHuntKing: posts small blind $0.50
50CandyJoe: posts big blind $1
*** HOLE CARDS ***
stjoca: raises $1.80 to $2.80
abramovich87: folds 
LuckyShikari: calls $2.80
XneferX: folds 
BumHuntKing: folds 
50CandyJoe: calls $1.80
*** FLOP *** [6d Qs Th]
50CandyJoe: checks 
stjoca: bets $3.38
LuckyShikari: folds 
50CandyJoe: raises $6.62 to $10
stjoca: calls $6.62
*** TURN *** [6d Qs Th] [2c]
50CandyJoe: checks 
stjoca: checks 
*** RIVER *** [6d Qs Th 2c] [3c]
50CandyJoe: bets $164.27 and is all-in
stjoca: calls $42.94 and is all-in
Uncalled bet ($121.33) returned to 50CandyJoe
*** SHOW DOWN ***
50CandyJoe: shows [5d Qd] (a pair of Queens)
stjoca: shows [Td Ac] (a pair of Tens)
50CandyJoe collected $112.28 from pot
*** SUMMARY ***
Total pot $114.78 | Rake $2.50 
Board [6d Qs Th 2c 3c]
Seat 1: 50CandyJoe (big blind) showed [5d Qd] and won ($112.28) with a pair of Queens
Seat 2: stjoca showed [Td Ac] and lost with a pair of Tens
Seat 3: abramovich87 folded before Flop (didn't bet)
Seat 4: LuckyShikari folded on the Flop
Seat 5: XneferX (button) folded before Flop (didn't bet)
Seat 6: BumHuntKing (small blind) folded before Flop



PokerStars Hand #254201638410:  Hold'em No Limit ($0.50/$1.00 USD) - 2025/01/04 2:17:24 WET [2025/01/04 21:17:24 ET]
Table 'Mancunia II' 6-max Seat #6 is the button
Seat 2: stjoca ($0 in chips) is sitting out
Seat 1: 50CandyJoe ($233.61 in chips) 
Seat 3: abramovich87 ($100 in chips) 
Seat 4: LuckyShikari ($151.31 in chips) 
Seat 5: XneferX ($100 in chips) 
Seat 6: BumHuntKing ($100 in chips) 
50CandyJoe: posts small blind $0.50
abramovich87: posts big blind $1
*** HOLE CARDS ***
LuckyShikari: folds 
XneferX: folds 
BumHuntKing: raises $1.50 to $2.50
50CandyJoe: folds 
stjoca leaves the table
abramovich87: folds 
Uncalled bet ($1.50) returned to BumHuntKing
BumHuntKing collected $2.50 from pot
BumHuntKing: doesn't show hand 
*** SUMMARY ***
Total pot $2.50 | Rake $0 
Seat 2: stjoca
Seat 1: 50CandyJoe (small blind) folded before Flop
Seat 3: abramovich87 (big blind) folded before Flop
Seat 4: LuckyShikari folded before Flop (didn't bet)
Seat 5: XneferX folded before Flop (didn't bet)
Seat 6: BumHuntKing (button) collected ($2.50)



PokerStars Hand #254201642273:  Hold'em No Limit ($0.50/$1.00 USD) - 2025/01/04 2:17:45 WET [2025/01/04 21:17:45 ET]
Table 'Mancunia II' 6-max Seat #1 is the button
Seat 1: 50CandyJoe ($233.11 in chips) 
Seat 3: abramovich87 ($100 in chips) 
Seat 4: LuckyShikari ($151.31 in chips) 
Seat 5: XneferX ($100 in chips) 
Seat 6: BumHuntKing ($101.50 in chips) 
abramovich87: posts small blind $0.50
LuckyShikari: posts big blind $1
*** HOLE CARDS ***
XneferX: folds 
BumHuntKing: folds 
50CandyJoe: folds 
abramovich87: folds 
Uncalled bet ($0.50) returned to LuckyShikari
LuckyShikari collected $1 from pot
LuckyShikari: doesn't show hand 
XneferX leaves the table
*** SUMMARY ***
Total pot $1 | Rake $0 
Seat 1: 50CandyJoe (button) folded before Flop (didn't bet)
Seat 3: abramovich87 (small blind) folded before Flop
Seat 4: LuckyShikari (big blind) collected ($1)
Seat 5: XneferX folded before Flop (didn't bet)
Seat 6: BumHuntKing folded before Flop (didn't bet)



PokerStars Hand #254201645086:  Hold'em No Limit ($0.50/$1.00 USD) - 2025/01/04 2:18:01 WET [2025/01/04 21:18:01 ET]
Table 'Mancunia II' 6-max Seat #3 is the button
Seat 1: 50CandyJoe ($233.11 in chips) 
Seat 3: abramovich87 ($100 in chips) 
Seat 4: LuckyShikari ($151.81 in chips) 
Seat 6: BumHuntKing ($101.50 in chips) 
LuckyShikari: posts small blind $0.50
BumHuntKing: posts big blind $1
*** HOLE CARDS ***
50CandyJoe: folds 
abramovich87: raises $2 to $3
LuckyShikari: folds 
BumHuntKing: raises $9 to $12
abramovich87: folds 
Uncalled bet ($9) returned to BumHuntKing
BumHuntKing collected $6.50 from pot
BumHuntKing: doesn't show hand 
*** SUMMARY ***
Total pot $6.50 | Rake $0 
Seat 1: 50CandyJoe folded before Flop (didn't bet)
Seat 3: abramovich87 (button) folded before Flop
Seat 4: LuckyShikari (small blind) folded before Flop
Seat 6: BumHuntKing (big blind) collected ($6.50)



PokerStars Hand #254201648253:  Hold'em No Limit ($0.50/$1.00 USD) - 2025/01/04 2:18:18 WET [2025/01/04 21:18:18 ET]
Table 'Mancunia II' 6-max Seat #4 is the button
Seat 1: 50CandyJoe ($233.11 in chips) 
Seat 3: abramovich87 ($100 in chips) 
Seat 4: LuckyShikari ($151.31 in chips) 
Seat 6: BumHuntKing ($105 in chips) 
BumHuntKing: posts small blind $0.50
50CandyJoe: posts big blind $1
*** HOLE CARDS ***
abramovich87: folds 
LuckyShikari: raises $1.50 to $2.50
BumHuntKing: folds 
50CandyJoe: folds 
Uncalled bet ($1.50) returned to LuckyShikari
LuckyShikari collected $2.50 from pot
LuckyShikari: doesn't show hand 
*** SUMMARY ***
Total pot $2.50 | Rake $0 
Seat 1: 50CandyJoe (big blind) folded before Flop
Seat 3: abramovich87 folded before Flop (didn't bet)
Seat 4: LuckyShikari (button) collected ($2.50)
Seat 6: BumHuntKing (small blind) folded before Flop



PokerStars Hand #254201650960:  Hold'em No Limit ($0.50/$1.00 USD) - 2025/01/04 2:18:33 WET [2025/01/04 21:18:33 ET]
Table 'Mancunia II' 6-max Seat #6 is the button
Seat 1: 50CandyJoe ($232.11 in chips) 
Seat 3: abramovich87 ($100 in chips) 
Seat 4: LuckyShikari ($152.81 in chips) 
Seat 6: BumHuntKing ($104.50 in chips) 
50CandyJoe: posts small blind $0.50
abramovich87: posts big blind $1
*** HOLE CARDS ***
LuckyShikari: folds 
LuckyShikari leaves the table
BumHuntKing: raises $1.50 to $2.50
50CandyJoe: folds 
abramovich87: calls $1.50
*** FLOP *** [2d Ad 4d]
abramovich87: checks 
BumHuntKing: bets $1.30
abramovich87: folds 
Uncalled bet ($1.30) returned to BumHuntKing
abramovich87 leaves the table
BumHuntKing collected $5.22 from pot
BumHuntKing: doesn't show hand 
*** SUMMARY ***
Total pot $5.50 | Rake $0.28 
Board [2d Ad 4d]
Seat 1: 50CandyJoe (small blind) folded before Flop
Seat 3: abramovich87 (big blind) folded on the Flop
Seat 4: LuckyShikari folded before Flop (didn't bet)
Seat 6: BumHuntKing (button) collected ($5.22)



PokerStars Hand #254201658118:  Hold'em No Limit ($0.50/$1.00 USD) - 2025/01/04 2:19:11 WET [2025/01/04 21:19:11 ET]
Table 'Mancunia II' 6-max Seat #1 is the button
Seat 1: 50CandyJoe ($231.61 in chips) 
Seat 6: BumHuntKing ($107.22 in chips) 
50CandyJoe: posts small blind $0.50
BumHuntKing: posts big blind $1
*** HOLE CARDS ***
50CandyJoe: raises $1.50 to $2.50
BumHuntKing: folds 
Uncalled bet ($1.50) returned to 50CandyJoe
50CandyJoe collected $2 from pot
50CandyJoe: doesn't show hand 
*** SUMMARY ***
Total pot $2 | Rake $0 
Seat 1: 50CandyJoe (button) (small blind) collected ($2)
Seat 6: BumHuntKing (big blind) folded before Flop



PokerStars Hand #254201660228:  Hold'em No Limit ($0.50/$1.00 USD) - 2025/01/04 2:19:22 WET [2025/01/04 21:19:22 ET]
Table 'Mancunia II' 6-max Seat #6 is the button
Seat 1: 50CandyJoe ($232.61 in chips) 
Seat 6: BumHuntKing ($106.22 in chips) 
BumHuntKing: posts small blind $0.50
50CandyJoe: posts big blind $1
*** HOLE CARDS ***
BumHuntKing: raises $1.50 to $2.50
50CandyJoe: folds 
Uncalled bet ($1.50) returned to BumHuntKing
BumHuntKing collected $2 from pot
BumHuntKing: doesn't show hand 
*** SUMMARY ***
Total pot $2 | Rake $0 
Seat 1: 50CandyJoe (big blind) folded before Flop
Seat 6: BumHuntKing (button) (small blind) collected ($2)



