PokerStars Hand #254186251972:  Hold'em No Limit ($0.50/$1.00 USD) - 2025/01/04 9:22:19 WET [2025/01/04 4:22:19 ET]
Table 'Octavia II' 6-max Seat #2 is the button
Seat 1: Emily_GetMan ($100 in chips) is sitting out
Seat 5: ddyyjj ($100 in chips) is sitting out
Seat 2: waennerstreom ($18.82 in chips) 
Seat 3: Alinyr ($100 in chips) 
Seat 4: blistein ($100 in chips) 
Alinyr: posts small blind $0.50
blistein: posts big blind $1
ddyyjj: sits out 
Emily_GetMan: sits out 
*** HOLE CARDS ***
waennerstreom: calls $1
Alinyr: folds 
blistein: checks 
*** FLOP *** [8c Kd Ts]
blistein: checks 
waennerstreom: checks 
*** TURN *** [8c Kd Ts] [Qs]
blistein: checks 
waennerstreom: bets $1
blistein: folds 
Uncalled bet ($1) returned to waennerstreom
waennerstreom collected $2.38 from pot
*** SUMMARY ***
Total pot $2.50 | Rake $0.12 
Board [8c Kd Ts Qs]
Seat 1: Emily_GetMan
Seat 5: ddyyjj
Seat 2: waennerstreom (button) collected ($2.38)
Seat 3: Alinyr (small blind) folded before Flop
Seat 4: blistein (big blind) folded on the Turn



PokerStars Hand #254186255587:  Hold'em No Limit ($0.50/$1.00 USD) - 2025/01/04 9:22:56 WET [2025/01/04 4:22:56 ET]
Table 'Octavia II' 6-max Seat #3 is the button
Seat 1: Emily_GetMan ($100 in chips) is sitting out
Seat 2: waennerstreom ($20.20 in chips) 
Seat 3: Alinyr ($100 in chips) 
Seat 4: blistein ($100 in chips) 
Seat 5: ddyyjj ($100 in chips) 
blistein: posts small blind $0.50
ddyyjj: posts big blind $1
Emily_GetMan: sits out 
*** HOLE CARDS ***
waennerstreom: calls $1
Alinyr: folds 
blistein: folds 
ddyyjj: checks 
*** FLOP *** [Tc 5d Ad]
ddyyjj: checks 
waennerstreom: bets $1.19
ddyyjj: folds 
Uncalled bet ($1.19) returned to waennerstreom
waennerstreom collected $2.38 from pot
*** SUMMARY ***
Total pot $2.50 | Rake $0.12 
Board [Tc 5d Ad]
Seat 1: Emily_GetMan
Seat 2: waennerstreom collected ($2.38)
Seat 3: Alinyr (button) folded before Flop (didn't bet)
Seat 4: blistein (small blind) folded before Flop
Seat 5: ddyyjj (big blind) folded on the Flop



PokerStars Hand #254186257729:  Hold'em No Limit ($0.50/$1.00 USD) - 2025/01/04 9:23:18 WET [2025/01/04 4:23:18 ET]
Table 'Octavia II' 6-max Seat #4 is the button
Seat 1: Emily_GetMan ($100 in chips) 
Seat 2: waennerstreom ($21.58 in chips) 
Seat 3: Alinyr ($100 in chips) 
Seat 4: blistein ($100 in chips) 
Seat 5: ddyyjj ($99 in chips) 
ddyyjj: posts small blind $0.50
Emily_GetMan: posts big blind $1
*** HOLE CARDS ***
waennerstreom: calls $1
Alinyr: folds 
blistein: folds 
ddyyjj: calls $0.50
Emily_GetMan: checks 
*** FLOP *** [Js 2s 8h]
ddyyjj: checks 
Emily_GetMan: checks 
waennerstreom: checks 
*** TURN *** [Js 2s 8h] [5d]
ddyyjj: bets $1.28
Emily_GetMan: folds 
waennerstreom: folds 
Uncalled bet ($1.28) returned to ddyyjj
ddyyjj collected $2.85 from pot
ddyyjj: doesn't show hand 
*** SUMMARY ***
Total pot $3 | Rake $0.15 
Board [Js 2s 8h 5d]
Seat 1: Emily_GetMan (big blind) folded on the Turn
Seat 2: waennerstreom folded on the Turn
Seat 3: Alinyr folded before Flop (didn't bet)
Seat 4: blistein (button) folded before Flop (didn't bet)
Seat 5: ddyyjj (small blind) collected ($2.85)



PokerStars Hand #254186261025:  Hold'em No Limit ($0.50/$1.00 USD) - 2025/01/04 9:23:52 WET [2025/01/04 4:23:52 ET]
Table 'Octavia II' 6-max Seat #5 is the button
Seat 1: Emily_GetMan ($100 in chips) 
Seat 2: waennerstreom ($20.58 in chips) 
Seat 3: Alinyr ($100 in chips) 
Seat 4: blistein ($100 in chips) 
Seat 5: ddyyjj ($100.85 in chips) 
Emily_GetMan: posts small blind $0.50
waennerstreom: posts big blind $1
*** HOLE CARDS ***
Alinyr: folds 
blistein: folds 
ddyyjj: folds 
Emily_GetMan: folds 
Uncalled bet ($0.50) returned to waennerstreom
waennerstreom collected $1 from pot
*** SUMMARY ***
Total pot $1 | Rake $0 
Seat 1: Emily_GetMan (small blind) folded before Flop
Seat 2: waennerstreom (big blind) collected ($1)
Seat 3: Alinyr folded before Flop (didn't bet)
Seat 4: blistein folded before Flop (didn't bet)
Seat 5: ddyyjj (button) folded before Flop (didn't bet)



PokerStars Hand #254186262094:  Hold'em No Limit ($0.50/$1.00 USD) - 2025/01/04 9:24:03 WET [2025/01/04 4:24:03 ET]
Table 'Octavia II' 6-max Seat #1 is the button
Seat 1: Emily_GetMan ($100 in chips) 
Seat 2: waennerstreom ($21.08 in chips) 
Seat 3: Alinyr ($100 in chips) 
Seat 4: blistein ($100 in chips) 
Seat 5: ddyyjj ($100.85 in chips) 
waennerstreom: posts small blind $0.50
Alinyr: posts big blind $1
*** HOLE CARDS ***
blistein: folds 
ddyyjj: folds 
Emily_GetMan: folds 
waennerstreom: calls $0.50
Alinyr: checks 
*** FLOP *** [Td Ks Qh]
waennerstreom: checks 
Alinyr: bets $1
waennerstreom: folds 
Uncalled bet ($1) returned to Alinyr
Alinyr collected $1.90 from pot
Alinyr: doesn't show hand 
*** SUMMARY ***
Total pot $2 | Rake $0.10 
Board [Td Ks Qh]
Seat 1: Emily_GetMan (button) folded before Flop (didn't bet)
Seat 2: waennerstreom (small blind) folded on the Flop
Seat 3: Alinyr (big blind) collected ($1.90)
Seat 4: blistein folded before Flop (didn't bet)
Seat 5: ddyyjj folded before Flop (didn't bet)



PokerStars Hand #254186264931:  Hold'em No Limit ($0.50/$1.00 USD) - 2025/01/04 9:24:32 WET [2025/01/04 4:24:32 ET]
Table 'Octavia II' 6-max Seat #2 is the button
Seat 1: Emily_GetMan ($100 in chips) 
Seat 2: waennerstreom ($20.08 in chips) 
Seat 3: Alinyr ($100.90 in chips) 
Seat 4: blistein ($100 in chips) 
Seat 5: ddyyjj ($100.85 in chips) 
Alinyr: posts small blind $0.50
blistein: posts big blind $1
*** HOLE CARDS ***
ddyyjj: folds 
Emily_GetMan: raises $1 to $2
waennerstreom: folds 
Alinyr: folds 
blistein: folds 
Uncalled bet ($1) returned to Emily_GetMan
Emily_GetMan collected $2.50 from pot
Emily_GetMan: doesn't show hand 
*** SUMMARY ***
Total pot $2.50 | Rake $0 
Seat 1: Emily_GetMan collected ($2.50)
Seat 2: waennerstreom (button) folded before Flop (didn't bet)
Seat 3: Alinyr (small blind) folded before Flop
Seat 4: blistein (big blind) folded before Flop
Seat 5: ddyyjj folded before Flop (didn't bet)



PokerStars Hand #254186266866:  Hold'em No Limit ($0.50/$1.00 USD) - 2025/01/04 9:24:52 WET [2025/01/04 4:24:52 ET]
Table 'Octavia II' 6-max Seat #3 is the button
Seat 1: Emily_GetMan ($101.50 in chips) 
Seat 2: waennerstreom ($20.08 in chips) 
Seat 3: Alinyr ($100.40 in chips) 
Seat 4: blistein ($100 in chips) 
Seat 5: ddyyjj ($100.85 in chips) 
blistein: posts small blind $0.50
ddyyjj: posts big blind $1
*** HOLE CARDS ***
Emily_GetMan: folds 
waennerstreom: folds 
Alinyr: raises $1.50 to $2.50
blistein: folds 
ddyyjj: folds 
Uncalled bet ($1.50) returned to Alinyr
Alinyr collected $2.50 from pot
Alinyr: doesn't show hand 
*** SUMMARY ***
Total pot $2.50 | Rake $0 
Seat 1: Emily_GetMan folded before Flop (didn't bet)
Seat 2: waennerstreom folded before Flop (didn't bet)
Seat 3: Alinyr (button) collected ($2.50)
Seat 4: blistein (small blind) folded before Flop
Seat 5: ddyyjj (big blind) folded before Flop



PokerStars Hand #254186268082:  Hold'em No Limit ($0.50/$1.00 USD) - 2025/01/04 9:25:04 WET [2025/01/04 4:25:04 ET]
Table 'Octavia II' 6-max Seat #4 is the button
Seat 1: Emily_GetMan ($101.50 in chips) 
Seat 2: waennerstreom ($20.08 in chips) 
Seat 3: Alinyr ($101.90 in chips) 
Seat 4: blistein ($100 in chips) 
Seat 5: ddyyjj ($99.85 in chips) 
ddyyjj: posts small blind $0.50
Emily_GetMan: posts big blind $1
*** HOLE CARDS ***
waennerstreom: folds 
Alinyr: folds 
blistein: raises $1.50 to $2.50
ddyyjj: calls $2
Emily_GetMan: folds 
*** FLOP *** [6h 7c Ks]
ddyyjj: checks 
blistein: bets $2
ddyyjj: calls $2
*** TURN *** [6h 7c Ks] [Tc]
ddyyjj: checks 
blistein: bets $7.13
ddyyjj: folds 
Uncalled bet ($7.13) returned to blistein
blistein collected $9.50 from pot
blistein: doesn't show hand 
*** SUMMARY ***
Total pot $10 | Rake $0.50 
Board [6h 7c Ks Tc]
Seat 1: Emily_GetMan (big blind) folded before Flop
Seat 2: waennerstreom folded before Flop (didn't bet)
Seat 3: Alinyr folded before Flop (didn't bet)
Seat 4: blistein (button) collected ($9.50)
Seat 5: ddyyjj (small blind) folded on the Turn



PokerStars Hand #254186273715:  Hold'em No Limit ($0.50/$1.00 USD) - 2025/01/04 9:26:03 WET [2025/01/04 4:26:03 ET]
Table 'Octavia II' 6-max Seat #5 is the button
Seat 1: Emily_GetMan ($100.50 in chips) 
Seat 2: waennerstreom ($20.08 in chips) 
Seat 3: Alinyr ($101.90 in chips) 
Seat 4: blistein ($105 in chips) 
Seat 5: ddyyjj ($95.35 in chips) 
Emily_GetMan: posts small blind $0.50
waennerstreom: posts big blind $1
*** HOLE CARDS ***
Alinyr: folds 
blistein: raises $1.30 to $2.30
ddyyjj: raises $4.70 to $7
Emily_GetMan: folds 
waennerstreom: calls $6
blistein: folds 
*** FLOP *** [6d 9c 4s]
waennerstreom: checks 
ddyyjj: bets $10.37
waennerstreom: folds 
Uncalled bet ($10.37) returned to ddyyjj
ddyyjj collected $15.96 from pot
ddyyjj: doesn't show hand 
*** SUMMARY ***
Total pot $16.80 | Rake $0.84 
Board [6d 9c 4s]
Seat 1: Emily_GetMan (small blind) folded before Flop
Seat 2: waennerstreom (big blind) folded on the Flop
Seat 3: Alinyr folded before Flop (didn't bet)
Seat 4: blistein folded before Flop
Seat 5: ddyyjj (button) collected ($15.96)



PokerStars Hand #254186278549:  Hold'em No Limit ($0.50/$1.00 USD) - 2025/01/04 9:26:53 WET [2025/01/04 4:26:53 ET]
Table 'Octavia II' 6-max Seat #1 is the button
Seat 1: Emily_GetMan ($100 in chips) 
Seat 2: waennerstreom ($13.08 in chips) 
Seat 3: Alinyr ($101.90 in chips) 
Seat 4: blistein ($102.70 in chips) 
Seat 5: ddyyjj ($104.31 in chips) 
waennerstreom: posts small blind $0.50
Alinyr: posts big blind $1
*** HOLE CARDS ***
blistein: folds 
ddyyjj: folds 
Emily_GetMan: raises $1.50 to $2.50
KeR888 joins the table at seat #6 
waennerstreom: raises $10.58 to $13.08 and is all-in
Alinyr: folds 
Emily_GetMan: folds 
Uncalled bet ($10.58) returned to waennerstreom
waennerstreom collected $6 from pot
*** SUMMARY ***
Total pot $6 | Rake $0 
Seat 1: Emily_GetMan (button) folded before Flop
Seat 2: waennerstreom (small blind) collected ($6)
Seat 3: Alinyr (big blind) folded before Flop
Seat 4: blistein folded before Flop (didn't bet)
Seat 5: ddyyjj folded before Flop (didn't bet)



PokerStars Hand #254186281586:  Hold'em No Limit ($0.50/$1.00 USD) - 2025/01/04 9:27:23 WET [2025/01/04 4:27:23 ET]
Table 'Octavia II' 6-max Seat #2 is the button
Seat 6: KeR888 ($100 in chips) is sitting out
Seat 1: Emily_GetMan ($100 in chips) 
Seat 2: waennerstreom ($16.58 in chips) 
Seat 3: Alinyr ($100.90 in chips) 
Seat 4: blistein ($102.70 in chips) 
Seat 5: ddyyjj ($104.31 in chips) 
Alinyr: posts small blind $0.50
blistein: posts big blind $1
KeR888: sits out 
*** HOLE CARDS ***
ddyyjj: folds 
Emily_GetMan: folds 
waennerstreom: folds 
Alinyr: folds 
Uncalled bet ($0.50) returned to blistein
blistein collected $1 from pot
blistein: doesn't show hand 
*** SUMMARY ***
Total pot $1 | Rake $0 
Seat 6: KeR888
Seat 1: Emily_GetMan folded before Flop (didn't bet)
Seat 2: waennerstreom (button) folded before Flop (didn't bet)
Seat 3: Alinyr (small blind) folded before Flop
Seat 4: blistein (big blind) collected ($1)
Seat 5: ddyyjj folded before Flop (didn't bet)



PokerStars Hand #254186284906:  Hold'em No Limit ($0.50/$1.00 USD) - 2025/01/04 9:27:57 WET [2025/01/04 4:27:57 ET]
Table 'Octavia II' 6-max Seat #3 is the button
Seat 6: KeR888 ($100 in chips) is sitting out
Seat 1: Emily_GetMan ($100 in chips) 
Seat 2: waennerstreom ($16.58 in chips) 
Seat 3: Alinyr ($100.40 in chips) 
Seat 4: blistein ($103.20 in chips) 
Seat 5: ddyyjj ($104.31 in chips) 
blistein: posts small blind $0.50
ddyyjj: posts big blind $1
KeR888: sits out 
*** HOLE CARDS ***
Emily_GetMan: folds 
waennerstreom: folds 
Alinyr: folds 
blistein: folds 
Uncalled bet ($0.50) returned to ddyyjj
ddyyjj collected $1 from pot
ddyyjj: doesn't show hand 
*** SUMMARY ***
Total pot $1 | Rake $0 
Seat 6: KeR888
Seat 1: Emily_GetMan folded before Flop (didn't bet)
Seat 2: waennerstreom folded before Flop (didn't bet)
Seat 3: Alinyr (button) folded before Flop (didn't bet)
Seat 4: blistein (small blind) folded before Flop
Seat 5: ddyyjj (big blind) collected ($1)



PokerStars Hand #254186285555:  Hold'em No Limit ($0.50/$1.00 USD) - 2025/01/04 9:28:04 WET [2025/01/04 4:28:04 ET]
Table 'Octavia II' 6-max Seat #4 is the button
Seat 1: Emily_GetMan ($100 in chips) 
Seat 2: waennerstreom ($16.58 in chips) 
Seat 3: Alinyr ($100.40 in chips) 
Seat 4: blistein ($102.70 in chips) 
Seat 5: ddyyjj ($104.81 in chips) 
Seat 6: KeR888 ($100 in chips) 
ddyyjj: posts small blind $0.50
KeR888: posts big blind $1
*** HOLE CARDS ***
Emily_GetMan: folds 
waennerstreom: calls $1
Alinyr: raises $3 to $4
blistein: folds 
ddyyjj: folds 
KeR888: folds 
waennerstreom: calls $3
*** FLOP *** [9c Jc 3c]
waennerstreom: bets $12.58 and is all-in
Alinyr: folds 
Uncalled bet ($12.58) returned to waennerstreom
waennerstreom collected $9.02 from pot
*** SUMMARY ***
Total pot $9.50 | Rake $0.48 
Board [9c Jc 3c]
Seat 1: Emily_GetMan folded before Flop (didn't bet)
Seat 2: waennerstreom collected ($9.02)
Seat 3: Alinyr folded on the Flop
Seat 4: blistein (button) folded before Flop (didn't bet)
Seat 5: ddyyjj (small blind) folded before Flop
Seat 6: KeR888 (big blind) folded before Flop



PokerStars Hand #254186288039:  Hold'em No Limit ($0.50/$1.00 USD) - 2025/01/04 9:28:29 WET [2025/01/04 4:28:29 ET]
Table 'Octavia II' 6-max Seat #5 is the button
Seat 1: Emily_GetMan ($100 in chips) 
Seat 2: waennerstreom ($21.60 in chips) 
Seat 3: Alinyr ($100 in chips) 
Seat 4: blistein ($102.70 in chips) 
Seat 5: ddyyjj ($104.31 in chips) 
Seat 6: KeR888 ($100 in chips) 
KeR888: posts small blind $0.50
Emily_GetMan: posts big blind $1
*** HOLE CARDS ***
waennerstreom: folds 
Alinyr: raises $1.05 to $2.05
blistein: folds 
ddyyjj: folds 
KeR888: folds 
Emily_GetMan: raises $9.95 to $12
Alinyr: folds 
Uncalled bet ($9.95) returned to Emily_GetMan
Emily_GetMan collected $4.60 from pot
Emily_GetMan: doesn't show hand 
*** SUMMARY ***
Total pot $4.60 | Rake $0 
Seat 1: Emily_GetMan (big blind) collected ($4.60)
Seat 2: waennerstreom folded before Flop (didn't bet)
Seat 3: Alinyr folded before Flop
Seat 4: blistein folded before Flop (didn't bet)
Seat 5: ddyyjj (button) folded before Flop (didn't bet)
Seat 6: KeR888 (small blind) folded before Flop



PokerStars Hand #254186290839:  Hold'em No Limit ($0.50/$1.00 USD) - 2025/01/04 9:28:58 WET [2025/01/04 4:28:58 ET]
Table 'Octavia II' 6-max Seat #6 is the button
Seat 1: Emily_GetMan ($102.55 in chips) 
Seat 2: waennerstreom ($21.60 in chips) 
Seat 3: Alinyr ($100 in chips) 
Seat 4: blistein ($102.70 in chips) 
Seat 5: ddyyjj ($104.31 in chips) 
Seat 6: KeR888 ($100 in chips) 
Emily_GetMan: posts small blind $0.50
waennerstreom: posts big blind $1
*** HOLE CARDS ***
Alinyr: folds 
blistein: raises $1.20 to $2.20
ddyyjj: folds 
KeR888: folds 
Emily_GetMan: folds 
waennerstreom: calls $1.20
*** FLOP *** [9d Qh Ah]
waennerstreom: checks 
blistein: bets $1
waennerstreom: folds 
Uncalled bet ($1) returned to blistein
blistein collected $4.66 from pot
blistein: doesn't show hand 
*** SUMMARY ***
Total pot $4.90 | Rake $0.24 
Board [9d Qh Ah]
Seat 1: Emily_GetMan (small blind) folded before Flop
Seat 2: waennerstreom (big blind) folded on the Flop
Seat 3: Alinyr folded before Flop (didn't bet)
Seat 4: blistein collected ($4.66)
Seat 5: ddyyjj folded before Flop (didn't bet)
Seat 6: KeR888 (button) folded before Flop (didn't bet)



PokerStars Hand #254186293077:  Hold'em No Limit ($0.50/$1.00 USD) - 2025/01/04 9:29:21 WET [2025/01/04 4:29:21 ET]
Table 'Octavia II' 6-max Seat #1 is the button
Seat 3: Alinyr ($100 in chips) is sitting out
Seat 1: Emily_GetMan ($102.05 in chips) 
Seat 2: waennerstreom ($19.40 in chips) 
Seat 4: blistein ($105.16 in chips) 
Seat 5: ddyyjj ($104.31 in chips) 
Seat 6: KeR888 ($100 in chips) 
waennerstreom: posts small blind $0.50
Alinyr: is sitting out 
blistein: posts big blind $1
*** HOLE CARDS ***
ddyyjj: folds 
KeR888: folds 
Emily_GetMan: folds 
waennerstreom: raises $1 to $2
blistein: folds 
Uncalled bet ($1) returned to waennerstreom
waennerstreom collected $2 from pot
*** SUMMARY ***
Total pot $2 | Rake $0 
Seat 3: Alinyr
Seat 1: Emily_GetMan (button) folded before Flop (didn't bet)
Seat 2: waennerstreom (small blind) collected ($2)
Seat 4: blistein (big blind) folded before Flop
Seat 5: ddyyjj folded before Flop (didn't bet)
Seat 6: KeR888 folded before Flop (didn't bet)



PokerStars Hand #254186294923:  Hold'em No Limit ($0.50/$1.00 USD) - 2025/01/04 9:29:40 WET [2025/01/04 4:29:40 ET]
Table 'Octavia II' 6-max Seat #2 is the button
Seat 3: Alinyr ($100 in chips) is sitting out
Seat 1: Emily_GetMan ($102.05 in chips) 
Seat 2: waennerstreom ($20.40 in chips) 
Seat 4: blistein ($104.16 in chips) 
Seat 5: ddyyjj ($104.31 in chips) 
Seat 6: KeR888 ($100 in chips) 
blistein: posts small blind $0.50
ddyyjj: posts big blind $1
*** HOLE CARDS ***
KeR888: folds 
Emily_GetMan: folds 
waennerstreom: folds 
blistein: folds 
Uncalled bet ($0.50) returned to ddyyjj
ddyyjj collected $1 from pot
ddyyjj: doesn't show hand 
*** SUMMARY ***
Total pot $1 | Rake $0 
Seat 3: Alinyr
Seat 1: Emily_GetMan folded before Flop (didn't bet)
Seat 2: waennerstreom (button) folded before Flop (didn't bet)
Seat 4: blistein (small blind) folded before Flop
Seat 5: ddyyjj (big blind) collected ($1)
Seat 6: KeR888 folded before Flop (didn't bet)



PokerStars Hand #254186296076:  Hold'em No Limit ($0.50/$1.00 USD) - 2025/01/04 9:29:52 WET [2025/01/04 4:29:52 ET]
Table 'Octavia II' 6-max Seat #4 is the button
Seat 3: Alinyr ($100 in chips) is sitting out
Seat 1: Emily_GetMan ($102.05 in chips) 
Seat 2: waennerstreom ($20.40 in chips) 
Seat 4: blistein ($103.66 in chips) 
Seat 5: ddyyjj ($104.81 in chips) 
Seat 6: KeR888 ($100 in chips) 
ddyyjj: posts small blind $0.50
KeR888: posts big blind $1
*** HOLE CARDS ***
Emily_GetMan: raises $1 to $2
waennerstreom: folds 
blistein: folds 
ddyyjj: folds 
KeR888: folds 
Uncalled bet ($1) returned to Emily_GetMan
Emily_GetMan collected $2.50 from pot
Emily_GetMan: doesn't show hand 
*** SUMMARY ***
Total pot $2.50 | Rake $0 
Seat 3: Alinyr
Seat 1: Emily_GetMan collected ($2.50)
Seat 2: waennerstreom folded before Flop (didn't bet)
Seat 4: blistein (button) folded before Flop (didn't bet)
Seat 5: ddyyjj (small blind) folded before Flop
Seat 6: KeR888 (big blind) folded before Flop



PokerStars Hand #254186297286:  Hold'em No Limit ($0.50/$1.00 USD) - 2025/01/04 9:30:04 WET [2025/01/04 4:30:04 ET]
Table 'Octavia II' 6-max Seat #5 is the button
Seat 3: Alinyr ($100 in chips) is sitting out
Seat 1: Emily_GetMan ($103.55 in chips) 
Seat 2: waennerstreom ($20.40 in chips) 
Seat 4: blistein ($103.66 in chips) 
Seat 5: ddyyjj ($104.31 in chips) 
Seat 6: KeR888 ($100 in chips) 
KeR888: posts small blind $0.50
Emily_GetMan: posts big blind $1
*** HOLE CARDS ***
waennerstreom: raises $1 to $2
blistein: folds 
ddyyjj: folds 
KeR888: folds 
Emily_GetMan: folds 
Uncalled bet ($1) returned to waennerstreom
waennerstreom collected $2.50 from pot
*** SUMMARY ***
Total pot $2.50 | Rake $0 
Seat 3: Alinyr
Seat 1: Emily_GetMan (big blind) folded before Flop
Seat 2: waennerstreom collected ($2.50)
Seat 4: blistein folded before Flop (didn't bet)
Seat 5: ddyyjj (button) folded before Flop (didn't bet)
Seat 6: KeR888 (small blind) folded before Flop



PokerStars Hand #254186298575:  Hold'em No Limit ($0.50/$1.00 USD) - 2025/01/04 9:30:17 WET [2025/01/04 4:30:17 ET]
Table 'Octavia II' 6-max Seat #6 is the button
Seat 3: Alinyr ($100 in chips) is sitting out
Seat 1: Emily_GetMan ($102.55 in chips) 
Seat 2: waennerstreom ($21.90 in chips) 
Seat 4: blistein ($103.66 in chips) 
Seat 5: ddyyjj ($104.31 in chips) 
Seat 6: KeR888 ($100 in chips) 
Emily_GetMan: posts small blind $0.50
waennerstreom: posts big blind $1
*** HOLE CARDS ***
blistein: folds 
ddyyjj: folds 
KeR888: folds 
Emily_GetMan: raises $2 to $3
waennerstreom: calls $2
*** FLOP *** [4s 2h 4d]
Emily_GetMan: bets $1.88
waennerstreom: calls $1.88
*** TURN *** [4s 2h 4d] [6s]
Emily_GetMan: bets $6.12
waennerstreom: folds 
Uncalled bet ($6.12) returned to Emily_GetMan
Emily_GetMan collected $9.27 from pot
Emily_GetMan: doesn't show hand 
*** SUMMARY ***
Total pot $9.76 | Rake $0.49 
Board [4s 2h 4d 6s]
Seat 3: Alinyr
Seat 1: Emily_GetMan (small blind) collected ($9.27)
Seat 2: waennerstreom (big blind) folded on the Turn
Seat 4: blistein folded before Flop (didn't bet)
Seat 5: ddyyjj folded before Flop (didn't bet)
Seat 6: KeR888 (button) folded before Flop (didn't bet)



PokerStars Hand #254186301022:  Hold'em No Limit ($0.50/$1.00 USD) - 2025/01/04 9:30:42 WET [2025/01/04 4:30:42 ET]
Table 'Octavia II' 6-max Seat #1 is the button
Seat 1: Emily_GetMan ($106.94 in chips) 
Seat 2: waennerstreom ($17.02 in chips) 
Seat 3: Alinyr ($100 in chips) 
Seat 4: blistein ($103.66 in chips) 
Seat 5: ddyyjj ($104.31 in chips) 
Seat 6: KeR888 ($100 in chips) 
waennerstreom: posts small blind $0.50
Alinyr: posts big blind $1
*** HOLE CARDS ***
blistein: folds 
ddyyjj: raises $1.50 to $2.50
KeR888: raises $5 to $7.50
Emily_GetMan: folds 
waennerstreom: folds 
Alinyr: folds 
ddyyjj: calls $5
*** FLOP *** [Js Ac Ks]
ddyyjj: checks 
KeR888: bets $4.70
ddyyjj: calls $4.70
*** TURN *** [Js Ac Ks] [7h]
ddyyjj: checks 
KeR888: bets $18.45
ddyyjj: calls $18.45
*** RIVER *** [Js Ac Ks 7h] [4d]
ddyyjj: checks 
KeR888: checks 
*** SHOW DOWN ***
ddyyjj: shows [9d Td] (high card Ace)
KeR888: shows [As 5s] (a pair of Aces)
KeR888 collected $60.30 from pot
*** SUMMARY ***
Total pot $62.80 | Rake $2.50 
Board [Js Ac Ks 7h 4d]
Seat 1: Emily_GetMan (button) folded before Flop (didn't bet)
Seat 2: waennerstreom (small blind) folded before Flop
Seat 3: Alinyr (big blind) folded before Flop
Seat 4: blistein folded before Flop (didn't bet)
Seat 5: ddyyjj showed [9d Td] and lost with high card Ace
Seat 6: KeR888 showed [As 5s] and won ($60.30) with a pair of Aces



PokerStars Hand #254186307291:  Hold'em No Limit ($0.50/$1.00 USD) - 2025/01/04 9:31:44 WET [2025/01/04 4:31:44 ET]
Table 'Octavia II' 6-max Seat #2 is the button
Seat 1: Emily_GetMan ($106.94 in chips) 
Seat 2: waennerstreom ($16.52 in chips) 
Seat 3: Alinyr ($100 in chips) 
Seat 4: blistein ($103.66 in chips) 
Seat 5: ddyyjj ($100 in chips) 
Seat 6: KeR888 ($129.65 in chips) 
Alinyr: posts small blind $0.50
blistein: posts big blind $1
*** HOLE CARDS ***
ddyyjj: folds 
KeR888: folds 
Emily_GetMan: raises $1 to $2
ddyyjj leaves the table
Burlica2013 joins the table at seat #5 
waennerstreom has timed out
waennerstreom: folds 
Alinyr: folds 
blistein: folds 
Uncalled bet ($1) returned to Emily_GetMan
Emily_GetMan collected $2.50 from pot
Emily_GetMan: doesn't show hand 
*** SUMMARY ***
Total pot $2.50 | Rake $0 
Seat 1: Emily_GetMan collected ($2.50)
Seat 2: waennerstreom (button) folded before Flop (didn't bet)
Seat 3: Alinyr (small blind) folded before Flop
Seat 4: blistein (big blind) folded before Flop
Seat 5: ddyyjj folded before Flop (didn't bet)
Seat 6: KeR888 folded before Flop (didn't bet)



PokerStars Hand #254186311579:  Hold'em No Limit ($0.50/$1.00 USD) - 2025/01/04 9:32:27 WET [2025/01/04 4:32:27 ET]
Table 'Octavia II' 6-max Seat #3 is the button
Seat 2: waennerstreom ($16.52 in chips) is sitting out
Seat 1: Emily_GetMan ($108.44 in chips) 
Seat 3: Alinyr ($100 in chips) 
Seat 4: blistein ($102.66 in chips) 
Seat 5: Burlica2013 ($100 in chips) 
Seat 6: KeR888 ($129.65 in chips) 
blistein: posts small blind $0.50
Burlica2013: posts big blind $1
*** HOLE CARDS ***
KeR888: folds 
Emily_GetMan: folds 
Alinyr: folds 
blistein: raises $2 to $3
Burlica2013: calls $2
*** FLOP *** [Qc 8c 7d]
blistein: checks 
waennerstreom is disconnected 
Burlica2013: bets $1.88
blistein: folds 
Uncalled bet ($1.88) returned to Burlica2013
Burlica2013 collected $5.70 from pot
Burlica2013: doesn't show hand 
*** SUMMARY ***
Total pot $6 | Rake $0.30 
Board [Qc 8c 7d]
Seat 2: waennerstreom
Seat 1: Emily_GetMan folded before Flop (didn't bet)
Seat 3: Alinyr (button) folded before Flop (didn't bet)
Seat 4: blistein (small blind) folded on the Flop
Seat 5: Burlica2013 (big blind) collected ($5.70)
Seat 6: KeR888 folded before Flop (didn't bet)



PokerStars Hand #254186316205:  Hold'em No Limit ($0.50/$1.00 USD) - 2025/01/04 9:33:13 WET [2025/01/04 4:33:13 ET]
Table 'Octavia II' 6-max Seat #4 is the button
Seat 2: waennerstreom ($16.52 in chips) is sitting out
Seat 1: Emily_GetMan ($108.44 in chips) 
Seat 3: Alinyr ($100 in chips) 
Seat 4: blistein ($100 in chips) 
Seat 5: Burlica2013 ($102.70 in chips) 
Seat 6: KeR888 ($129.65 in chips) 
Burlica2013: posts small blind $0.50
KeR888: posts big blind $1
*** HOLE CARDS ***
Emily_GetMan: folds 
Alinyr: folds 
blistein: folds 
Burlica2013: raises $2 to $3
KeR888: calls $2
*** FLOP *** [Qs Tc 3c]
Emily_GetMan leaves the table
Burlica2013: bets $1.88
KeR888: folds 
Uncalled bet ($1.88) returned to Burlica2013
Burlica2013 collected $5.70 from pot
Burlica2013: doesn't show hand 
*** SUMMARY ***
Total pot $6 | Rake $0.30 
Board [Qs Tc 3c]
Seat 2: waennerstreom
Seat 1: Emily_GetMan folded before Flop (didn't bet)
Seat 3: Alinyr folded before Flop (didn't bet)
Seat 4: blistein (button) folded before Flop (didn't bet)
Seat 5: Burlica2013 (small blind) collected ($5.70)
Seat 6: KeR888 (big blind) folded on the Flop



PokerStars Hand #254186319311:  Hold'em No Limit ($0.50/$1.00 USD) - 2025/01/04 9:33:43 WET [2025/01/04 4:33:43 ET]
Table 'Octavia II' 6-max Seat #5 is the button
Seat 2: waennerstreom ($16.52 in chips) is sitting out
Seat 3: Alinyr ($100 in chips) 
Seat 4: blistein ($100 in chips) 
Seat 5: Burlica2013 ($105.40 in chips) 
Seat 6: KeR888 ($126.65 in chips) 
KeR888: posts small blind $0.50
Alinyr: posts big blind $1
*** HOLE CARDS ***
blistein: folds 
Burlica2013: folds 
KeR888: folds 
Uncalled bet ($0.50) returned to Alinyr
Alinyr collected $1 from pot
Alinyr: doesn't show hand 
*** SUMMARY ***
Total pot $1 | Rake $0 
Seat 2: waennerstreom
Seat 3: Alinyr (big blind) collected ($1)
Seat 4: blistein folded before Flop (didn't bet)
Seat 5: Burlica2013 (button) folded before Flop (didn't bet)
Seat 6: KeR888 (small blind) folded before Flop



PokerStars Hand #254186320462:  Hold'em No Limit ($0.50/$1.00 USD) - 2025/01/04 9:33:55 WET [2025/01/04 4:33:55 ET]
Table 'Octavia II' 6-max Seat #6 is the button
Seat 2: waennerstreom ($16.52 in chips) is sitting out
Seat 3: Alinyr ($100.50 in chips) 
Seat 4: blistein ($100 in chips) 
Seat 5: Burlica2013 ($105.40 in chips) 
Seat 6: KeR888 ($126.15 in chips) 
Alinyr: posts small blind $0.50
blistein: posts big blind $1
*** HOLE CARDS ***
Burlica2013: folds 
KeR888: folds 
Alinyr: folds 
Uncalled bet ($0.50) returned to blistein
blistein collected $1 from pot
blistein: doesn't show hand 
*** SUMMARY ***
Total pot $1 | Rake $0 
Seat 2: waennerstreom
Seat 3: Alinyr (small blind) folded before Flop
Seat 4: blistein (big blind) collected ($1)
Seat 5: Burlica2013 folded before Flop (didn't bet)
Seat 6: KeR888 (button) folded before Flop (didn't bet)



PokerStars Hand #254186321554:  Hold'em No Limit ($0.50/$1.00 USD) - 2025/01/04 9:34:05 WET [2025/01/04 4:34:05 ET]
Table 'Octavia II' 6-max Seat #3 is the button
Seat 2: waennerstreom ($16.52 in chips) is sitting out
Seat 3: Alinyr ($100 in chips) 
Seat 4: blistein ($100.50 in chips) 
Seat 5: Burlica2013 ($105.40 in chips) 
Seat 6: KeR888 ($126.15 in chips) 
blistein: posts small blind $0.50
Burlica2013: posts big blind $1
*** HOLE CARDS ***
KeR888: raises $1.50 to $2.50
Alinyr: folds 
blistein: folds 
Burlica2013: calls $1.50
*** FLOP *** [4h 7h 5d]
Burlica2013: checks 
KeR888: checks 
*** TURN *** [4h 7h 5d] [5c]
Burlica2013: checks 
KeR888: checks 
*** RIVER *** [4h 7h 5d 5c] [Qd]
Burlica2013: checks 
KeR888: checks 
*** SHOW DOWN ***
Burlica2013: shows [Tc Qh] (two pair, Queens and Fives)
KeR888: mucks hand 
Burlica2013 collected $5.22 from pot
*** SUMMARY ***
Total pot $5.50 | Rake $0.28 
Board [4h 7h 5d 5c Qd]
Seat 2: waennerstreom
Seat 3: Alinyr (button) folded before Flop (didn't bet)
Seat 4: blistein (small blind) folded before Flop
Seat 5: Burlica2013 (big blind) showed [Tc Qh] and won ($5.22) with two pair, Queens and Fives
Seat 6: KeR888 mucked



PokerStars Hand #254186326870:  Hold'em No Limit ($0.50/$1.00 USD) - 2025/01/04 9:34:59 WET [2025/01/04 4:34:59 ET]
Table 'Octavia II' 6-max Seat #4 is the button
Seat 2: waennerstreom ($16.52 in chips) is sitting out
Seat 3: Alinyr ($100 in chips) 
Seat 4: blistein ($100 in chips) 
Seat 5: Burlica2013 ($108.12 in chips) 
Seat 6: KeR888 ($123.65 in chips) 
Burlica2013: posts small blind $0.50
KeR888: posts big blind $1
*** HOLE CARDS ***
Alinyr: folds 
blistein: raises $1.50 to $2.50
Burlica2013: raises $9.50 to $12
KeR888: folds 
blistein: calls $9.50
*** FLOP *** [3s 4d 2d]
Burlica2013: checks 
blistein: checks 
*** TURN *** [3s 4d 2d] [5c]
Burlica2013: checks 
blistein: checks 
*** RIVER *** [3s 4d 2d 5c] [2h]
Burlica2013: checks 
blistein: bets $18
Burlica2013: folds 
Uncalled bet ($18) returned to blistein
blistein collected $24 from pot
blistein: doesn't show hand 
*** SUMMARY ***
Total pot $25 | Rake $1 
Board [3s 4d 2d 5c 2h]
Seat 2: waennerstreom
Seat 3: Alinyr folded before Flop (didn't bet)
Seat 4: blistein (button) collected ($24)
Seat 5: Burlica2013 (small blind) folded on the River
Seat 6: KeR888 (big blind) folded before Flop



PokerStars Hand #254186336509:  Hold'em No Limit ($0.50/$1.00 USD) - 2025/01/04 9:36:33 WET [2025/01/04 4:36:33 ET]
Table 'Octavia II' 6-max Seat #5 is the button
Seat 2: waennerstreom ($16.52 in chips) is sitting out
Seat 3: Alinyr ($100 in chips) is sitting out
Seat 4: blistein ($112 in chips) 
Seat 5: Burlica2013 ($100 in chips) 
Seat 6: KeR888 ($122.65 in chips) 
KeR888: posts small blind $0.50
Alinyr: is sitting out 
blistein: posts big blind $1
*** HOLE CARDS ***
Alinyr leaves the table
Burlica2013 has timed out
Burlica2013: folds 
Burlica2013 leaves the table
KeR888: raises $2 to $3
blistein: folds 
Uncalled bet ($2) returned to KeR888
KeR888 collected $2 from pot
KeR888: doesn't show hand 
*** SUMMARY ***
Total pot $2 | Rake $0 
Seat 2: waennerstreom
Seat 3: Alinyr
Seat 4: blistein (big blind) folded before Flop
Seat 5: Burlica2013 (button) folded before Flop (didn't bet)
Seat 6: KeR888 (small blind) collected ($2)



