PokerStars Hand #254193035067:  Hold'em No Limit ($0.50/$1.00 USD) - 2025/01/04 18:11:22 WET [2025/01/04 13:11:22 ET]
Table 'Lorbach II' 6-max Seat #4 is the button
Seat 3: Christianzt1 ($100 in chips) is sitting out
Seat 1: alexsenel1977 ($91.21 in chips) 
Seat 2: Ifixbugs ($114.03 in chips) 
Seat 4: whlzor ($100 in chips) 
Seat 5: nikalas22 ($100 in chips) 
Seat 6: XxCaptain24xX ($13.02 in chips) 
nikalas22: posts small blind $0.50
XxCaptain24xX: posts big blind $1
Christianzt1: sits out 
*** HOLE CARDS ***
alexsenel1977: raises $1 to $2
Ifixbugs: calls $2
whlzor: folds 
nikalas22: folds 
XxCaptain24xX: folds 
*** FLOP *** [Ts Ac 9d]
alexsenel1977: bets $2.61
Ifixbugs: calls $2.61
*** TURN *** [Ts Ac 9d] [4d]
alexsenel1977: bets $5.09
Ifixbugs: folds 
Uncalled bet ($5.09) returned to alexsenel1977
alexsenel1977 collected $10.18 from pot
*** SUMMARY ***
Total pot $10.72 | Rake $0.54 
Board [Ts Ac 9d 4d]
Seat 3: Christianzt1
Seat 1: alexsenel1977 collected ($10.18)
Seat 2: Ifixbugs folded on the Turn
Seat 4: whlzor (button) folded before Flop (didn't bet)
Seat 5: nikalas22 (small blind) folded before Flop
Seat 6: XxCaptain24xX (big blind) folded before Flop



PokerStars Hand #254193046823:  Hold'em No Limit ($0.50/$1.00 USD) - 2025/01/04 18:11:59 WET [2025/01/04 13:11:59 ET]
Table 'Lorbach II' 6-max Seat #5 is the button
Seat 3: Christianzt1 ($100 in chips) is sitting out
Seat 1: alexsenel1977 ($96.78 in chips) 
Seat 2: Ifixbugs ($109.42 in chips) 
Seat 4: whlzor ($100 in chips) 
Seat 5: nikalas22 ($100 in chips) 
Seat 6: XxCaptain24xX ($12.02 in chips) 
XxCaptain24xX: posts small blind $0.50
alexsenel1977: posts big blind $1
Christianzt1: sits out 
*** HOLE CARDS ***
Ifixbugs: folds 
whlzor: folds 
nikalas22: raises $1.50 to $2.50
XxCaptain24xX: folds 
alexsenel1977: folds 
Uncalled bet ($1.50) returned to nikalas22
nikalas22 collected $2.50 from pot
nikalas22: doesn't show hand 
*** SUMMARY ***
Total pot $2.50 | Rake $0 
Seat 3: Christianzt1
Seat 1: alexsenel1977 (big blind) folded before Flop
Seat 2: Ifixbugs folded before Flop (didn't bet)
Seat 4: whlzor folded before Flop (didn't bet)
Seat 5: nikalas22 (button) collected ($2.50)
Seat 6: XxCaptain24xX (small blind) folded before Flop



PokerStars Hand #254193050119:  Hold'em No Limit ($0.50/$1.00 USD) - 2025/01/04 18:12:09 WET [2025/01/04 13:12:09 ET]
Table 'Lorbach II' 6-max Seat #6 is the button
Seat 3: Christianzt1 ($100 in chips) is sitting out
Seat 1: alexsenel1977 ($95.78 in chips) 
Seat 2: Ifixbugs ($109.42 in chips) 
Seat 4: whlzor ($100 in chips) 
Seat 5: nikalas22 ($101.50 in chips) 
Seat 6: XxCaptain24xX ($11.52 in chips) 
alexsenel1977: posts small blind $0.50
Ifixbugs: posts big blind $1
Christianzt1: sits out 
*** HOLE CARDS ***
whlzor: folds 
nikalas22: folds 
XxCaptain24xX: calls $1
alexsenel1977: folds 
Ifixbugs: checks 
*** FLOP *** [2h 7s Qs]
Ifixbugs: checks 
XxCaptain24xX: bets $1
Ifixbugs: folds 
Uncalled bet ($1) returned to XxCaptain24xX
XxCaptain24xX collected $2.35 from pot
alexsenel1977 leaves the table
*** SUMMARY ***
Total pot $2.50 | Rake $0.15 
Board [2h 7s Qs]
Seat 3: Christianzt1
Seat 1: alexsenel1977 (small blind) folded before Flop
Seat 2: Ifixbugs (big blind) folded on the Flop
Seat 4: whlzor folded before Flop (didn't bet)
Seat 5: nikalas22 folded before Flop (didn't bet)
Seat 6: XxCaptain24xX (button) collected ($2.35)



PokerStars Hand #254193055740:  Hold'em No Limit ($0.50/$1.00 USD) - 2025/01/04 18:12:27 WET [2025/01/04 13:12:27 ET]
Table 'Lorbach II' 6-max Seat #2 is the button
Seat 3: Christianzt1 ($100 in chips) is sitting out
Seat 2: Ifixbugs ($108.42 in chips) 
Seat 4: whlzor ($100 in chips) 
Seat 5: nikalas22 ($101.50 in chips) 
Seat 6: XxCaptain24xX ($12.87 in chips) 
whlzor: posts small blind $0.50
nikalas22: posts big blind $1
*** HOLE CARDS ***
XxCaptain24xX: calls $1
Ifixbugs: calls $1
whlzor: folds 
joaquin612 joins the table at seat #1 
nikalas22: checks 
*** FLOP *** [3d Th 8s]
nikalas22: checks 
XxCaptain24xX: checks 
Ifixbugs: checks 
*** TURN *** [3d Th 8s] [4s]
nikalas22: bets $2.49
XxCaptain24xX: folds 
Ifixbugs: folds 
Uncalled bet ($2.49) returned to nikalas22
nikalas22 collected $3.32 from pot
nikalas22: doesn't show hand 
*** SUMMARY ***
Total pot $3.50 | Rake $0.18 
Board [3d Th 8s 4s]
Seat 3: Christianzt1
Seat 2: Ifixbugs (button) folded on the Turn
Seat 4: whlzor (small blind) folded before Flop
Seat 5: nikalas22 (big blind) collected ($3.32)
Seat 6: XxCaptain24xX folded on the Turn



PokerStars Hand #254193065350:  Hold'em No Limit ($0.50/$1.00 USD) - 2025/01/04 18:12:58 WET [2025/01/04 13:12:58 ET]
Table 'Lorbach II' 6-max Seat #4 is the button
Seat 1: joaquin612 ($100 in chips) is sitting out
Seat 3: Christianzt1 ($100 in chips) is sitting out
Seat 2: Ifixbugs ($107.42 in chips) 
Seat 4: whlzor ($100 in chips) 
Seat 5: nikalas22 ($103.82 in chips) 
Seat 6: XxCaptain24xX ($11.87 in chips) 
nikalas22: posts small blind $0.50
XxCaptain24xX: posts big blind $1
joaquin612: sits out 
Christianzt1: sits out 
*** HOLE CARDS ***
Ifixbugs: folds 
whlzor: raises $1 to $2
nikalas22: folds 
XxCaptain24xX: calls $1
*** FLOP *** [5h 2h Kd]
XxCaptain24xX: checks 
whlzor: checks 
*** TURN *** [5h 2h Kd] [Js]
XxCaptain24xX: checks 
whlzor: bets $2.14
XxCaptain24xX: folds 
Uncalled bet ($2.14) returned to whlzor
whlzor collected $4.28 from pot
whlzor: doesn't show hand 
*** SUMMARY ***
Total pot $4.50 | Rake $0.22 
Board [5h 2h Kd Js]
Seat 1: joaquin612
Seat 3: Christianzt1
Seat 2: Ifixbugs folded before Flop (didn't bet)
Seat 4: whlzor (button) collected ($4.28)
Seat 5: nikalas22 (small blind) folded before Flop
Seat 6: XxCaptain24xX (big blind) folded on the Turn



PokerStars Hand #254193080509:  Hold'em No Limit ($0.50/$1.00 USD) - 2025/01/04 18:13:46 WET [2025/01/04 13:13:46 ET]
Table 'Lorbach II' 6-max Seat #5 is the button
Seat 3: Christianzt1 ($100 in chips) is sitting out
Seat 1: joaquin612 ($100 in chips) 
Seat 2: Ifixbugs ($107.42 in chips) 
Seat 4: whlzor ($102.28 in chips) 
Seat 5: nikalas22 ($103.32 in chips) 
Seat 6: XxCaptain24xX ($9.87 in chips) 
XxCaptain24xX: posts small blind $0.50
joaquin612: posts big blind $1
Christianzt1: sits out 
*** HOLE CARDS ***
Ifixbugs: folds 
whlzor: raises $2 to $3
nikalas22: folds 
XxCaptain24xX: folds 
joaquin612: folds 
Uncalled bet ($2) returned to whlzor
whlzor collected $2.50 from pot
whlzor: doesn't show hand 
*** SUMMARY ***
Total pot $2.50 | Rake $0 
Seat 3: Christianzt1
Seat 1: joaquin612 (big blind) folded before Flop
Seat 2: Ifixbugs folded before Flop (didn't bet)
Seat 4: whlzor collected ($2.50)
Seat 5: nikalas22 (button) folded before Flop (didn't bet)
Seat 6: XxCaptain24xX (small blind) folded before Flop



PokerStars Hand #254193084817:  Hold'em No Limit ($0.50/$1.00 USD) - 2025/01/04 18:14:00 WET [2025/01/04 13:14:00 ET]
Table 'Lorbach II' 6-max Seat #6 is the button
Seat 3: Christianzt1 ($100 in chips) is sitting out
Seat 1: joaquin612 ($100 in chips) 
Seat 2: Ifixbugs ($107.42 in chips) 
Seat 4: whlzor ($103.78 in chips) 
Seat 5: nikalas22 ($103.32 in chips) 
Seat 6: XxCaptain24xX ($9.37 in chips) 
joaquin612: posts small blind $0.50
Ifixbugs: posts big blind $1
Christianzt1: sits out 
*** HOLE CARDS ***
whlzor: folds 
nikalas22: folds 
XxCaptain24xX: calls $1
joaquin612: calls $0.50
Ifixbugs: checks 
*** FLOP *** [As 4h 7h]
joaquin612: checks 
Ifixbugs: checks 
XxCaptain24xX: bets $1
joaquin612: folds 
Ifixbugs: folds 
Uncalled bet ($1) returned to XxCaptain24xX
XxCaptain24xX collected $2.81 from pot
*** SUMMARY ***
Total pot $3 | Rake $0.19 
Board [As 4h 7h]
Seat 3: Christianzt1
Seat 1: joaquin612 (small blind) folded on the Flop
Seat 2: Ifixbugs (big blind) folded on the Flop
Seat 4: whlzor folded before Flop (didn't bet)
Seat 5: nikalas22 folded before Flop (didn't bet)
Seat 6: XxCaptain24xX (button) collected ($2.81)



PokerStars Hand #254193097624:  Hold'em No Limit ($0.50/$1.00 USD) - 2025/01/04 18:14:40 WET [2025/01/04 13:14:40 ET]
Table 'Lorbach II' 6-max Seat #1 is the button
Seat 1: joaquin612 ($100 in chips) 
Seat 2: Ifixbugs ($106.42 in chips) 
Seat 3: Christianzt1 ($100 in chips) 
Seat 4: whlzor ($103.78 in chips) 
Seat 5: nikalas22 ($103.32 in chips) 
Seat 6: XxCaptain24xX ($11.18 in chips) 
Ifixbugs: posts small blind $0.50
Christianzt1: posts big blind $1
*** HOLE CARDS ***
whlzor: folds 
nikalas22: folds 
XxCaptain24xX: calls $1
joaquin612: raises $1.50 to $2.50
Ifixbugs: folds 
Christianzt1: folds 
XxCaptain24xX: calls $1.50
*** FLOP *** [6d 9d Jd]
XxCaptain24xX: bets $1
joaquin612: calls $1
*** TURN *** [6d 9d Jd] [3c]
XxCaptain24xX: bets $1
joaquin612: raises $1 to $2
XxCaptain24xX: calls $1
*** RIVER *** [6d 9d Jd 3c] [Th]
XxCaptain24xX: bets $1
joaquin612: raises $6.94 to $7.94
XxCaptain24xX: calls $4.68 and is all-in
Uncalled bet ($2.26) returned to joaquin612
*** SHOW DOWN ***
joaquin612: shows [2d Ad] (a flush, Ace high)
XxCaptain24xX: shows [Qs Qd] (a pair of Queens)
joaquin612 collected $22.67 from pot
*** SUMMARY ***
Total pot $23.86 | Rake $1.19 
Board [6d 9d Jd 3c Th]
Seat 1: joaquin612 (button) showed [2d Ad] and won ($22.67) with a flush, Ace high
Seat 2: Ifixbugs (small blind) folded before Flop
Seat 3: Christianzt1 (big blind) folded before Flop
Seat 4: whlzor folded before Flop (didn't bet)
Seat 5: nikalas22 folded before Flop (didn't bet)
Seat 6: XxCaptain24xX showed [Qs Qd] and lost with a pair of Queens



PokerStars Hand #254193114277:  Hold'em No Limit ($0.50/$1.00 USD) - 2025/01/04 18:15:31 WET [2025/01/04 13:15:31 ET]
Table 'Lorbach II' 6-max Seat #2 is the button
Seat 4: whlzor ($103.78 in chips) is sitting out
Seat 6: XxCaptain24xX ($0 in chips) is sitting out
Seat 1: joaquin612 ($111.49 in chips) 
Seat 2: Ifixbugs ($105.92 in chips) 
Seat 3: Christianzt1 ($100 in chips) 
Seat 5: nikalas22 ($103.32 in chips) 
Christianzt1: posts small blind $0.50
whlzor: is sitting out 
nikalas22: posts big blind $1
*** HOLE CARDS ***
joaquin612: raises $1.50 to $2.50
whlzor leaves the table
Ifixbugs: calls $2.50
Christianzt1: folds 
nikalas22: raises $11.50 to $14
Gsouza099 joins the table at seat #4 
Gsouza099 is disconnected 
joaquin612: folds 
Ifixbugs: calls $11.50
*** FLOP *** [Th 4d 4s]
nikalas22: bets $15
Ifixbugs: calls $15
*** TURN *** [Th 4d 4s] [3s]
nikalas22: bets $30
XxCaptain24xX leaves the table
Ifixbugs: folds 
Uncalled bet ($30) returned to nikalas22
nikalas22 collected $60 from pot
nikalas22: doesn't show hand 
MauriFierro27 joins the table at seat #6 
*** SUMMARY ***
Total pot $61 | Rake $1 
Board [Th 4d 4s 3s]
Seat 4: whlzor
Seat 6: XxCaptain24xX
Seat 1: joaquin612 folded before Flop
Seat 2: Ifixbugs (button) folded on the Turn
Seat 3: Christianzt1 (small blind) folded before Flop
Seat 5: nikalas22 (big blind) collected ($60)



PokerStars Hand #254193127051:  Hold'em No Limit ($0.50/$1.00 USD) - 2025/01/04 18:16:09 WET [2025/01/04 13:16:09 ET]
Table 'Lorbach II' 6-max Seat #3 is the button
Seat 4: Gsouza099 ($57.25 in chips) is sitting out
Seat 1: joaquin612 ($108.99 in chips) 
Seat 2: Ifixbugs ($76.92 in chips) 
Seat 3: Christianzt1 ($100 in chips) 
Seat 5: nikalas22 ($134.32 in chips) 
Seat 6: MauriFierro27 ($100 in chips) 
nikalas22: posts small blind $0.50
MauriFierro27: posts big blind $1
*** HOLE CARDS ***
joaquin612: folds 
Ifixbugs: folds 
Christianzt1: folds 
nikalas22: raises $2 to $3
MauriFierro27: folds 
Uncalled bet ($2) returned to nikalas22
nikalas22 collected $2 from pot
nikalas22: doesn't show hand 
*** SUMMARY ***
Total pot $2 | Rake $0 
Seat 4: Gsouza099
Seat 1: joaquin612 folded before Flop (didn't bet)
Seat 2: Ifixbugs folded before Flop (didn't bet)
Seat 3: Christianzt1 (button) folded before Flop (didn't bet)
Seat 5: nikalas22 (small blind) collected ($2)
Seat 6: MauriFierro27 (big blind) folded before Flop



PokerStars Hand #254193133296:  Hold'em No Limit ($0.50/$1.00 USD) - 2025/01/04 18:16:28 WET [2025/01/04 13:16:28 ET]
Table 'Lorbach II' 6-max Seat #5 is the button
Seat 1: joaquin612 ($108.99 in chips) 
Seat 2: Ifixbugs ($76.92 in chips) 
Seat 3: Christianzt1 ($100 in chips) 
Seat 4: Gsouza099 ($57.25 in chips) 
Seat 5: nikalas22 ($135.32 in chips) 
Seat 6: MauriFierro27 ($100 in chips) 
MauriFierro27: posts small blind $0.50
joaquin612: posts big blind $1
Gsouza099: posts big blind $1
*** HOLE CARDS ***
Ifixbugs: raises $1 to $2
Christianzt1: folds 
Gsouza099: folds 
nikalas22: folds 
MauriFierro27: folds 
joaquin612: calls $1
*** FLOP *** [7h 3c 8s]
joaquin612: checks 
Ifixbugs: bets $3
joaquin612: folds 
Uncalled bet ($3) returned to Ifixbugs
Ifixbugs collected $5.22 from pot
*** SUMMARY ***
Total pot $5.50 | Rake $0.28 
Board [7h 3c 8s]
Seat 1: joaquin612 (big blind) folded on the Flop
Seat 2: Ifixbugs collected ($5.22)
Seat 3: Christianzt1 folded before Flop (didn't bet)
Seat 4: Gsouza099 folded before Flop (didn't bet)
Seat 5: nikalas22 (button) folded before Flop (didn't bet)
Seat 6: MauriFierro27 (small blind) folded before Flop



PokerStars Hand #254193146830:  Hold'em No Limit ($0.50/$1.00 USD) - 2025/01/04 18:17:08 WET [2025/01/04 13:17:08 ET]
Table 'Lorbach II' 6-max Seat #6 is the button
Seat 1: joaquin612 ($106.99 in chips) 
Seat 2: Ifixbugs ($80.14 in chips) 
Seat 3: Christianzt1 ($100 in chips) 
Seat 4: Gsouza099 ($56.25 in chips) 
Seat 5: nikalas22 ($135.32 in chips) 
Seat 6: MauriFierro27 ($100 in chips) 
joaquin612: posts small blind $0.50
Ifixbugs: posts big blind $1
*** HOLE CARDS ***
Christianzt1: folds 
Gsouza099: calls $1
nikalas22: folds 
MauriFierro27: folds 
joaquin612: raises $5.50 to $6.50
Ifixbugs: folds 
Gsouza099: calls $5.50
*** FLOP *** [9d 5d Qd]
joaquin612: bets $4.39
Gsouza099: folds 
Uncalled bet ($4.39) returned to joaquin612
joaquin612 collected $13.30 from pot
joaquin612: doesn't show hand 
*** SUMMARY ***
Total pot $14 | Rake $0.70 
Board [9d 5d Qd]
Seat 1: joaquin612 (small blind) collected ($13.30)
Seat 2: Ifixbugs (big blind) folded before Flop
Seat 3: Christianzt1 folded before Flop (didn't bet)
Seat 4: Gsouza099 folded on the Flop
Seat 5: nikalas22 folded before Flop (didn't bet)
Seat 6: MauriFierro27 (button) folded before Flop (didn't bet)



PokerStars Hand #254193158025:  Hold'em No Limit ($0.50/$1.00 USD) - 2025/01/04 18:17:42 WET [2025/01/04 13:17:42 ET]
Table 'Lorbach II' 6-max Seat #1 is the button
Seat 1: joaquin612 ($113.79 in chips) 
Seat 2: Ifixbugs ($79.14 in chips) 
Seat 3: Christianzt1 ($100 in chips) 
Seat 4: Gsouza099 ($49.75 in chips) 
Seat 5: nikalas22 ($135.32 in chips) 
Seat 6: MauriFierro27 ($100 in chips) 
Ifixbugs: posts small blind $0.50
Christianzt1: posts big blind $1
*** HOLE CARDS ***
Gsouza099: calls $1
nikalas22: folds 
MauriFierro27: raises $4.50 to $5.50
joaquin612: folds 
Ifixbugs: folds 
Christianzt1: raises $12.50 to $18
Gsouza099: calls $17
MauriFierro27: raises $82 to $100 and is all-in
Christianzt1: folds 
Gsouza099: calls $31.75 and is all-in
Uncalled bet ($50.25) returned to MauriFierro27
*** FLOP *** [3d Ks 8c]
*** TURN *** [3d Ks 8c] [2c]
*** RIVER *** [3d Ks 8c 2c] [3c]
*** SHOW DOWN ***
Gsouza099: shows [As 5s] (a pair of Threes)
MauriFierro27: shows [Qd Qc] (two pair, Queens and Threes)
MauriFierro27 collected $115.50 from pot
*** SUMMARY ***
Total pot $118 | Rake $2.50 
Board [3d Ks 8c 2c 3c]
Seat 1: joaquin612 (button) folded before Flop (didn't bet)
Seat 2: Ifixbugs (small blind) folded before Flop
Seat 3: Christianzt1 (big blind) folded before Flop
Seat 4: Gsouza099 showed [As 5s] and lost with a pair of Threes
Seat 5: nikalas22 folded before Flop (didn't bet)
Seat 6: MauriFierro27 showed [Qd Qc] and won ($115.50) with two pair, Queens and Threes



PokerStars Hand #254193175287:  Hold'em No Limit ($0.50/$1.00 USD) - 2025/01/04 18:18:33 WET [2025/01/04 13:18:33 ET]
Table 'Lorbach II' 6-max Seat #2 is the button
Seat 4: Gsouza099 ($0 in chips) is sitting out
Seat 1: joaquin612 ($113.79 in chips) 
Seat 2: Ifixbugs ($78.64 in chips) 
Seat 3: Christianzt1 ($100 in chips) 
Seat 5: nikalas22 ($135.32 in chips) 
Seat 6: MauriFierro27 ($165.75 in chips) 
Christianzt1: posts small blind $0.50
nikalas22: posts big blind $1
*** HOLE CARDS ***
MauriFierro27: folds 
joaquin612: folds 
Ifixbugs: raises $2 to $3
Christianzt1: folds 
nikalas22: folds 
Uncalled bet ($2) returned to Ifixbugs
Ifixbugs collected $2.50 from pot
*** SUMMARY ***
Total pot $2.50 | Rake $0 
Seat 4: Gsouza099
Seat 1: joaquin612 folded before Flop (didn't bet)
Seat 2: Ifixbugs (button) collected ($2.50)
Seat 3: Christianzt1 (small blind) folded before Flop
Seat 5: nikalas22 (big blind) folded before Flop
Seat 6: MauriFierro27 folded before Flop (didn't bet)



PokerStars Hand #254193182286:  Hold'em No Limit ($0.50/$1.00 USD) - 2025/01/04 18:18:54 WET [2025/01/04 13:18:54 ET]
Table 'Lorbach II' 6-max Seat #3 is the button
Seat 4: Gsouza099 ($0 in chips) is sitting out
Seat 1: joaquin612 ($113.79 in chips) 
Seat 2: Ifixbugs ($80.14 in chips) 
Seat 3: Christianzt1 ($100 in chips) 
Seat 5: nikalas22 ($134.32 in chips) 
Seat 6: MauriFierro27 ($165.75 in chips) 
nikalas22: posts small blind $0.50
MauriFierro27: posts big blind $1
*** HOLE CARDS ***
joaquin612: folds 
Ifixbugs: folds 
Christianzt1: raises $1.40 to $2.40
nikalas22: folds 
Gsouza099 is disconnected 
MauriFierro27: calls $1.40
*** FLOP *** [Th 6c 5s]
MauriFierro27: checks 
Christianzt1: checks 
*** TURN *** [Th 6c 5s] [5d]
MauriFierro27: bets $3.78
Christianzt1: folds 
Uncalled bet ($3.78) returned to MauriFierro27
MauriFierro27 collected $5.04 from pot
MauriFierro27: doesn't show hand 
*** SUMMARY ***
Total pot $5.30 | Rake $0.26 
Board [Th 6c 5s 5d]
Seat 4: Gsouza099
Seat 1: joaquin612 folded before Flop (didn't bet)
Seat 2: Ifixbugs folded before Flop (didn't bet)
Seat 3: Christianzt1 (button) folded on the Turn
Seat 5: nikalas22 (small blind) folded before Flop
Seat 6: MauriFierro27 (big blind) collected ($5.04)



PokerStars Hand #254193196993:  Hold'em No Limit ($0.50/$1.00 USD) - 2025/01/04 18:19:38 WET [2025/01/04 13:19:38 ET]
Table 'Lorbach II' 6-max Seat #5 is the button
Seat 4: Gsouza099 ($0 in chips) is sitting out
Seat 1: joaquin612 ($113.79 in chips) 
Seat 2: Ifixbugs ($80.14 in chips) 
Seat 3: Christianzt1 ($100 in chips) 
Seat 5: nikalas22 ($133.82 in chips) 
Seat 6: MauriFierro27 ($168.39 in chips) 
MauriFierro27: posts small blind $0.50
joaquin612: posts big blind $1
*** HOLE CARDS ***
Ifixbugs: folds 
Christianzt1: folds 
nikalas22: folds 
MauriFierro27: raises $1.50 to $2.50
joaquin612: folds 
Uncalled bet ($1.50) returned to MauriFierro27
MauriFierro27 collected $2 from pot
MauriFierro27: doesn't show hand 
*** SUMMARY ***
Total pot $2 | Rake $0 
Seat 4: Gsouza099
Seat 1: joaquin612 (big blind) folded before Flop
Seat 2: Ifixbugs folded before Flop (didn't bet)
Seat 3: Christianzt1 folded before Flop (didn't bet)
Seat 5: nikalas22 (button) folded before Flop (didn't bet)
Seat 6: MauriFierro27 (small blind) collected ($2)



PokerStars Hand #254193204998:  Hold'em No Limit ($0.50/$1.00 USD) - 2025/01/04 18:20:02 WET [2025/01/04 13:20:02 ET]
Table 'Lorbach II' 6-max Seat #6 is the button
Seat 4: Gsouza099 ($0 in chips) is sitting out
Seat 1: joaquin612 ($112.79 in chips) 
Seat 2: Ifixbugs ($80.14 in chips) 
Seat 3: Christianzt1 ($100 in chips) 
Seat 5: nikalas22 ($133.82 in chips) 
Seat 6: MauriFierro27 ($169.39 in chips) 
joaquin612: posts small blind $0.50
Ifixbugs: posts big blind $1
*** HOLE CARDS ***
Christianzt1: folds 
nikalas22: folds 
MauriFierro27: folds 
joaquin612: folds 
Uncalled bet ($0.50) returned to Ifixbugs
Ifixbugs collected $1 from pot
*** SUMMARY ***
Total pot $1 | Rake $0 
Seat 4: Gsouza099
Seat 1: joaquin612 (small blind) folded before Flop
Seat 2: Ifixbugs (big blind) collected ($1)
Seat 3: Christianzt1 folded before Flop (didn't bet)
Seat 5: nikalas22 folded before Flop (didn't bet)
Seat 6: MauriFierro27 (button) folded before Flop (didn't bet)



PokerStars Hand #254193208712:  Hold'em No Limit ($0.50/$1.00 USD) - 2025/01/04 18:20:13 WET [2025/01/04 13:20:13 ET]
Table 'Lorbach II' 6-max Seat #1 is the button
Seat 3: Christianzt1 ($100 in chips) is sitting out
Seat 4: Gsouza099 ($0 in chips) is sitting out
Seat 1: joaquin612 ($112.29 in chips) 
Seat 2: Ifixbugs ($80.64 in chips) 
Seat 5: nikalas22 ($133.82 in chips) 
Seat 6: MauriFierro27 ($169.39 in chips) 
Ifixbugs: posts small blind $0.50
Christianzt1: is sitting out 
nikalas22: posts big blind $1
*** HOLE CARDS ***
Christianzt1 leaves the table
Gsouza099 is disconnected 
MauriFierro27: folds 
joaquin612: raises $1.50 to $2.50
Ifixbugs: calls $2
nikalas22: calls $1.50
*** FLOP *** [5s Jd Kd]
Ifixbugs: checks 
nikalas22: checks 
joaquin612: checks 
*** TURN *** [5s Jd Kd] [2h]
Ifixbugs: checks 
shootingGRID joins the table at seat #3 
nikalas22: checks 
joaquin612: checks 
*** RIVER *** [5s Jd Kd 2h] [4c]
Ifixbugs: checks 
nikalas22: checks 
joaquin612: bets $5.34
Ifixbugs: folds 
nikalas22: folds 
Uncalled bet ($5.34) returned to joaquin612
joaquin612 collected $7.12 from pot
joaquin612: doesn't show hand 
*** SUMMARY ***
Total pot $7.50 | Rake $0.38 
Board [5s Jd Kd 2h 4c]
Seat 3: Christianzt1
Seat 4: Gsouza099
Seat 1: joaquin612 (button) collected ($7.12)
Seat 2: Ifixbugs (small blind) folded on the River
Seat 5: nikalas22 (big blind) folded on the River
Seat 6: MauriFierro27 folded before Flop (didn't bet)



PokerStars Hand #254193230571:  Hold'em No Limit ($0.50/$1.00 USD) - 2025/01/04 18:21:18 WET [2025/01/04 13:21:18 ET]
Table 'Lorbach II' 6-max Seat #2 is the button
Seat 3: shootingGRID ($100 in chips) is sitting out
Seat 4: Gsouza099 ($0 in chips) is sitting out
Seat 1: joaquin612 ($116.91 in chips) 
Seat 2: Ifixbugs ($78.14 in chips) 
Seat 5: nikalas22 ($131.32 in chips) 
Seat 6: MauriFierro27 ($169.39 in chips) 
nikalas22: posts small blind $0.50
MauriFierro27: posts big blind $1
*** HOLE CARDS ***
joaquin612: raises $1.50 to $2.50
Ifixbugs: folds 
nikalas22: folds 
MauriFierro27: folds 
Uncalled bet ($1.50) returned to joaquin612
joaquin612 collected $2.50 from pot
joaquin612: doesn't show hand 
*** SUMMARY ***
Total pot $2.50 | Rake $0 
Seat 3: shootingGRID
Seat 4: Gsouza099
Seat 1: joaquin612 collected ($2.50)
Seat 2: Ifixbugs (button) folded before Flop (didn't bet)
Seat 5: nikalas22 (small blind) folded before Flop
Seat 6: MauriFierro27 (big blind) folded before Flop



PokerStars Hand #254193236360:  Hold'em No Limit ($0.50/$1.00 USD) - 2025/01/04 18:21:35 WET [2025/01/04 13:21:35 ET]
Table 'Lorbach II' 6-max Seat #5 is the button
Seat 3: shootingGRID ($100 in chips) is sitting out
Seat 4: Gsouza099 ($0 in chips) is sitting out
Seat 1: joaquin612 ($118.41 in chips) 
Seat 2: Ifixbugs ($78.14 in chips) 
Seat 5: nikalas22 ($130.82 in chips) 
Seat 6: MauriFierro27 ($168.39 in chips) 
MauriFierro27: posts small blind $0.50
joaquin612: posts big blind $1
shootingGRID: sits out 
*** HOLE CARDS ***
Ifixbugs: folds 
nikalas22: folds 
MauriFierro27: folds 
Uncalled bet ($0.50) returned to joaquin612
joaquin612 collected $1 from pot
joaquin612: doesn't show hand 
*** SUMMARY ***
Total pot $1 | Rake $0 
Seat 3: shootingGRID
Seat 4: Gsouza099
Seat 1: joaquin612 (big blind) collected ($1)
Seat 2: Ifixbugs folded before Flop (didn't bet)
Seat 5: nikalas22 (button) folded before Flop (didn't bet)
Seat 6: MauriFierro27 (small blind) folded before Flop



PokerStars Hand #254193239492:  Hold'em No Limit ($0.50/$1.00 USD) - 2025/01/04 18:21:44 WET [2025/01/04 13:21:44 ET]
Table 'Lorbach II' 6-max Seat #6 is the button
Seat 3: shootingGRID ($100 in chips) is sitting out
Seat 4: Gsouza099 ($0 in chips) is sitting out
Seat 1: joaquin612 ($118.91 in chips) 
Seat 2: Ifixbugs ($78.14 in chips) 
Seat 5: nikalas22 ($130.82 in chips) 
Seat 6: MauriFierro27 ($167.89 in chips) 
joaquin612: posts small blind $0.50
Ifixbugs: posts big blind $1
shootingGRID: sits out 
*** HOLE CARDS ***
nikalas22: folds 
MauriFierro27: raises $1.20 to $2.20
joaquin612: folds 
Ifixbugs: calls $1.20
*** FLOP *** [3s Ah 5c]
Ifixbugs: checks 
MauriFierro27: bets $1.54
Ifixbugs: calls $1.54
*** TURN *** [3s Ah 5c] [8c]
Ifixbugs: checks 
MauriFierro27: bets $10.61
Ifixbugs: calls $10.61
*** RIVER *** [3s Ah 5c 8c] [2s]
Ifixbugs: checks 
MauriFierro27: bets $64
Ifixbugs: folds 
Uncalled bet ($64) returned to MauriFierro27
MauriFierro27 collected $28.20 from pot
MauriFierro27: doesn't show hand 
*** SUMMARY ***
Total pot $29.20 | Rake $1 
Board [3s Ah 5c 8c 2s]
Seat 3: shootingGRID
Seat 4: Gsouza099
Seat 1: joaquin612 (small blind) folded before Flop
Seat 2: Ifixbugs (big blind) folded on the River
Seat 5: nikalas22 folded before Flop (didn't bet)
Seat 6: MauriFierro27 (button) collected ($28.20)



PokerStars Hand #254193265615:  Hold'em No Limit ($0.50/$1.00 USD) - 2025/01/04 18:23:01 WET [2025/01/04 13:23:01 ET]
Table 'Lorbach II' 6-max Seat #1 is the button
Seat 4: Gsouza099 ($0 in chips) is sitting out
Seat 1: joaquin612 ($118.41 in chips) 
Seat 2: Ifixbugs ($63.79 in chips) 
Seat 3: shootingGRID ($100 in chips) 
Seat 5: nikalas22 ($130.82 in chips) 
Seat 6: MauriFierro27 ($181.74 in chips) 
Ifixbugs: posts small blind $0.50
shootingGRID: posts big blind $1
*** HOLE CARDS ***
nikalas22: folds 
MauriFierro27: folds 
joaquin612: folds 
Ifixbugs: folds 
Uncalled bet ($0.50) returned to shootingGRID
shootingGRID collected $1 from pot
*** SUMMARY ***
Total pot $1 | Rake $0 
Seat 4: Gsouza099
Seat 1: joaquin612 (button) folded before Flop (didn't bet)
Seat 2: Ifixbugs (small blind) folded before Flop
Seat 3: shootingGRID (big blind) collected ($1)
Seat 5: nikalas22 folded before Flop (didn't bet)
Seat 6: MauriFierro27 folded before Flop (didn't bet)



PokerStars Hand #254193269356:  Hold'em No Limit ($0.50/$1.00 USD) - 2025/01/04 18:23:12 WET [2025/01/04 13:23:12 ET]
Table 'Lorbach II' 6-max Seat #2 is the button
Seat 4: Gsouza099 ($0 in chips) is sitting out
Seat 1: joaquin612 ($118.41 in chips) 
Seat 2: Ifixbugs ($63.29 in chips) 
Seat 3: shootingGRID ($100.50 in chips) 
Seat 5: nikalas22 ($130.82 in chips) 
Seat 6: MauriFierro27 ($181.74 in chips) 
shootingGRID: posts small blind $0.50
nikalas22: posts big blind $1
*** HOLE CARDS ***
MauriFierro27: folds 
joaquin612: raises $1.50 to $2.50
Ifixbugs: calls $2.50
shootingGRID: folds 
nikalas22: folds 
*** FLOP *** [7c 8d 6s]
joaquin612: checks 
Ifixbugs: bets $2
joaquin612: folds 
Uncalled bet ($2) returned to Ifixbugs
Ifixbugs collected $6.18 from pot
*** SUMMARY ***
Total pot $6.50 | Rake $0.32 
Board [7c 8d 6s]
Seat 4: Gsouza099
Seat 1: joaquin612 folded on the Flop
Seat 2: Ifixbugs (button) collected ($6.18)
Seat 3: shootingGRID (small blind) folded before Flop
Seat 5: nikalas22 (big blind) folded before Flop
Seat 6: MauriFierro27 folded before Flop (didn't bet)



PokerStars Hand #254193278833:  Hold'em No Limit ($0.50/$1.00 USD) - 2025/01/04 18:23:40 WET [2025/01/04 13:23:40 ET]
Table 'Lorbach II' 6-max Seat #3 is the button
Seat 4: Gsouza099 ($0 in chips) is sitting out
Seat 1: joaquin612 ($115.91 in chips) 
Seat 2: Ifixbugs ($66.97 in chips) 
Seat 3: shootingGRID ($100 in chips) 
Seat 5: nikalas22 ($129.82 in chips) 
Seat 6: MauriFierro27 ($181.74 in chips) 
nikalas22: posts small blind $0.50
MauriFierro27: posts big blind $1
*** HOLE CARDS ***
joaquin612: folds 
Ifixbugs: folds 
joaquin612 leaves the table
shootingGRID: raises $1.25 to $2.25
nikalas22: folds 
BoyLoc0 joins the table at seat #1 
MauriFierro27: folds 
Uncalled bet ($1.25) returned to shootingGRID
shootingGRID collected $2.50 from pot
*** SUMMARY ***
Total pot $2.50 | Rake $0 
Seat 4: Gsouza099
Seat 1: joaquin612 folded before Flop (didn't bet)
Seat 2: Ifixbugs folded before Flop (didn't bet)
Seat 3: shootingGRID (button) collected ($2.50)
Seat 5: nikalas22 (small blind) folded before Flop
Seat 6: MauriFierro27 (big blind) folded before Flop



PokerStars Hand #254193288633:  Hold'em No Limit ($0.50/$1.00 USD) - 2025/01/04 18:24:09 WET [2025/01/04 13:24:09 ET]
Table 'Lorbach II' 6-max Seat #5 is the button
Seat 4: Gsouza099 ($0 in chips) is sitting out
Seat 1: BoyLoc0 ($100 in chips) 
Seat 2: Ifixbugs ($66.97 in chips) 
Seat 3: shootingGRID ($101.50 in chips) 
Seat 5: nikalas22 ($129.32 in chips) 
Seat 6: MauriFierro27 ($180.74 in chips) 
MauriFierro27: posts small blind $0.50
BoyLoc0: posts big blind $1
*** HOLE CARDS ***
Ifixbugs: raises $2 to $3
shootingGRID: folds 
nikalas22: folds 
MauriFierro27: folds 
BoyLoc0: folds 
Uncalled bet ($2) returned to Ifixbugs
Ifixbugs collected $2.50 from pot
*** SUMMARY ***
Total pot $2.50 | Rake $0 
Seat 4: Gsouza099
Seat 1: BoyLoc0 (big blind) folded before Flop
Seat 2: Ifixbugs collected ($2.50)
Seat 3: shootingGRID folded before Flop (didn't bet)
Seat 5: nikalas22 (button) folded before Flop (didn't bet)
Seat 6: MauriFierro27 (small blind) folded before Flop



PokerStars Hand #254193294353:  Hold'em No Limit ($0.50/$1.00 USD) - 2025/01/04 18:24:26 WET [2025/01/04 13:24:26 ET]
Table 'Lorbach II' 6-max Seat #6 is the button
Seat 4: Gsouza099 ($0 in chips) is sitting out
Seat 1: BoyLoc0 ($100 in chips) 
Seat 2: Ifixbugs ($68.47 in chips) 
Seat 3: shootingGRID ($101.50 in chips) 
Seat 5: nikalas22 ($129.32 in chips) 
Seat 6: MauriFierro27 ($180.24 in chips) 
BoyLoc0: posts small blind $0.50
Ifixbugs: posts big blind $1
*** HOLE CARDS ***
shootingGRID: folds 
nikalas22: folds 
MauriFierro27: raises $1.20 to $2.20
BoyLoc0: folds 
Ifixbugs: calls $1.20
*** FLOP *** [Jc 8s 6d]
Ifixbugs: checks 
MauriFierro27: bets $1.54
Ifixbugs: calls $1.54
*** TURN *** [Jc 8s 6d] [5d]
Ifixbugs: checks 
MauriFierro27: bets $5.68
Ifixbugs: raises $5.68 to $11.36
MauriFierro27: folds 
Uncalled bet ($5.68) returned to Ifixbugs
Ifixbugs collected $18.37 from pot
*** SUMMARY ***
Total pot $19.34 | Rake $0.97 
Board [Jc 8s 6d 5d]
Seat 4: Gsouza099
Seat 1: BoyLoc0 (small blind) folded before Flop
Seat 2: Ifixbugs (big blind) collected ($18.37)
Seat 3: shootingGRID folded before Flop (didn't bet)
Seat 5: nikalas22 folded before Flop (didn't bet)
Seat 6: MauriFierro27 (button) folded on the Turn



PokerStars Hand #254193312138:  Hold'em No Limit ($0.50/$1.00 USD) - 2025/01/04 18:25:19 WET [2025/01/04 13:25:19 ET]
Table 'Lorbach II' 6-max Seat #1 is the button
Seat 1: BoyLoc0 ($100 in chips) 
Seat 2: Ifixbugs ($77.42 in chips) 
Seat 3: shootingGRID ($101.50 in chips) 
Seat 4: Gsouza099 ($92.22 in chips) 
Seat 5: nikalas22 ($129.32 in chips) 
Seat 6: MauriFierro27 ($170.82 in chips) 
Ifixbugs: posts small blind $0.50
shootingGRID: posts big blind $1
Gsouza099: posts small & big blinds $1.50
*** HOLE CARDS ***
Gsouza099: checks 
nikalas22: folds 
MauriFierro27: raises $5 to $6
BoyLoc0: folds 
Ifixbugs: folds 
shootingGRID: folds 
Gsouza099: folds 
Uncalled bet ($5) returned to MauriFierro27
MauriFierro27 collected $4 from pot
MauriFierro27: doesn't show hand 
*** SUMMARY ***
Total pot $4 | Rake $0 
Seat 1: BoyLoc0 (button) folded before Flop (didn't bet)
Seat 2: Ifixbugs (small blind) folded before Flop
Seat 3: shootingGRID (big blind) folded before Flop
Seat 4: Gsouza099 folded before Flop (didn't bet)
Seat 5: nikalas22 folded before Flop (didn't bet)
Seat 6: MauriFierro27 collected ($4)



PokerStars Hand #254193323519:  Hold'em No Limit ($0.50/$1.00 USD) - 2025/01/04 18:25:54 WET [2025/01/04 13:25:54 ET]
Table 'Lorbach II' 6-max Seat #2 is the button
Seat 1: BoyLoc0 ($100 in chips) 
Seat 2: Ifixbugs ($76.92 in chips) 
Seat 3: shootingGRID ($100.50 in chips) 
Seat 4: Gsouza099 ($90.72 in chips) 
Seat 5: nikalas22 ($129.32 in chips) 
Seat 6: MauriFierro27 ($173.82 in chips) 
shootingGRID: posts small blind $0.50
Gsouza099: posts big blind $1
*** HOLE CARDS ***
nikalas22: folds 
MauriFierro27: folds 
BoyLoc0: folds 
Ifixbugs: raises $2 to $3
shootingGRID: calls $2.50
Gsouza099: folds 
*** FLOP *** [8c 2s Qs]
shootingGRID: checks 
Ifixbugs: bets $3
shootingGRID: calls $3
*** TURN *** [8c 2s Qs] [4c]
shootingGRID: checks 
Ifixbugs: bets $5
shootingGRID: folds 
Uncalled bet ($5) returned to Ifixbugs
Ifixbugs collected $12.35 from pot
*** SUMMARY ***
Total pot $13 | Rake $0.65 
Board [8c 2s Qs 4c]
Seat 1: BoyLoc0 folded before Flop (didn't bet)
Seat 2: Ifixbugs (button) collected ($12.35)
Seat 3: shootingGRID (small blind) folded on the Turn
Seat 4: Gsouza099 (big blind) folded before Flop
Seat 5: nikalas22 folded before Flop (didn't bet)
Seat 6: MauriFierro27 folded before Flop (didn't bet)



PokerStars Hand #254193348562:  Hold'em No Limit ($0.50/$1.00 USD) - 2025/01/04 18:27:08 WET [2025/01/04 13:27:08 ET]
Table 'Lorbach II' 6-max Seat #3 is the button
Seat 4: Gsouza099 ($89.72 in chips) is sitting out
Seat 1: BoyLoc0 ($100 in chips) 
Seat 2: Ifixbugs ($83.27 in chips) 
Seat 3: shootingGRID ($100 in chips) 
Seat 5: nikalas22 ($129.32 in chips) 
Seat 6: MauriFierro27 ($173.82 in chips) 
Gsouza099 has timed out
Gsouza099: is sitting out 
nikalas22: posts small blind $0.50
MauriFierro27: posts big blind $1
*** HOLE CARDS ***
BoyLoc0: raises $1.50 to $2.50
Ifixbugs: folds 
shootingGRID: folds 
nikalas22: folds 
Gsouza099 is disconnected 
MauriFierro27: raises $9 to $11.50
BoyLoc0: calls $9
*** FLOP *** [7h 4s 6d]
MauriFierro27: checks 
BoyLoc0: bets $7.37
MauriFierro27: calls $7.37
*** TURN *** [7h 4s 6d] [8c]
MauriFierro27: checks 
BoyLoc0: bets $11.99
MauriFierro27: folds 
Uncalled bet ($11.99) returned to BoyLoc0
BoyLoc0 collected $36.33 from pot
BoyLoc0: doesn't show hand 
*** SUMMARY ***
Total pot $38.24 | Rake $1.91 
Board [7h 4s 6d 8c]
Seat 4: Gsouza099
Seat 1: BoyLoc0 collected ($36.33)
Seat 2: Ifixbugs folded before Flop (didn't bet)
Seat 3: shootingGRID (button) folded before Flop (didn't bet)
Seat 5: nikalas22 (small blind) folded before Flop
Seat 6: MauriFierro27 (big blind) folded on the Turn



PokerStars Hand #254193373069:  Hold'em No Limit ($0.50/$1.00 USD) - 2025/01/04 18:28:21 WET [2025/01/04 13:28:21 ET]
Table 'Lorbach II' 6-max Seat #5 is the button
Seat 1: BoyLoc0 ($117.46 in chips) 
Seat 2: Ifixbugs ($83.27 in chips) 
Seat 3: shootingGRID ($100 in chips) 
Seat 4: Gsouza099 ($89.72 in chips) 
Seat 5: nikalas22 ($128.82 in chips) 
Seat 6: MauriFierro27 ($154.95 in chips) 
MauriFierro27: posts small blind $0.50
BoyLoc0: posts big blind $1
Gsouza099: posts small blind $0.50
*** HOLE CARDS ***
Ifixbugs: folds 
shootingGRID: raises $1.75 to $2.75
Gsouza099: calls $2.75
nikalas22: folds 
MauriFierro27: folds 
BoyLoc0: calls $1.75
*** FLOP *** [7c Qc 4s]
BoyLoc0: checks 
shootingGRID: checks 
Gsouza099: checks 
*** TURN *** [7c Qc 4s] [2c]
BoyLoc0: checks 
shootingGRID: bets $5.80
Gsouza099: folds 
BoyLoc0: folds 
Uncalled bet ($5.80) returned to shootingGRID
shootingGRID collected $8.79 from pot
*** SUMMARY ***
Total pot $9.25 | Rake $0.46 
Board [7c Qc 4s 2c]
Seat 1: BoyLoc0 (big blind) folded on the Turn
Seat 2: Ifixbugs folded before Flop (didn't bet)
Seat 3: shootingGRID collected ($8.79)
Seat 4: Gsouza099 folded on the Turn
Seat 5: nikalas22 (button) folded before Flop (didn't bet)
Seat 6: MauriFierro27 (small blind) folded before Flop



PokerStars Hand #254193388753:  Hold'em No Limit ($0.50/$1.00 USD) - 2025/01/04 18:29:09 WET [2025/01/04 13:29:09 ET]
Table 'Lorbach II' 6-max Seat #6 is the button
Seat 1: BoyLoc0 ($114.71 in chips) 
Seat 2: Ifixbugs ($83.27 in chips) 
Seat 3: shootingGRID ($106.04 in chips) 
Seat 4: Gsouza099 ($86.47 in chips) 
Seat 5: nikalas22 ($128.82 in chips) 
Seat 6: MauriFierro27 ($154.45 in chips) 
BoyLoc0: posts small blind $0.50
Ifixbugs: posts big blind $1
*** HOLE CARDS ***
shootingGRID: folds 
Gsouza099: calls $1
nikalas22: folds 
MauriFierro27: raises $3.50 to $4.50
BoyLoc0: folds 
Ifixbugs: folds 
Gsouza099: calls $3.50
*** FLOP *** [3c 7c Qc]
Gsouza099: checks 
MauriFierro27: bets $3.29
Gsouza099: calls $3.29
*** TURN *** [3c 7c Qc] [Ah]
Gsouza099: checks 
MauriFierro27: bets $12.15
Gsouza099: folds 
Uncalled bet ($12.15) returned to MauriFierro27
MauriFierro27 collected $16.23 from pot
MauriFierro27: doesn't show hand 
*** SUMMARY ***
Total pot $17.08 | Rake $0.85 
Board [3c 7c Qc Ah]
Seat 1: BoyLoc0 (small blind) folded before Flop
Seat 2: Ifixbugs (big blind) folded before Flop
Seat 3: shootingGRID folded before Flop (didn't bet)
Seat 4: Gsouza099 folded on the Turn
Seat 5: nikalas22 folded before Flop (didn't bet)
Seat 6: MauriFierro27 (button) collected ($16.23)



PokerStars Hand #254193403741:  Hold'em No Limit ($0.50/$1.00 USD) - 2025/01/04 18:29:53 WET [2025/01/04 13:29:53 ET]
Table 'Lorbach II' 6-max Seat #1 is the button
Seat 1: BoyLoc0 ($114.21 in chips) 
Seat 2: Ifixbugs ($82.27 in chips) 
Seat 3: shootingGRID ($106.04 in chips) 
Seat 4: Gsouza099 ($78.68 in chips) 
Seat 5: nikalas22 ($128.82 in chips) 
Seat 6: MauriFierro27 ($162.89 in chips) 
Ifixbugs: posts small blind $0.50
shootingGRID: posts big blind $1
*** HOLE CARDS ***
Gsouza099: calls $1
nikalas22: folds 
MauriFierro27: folds 
BoyLoc0: calls $1
Ifixbugs: folds 
shootingGRID: checks 
*** FLOP *** [Kh 3h Qc]
shootingGRID: checks 
Gsouza099: checks 
BoyLoc0: bets $2.49
shootingGRID: folds 
Gsouza099: folds 
Uncalled bet ($2.49) returned to BoyLoc0
BoyLoc0 collected $3.32 from pot
BoyLoc0: doesn't show hand 
*** SUMMARY ***
Total pot $3.50 | Rake $0.18 
Board [Kh 3h Qc]
Seat 1: BoyLoc0 (button) collected ($3.32)
Seat 2: Ifixbugs (small blind) folded before Flop
Seat 3: shootingGRID (big blind) folded on the Flop
Seat 4: Gsouza099 folded on the Flop
Seat 5: nikalas22 folded before Flop (didn't bet)
Seat 6: MauriFierro27 folded before Flop (didn't bet)



PokerStars Hand #254193418612:  Hold'em No Limit ($0.50/$1.00 USD) - 2025/01/04 18:30:36 WET [2025/01/04 13:30:36 ET]
Table 'Lorbach II' 6-max Seat #2 is the button
Seat 1: BoyLoc0 ($116.53 in chips) 
Seat 2: Ifixbugs ($81.77 in chips) 
Seat 3: shootingGRID ($105.04 in chips) 
Seat 4: Gsouza099 ($77.68 in chips) 
Seat 5: nikalas22 ($128.82 in chips) 
Seat 6: MauriFierro27 ($162.89 in chips) 
shootingGRID: posts small blind $0.50
Gsouza099: posts big blind $1
*** HOLE CARDS ***
nikalas22: folds 
MauriFierro27: folds 
BoyLoc0: raises $1.50 to $2.50
Ifixbugs: folds 
shootingGRID: folds 
Gsouza099: folds 
Uncalled bet ($1.50) returned to BoyLoc0
BoyLoc0 collected $2.50 from pot
BoyLoc0: doesn't show hand 
*** SUMMARY ***
Total pot $2.50 | Rake $0 
Seat 1: BoyLoc0 collected ($2.50)
Seat 2: Ifixbugs (button) folded before Flop (didn't bet)
Seat 3: shootingGRID (small blind) folded before Flop
Seat 4: Gsouza099 (big blind) folded before Flop
Seat 5: nikalas22 folded before Flop (didn't bet)
Seat 6: MauriFierro27 folded before Flop (didn't bet)



PokerStars Hand #254193430603:  Hold'em No Limit ($0.50/$1.00 USD) - 2025/01/04 18:31:10 WET [2025/01/04 13:31:10 ET]
Table 'Lorbach II' 6-max Seat #3 is the button
Seat 1: BoyLoc0 ($118.03 in chips) 
Seat 2: Ifixbugs ($81.77 in chips) 
Seat 3: shootingGRID ($104.54 in chips) 
Seat 4: Gsouza099 ($76.68 in chips) 
Seat 5: nikalas22 ($128.82 in chips) 
Seat 6: MauriFierro27 ($162.89 in chips) 
Gsouza099: posts small blind $0.50
nikalas22: posts big blind $1
*** HOLE CARDS ***
MauriFierro27: folds 
BoyLoc0: raises $1.50 to $2.50
Ifixbugs: calls $2.50
shootingGRID: folds 
Gsouza099: calls $2
nikalas22: folds 
*** FLOP *** [Js Jh Qh]
Gsouza099: checks 
BoyLoc0: checks 
Ifixbugs: checks 
*** TURN *** [Js Jh Qh] [7d]
Gsouza099: checks 
BoyLoc0: checks 
Ifixbugs: bets $3
Gsouza099: calls $3
BoyLoc0: folds 
*** RIVER *** [Js Jh Qh 7d] [6d]
Gsouza099: checks 
Ifixbugs: bets $5
Gsouza099: calls $5
*** SHOW DOWN ***
Ifixbugs: shows [Qs Td] (two pair, Queens and Jacks)
Gsouza099: shows [9h 9s] (two pair, Jacks and Nines)
Ifixbugs collected $23.28 from pot
*** SUMMARY ***
Total pot $24.50 | Rake $1.22 
Board [Js Jh Qh 7d 6d]
Seat 1: BoyLoc0 folded on the Turn
Seat 2: Ifixbugs showed [Qs Td] and won ($23.28) with two pair, Queens and Jacks
Seat 3: shootingGRID (button) folded before Flop (didn't bet)
Seat 4: Gsouza099 (small blind) showed [9h 9s] and lost with two pair, Jacks and Nines
Seat 5: nikalas22 (big blind) folded before Flop
Seat 6: MauriFierro27 folded before Flop (didn't bet)



PokerStars Hand #254193457455:  Hold'em No Limit ($0.50/$1.00 USD) - 2025/01/04 18:32:28 WET [2025/01/04 13:32:28 ET]
Table 'Lorbach II' 6-max Seat #4 is the button
Seat 1: BoyLoc0 ($115.53 in chips) 
Seat 2: Ifixbugs ($94.55 in chips) 
Seat 3: shootingGRID ($104.54 in chips) 
Seat 4: Gsouza099 ($66.18 in chips) 
Seat 5: nikalas22 ($127.82 in chips) 
Seat 6: MauriFierro27 ($162.89 in chips) 
nikalas22: posts small blind $0.50
MauriFierro27: posts big blind $1
*** HOLE CARDS ***
BoyLoc0: folds 
Ifixbugs: raises $2 to $3
shootingGRID: folds 
Gsouza099: folds 
nikalas22: folds 
MauriFierro27: folds 
Uncalled bet ($2) returned to Ifixbugs
Ifixbugs collected $2.50 from pot
*** SUMMARY ***
Total pot $2.50 | Rake $0 
Seat 1: BoyLoc0 folded before Flop (didn't bet)
Seat 2: Ifixbugs collected ($2.50)
Seat 3: shootingGRID folded before Flop (didn't bet)
Seat 4: Gsouza099 (button) folded before Flop (didn't bet)
Seat 5: nikalas22 (small blind) folded before Flop
Seat 6: MauriFierro27 (big blind) folded before Flop



PokerStars Hand #254193465376:  Hold'em No Limit ($0.50/$1.00 USD) - 2025/01/04 18:32:51 WET [2025/01/04 13:32:51 ET]
Table 'Lorbach II' 6-max Seat #5 is the button
Seat 1: BoyLoc0 ($115.53 in chips) 
Seat 2: Ifixbugs ($96.05 in chips) 
Seat 3: shootingGRID ($104.54 in chips) 
Seat 4: Gsouza099 ($66.18 in chips) 
Seat 5: nikalas22 ($127.32 in chips) 
Seat 6: MauriFierro27 ($161.89 in chips) 
MauriFierro27: posts small blind $0.50
BoyLoc0: posts big blind $1
*** HOLE CARDS ***
Ifixbugs: folds 
shootingGRID: raises $1.25 to $2.25
Gsouza099: folds 
nikalas22: folds 
MauriFierro27: folds 
BoyLoc0: raises $9.75 to $12
shootingGRID: folds 
Uncalled bet ($9.75) returned to BoyLoc0
BoyLoc0 collected $5 from pot
BoyLoc0: doesn't show hand 
*** SUMMARY ***
Total pot $5 | Rake $0 
Seat 1: BoyLoc0 (big blind) collected ($5)
Seat 2: Ifixbugs folded before Flop (didn't bet)
Seat 3: shootingGRID folded before Flop
Seat 4: Gsouza099 folded before Flop (didn't bet)
Seat 5: nikalas22 (button) folded before Flop (didn't bet)
Seat 6: MauriFierro27 (small blind) folded before Flop



PokerStars Hand #254193480570:  Hold'em No Limit ($0.50/$1.00 USD) - 2025/01/04 18:33:35 WET [2025/01/04 13:33:35 ET]
Table 'Lorbach II' 6-max Seat #6 is the button
Seat 1: BoyLoc0 ($118.28 in chips) 
Seat 2: Ifixbugs ($96.05 in chips) 
Seat 3: shootingGRID ($102.29 in chips) 
Seat 4: Gsouza099 ($66.18 in chips) 
Seat 5: nikalas22 ($127.32 in chips) 
Seat 6: MauriFierro27 ($161.39 in chips) 
BoyLoc0: posts small blind $0.50
Ifixbugs: posts big blind $1
*** HOLE CARDS ***
shootingGRID: folds 
Gsouza099: folds 
nikalas22: raises $1.50 to $2.50
MauriFierro27: folds 
BoyLoc0: raises $7.50 to $10
Ifixbugs: calls $9
nikalas22: calls $7.50
*** FLOP *** [Qs Qc 3d]
BoyLoc0: bets $9.41
Ifixbugs: calls $9.41
nikalas22: folds 
*** TURN *** [Qs Qc 3d] [8c]
BoyLoc0: bets $15.31
Ifixbugs: raises $15.31 to $30.62
BoyLoc0: raises $53.81 to $84.43
Ifixbugs: folds 
Uncalled bet ($53.81) returned to BoyLoc0
BoyLoc0 collected $107.56 from pot
BoyLoc0: doesn't show hand 
*** SUMMARY ***
Total pot $110.06 | Rake $2.50 
Board [Qs Qc 3d 8c]
Seat 1: BoyLoc0 (small blind) collected ($107.56)
Seat 2: Ifixbugs (big blind) folded on the Turn
Seat 3: shootingGRID folded before Flop (didn't bet)
Seat 4: Gsouza099 folded before Flop (didn't bet)
Seat 5: nikalas22 folded on the Flop
Seat 6: MauriFierro27 (button) folded before Flop (didn't bet)



PokerStars Hand #254193512886:  Hold'em No Limit ($0.50/$1.00 USD) - 2025/01/04 18:35:09 WET [2025/01/04 13:35:09 ET]
Table 'Lorbach II' 6-max Seat #1 is the button
Seat 1: BoyLoc0 ($175.81 in chips) 
Seat 2: Ifixbugs ($46.02 in chips) 
Seat 3: shootingGRID ($102.29 in chips) 
Seat 4: Gsouza099 ($66.18 in chips) 
Seat 5: nikalas22 ($117.32 in chips) 
Seat 6: MauriFierro27 ($161.39 in chips) 
Ifixbugs: posts small blind $0.50
shootingGRID: posts big blind $1
*** HOLE CARDS ***
Gsouza099: folds 
nikalas22: folds 
MauriFierro27: raises $1.20 to $2.20
BoyLoc0: folds 
Ifixbugs: calls $1.70
shootingGRID: calls $1.20
*** FLOP *** [7s 3h Ah]
Ifixbugs: checks 
shootingGRID: checks 
MauriFierro27: checks 
*** TURN *** [7s 3h Ah] [6h]
Ifixbugs: bets $3
shootingGRID: folds 
MauriFierro27: folds 
Uncalled bet ($3) returned to Ifixbugs
Ifixbugs collected $6.27 from pot
*** SUMMARY ***
Total pot $6.60 | Rake $0.33 
Board [7s 3h Ah 6h]
Seat 1: BoyLoc0 (button) folded before Flop (didn't bet)
Seat 2: Ifixbugs (small blind) collected ($6.27)
Seat 3: shootingGRID (big blind) folded on the Turn
Seat 4: Gsouza099 folded before Flop (didn't bet)
Seat 5: nikalas22 folded before Flop (didn't bet)
Seat 6: MauriFierro27 folded on the Turn



PokerStars Hand #254193534733:  Hold'em No Limit ($0.50/$1.00 USD) - 2025/01/04 18:36:13 WET [2025/01/04 13:36:13 ET]
Table 'Lorbach II' 6-max Seat #2 is the button
Seat 1: BoyLoc0 ($175.81 in chips) 
Seat 2: Ifixbugs ($50.09 in chips) 
Seat 3: shootingGRID ($100.09 in chips) 
Seat 4: Gsouza099 ($66.18 in chips) 
Seat 5: nikalas22 ($117.32 in chips) 
Seat 6: MauriFierro27 ($159.19 in chips) 
shootingGRID: posts small blind $0.50
Gsouza099: posts big blind $1
*** HOLE CARDS ***
nikalas22: folds 
MauriFierro27: folds 
BoyLoc0: folds 
Ifixbugs: raises $2 to $3
shootingGRID: folds 
Gsouza099: raises $63.18 to $66.18 and is all-in
Ifixbugs: folds 
Uncalled bet ($63.18) returned to Gsouza099
Gsouza099 collected $6.50 from pot
*** SUMMARY ***
Total pot $6.50 | Rake $0 
Seat 1: BoyLoc0 folded before Flop (didn't bet)
Seat 2: Ifixbugs (button) folded before Flop
Seat 3: shootingGRID (small blind) folded before Flop
Seat 4: Gsouza099 (big blind) collected ($6.50)
Seat 5: nikalas22 folded before Flop (didn't bet)
Seat 6: MauriFierro27 folded before Flop (didn't bet)



PokerStars Hand #254193542744:  Hold'em No Limit ($0.50/$1.00 USD) - 2025/01/04 18:36:37 WET [2025/01/04 13:36:37 ET]
Table 'Lorbach II' 6-max Seat #3 is the button
Seat 1: BoyLoc0 ($175.81 in chips) 
Seat 2: Ifixbugs ($47.09 in chips) 
Seat 3: shootingGRID ($100 in chips) 
Seat 4: Gsouza099 ($69.68 in chips) 
Seat 5: nikalas22 ($117.32 in chips) 
Seat 6: MauriFierro27 ($159.19 in chips) 
Gsouza099: posts small blind $0.50
nikalas22: posts big blind $1
*** HOLE CARDS ***
MauriFierro27: raises $1.20 to $2.20
BoyLoc0: folds 
Ifixbugs: folds 
shootingGRID: folds 
Gsouza099: folds 
nikalas22: folds 
Uncalled bet ($1.20) returned to MauriFierro27
MauriFierro27 collected $2.50 from pot
MauriFierro27: doesn't show hand 
*** SUMMARY ***
Total pot $2.50 | Rake $0 
Seat 1: BoyLoc0 folded before Flop (didn't bet)
Seat 2: Ifixbugs folded before Flop (didn't bet)
Seat 3: shootingGRID (button) folded before Flop (didn't bet)
Seat 4: Gsouza099 (small blind) folded before Flop
Seat 5: nikalas22 (big blind) folded before Flop
Seat 6: MauriFierro27 collected ($2.50)



PokerStars Hand #254193553953:  Hold'em No Limit ($0.50/$1.00 USD) - 2025/01/04 18:37:09 WET [2025/01/04 13:37:09 ET]
Table 'Lorbach II' 6-max Seat #4 is the button
Seat 1: BoyLoc0 ($175.81 in chips) 
Seat 2: Ifixbugs ($47.09 in chips) 
Seat 3: shootingGRID ($100 in chips) 
Seat 4: Gsouza099 ($69.18 in chips) 
Seat 5: nikalas22 ($116.32 in chips) 
Seat 6: MauriFierro27 ($160.69 in chips) 
nikalas22: posts small blind $0.50
MauriFierro27: posts big blind $1
*** HOLE CARDS ***
BoyLoc0: folds 
Ifixbugs: folds 
shootingGRID: folds 
Gsouza099: folds 
nikalas22: raises $2 to $3
MauriFierro27: folds 
Uncalled bet ($2) returned to nikalas22
nikalas22 collected $2 from pot
nikalas22: doesn't show hand 
*** SUMMARY ***
Total pot $2 | Rake $0 
Seat 1: BoyLoc0 folded before Flop (didn't bet)
Seat 2: Ifixbugs folded before Flop (didn't bet)
Seat 3: shootingGRID folded before Flop (didn't bet)
Seat 4: Gsouza099 (button) folded before Flop (didn't bet)
Seat 5: nikalas22 (small blind) collected ($2)
Seat 6: MauriFierro27 (big blind) folded before Flop



PokerStars Hand #254193562894:  Hold'em No Limit ($0.50/$1.00 USD) - 2025/01/04 18:37:35 WET [2025/01/04 13:37:35 ET]
Table 'Lorbach II' 6-max Seat #5 is the button
Seat 1: BoyLoc0 ($175.81 in chips) 
Seat 2: Ifixbugs ($47.09 in chips) 
Seat 3: shootingGRID ($100 in chips) 
Seat 4: Gsouza099 ($69.18 in chips) 
Seat 5: nikalas22 ($117.32 in chips) 
Seat 6: MauriFierro27 ($159.69 in chips) 
MauriFierro27: posts small blind $0.50
BoyLoc0: posts big blind $1
*** HOLE CARDS ***
Ifixbugs: folds 
shootingGRID: raises $1.25 to $2.25
Gsouza099: folds 
nikalas22: calls $2.25
MauriFierro27: folds 
BoyLoc0: calls $1.25
*** FLOP *** [Qc 7c Td]
BoyLoc0: checks 
shootingGRID: checks 
nikalas22: checks 
*** TURN *** [Qc 7c Td] [3s]
BoyLoc0: checks 
shootingGRID: bets $3.45
nikalas22: folds 
BoyLoc0: calls $3.45
*** RIVER *** [Qc 7c Td 3s] [9c]
BoyLoc0: checks 
shootingGRID: bets $1
BoyLoc0: calls $1
*** SHOW DOWN ***
shootingGRID: shows [Jc Ah] (high card Ace)
BoyLoc0: shows [5d Qd] (a pair of Queens)
BoyLoc0 collected $15.34 from pot
*** SUMMARY ***
Total pot $16.15 | Rake $0.81 
Board [Qc 7c Td 3s 9c]
Seat 1: BoyLoc0 (big blind) showed [5d Qd] and won ($15.34) with a pair of Queens
Seat 2: Ifixbugs folded before Flop (didn't bet)
Seat 3: shootingGRID showed [Jc Ah] and lost with high card Ace
Seat 4: Gsouza099 folded before Flop (didn't bet)
Seat 5: nikalas22 (button) folded on the Turn
Seat 6: MauriFierro27 (small blind) folded before Flop



PokerStars Hand #254193588355:  Hold'em No Limit ($0.50/$1.00 USD) - 2025/01/04 18:38:49 WET [2025/01/04 13:38:49 ET]
Table 'Lorbach II' 6-max Seat #6 is the button
Seat 1: BoyLoc0 ($184.45 in chips) 
Seat 2: Ifixbugs ($47.09 in chips) 
Seat 3: shootingGRID ($100 in chips) 
Seat 4: Gsouza099 ($69.18 in chips) 
Seat 5: nikalas22 ($115.07 in chips) 
Seat 6: MauriFierro27 ($159.19 in chips) 
BoyLoc0: posts small blind $0.50
Ifixbugs: posts big blind $1
*** HOLE CARDS ***
shootingGRID: folds 
Gsouza099: folds 
nikalas22: raises $1.50 to $2.50
MauriFierro27: folds 
BoyLoc0: folds 
Ifixbugs: folds 
Uncalled bet ($1.50) returned to nikalas22
nikalas22 collected $2.50 from pot
nikalas22: doesn't show hand 
*** SUMMARY ***
Total pot $2.50 | Rake $0 
Seat 1: BoyLoc0 (small blind) folded before Flop
Seat 2: Ifixbugs (big blind) folded before Flop
Seat 3: shootingGRID folded before Flop (didn't bet)
Seat 4: Gsouza099 folded before Flop (didn't bet)
Seat 5: nikalas22 collected ($2.50)
Seat 6: MauriFierro27 (button) folded before Flop (didn't bet)



PokerStars Hand #254193596184:  Hold'em No Limit ($0.50/$1.00 USD) - 2025/01/04 18:39:11 WET [2025/01/04 13:39:11 ET]
Table 'Lorbach II' 6-max Seat #1 is the button
Seat 1: BoyLoc0 ($183.95 in chips) 
Seat 2: Ifixbugs ($46.09 in chips) 
Seat 3: shootingGRID ($100 in chips) 
Seat 4: Gsouza099 ($69.18 in chips) 
Seat 5: nikalas22 ($116.57 in chips) 
Seat 6: MauriFierro27 ($159.19 in chips) 
Ifixbugs: posts small blind $0.50
shootingGRID: posts big blind $1
*** HOLE CARDS ***
Gsouza099: folds 
nikalas22: folds 
MauriFierro27: raises $1.20 to $2.20
BoyLoc0: folds 
Ifixbugs: calls $1.70
shootingGRID: folds 
*** FLOP *** [5d Qc Jd]
Ifixbugs: checks 
MauriFierro27: bets $1.69
Ifixbugs: calls $1.69
*** TURN *** [5d Qc Jd] [2c]
Ifixbugs: checks 
MauriFierro27: checks 
*** RIVER *** [5d Qc Jd 2c] [8c]
Ifixbugs: checks 
MauriFierro27: bets $11.68
Ifixbugs: calls $11.68
*** SHOW DOWN ***
MauriFierro27: shows [Ac 9h] (high card Ace)
Ifixbugs: shows [8h As] (a pair of Eights)
Ifixbugs collected $30.53 from pot
*** SUMMARY ***
Total pot $32.14 | Rake $1.61 
Board [5d Qc Jd 2c 8c]
Seat 1: BoyLoc0 (button) folded before Flop (didn't bet)
Seat 2: Ifixbugs (small blind) showed [8h As] and won ($30.53) with a pair of Eights
Seat 3: shootingGRID (big blind) folded before Flop
Seat 4: Gsouza099 folded before Flop (didn't bet)
Seat 5: nikalas22 folded before Flop (didn't bet)
Seat 6: MauriFierro27 showed [Ac 9h] and lost with high card Ace



PokerStars Hand #254193616850:  Hold'em No Limit ($0.50/$1.00 USD) - 2025/01/04 18:40:10 WET [2025/01/04 13:40:10 ET]
Table 'Lorbach II' 6-max Seat #2 is the button
Seat 1: BoyLoc0 ($183.95 in chips) 
Seat 2: Ifixbugs ($61.05 in chips) 
Seat 3: shootingGRID ($100 in chips) 
Seat 4: Gsouza099 ($69.18 in chips) 
Seat 5: nikalas22 ($116.57 in chips) 
Seat 6: MauriFierro27 ($143.62 in chips) 
shootingGRID: posts small blind $0.50
Gsouza099: posts big blind $1
*** HOLE CARDS ***
nikalas22: raises $1.50 to $2.50
MauriFierro27: folds 
BoyLoc0: folds 
Ifixbugs: folds 
shootingGRID: folds 
Gsouza099: calls $1.50
*** FLOP *** [Tc Ks Td]
Gsouza099: checks 
nikalas22: bets $1.57
Gsouza099: calls $1.57
*** TURN *** [Tc Ks Td] [7s]
Gsouza099: checks 
nikalas22: checks 
*** RIVER *** [Tc Ks Td 7s] [9c]
Gsouza099: checks 
nikalas22: checks 
*** SHOW DOWN ***
Gsouza099: shows [Qc Ts] (three of a kind, Tens)
nikalas22: mucks hand 
Gsouza099 collected $8.21 from pot
*** SUMMARY ***
Total pot $8.64 | Rake $0.43 
Board [Tc Ks Td 7s 9c]
Seat 1: BoyLoc0 folded before Flop (didn't bet)
Seat 2: Ifixbugs (button) folded before Flop (didn't bet)
Seat 3: shootingGRID (small blind) folded before Flop
Seat 4: Gsouza099 (big blind) showed [Qc Ts] and won ($8.21) with three of a kind, Tens
Seat 5: nikalas22 mucked
Seat 6: MauriFierro27 folded before Flop (didn't bet)



PokerStars Hand #254193628711:  Hold'em No Limit ($0.50/$1.00 USD) - 2025/01/04 18:40:45 WET [2025/01/04 13:40:45 ET]
Table 'Lorbach II' 6-max Seat #3 is the button
Seat 1: BoyLoc0 ($183.95 in chips) 
Seat 2: Ifixbugs ($61.05 in chips) 
Seat 3: shootingGRID ($100 in chips) 
Seat 4: Gsouza099 ($73.32 in chips) 
Seat 5: nikalas22 ($112.50 in chips) 
Seat 6: MauriFierro27 ($143.62 in chips) 
Gsouza099: posts small blind $0.50
nikalas22: posts big blind $1
*** HOLE CARDS ***
MauriFierro27: folds 
BoyLoc0: folds 
Ifixbugs: folds 
shootingGRID: folds 
Gsouza099: folds 
Uncalled bet ($0.50) returned to nikalas22
Gsouza099 leaves the table
nikalas22 collected $1 from pot
nikalas22: doesn't show hand 
*** SUMMARY ***
Total pot $1 | Rake $0 
Seat 1: BoyLoc0 folded before Flop (didn't bet)
Seat 2: Ifixbugs folded before Flop (didn't bet)
Seat 3: shootingGRID (button) folded before Flop (didn't bet)
Seat 4: Gsouza099 (small blind) folded before Flop
Seat 5: nikalas22 (big blind) collected ($1)
Seat 6: MauriFierro27 folded before Flop (didn't bet)



PokerStars Hand #254193632915:  Hold'em No Limit ($0.50/$1.00 USD) - 2025/01/04 18:40:57 WET [2025/01/04 13:40:57 ET]
Table 'Lorbach II' 6-max Seat #5 is the button
Seat 1: BoyLoc0 ($183.95 in chips) 
Seat 2: Ifixbugs ($61.05 in chips) 
Seat 3: shootingGRID ($100 in chips) 
Seat 5: nikalas22 ($113 in chips) 
Seat 6: MauriFierro27 ($143.62 in chips) 
MauriFierro27: posts small blind $0.50
BoyLoc0: posts big blind $1
*** HOLE CARDS ***
Ifixbugs: raises $2 to $3
shootingGRID: folds 
nikalas22: folds 
MauriFierro27: folds 
BoyLoc0: calls $2
*** FLOP *** [9d Th 6c]
BoyLoc0: checks 
Ifixbugs: checks 
*** TURN *** [9d Th 6c] [Tc]
BoyLoc0: checks 
Ifixbugs: checks 
*** RIVER *** [9d Th 6c Tc] [6s]
BoyLoc0: bets $4.64
Ifixbugs: calls $4.64
*** SHOW DOWN ***
BoyLoc0: shows [Jh 9h] (two pair, Tens and Nines)
Ifixbugs: mucks hand 
BoyLoc0 collected $14.99 from pot
*** SUMMARY ***
Total pot $15.78 | Rake $0.79 
Board [9d Th 6c Tc 6s]
Seat 1: BoyLoc0 (big blind) showed [Jh 9h] and won ($14.99) with two pair, Tens and Nines
Seat 2: Ifixbugs mucked
Seat 3: shootingGRID folded before Flop (didn't bet)
Seat 5: nikalas22 (button) folded before Flop (didn't bet)
Seat 6: MauriFierro27 (small blind) folded before Flop



PokerStars Hand #254193647038:  Hold'em No Limit ($0.50/$1.00 USD) - 2025/01/04 18:41:38 WET [2025/01/04 13:41:38 ET]
Table 'Lorbach II' 6-max Seat #6 is the button
Seat 1: BoyLoc0 ($191.30 in chips) 
Seat 2: Ifixbugs ($53.41 in chips) 
Seat 3: shootingGRID ($100 in chips) 
Seat 5: nikalas22 ($113 in chips) 
Seat 6: MauriFierro27 ($143.12 in chips) 
BoyLoc0: posts small blind $0.50
Ifixbugs: posts big blind $1
*** HOLE CARDS ***
shootingGRID: folds 
nikalas22: folds 
MauriFierro27: folds 
Pedi4tan joins the table at seat #4 
Pedi4tan is disconnected 
BoyLoc0: raises $2 to $3
Ifixbugs: folds 
Uncalled bet ($2) returned to BoyLoc0
BoyLoc0 collected $2 from pot
BoyLoc0: doesn't show hand 
*** SUMMARY ***
Total pot $2 | Rake $0 
Seat 1: BoyLoc0 (small blind) collected ($2)
Seat 2: Ifixbugs (big blind) folded before Flop
Seat 3: shootingGRID folded before Flop (didn't bet)
Seat 5: nikalas22 folded before Flop (didn't bet)
Seat 6: MauriFierro27 (button) folded before Flop (didn't bet)



PokerStars Hand #254193653670:  Hold'em No Limit ($0.50/$1.00 USD) - 2025/01/04 18:41:57 WET [2025/01/04 13:41:57 ET]
Table 'Lorbach II' 6-max Seat #1 is the button
Seat 4: Pedi4tan ($58.62 in chips) is sitting out
Seat 1: BoyLoc0 ($192.30 in chips) 
Seat 2: Ifixbugs ($52.41 in chips) 
Seat 3: shootingGRID ($100 in chips) 
Seat 5: nikalas22 ($113 in chips) 
Seat 6: MauriFierro27 ($143.12 in chips) 
Ifixbugs: posts small blind $0.50
shootingGRID: posts big blind $1
Pedi4tan: sits out 
*** HOLE CARDS ***
nikalas22: folds 
MauriFierro27: folds 
BoyLoc0: folds 
Ifixbugs: raises $1 to $2
shootingGRID: folds 
Uncalled bet ($1) returned to Ifixbugs
Ifixbugs collected $2 from pot
*** SUMMARY ***
Total pot $2 | Rake $0 
Seat 4: Pedi4tan
Seat 1: BoyLoc0 (button) folded before Flop (didn't bet)
Seat 2: Ifixbugs (small blind) collected ($2)
Seat 3: shootingGRID (big blind) folded before Flop
Seat 5: nikalas22 folded before Flop (didn't bet)
Seat 6: MauriFierro27 folded before Flop (didn't bet)



PokerStars Hand #254193672995:  Hold'em No Limit ($0.50/$1.00 USD) - 2025/01/04 18:42:53 WET [2025/01/04 13:42:53 ET]
Table 'Lorbach II' 6-max Seat #2 is the button
Seat 1: BoyLoc0 ($192.30 in chips) 
Seat 2: Ifixbugs ($53.41 in chips) 
Seat 3: shootingGRID ($100 in chips) 
Seat 4: Pedi4tan ($58.62 in chips) 
Seat 5: nikalas22 ($113 in chips) 
Seat 6: MauriFierro27 ($143.12 in chips) 
shootingGRID: posts small blind $0.50
Pedi4tan: posts big blind $1
*** HOLE CARDS ***
nikalas22: raises $1.50 to $2.50
MauriFierro27: folds 
BoyLoc0: folds 
Ifixbugs: calls $2.50
shootingGRID: folds 
Pedi4tan: calls $1.50
*** FLOP *** [4s 3h 3s]
Pedi4tan: bets $7.60
nikalas22: raises $11.40 to $19
Ifixbugs: folds 
Pedi4tan: calls $11.40
*** TURN *** [4s 3h 3s] [9s]
Pedi4tan: bets $37.12 and is all-in
nikalas22: calls $37.12
*** RIVER *** [4s 3h 3s 9s] [Qh]
*** SHOW DOWN ***
Pedi4tan: shows [4h 5d] (two pair, Fours and Threes)
nikalas22: shows [Th Tc] (two pair, Tens and Threes)
nikalas22 collected $117.74 from pot
*** SUMMARY ***
Total pot $120.24 | Rake $2.50 
Board [4s 3h 3s 9s Qh]
Seat 1: BoyLoc0 folded before Flop (didn't bet)
Seat 2: Ifixbugs (button) folded on the Flop
Seat 3: shootingGRID (small blind) folded before Flop
Seat 4: Pedi4tan (big blind) showed [4h 5d] and lost with two pair, Fours and Threes
Seat 5: nikalas22 showed [Th Tc] and won ($117.74) with two pair, Tens and Threes
Seat 6: MauriFierro27 folded before Flop (didn't bet)



PokerStars Hand #254193689706:  Hold'em No Limit ($0.50/$1.00 USD) - 2025/01/04 18:43:42 WET [2025/01/04 13:43:42 ET]
Table 'Lorbach II' 6-max Seat #3 is the button
Seat 4: Pedi4tan ($0 in chips) is sitting out
Seat 1: BoyLoc0 ($192.30 in chips) 
Seat 2: Ifixbugs ($50.91 in chips) 
Seat 3: shootingGRID ($100 in chips) 
Seat 5: nikalas22 ($172.12 in chips) 
Seat 6: MauriFierro27 ($143.12 in chips) 
nikalas22: posts small blind $0.50
MauriFierro27: posts big blind $1
*** HOLE CARDS ***
Pedi4tan leaves the table
BoyLoc0: raises $1.50 to $2.50
Ifixbugs: folds 
shootingGRID: folds 
nikalas22: folds 
MauriFierro27: folds 
Uncalled bet ($1.50) returned to BoyLoc0
BoyLoc0 collected $2.50 from pot
IREQO joins the table at seat #4 
BoyLoc0: doesn't show hand 
*** SUMMARY ***
Total pot $2.50 | Rake $0 
Seat 4: Pedi4tan
Seat 1: BoyLoc0 collected ($2.50)
Seat 2: Ifixbugs folded before Flop (didn't bet)
Seat 3: shootingGRID (button) folded before Flop (didn't bet)
Seat 5: nikalas22 (small blind) folded before Flop
Seat 6: MauriFierro27 (big blind) folded before Flop



PokerStars Hand #254193701167:  Hold'em No Limit ($0.50/$1.00 USD) - 2025/01/04 18:44:16 WET [2025/01/04 13:44:16 ET]
Table 'Lorbach II' 6-max Seat #5 is the button
Seat 4: IREQO ($100 in chips) is sitting out
Seat 1: BoyLoc0 ($193.80 in chips) 
Seat 2: Ifixbugs ($50.91 in chips) 
Seat 3: shootingGRID ($100 in chips) 
Seat 5: nikalas22 ($171.62 in chips) 
Seat 6: MauriFierro27 ($142.12 in chips) 
MauriFierro27: posts small blind $0.50
BoyLoc0: posts big blind $1
IREQO: sits out 
*** HOLE CARDS ***
Ifixbugs: folds 
shootingGRID: folds 
nikalas22: raises $1.50 to $2.50
MauriFierro27: folds 
BoyLoc0: calls $1.50
*** FLOP *** [8s 2h 6h]
BoyLoc0: checks 
nikalas22: checks 
*** TURN *** [8s 2h 6h] [4s]
BoyLoc0: checks 
nikalas22: bets $3.92
BoyLoc0: raises $20.59 to $24.51
nikalas22: folds 
Uncalled bet ($20.59) returned to BoyLoc0
BoyLoc0 collected $12.67 from pot
BoyLoc0: doesn't show hand 
*** SUMMARY ***
Total pot $13.34 | Rake $0.67 
Board [8s 2h 6h 4s]
Seat 4: IREQO
Seat 1: BoyLoc0 (big blind) collected ($12.67)
Seat 2: Ifixbugs folded before Flop (didn't bet)
Seat 3: shootingGRID folded before Flop (didn't bet)
Seat 5: nikalas22 (button) folded on the Turn
Seat 6: MauriFierro27 (small blind) folded before Flop



PokerStars Hand #254193718125:  Hold'em No Limit ($0.50/$1.00 USD) - 2025/01/04 18:45:05 WET [2025/01/04 13:45:05 ET]
Table 'Lorbach II' 6-max Seat #6 is the button
Seat 4: IREQO ($100 in chips) is sitting out
Seat 1: BoyLoc0 ($200.05 in chips) 
Seat 2: Ifixbugs ($50.91 in chips) 
Seat 3: shootingGRID ($100 in chips) 
Seat 5: nikalas22 ($165.20 in chips) 
Seat 6: MauriFierro27 ($141.62 in chips) 
BoyLoc0: posts small blind $0.50
Ifixbugs: posts big blind $1
IREQO: sits out 
*** HOLE CARDS ***
shootingGRID: folds 
nikalas22: folds 
MauriFierro27: raises $1.20 to $2.20
BoyLoc0: folds 
Ifixbugs: calls $1.20
*** FLOP *** [8c 4c Qh]
Ifixbugs: checks 
MauriFierro27: bets $1.54
Ifixbugs: calls $1.54
*** TURN *** [8c 4c Qh] [2d]
Ifixbugs: checks 
MauriFierro27: bets $5.08
Ifixbugs: folds 
Uncalled bet ($5.08) returned to MauriFierro27
MauriFierro27 collected $7.58 from pot
MauriFierro27: doesn't show hand 
*** SUMMARY ***
Total pot $7.98 | Rake $0.40 
Board [8c 4c Qh 2d]
Seat 4: IREQO
Seat 1: BoyLoc0 (small blind) folded before Flop
Seat 2: Ifixbugs (big blind) folded on the Turn
Seat 3: shootingGRID folded before Flop (didn't bet)
Seat 5: nikalas22 folded before Flop (didn't bet)
Seat 6: MauriFierro27 (button) collected ($7.58)



PokerStars Hand #254193739141:  Hold'em No Limit ($0.50/$1.00 USD) - 2025/01/04 18:46:07 WET [2025/01/04 13:46:07 ET]
Table 'Lorbach II' 6-max Seat #1 is the button
Seat 4: IREQO ($100 in chips) is sitting out
Seat 1: BoyLoc0 ($199.55 in chips) 
Seat 2: Ifixbugs ($47.17 in chips) 
Seat 3: shootingGRID ($100 in chips) 
Seat 5: nikalas22 ($165.20 in chips) 
Seat 6: MauriFierro27 ($145.46 in chips) 
Ifixbugs: posts small blind $0.50
shootingGRID: posts big blind $1
IREQO: sits out 
*** HOLE CARDS ***
nikalas22: raises $1.50 to $2.50
MauriFierro27: folds 
BoyLoc0: folds 
Ifixbugs: calls $2
shootingGRID: raises $12 to $14.50
nikalas22: folds 
Ifixbugs: folds 
Uncalled bet ($12) returned to shootingGRID
shootingGRID collected $7.50 from pot
*** SUMMARY ***
Total pot $7.50 | Rake $0 
Seat 4: IREQO
Seat 1: BoyLoc0 (button) folded before Flop (didn't bet)
Seat 2: Ifixbugs (small blind) folded before Flop
Seat 3: shootingGRID (big blind) collected ($7.50)
Seat 5: nikalas22 folded before Flop
Seat 6: MauriFierro27 folded before Flop (didn't bet)



PokerStars Hand #254193748246:  Hold'em No Limit ($0.50/$1.00 USD) - 2025/01/04 18:46:34 WET [2025/01/04 13:46:34 ET]
Table 'Lorbach II' 6-max Seat #2 is the button
Seat 1: BoyLoc0 ($199.55 in chips) 
Seat 2: Ifixbugs ($44.67 in chips) 
Seat 3: shootingGRID ($105 in chips) 
Seat 4: IREQO ($100 in chips) 
Seat 5: nikalas22 ($162.70 in chips) 
Seat 6: MauriFierro27 ($145.46 in chips) 
shootingGRID: posts small blind $0.50
IREQO: posts big blind $1
*** HOLE CARDS ***
nikalas22: folds 
MauriFierro27: folds 
BoyLoc0: folds 
Ifixbugs: raises $2 to $3
shootingGRID: folds 
IREQO: folds 
Uncalled bet ($2) returned to Ifixbugs
Ifixbugs collected $2.50 from pot
*** SUMMARY ***
Total pot $2.50 | Rake $0 
Seat 1: BoyLoc0 folded before Flop (didn't bet)
Seat 2: Ifixbugs (button) collected ($2.50)
Seat 3: shootingGRID (small blind) folded before Flop
Seat 4: IREQO (big blind) folded before Flop
Seat 5: nikalas22 folded before Flop (didn't bet)
Seat 6: MauriFierro27 folded before Flop (didn't bet)



PokerStars Hand #254193763501:  Hold'em No Limit ($0.50/$1.00 USD) - 2025/01/04 18:47:19 WET [2025/01/04 13:47:19 ET]
Table 'Lorbach II' 6-max Seat #3 is the button
Seat 1: BoyLoc0 ($199.55 in chips) 
Seat 2: Ifixbugs ($46.17 in chips) 
Seat 3: shootingGRID ($104.50 in chips) 
Seat 4: IREQO ($100 in chips) 
Seat 5: nikalas22 ($162.70 in chips) 
Seat 6: MauriFierro27 ($145.46 in chips) 
IREQO: posts small blind $0.50
nikalas22: posts big blind $1
*** HOLE CARDS ***
MauriFierro27: folds 
BoyLoc0: folds 
Ifixbugs: folds 
shootingGRID: raises $1.25 to $2.25
IREQO: folds 
nikalas22: calls $1.25
*** FLOP *** [3s Kd 5s]
nikalas22: checks 
shootingGRID: bets $1.57
nikalas22: raises $3.95 to $5.52
shootingGRID: folds 
Uncalled bet ($3.95) returned to nikalas22
nikalas22 collected $7.73 from pot
nikalas22: doesn't show hand 
*** SUMMARY ***
Total pot $8.14 | Rake $0.41 
Board [3s Kd 5s]
Seat 1: BoyLoc0 folded before Flop (didn't bet)
Seat 2: Ifixbugs folded before Flop (didn't bet)
Seat 3: shootingGRID (button) folded on the Flop
Seat 4: IREQO (small blind) folded before Flop
Seat 5: nikalas22 (big blind) collected ($7.73)
Seat 6: MauriFierro27 folded before Flop (didn't bet)



PokerStars Hand #254193782988:  Hold'em No Limit ($0.50/$1.00 USD) - 2025/01/04 18:48:16 WET [2025/01/04 13:48:16 ET]
Table 'Lorbach II' 6-max Seat #4 is the button
Seat 1: BoyLoc0 ($199.55 in chips) 
Seat 2: Ifixbugs ($46.17 in chips) 
Seat 3: shootingGRID ($100.68 in chips) 
Seat 4: IREQO ($100 in chips) 
Seat 5: nikalas22 ($166.61 in chips) 
Seat 6: MauriFierro27 ($145.46 in chips) 
nikalas22: posts small blind $0.50
MauriFierro27: posts big blind $1
*** HOLE CARDS ***
BoyLoc0: folds 
Ifixbugs: folds 
shootingGRID: raises $1.25 to $2.25
IREQO: folds 
nikalas22: folds 
MauriFierro27: folds 
Uncalled bet ($1.25) returned to shootingGRID
shootingGRID collected $2.50 from pot
*** SUMMARY ***
Total pot $2.50 | Rake $0 
Seat 1: BoyLoc0 folded before Flop (didn't bet)
Seat 2: Ifixbugs folded before Flop (didn't bet)
Seat 3: shootingGRID collected ($2.50)
Seat 4: IREQO (button) folded before Flop (didn't bet)
Seat 5: nikalas22 (small blind) folded before Flop
Seat 6: MauriFierro27 (big blind) folded before Flop



PokerStars Hand #254193790052:  Hold'em No Limit ($0.50/$1.00 USD) - 2025/01/04 18:48:36 WET [2025/01/04 13:48:36 ET]
Table 'Lorbach II' 6-max Seat #5 is the button
Seat 1: BoyLoc0 ($199.55 in chips) 
Seat 2: Ifixbugs ($46.17 in chips) 
Seat 3: shootingGRID ($102.18 in chips) 
Seat 4: IREQO ($100 in chips) 
Seat 5: nikalas22 ($166.11 in chips) 
Seat 6: MauriFierro27 ($144.46 in chips) 
MauriFierro27: posts small blind $0.50
BoyLoc0: posts big blind $1
*** HOLE CARDS ***
Ifixbugs: folds 
shootingGRID: raises $1.25 to $2.25
IREQO: raises $4.75 to $7
nikalas22: folds 
MauriFierro27: folds 
BoyLoc0: folds 
shootingGRID: folds 
Uncalled bet ($4.75) returned to IREQO
IREQO collected $6 from pot
IREQO: doesn't show hand 
*** SUMMARY ***
Total pot $6 | Rake $0 
Seat 1: BoyLoc0 (big blind) folded before Flop
Seat 2: Ifixbugs folded before Flop (didn't bet)
Seat 3: shootingGRID folded before Flop
Seat 4: IREQO collected ($6)
Seat 5: nikalas22 (button) folded before Flop (didn't bet)
Seat 6: MauriFierro27 (small blind) folded before Flop



PokerStars Hand #254193799568:  Hold'em No Limit ($0.50/$1.00 USD) - 2025/01/04 18:49:05 WET [2025/01/04 13:49:05 ET]
Table 'Lorbach II' 6-max Seat #6 is the button
Seat 1: BoyLoc0 ($198.55 in chips) 
Seat 2: Ifixbugs ($46.17 in chips) 
Seat 3: shootingGRID ($100 in chips) 
Seat 4: IREQO ($103.75 in chips) 
Seat 5: nikalas22 ($166.11 in chips) 
Seat 6: MauriFierro27 ($143.96 in chips) 
BoyLoc0: posts small blind $0.50
Ifixbugs: posts big blind $1
*** HOLE CARDS ***
shootingGRID: raises $1.25 to $2.25
IREQO: folds 
nikalas22: folds 
MauriFierro27: calls $2.25
BoyLoc0: folds 
Ifixbugs: calls $1.25
*** FLOP *** [Qc Jc 4d]
Ifixbugs: checks 
shootingGRID: bets $2.27
MauriFierro27: folds 
Ifixbugs: calls $2.27
*** TURN *** [Qc Jc 4d] [Qs]
Ifixbugs: checks 
shootingGRID: checks 
*** RIVER *** [Qc Jc 4d Qs] [2h]
Ifixbugs: checks 
shootingGRID: bets $5.60
Ifixbugs: folds 
Uncalled bet ($5.60) returned to shootingGRID
shootingGRID collected $11.20 from pot
*** SUMMARY ***
Total pot $11.79 | Rake $0.59 
Board [Qc Jc 4d Qs 2h]
Seat 1: BoyLoc0 (small blind) folded before Flop
Seat 2: Ifixbugs (big blind) folded on the River
Seat 3: shootingGRID collected ($11.20)
Seat 4: IREQO folded before Flop (didn't bet)
Seat 5: nikalas22 folded before Flop (didn't bet)
Seat 6: MauriFierro27 (button) folded on the Flop



PokerStars Hand #254193827604:  Hold'em No Limit ($0.50/$1.00 USD) - 2025/01/04 18:50:27 WET [2025/01/04 13:50:27 ET]
Table 'Lorbach II' 6-max Seat #1 is the button
Seat 1: BoyLoc0 ($198.05 in chips) 
Seat 2: Ifixbugs ($41.65 in chips) 
Seat 3: shootingGRID ($106.68 in chips) 
Seat 4: IREQO ($103.75 in chips) 
Seat 5: nikalas22 ($166.11 in chips) 
Seat 6: MauriFierro27 ($141.71 in chips) 
Ifixbugs: posts small blind $0.50
shootingGRID: posts big blind $1
*** HOLE CARDS ***
IREQO: folds 
nikalas22: folds 
MauriFierro27: raises $1.20 to $2.20
BoyLoc0: folds 
Ifixbugs: calls $1.70
shootingGRID: folds 
*** FLOP *** [9h 4h 6c]
Ifixbugs: checks 
MauriFierro27: checks 
*** TURN *** [9h 4h 6c] [As]
Ifixbugs: checks 
MauriFierro27: bets $3.85
Ifixbugs: calls $3.85
*** RIVER *** [9h 4h 6c As] [Kd]
Ifixbugs: checks 
MauriFierro27: checks 
*** SHOW DOWN ***
Ifixbugs: shows [8h 5h] (high card Ace)
MauriFierro27: shows [Ts Kc] (a pair of Kings)
MauriFierro27 collected $12.44 from pot
*** SUMMARY ***
Total pot $13.10 | Rake $0.66 
Board [9h 4h 6c As Kd]
Seat 1: BoyLoc0 (button) folded before Flop (didn't bet)
Seat 2: Ifixbugs (small blind) showed [8h 5h] and lost with high card Ace
Seat 3: shootingGRID (big blind) folded before Flop
Seat 4: IREQO folded before Flop (didn't bet)
Seat 5: nikalas22 folded before Flop (didn't bet)
Seat 6: MauriFierro27 showed [Ts Kc] and won ($12.44) with a pair of Kings



PokerStars Hand #254193843615:  Hold'em No Limit ($0.50/$1.00 USD) - 2025/01/04 18:51:13 WET [2025/01/04 13:51:13 ET]
Table 'Lorbach II' 6-max Seat #2 is the button
Seat 1: BoyLoc0 ($198.05 in chips) 
Seat 2: Ifixbugs ($35.60 in chips) 
Seat 3: shootingGRID ($105.68 in chips) 
Seat 4: IREQO ($103.75 in chips) 
Seat 5: nikalas22 ($166.11 in chips) 
Seat 6: MauriFierro27 ($148.10 in chips) 
shootingGRID: posts small blind $0.50
IREQO: posts big blind $1
*** HOLE CARDS ***
nikalas22: folds 
MauriFierro27: folds 
BoyLoc0: raises $1.50 to $2.50
Ifixbugs: folds 
shootingGRID: folds 
IREQO is disconnected 
IREQO has timed out while disconnected
IREQO: folds 
Uncalled bet ($1.50) returned to BoyLoc0
BoyLoc0 collected $2.50 from pot
BoyLoc0: doesn't show hand 
*** SUMMARY ***
Total pot $2.50 | Rake $0 
Seat 1: BoyLoc0 collected ($2.50)
Seat 2: Ifixbugs (button) folded before Flop (didn't bet)
Seat 3: shootingGRID (small blind) folded before Flop
Seat 4: IREQO (big blind) folded before Flop
Seat 5: nikalas22 folded before Flop (didn't bet)
Seat 6: MauriFierro27 folded before Flop (didn't bet)



PokerStars Hand #254193861010:  Hold'em No Limit ($0.50/$1.00 USD) - 2025/01/04 18:52:04 WET [2025/01/04 13:52:04 ET]
Table 'Lorbach II' 6-max Seat #3 is the button
Seat 4: IREQO ($102.75 in chips) is sitting out
Seat 1: BoyLoc0 ($199.55 in chips) 
Seat 2: Ifixbugs ($35.60 in chips) 
Seat 3: shootingGRID ($105.18 in chips) 
Seat 5: nikalas22 ($166.11 in chips) 
Seat 6: MauriFierro27 ($148.10 in chips) 
nikalas22: posts small blind $0.50
MauriFierro27: posts big blind $1
*** HOLE CARDS ***
BoyLoc0: folds 
Ifixbugs: folds 
shootingGRID: folds 
nikalas22: folds 
Uncalled bet ($0.50) returned to MauriFierro27
MauriFierro27 collected $1 from pot
MauriFierro27: doesn't show hand 
*** SUMMARY ***
Total pot $1 | Rake $0 
Seat 4: IREQO
Seat 1: BoyLoc0 folded before Flop (didn't bet)
Seat 2: Ifixbugs folded before Flop (didn't bet)
Seat 3: shootingGRID (button) folded before Flop (didn't bet)
Seat 5: nikalas22 (small blind) folded before Flop
Seat 6: MauriFierro27 (big blind) collected ($1)



PokerStars Hand #254193865757:  Hold'em No Limit ($0.50/$1.00 USD) - 2025/01/04 18:52:18 WET [2025/01/04 13:52:18 ET]
Table 'Lorbach II' 6-max Seat #5 is the button
Seat 4: IREQO ($102.75 in chips) is sitting out
Seat 1: BoyLoc0 ($199.55 in chips) 
Seat 2: Ifixbugs ($35.60 in chips) 
Seat 3: shootingGRID ($105.18 in chips) 
Seat 5: nikalas22 ($165.61 in chips) 
Seat 6: MauriFierro27 ($148.60 in chips) 
MauriFierro27: posts small blind $0.50
BoyLoc0: posts big blind $1
*** HOLE CARDS ***
Ifixbugs: raises $2 to $3
shootingGRID: folds 
nikalas22: folds 
MauriFierro27: folds 
BoyLoc0: folds 
Uncalled bet ($2) returned to Ifixbugs
Ifixbugs collected $2.50 from pot
*** SUMMARY ***
Total pot $2.50 | Rake $0 
Seat 4: IREQO
Seat 1: BoyLoc0 (big blind) folded before Flop
Seat 2: Ifixbugs collected ($2.50)
Seat 3: shootingGRID folded before Flop (didn't bet)
Seat 5: nikalas22 (button) folded before Flop (didn't bet)
Seat 6: MauriFierro27 (small blind) folded before Flop



PokerStars Hand #254193870407:  Hold'em No Limit ($0.50/$1.00 USD) - 2025/01/04 18:52:31 WET [2025/01/04 13:52:31 ET]
Table 'Lorbach II' 6-max Seat #6 is the button
Seat 4: IREQO ($102.75 in chips) is sitting out
Seat 1: BoyLoc0 ($198.55 in chips) 
Seat 2: Ifixbugs ($37.10 in chips) 
Seat 3: shootingGRID ($105.18 in chips) 
Seat 5: nikalas22 ($165.61 in chips) 
Seat 6: MauriFierro27 ($148.10 in chips) 
BoyLoc0: posts small blind $0.50
Ifixbugs: posts big blind $1
*** HOLE CARDS ***
shootingGRID: folds 
nikalas22: folds 
MauriFierro27: raises $1.20 to $2.20
BoyLoc0: raises $7.80 to $10
Ifixbugs: folds 
MauriFierro27: folds 
Uncalled bet ($7.80) returned to BoyLoc0
BoyLoc0 collected $5.40 from pot
BoyLoc0: doesn't show hand 
*** SUMMARY ***
Total pot $5.40 | Rake $0 
Seat 4: IREQO
Seat 1: BoyLoc0 (small blind) collected ($5.40)
Seat 2: Ifixbugs (big blind) folded before Flop
Seat 3: shootingGRID folded before Flop (didn't bet)
Seat 5: nikalas22 folded before Flop (didn't bet)
Seat 6: MauriFierro27 (button) folded before Flop



PokerStars Hand #254193880755:  Hold'em No Limit ($0.50/$1.00 USD) - 2025/01/04 18:53:01 WET [2025/01/04 13:53:01 ET]
Table 'Lorbach II' 6-max Seat #1 is the button
Seat 4: IREQO ($102.75 in chips) is sitting out
Seat 1: BoyLoc0 ($201.75 in chips) 
Seat 2: Ifixbugs ($36.10 in chips) 
Seat 3: shootingGRID ($105.18 in chips) 
Seat 5: nikalas22 ($165.61 in chips) 
Seat 6: MauriFierro27 ($145.90 in chips) 
Ifixbugs: posts small blind $0.50
shootingGRID: posts big blind $1
IREQO: sits out 
*** HOLE CARDS ***
nikalas22: raises $1.50 to $2.50
MauriFierro27: folds 
BoyLoc0: folds 
Ifixbugs: calls $2
shootingGRID: calls $1.50
*** FLOP *** [2s 2c 6h]
Ifixbugs: checks 
shootingGRID: checks 
nikalas22: bets $2.14
Ifixbugs: folds 
shootingGRID: calls $2.14
*** TURN *** [2s 2c 6h] [9d]
shootingGRID: checks 
nikalas22: bets $16.79
shootingGRID: folds 
Uncalled bet ($16.79) returned to nikalas22
nikalas22 collected $11.19 from pot
nikalas22: doesn't show hand 
*** SUMMARY ***
Total pot $11.78 | Rake $0.59 
Board [2s 2c 6h 9d]
Seat 4: IREQO
Seat 1: BoyLoc0 (button) folded before Flop (didn't bet)
Seat 2: Ifixbugs (small blind) folded on the Flop
Seat 3: shootingGRID (big blind) folded on the Turn
Seat 5: nikalas22 collected ($11.19)
Seat 6: MauriFierro27 folded before Flop (didn't bet)



PokerStars Hand #254193911423:  Hold'em No Limit ($0.50/$1.00 USD) - 2025/01/04 18:54:32 WET [2025/01/04 13:54:32 ET]
Table 'Lorbach II' 6-max Seat #2 is the button
Seat 1: BoyLoc0 ($201.75 in chips) 
Seat 2: Ifixbugs ($33.60 in chips) 
Seat 3: shootingGRID ($100.54 in chips) 
Seat 4: IREQO ($102.75 in chips) 
Seat 5: nikalas22 ($172.16 in chips) 
Seat 6: MauriFierro27 ($145.90 in chips) 
shootingGRID: posts small blind $0.50
IREQO: posts big blind $1
*** HOLE CARDS ***
nikalas22: raises $1.50 to $2.50
MauriFierro27: folds 
BoyLoc0: folds 
Ifixbugs: calls $2.50
shootingGRID: folds 
IREQO: calls $1.50
*** FLOP *** [3s 2c 2d]
IREQO: checks 
nikalas22: checks 
Ifixbugs: checks 
*** TURN *** [3s 2c 2d] [3h]
IREQO: checks 
nikalas22: checks 
Ifixbugs: bets $3
IREQO: folds 
nikalas22: calls $3
*** RIVER *** [3s 2c 2d 3h] [Qh]
nikalas22: checks 
Ifixbugs: checks 
*** SHOW DOWN ***
nikalas22: shows [Kh As] (two pair, Threes and Deuces)
Ifixbugs: shows [Ad 6h] (two pair, Threes and Deuces)
nikalas22 collected $6.65 from pot
Ifixbugs collected $6.65 from pot
*** SUMMARY ***
Total pot $14 | Rake $0.70 
Board [3s 2c 2d 3h Qh]
Seat 1: BoyLoc0 folded before Flop (didn't bet)
Seat 2: Ifixbugs (button) showed [Ad 6h] and won ($6.65) with two pair, Threes and Deuces
Seat 3: shootingGRID (small blind) folded before Flop
Seat 4: IREQO (big blind) folded on the Turn
Seat 5: nikalas22 showed [Kh As] and won ($6.65) with two pair, Threes and Deuces
Seat 6: MauriFierro27 folded before Flop (didn't bet)



PokerStars Hand #254193938108:  Hold'em No Limit ($0.50/$1.00 USD) - 2025/01/04 18:56:14 WET [2025/01/04 13:56:14 ET]
Table 'Lorbach II' 6-max Seat #3 is the button
Seat 1: BoyLoc0 ($201.75 in chips) 
Seat 2: Ifixbugs ($34.75 in chips) 
Seat 3: shootingGRID ($100.04 in chips) 
Seat 4: IREQO ($100.25 in chips) 
Seat 5: nikalas22 ($173.31 in chips) 
Seat 6: MauriFierro27 ($145.90 in chips) 
IREQO: posts small blind $0.50
nikalas22: posts big blind $1
*** HOLE CARDS ***
MauriFierro27: folds 
BoyLoc0: folds 
Ifixbugs: raises $2 to $3
shootingGRID: folds 
IREQO: folds 
nikalas22: folds 
Uncalled bet ($2) returned to Ifixbugs
Ifixbugs collected $2.50 from pot
*** SUMMARY ***
Total pot $2.50 | Rake $0 
Seat 1: BoyLoc0 folded before Flop (didn't bet)
Seat 2: Ifixbugs collected ($2.50)
Seat 3: shootingGRID (button) folded before Flop (didn't bet)
Seat 4: IREQO (small blind) folded before Flop
Seat 5: nikalas22 (big blind) folded before Flop
Seat 6: MauriFierro27 folded before Flop (didn't bet)



PokerStars Hand #254193947705:  Hold'em No Limit ($0.50/$1.00 USD) - 2025/01/04 18:56:58 WET [2025/01/04 13:56:58 ET]
Table 'Lorbach II' 6-max Seat #4 is the button
Seat 1: BoyLoc0 ($201.75 in chips) 
Seat 2: Ifixbugs ($36.25 in chips) 
Seat 3: shootingGRID ($100.04 in chips) 
Seat 4: IREQO ($100 in chips) 
Seat 5: nikalas22 ($172.31 in chips) 
Seat 6: MauriFierro27 ($145.90 in chips) 
nikalas22: posts small blind $0.50
MauriFierro27: posts big blind $1
*** HOLE CARDS ***
BoyLoc0: folds 
Ifixbugs: folds 
shootingGRID: folds 
IREQO: raises $1.50 to $2.50
nikalas22: raises $9.50 to $12
MauriFierro27: folds 
IREQO: folds 
Uncalled bet ($9.50) returned to nikalas22
nikalas22 collected $6 from pot
nikalas22: doesn't show hand 
*** SUMMARY ***
Total pot $6 | Rake $0 
Seat 1: BoyLoc0 folded before Flop (didn't bet)
Seat 2: Ifixbugs folded before Flop (didn't bet)
Seat 3: shootingGRID folded before Flop (didn't bet)
Seat 4: IREQO (button) folded before Flop
Seat 5: nikalas22 (small blind) collected ($6)
Seat 6: MauriFierro27 (big blind) folded before Flop



PokerStars Hand #254193958544:  Hold'em No Limit ($0.50/$1.00 USD) - 2025/01/04 18:57:48 WET [2025/01/04 13:57:48 ET]
Table 'Lorbach II' 6-max Seat #5 is the button
Seat 1: BoyLoc0 ($201.75 in chips) 
Seat 2: Ifixbugs ($36.25 in chips) 
Seat 3: shootingGRID ($100.04 in chips) 
Seat 4: IREQO ($100 in chips) 
Seat 5: nikalas22 ($175.81 in chips) 
Seat 6: MauriFierro27 ($144.90 in chips) 
MauriFierro27: posts small blind $0.50
BoyLoc0: posts big blind $1
*** HOLE CARDS ***
Ifixbugs: folds 
shootingGRID: folds 
IREQO: folds 
nikalas22: folds 
MauriFierro27: folds 
Uncalled bet ($0.50) returned to BoyLoc0
BoyLoc0 collected $1 from pot
BoyLoc0: doesn't show hand 
*** SUMMARY ***
Total pot $1 | Rake $0 
Seat 1: BoyLoc0 (big blind) collected ($1)
Seat 2: Ifixbugs folded before Flop (didn't bet)
Seat 3: shootingGRID folded before Flop (didn't bet)
Seat 4: IREQO folded before Flop (didn't bet)
Seat 5: nikalas22 (button) folded before Flop (didn't bet)
Seat 6: MauriFierro27 (small blind) folded before Flop



PokerStars Hand #254193962287:  Hold'em No Limit ($0.50/$1.00 USD) - 2025/01/04 18:58:05 WET [2025/01/04 13:58:05 ET]
Table 'Lorbach II' 6-max Seat #6 is the button
Seat 1: BoyLoc0 ($202.25 in chips) 
Seat 2: Ifixbugs ($36.25 in chips) 
Seat 3: shootingGRID ($100.04 in chips) 
Seat 4: IREQO ($100 in chips) 
Seat 5: nikalas22 ($175.81 in chips) 
Seat 6: MauriFierro27 ($144.40 in chips) 
BoyLoc0: posts small blind $0.50
Ifixbugs: posts big blind $1
*** HOLE CARDS ***
shootingGRID: folds 
IREQO: folds 
nikalas22: folds 
MauriFierro27: folds 
BoyLoc0: raises $2 to $3
Ifixbugs: raises $9 to $12
BoyLoc0: folds 
Uncalled bet ($9) returned to Ifixbugs
Ifixbugs collected $6 from pot
*** SUMMARY ***
Total pot $6 | Rake $0 
Seat 1: BoyLoc0 (small blind) folded before Flop
Seat 2: Ifixbugs (big blind) collected ($6)
Seat 3: shootingGRID folded before Flop (didn't bet)
Seat 4: IREQO folded before Flop (didn't bet)
Seat 5: nikalas22 folded before Flop (didn't bet)
Seat 6: MauriFierro27 (button) folded before Flop (didn't bet)



PokerStars Hand #254194099340:  Hold'em No Limit ($0.50/$1.00 USD) - 2025/01/04 19:05:54 WET [2025/01/04 14:05:54 ET]
Table 'Lorbach II' 6-max Seat #5 is the button
Seat 2: Vedat21k ($0 in chips) is sitting out
Seat 1: Twistenko ($100 in chips) 
Seat 3: shootingGRID ($115.46 in chips) 
Seat 4: IREQO ($100 in chips) 
Seat 5: nikalas22 ($186.07 in chips) 
Seat 6: franbasualdo10 ($19.23 in chips) 
franbasualdo10: posts small blind $0.50
Twistenko: posts big blind $1
*** HOLE CARDS ***
Vedat21k leaves the table
shootingGRID: folds 
IREQO has timed out
IREQO: folds 
nikalas22: folds 
franbasualdo10: raises $2 to $3
nikalas22 leaves the table
Twistenko: raises $6 to $9
shootingGRID leaves the table
franbasualdo10: folds 
Uncalled bet ($6) returned to Twistenko
Twistenko collected $6 from pot
Twistenko: doesn't show hand 
*** SUMMARY ***
Total pot $6 | Rake $0 
Seat 2: Vedat21k
Seat 1: Twistenko (big blind) collected ($6)
Seat 3: shootingGRID folded before Flop (didn't bet)
Seat 4: IREQO folded before Flop (didn't bet)
Seat 5: nikalas22 (button) folded before Flop (didn't bet)
Seat 6: franbasualdo10 (small blind) folded before Flop



PokerStars Hand #254194111137:  Hold'em No Limit ($0.50/$1.00 USD) - 2025/01/04 19:06:28 WET [2025/01/04 14:06:28 ET]
Table 'Lorbach II' 6-max Seat #1 is the button
Seat 4: IREQO ($100 in chips) is sitting out
Seat 1: Twistenko ($103 in chips) 
Seat 6: franbasualdo10 ($16.23 in chips) 
Twistenko: posts small blind $0.50
IREQO: is sitting out 
franbasualdo10: posts big blind $1
*** HOLE CARDS ***
Twistenko: raises $2 to $3
franbasualdo10: calls $2
*** FLOP *** [5h 8s 6d]
franbasualdo10: checks 
Twistenko: bets $1.88
franbasualdo10: calls $1.88
*** TURN *** [5h 8s 6d] [9d]
franbasualdo10: checks 
Twistenko: checks 
*** RIVER *** [5h 8s 6d 9d] [3s]
franbasualdo10: bets $5
Twistenko: folds 
Uncalled bet ($5) returned to franbasualdo10
franbasualdo10 collected $9.27 from pot
franbasualdo10: doesn't show hand 
*** SUMMARY ***
Total pot $9.76 | Rake $0.49 
Board [5h 8s 6d 9d 3s]
Seat 4: IREQO
Seat 1: Twistenko (button) (small blind) folded on the River
Seat 6: franbasualdo10 (big blind) collected ($9.27)



PokerStars Hand #254194119739:  Hold'em No Limit ($0.50/$1.00 USD) - 2025/01/04 19:06:53 WET [2025/01/04 14:06:53 ET]
Table 'Lorbach II' 6-max Seat #6 is the button
Seat 4: IREQO ($100 in chips) is sitting out
Seat 1: Twistenko ($100 in chips) 
Seat 6: franbasualdo10 ($20.62 in chips) 
franbasualdo10: posts small blind $0.50
Twistenko: posts big blind $1
*** HOLE CARDS ***
franbasualdo10: raises $1 to $2
IREQO leaves the table
Twistenko: folds 
Uncalled bet ($1) returned to franbasualdo10
franbasualdo10 collected $2 from pot
BoyLoc0 joins the table at seat #2 
*** SUMMARY ***
Total pot $2 | Rake $0 
Seat 4: IREQO
Seat 1: Twistenko (big blind) folded before Flop
Seat 6: franbasualdo10 (button) (small blind) collected ($2)



PokerStars Hand #254194123585:  Hold'em No Limit ($0.50/$1.00 USD) - 2025/01/04 19:07:03 WET [2025/01/04 14:07:03 ET]
Table 'Lorbach II' 6-max Seat #6 is the button
Seat 1: Twistenko ($100 in chips) 
Seat 2: BoyLoc0 ($239.82 in chips) 
Seat 6: franbasualdo10 ($21.62 in chips) 
Twistenko: posts small blind $0.50
BoyLoc0: posts big blind $1
*** HOLE CARDS ***
franbasualdo10: raises $1 to $2
Twistenko: folds 
Harry6921 joins the table at seat #3 
Harry6921 is disconnected 
BoyLoc0: folds 
Uncalled bet ($1) returned to franbasualdo10
franbasualdo10 collected $2.50 from pot
b2k-Snick joins the table at seat #4 
*** SUMMARY ***
Total pot $2.50 | Rake $0 
Seat 1: Twistenko (small blind) folded before Flop
Seat 2: BoyLoc0 (big blind) folded before Flop
Seat 6: franbasualdo10 (button) collected ($2.50)



PokerStars Hand #254194129153:  Hold'em No Limit ($0.50/$1.00 USD) - 2025/01/04 19:07:19 WET [2025/01/04 14:07:19 ET]
Table 'Lorbach II' 6-max Seat #1 is the button
Seat 4: b2k-Snick ($100 in chips) is sitting out
Seat 1: Twistenko ($100 in chips) 
Seat 2: BoyLoc0 ($238.82 in chips) 
Seat 3: Harry6921 ($100 in chips) 
Seat 6: franbasualdo10 ($23.12 in chips) 
BoyLoc0: posts small blind $0.50
Harry6921: posts big blind $1
b2k-Snick: sits out 
*** HOLE CARDS ***
franbasualdo10: folds 
IREQO joins the table at seat #5 
Twistenko: folds 
BoyLoc0: raises $2 to $3
Harry6921: calls $2
*** FLOP *** [3c 7s Qh]
BoyLoc0: bets $4.28
Harry6921: folds 
Uncalled bet ($4.28) returned to BoyLoc0
BoyLoc0 collected $5.70 from pot
BoyLoc0: doesn't show hand 
*** SUMMARY ***
Total pot $6 | Rake $0.30 
Board [3c 7s Qh]
Seat 4: b2k-Snick
Seat 1: Twistenko (button) folded before Flop (didn't bet)
Seat 2: BoyLoc0 (small blind) collected ($5.70)
Seat 3: Harry6921 (big blind) folded on the Flop
Seat 6: franbasualdo10 folded before Flop (didn't bet)



PokerStars Hand #254194137664:  Hold'em No Limit ($0.50/$1.00 USD) - 2025/01/04 19:07:44 WET [2025/01/04 14:07:44 ET]
Table 'Lorbach II' 6-max Seat #2 is the button
Seat 5: IREQO ($100 in chips) is sitting out
Seat 1: Twistenko ($100 in chips) 
Seat 2: BoyLoc0 ($241.52 in chips) 
Seat 3: Harry6921 ($97 in chips) 
Seat 4: b2k-Snick ($100 in chips) 
Seat 6: franbasualdo10 ($23.12 in chips) 
Harry6921: posts small blind $0.50
b2k-Snick: posts big blind $1
IREQO: sits out 
*** HOLE CARDS ***
franbasualdo10: folds 
Twistenko: raises $1.50 to $2.50
BoyLoc0: raises $5 to $7.50
Harry6921: folds 
b2k-Snick: folds 
Twistenko: folds 
Uncalled bet ($5) returned to BoyLoc0
BoyLoc0 collected $6.50 from pot
BoyLoc0: doesn't show hand 
*** SUMMARY ***
Total pot $6.50 | Rake $0 
Seat 5: IREQO
Seat 1: Twistenko folded before Flop
Seat 2: BoyLoc0 (button) collected ($6.50)
Seat 3: Harry6921 (small blind) folded before Flop
Seat 4: b2k-Snick (big blind) folded before Flop
Seat 6: franbasualdo10 folded before Flop (didn't bet)



PokerStars Hand #254194143459:  Hold'em No Limit ($0.50/$1.00 USD) - 2025/01/04 19:08:00 WET [2025/01/04 14:08:00 ET]
Table 'Lorbach II' 6-max Seat #3 is the button
Seat 1: Twistenko ($100 in chips) 
Seat 2: BoyLoc0 ($245.52 in chips) 
Seat 3: Harry6921 ($96.50 in chips) 
Seat 4: b2k-Snick ($100 in chips) 
Seat 5: IREQO ($100 in chips) 
Seat 6: franbasualdo10 ($23.12 in chips) 
b2k-Snick: posts small blind $0.50
IREQO: posts big blind $1
*** HOLE CARDS ***
franbasualdo10: calls $1
Twistenko: folds 
BoyLoc0: raises $3 to $4
Harry6921: folds 
b2k-Snick: folds 
IREQO: folds 
franbasualdo10: calls $3
*** FLOP *** [9s 8s Jh]
franbasualdo10: checks 
BoyLoc0: checks 
*** TURN *** [9s 8s Jh] [4h]
franbasualdo10: bets $3
BoyLoc0: calls $3
*** RIVER *** [9s 8s Jh 4h] [5c]
franbasualdo10: bets $5
BoyLoc0: folds 
Uncalled bet ($5) returned to franbasualdo10
franbasualdo10 collected $14.72 from pot
*** SUMMARY ***
Total pot $15.50 | Rake $0.78 
Board [9s 8s Jh 4h 5c]
Seat 1: Twistenko folded before Flop (didn't bet)
Seat 2: BoyLoc0 folded on the River
Seat 3: Harry6921 (button) folded before Flop (didn't bet)
Seat 4: b2k-Snick (small blind) folded before Flop
Seat 5: IREQO (big blind) folded before Flop
Seat 6: franbasualdo10 collected ($14.72)



PokerStars Hand #254194163624:  Hold'em No Limit ($0.50/$1.00 USD) - 2025/01/04 19:08:58 WET [2025/01/04 14:08:58 ET]
Table 'Lorbach II' 6-max Seat #4 is the button
Seat 1: Twistenko ($100 in chips) 
Seat 2: BoyLoc0 ($238.52 in chips) 
Seat 3: Harry6921 ($96.50 in chips) 
Seat 4: b2k-Snick ($100 in chips) 
Seat 5: IREQO ($100 in chips) 
Seat 6: franbasualdo10 ($30.84 in chips) 
IREQO: posts small blind $0.50
franbasualdo10: posts big blind $1
*** HOLE CARDS ***
Twistenko: folds 
BoyLoc0: folds 
Harry6921: raises $2 to $3
b2k-Snick: folds 
IREQO: folds 
franbasualdo10: folds 
Uncalled bet ($2) returned to Harry6921
Harry6921 collected $2.50 from pot
*** SUMMARY ***
Total pot $2.50 | Rake $0 
Seat 1: Twistenko folded before Flop (didn't bet)
Seat 2: BoyLoc0 folded before Flop (didn't bet)
Seat 3: Harry6921 collected ($2.50)
Seat 4: b2k-Snick (button) folded before Flop (didn't bet)
Seat 5: IREQO (small blind) folded before Flop
Seat 6: franbasualdo10 (big blind) folded before Flop



PokerStars Hand #254194169422:  Hold'em No Limit ($0.50/$1.00 USD) - 2025/01/04 19:09:15 WET [2025/01/04 14:09:15 ET]
Table 'Lorbach II' 6-max Seat #5 is the button
Seat 1: Twistenko ($100 in chips) 
Seat 2: BoyLoc0 ($238.52 in chips) 
Seat 3: Harry6921 ($98 in chips) 
Seat 4: b2k-Snick ($100 in chips) 
Seat 5: IREQO ($100 in chips) 
Seat 6: franbasualdo10 ($29.84 in chips) 
franbasualdo10: posts small blind $0.50
Twistenko: posts big blind $1
*** HOLE CARDS ***
BoyLoc0: folds 
Harry6921: raises $2 to $3
b2k-Snick: folds 
IREQO: folds 
franbasualdo10: folds 
Twistenko: folds 
Uncalled bet ($2) returned to Harry6921
Harry6921 collected $2.50 from pot
*** SUMMARY ***
Total pot $2.50 | Rake $0 
Seat 1: Twistenko (big blind) folded before Flop
Seat 2: BoyLoc0 folded before Flop (didn't bet)
Seat 3: Harry6921 collected ($2.50)
Seat 4: b2k-Snick folded before Flop (didn't bet)
Seat 5: IREQO (button) folded before Flop (didn't bet)
Seat 6: franbasualdo10 (small blind) folded before Flop



PokerStars Hand #254194176879:  Hold'em No Limit ($0.50/$1.00 USD) - 2025/01/04 19:09:36 WET [2025/01/04 14:09:36 ET]
Table 'Lorbach II' 6-max Seat #6 is the button
Seat 1: Twistenko ($100 in chips) 
Seat 2: BoyLoc0 ($238.52 in chips) 
Seat 3: Harry6921 ($99.50 in chips) 
Seat 4: b2k-Snick ($100 in chips) 
Seat 5: IREQO ($100 in chips) 
Seat 6: franbasualdo10 ($29.34 in chips) 
Twistenko: posts small blind $0.50
BoyLoc0: posts big blind $1
*** HOLE CARDS ***
Harry6921: raises $2 to $3
b2k-Snick: folds 
IREQO: folds 
franbasualdo10: folds 
Twistenko: calls $2.50
BoyLoc0: folds 
*** FLOP *** [8s 2s 8h]
Twistenko: checks 
Harry6921: checks 
*** TURN *** [8s 2s 8h] [Ts]
Twistenko: checks 
Harry6921: bets $3
Twistenko: folds 
Uncalled bet ($3) returned to Harry6921
Harry6921 collected $6.65 from pot
*** SUMMARY ***
Total pot $7 | Rake $0.35 
Board [8s 2s 8h Ts]
Seat 1: Twistenko (small blind) folded on the Turn
Seat 2: BoyLoc0 (big blind) folded before Flop
Seat 3: Harry6921 collected ($6.65)
Seat 4: b2k-Snick folded before Flop (didn't bet)
Seat 5: IREQO folded before Flop (didn't bet)
Seat 6: franbasualdo10 (button) folded before Flop (didn't bet)



PokerStars Hand #254194208104:  Hold'em No Limit ($0.50/$1.00 USD) - 2025/01/04 19:11:07 WET [2025/01/04 14:11:07 ET]
Table 'Lorbach II' 6-max Seat #1 is the button
Seat 1: Twistenko ($100 in chips) 
Seat 2: BoyLoc0 ($237.52 in chips) 
Seat 3: Harry6921 ($103.15 in chips) 
Seat 4: b2k-Snick ($100 in chips) 
Seat 5: IREQO ($100 in chips) 
Seat 6: franbasualdo10 ($29.34 in chips) 
BoyLoc0: posts small blind $0.50
Harry6921: posts big blind $1
*** HOLE CARDS ***
b2k-Snick: folds 
IREQO: folds 
franbasualdo10: folds 
Twistenko: folds 
BoyLoc0: raises $2 to $3
Harry6921: calls $2
*** FLOP *** [Kd 3s 4s]
BoyLoc0: bets $1.88
Harry6921: calls $1.88
*** TURN *** [Kd 3s 4s] [2s]
BoyLoc0: checks 
Harry6921: bets $6
BoyLoc0: calls $6
*** RIVER *** [Kd 3s 4s 2s] [Ts]
BoyLoc0: checks 
Harry6921: checks 
*** SHOW DOWN ***
BoyLoc0: shows [9s Kh] (a flush, Ten high)
Harry6921: mucks hand 
BoyLoc0 collected $20.67 from pot
*** SUMMARY ***
Total pot $21.76 | Rake $1.09 
Board [Kd 3s 4s 2s Ts]
Seat 1: Twistenko (button) folded before Flop (didn't bet)
Seat 2: BoyLoc0 (small blind) showed [9s Kh] and won ($20.67) with a flush, Ten high
Seat 3: Harry6921 (big blind) mucked
Seat 4: b2k-Snick folded before Flop (didn't bet)
Seat 5: IREQO folded before Flop (didn't bet)
Seat 6: franbasualdo10 folded before Flop (didn't bet)



PokerStars Hand #254194226603:  Hold'em No Limit ($0.50/$1.00 USD) - 2025/01/04 19:12:00 WET [2025/01/04 14:12:00 ET]
Table 'Lorbach II' 6-max Seat #2 is the button
Seat 6: franbasualdo10 ($29.34 in chips) is sitting out
Seat 1: Twistenko ($100 in chips) 
Seat 2: BoyLoc0 ($247.31 in chips) 
Seat 3: Harry6921 ($92.27 in chips) 
Seat 4: b2k-Snick ($100 in chips) 
Seat 5: IREQO ($100 in chips) 
Harry6921: posts small blind $0.50
b2k-Snick: posts big blind $1
*** HOLE CARDS ***
IREQO: folds 
Twistenko: folds 
BoyLoc0: folds 
Harry6921: raises $1 to $2
b2k-Snick: calls $1
*** FLOP *** [Ad Tc 4s]
Harry6921: bets $2
b2k-Snick: calls $2
*** TURN *** [Ad Tc 4s] [5s]
Harry6921: bets $5
b2k-Snick: calls $5
*** RIVER *** [Ad Tc 4s 5s] [2h]
Harry6921: bets $14
b2k-Snick: folds 
Uncalled bet ($14) returned to Harry6921
Harry6921 collected $17.10 from pot
*** SUMMARY ***
Total pot $18 | Rake $0.90 
Board [Ad Tc 4s 5s 2h]
Seat 6: franbasualdo10
Seat 1: Twistenko folded before Flop (didn't bet)
Seat 2: BoyLoc0 (button) folded before Flop (didn't bet)
Seat 3: Harry6921 (small blind) collected ($17.10)
Seat 4: b2k-Snick (big blind) folded on the River
Seat 5: IREQO folded before Flop (didn't bet)



PokerStars Hand #254194248638:  Hold'em No Limit ($0.50/$1.00 USD) - 2025/01/04 19:13:03 WET [2025/01/04 14:13:03 ET]
Table 'Lorbach II' 6-max Seat #3 is the button
Seat 6: franbasualdo10 ($29.34 in chips) is sitting out
Seat 1: Twistenko ($100 in chips) 
Seat 2: BoyLoc0 ($247.31 in chips) 
Seat 3: Harry6921 ($100.37 in chips) 
Seat 4: b2k-Snick ($100 in chips) 
Seat 5: IREQO ($100 in chips) 
b2k-Snick: posts small blind $0.50
IREQO: posts big blind $1
*** HOLE CARDS ***
Twistenko: raises $1.50 to $2.50
BoyLoc0: folds 
Harry6921: calls $2.50
b2k-Snick: folds 
IREQO: folds 
*** FLOP *** [2s Td Kc]
Twistenko: bets $2.04
Harry6921: calls $2.04
*** TURN *** [2s Td Kc] [7s]
Twistenko: checks 
Harry6921: checks 
*** RIVER *** [2s Td Kc 7s] [4c]
Twistenko: checks 
Harry6921: checks 
*** SHOW DOWN ***
Twistenko: shows [8d Jd] (high card King)
Harry6921: shows [9h Ts] (a pair of Tens)
Harry6921 collected $10.05 from pot
*** SUMMARY ***
Total pot $10.58 | Rake $0.53 
Board [2s Td Kc 7s 4c]
Seat 6: franbasualdo10
Seat 1: Twistenko showed [8d Jd] and lost with high card King
Seat 2: BoyLoc0 folded before Flop (didn't bet)
Seat 3: Harry6921 (button) showed [9h Ts] and won ($10.05) with a pair of Tens
Seat 4: b2k-Snick (small blind) folded before Flop
Seat 5: IREQO (big blind) folded before Flop



PokerStars Hand #254194273155:  Hold'em No Limit ($0.50/$1.00 USD) - 2025/01/04 19:14:15 WET [2025/01/04 14:14:15 ET]
Table 'Lorbach II' 6-max Seat #4 is the button
Seat 6: franbasualdo10 ($29.34 in chips) is sitting out
Seat 1: Twistenko ($100 in chips) 
Seat 2: BoyLoc0 ($247.31 in chips) 
Seat 3: Harry6921 ($105.88 in chips) 
Seat 4: b2k-Snick ($100 in chips) 
Seat 5: IREQO ($100 in chips) 
IREQO: posts small blind $0.50
Twistenko: posts big blind $1
*** HOLE CARDS ***
BoyLoc0: raises $1.50 to $2.50
Harry6921: folds 
b2k-Snick: folds 
IREQO: folds 
Twistenko: folds 
Uncalled bet ($1.50) returned to BoyLoc0
BoyLoc0 collected $2.50 from pot
BoyLoc0: doesn't show hand 
*** SUMMARY ***
Total pot $2.50 | Rake $0 
Seat 6: franbasualdo10
Seat 1: Twistenko (big blind) folded before Flop
Seat 2: BoyLoc0 collected ($2.50)
Seat 3: Harry6921 folded before Flop (didn't bet)
Seat 4: b2k-Snick (button) folded before Flop (didn't bet)
Seat 5: IREQO (small blind) folded before Flop



PokerStars Hand #254194278821:  Hold'em No Limit ($0.50/$1.00 USD) - 2025/01/04 19:14:32 WET [2025/01/04 14:14:32 ET]
Table 'Lorbach II' 6-max Seat #5 is the button
Seat 6: franbasualdo10 ($29.34 in chips) is sitting out
Seat 1: Twistenko ($100 in chips) 
Seat 2: BoyLoc0 ($248.81 in chips) 
Seat 3: Harry6921 ($105.88 in chips) 
Seat 4: b2k-Snick ($100 in chips) 
Seat 5: IREQO ($100 in chips) 
Twistenko: posts small blind $0.50
BoyLoc0: posts big blind $1
*** HOLE CARDS ***
Harry6921: folds 
b2k-Snick: folds 
IREQO: raises $1.50 to $2.50
Twistenko: folds 
BoyLoc0: folds 
Uncalled bet ($1.50) returned to IREQO
IREQO collected $2.50 from pot
IREQO: doesn't show hand 
*** SUMMARY ***
Total pot $2.50 | Rake $0 
Seat 6: franbasualdo10
Seat 1: Twistenko (small blind) folded before Flop
Seat 2: BoyLoc0 (big blind) folded before Flop
Seat 3: Harry6921 folded before Flop (didn't bet)
Seat 4: b2k-Snick folded before Flop (didn't bet)
Seat 5: IREQO (button) collected ($2.50)



PokerStars Hand #254194285319:  Hold'em No Limit ($0.50/$1.00 USD) - 2025/01/04 19:14:50 WET [2025/01/04 14:14:50 ET]
Table 'Lorbach II' 6-max Seat #1 is the button
Seat 6: franbasualdo10 ($29.34 in chips) is sitting out
Seat 1: Twistenko ($100 in chips) 
Seat 2: BoyLoc0 ($247.81 in chips) 
Seat 3: Harry6921 ($105.88 in chips) 
Seat 4: b2k-Snick ($100 in chips) 
Seat 5: IREQO ($101.50 in chips) 
BoyLoc0: posts small blind $0.50
Harry6921: posts big blind $1
*** HOLE CARDS ***
b2k-Snick: folds 
IREQO: folds 
Twistenko: raises $2 to $3
BoyLoc0: folds 
Harry6921: folds 
Uncalled bet ($2) returned to Twistenko
Twistenko collected $2.50 from pot
Twistenko: doesn't show hand 
*** SUMMARY ***
Total pot $2.50 | Rake $0 
Seat 6: franbasualdo10
Seat 1: Twistenko (button) collected ($2.50)
Seat 2: BoyLoc0 (small blind) folded before Flop
Seat 3: Harry6921 (big blind) folded before Flop
Seat 4: b2k-Snick folded before Flop (didn't bet)
Seat 5: IREQO folded before Flop (didn't bet)



PokerStars Hand #254194291295:  Hold'em No Limit ($0.50/$1.00 USD) - 2025/01/04 19:15:08 WET [2025/01/04 14:15:08 ET]
Table 'Lorbach II' 6-max Seat #2 is the button
Seat 1: Twistenko ($101.50 in chips) 
Seat 2: BoyLoc0 ($247.31 in chips) 
Seat 3: Harry6921 ($104.88 in chips) 
Seat 4: b2k-Snick ($100 in chips) 
Seat 5: IREQO ($101.50 in chips) 
Seat 6: franbasualdo10 ($29.34 in chips) 
Harry6921: posts small blind $0.50
b2k-Snick: posts big blind $1
franbasualdo10: posts small & big blinds $1.50
*** HOLE CARDS ***
IREQO: folds 
franbasualdo10: checks 
Twistenko: folds 
BoyLoc0: folds 
Harry6921: raises $3 to $4
b2k-Snick: folds 
franbasualdo10: folds 
Uncalled bet ($3) returned to Harry6921
Harry6921 collected $3.50 from pot
*** SUMMARY ***
Total pot $3.50 | Rake $0 
Seat 1: Twistenko folded before Flop (didn't bet)
Seat 2: BoyLoc0 (button) folded before Flop (didn't bet)
Seat 3: Harry6921 (small blind) collected ($3.50)
Seat 4: b2k-Snick (big blind) folded before Flop
Seat 5: IREQO folded before Flop (didn't bet)
Seat 6: franbasualdo10 folded before Flop (didn't bet)



PokerStars Hand #254194299006:  Hold'em No Limit ($0.50/$1.00 USD) - 2025/01/04 19:15:30 WET [2025/01/04 14:15:30 ET]
Table 'Lorbach II' 6-max Seat #3 is the button
Seat 1: Twistenko ($101.50 in chips) 
Seat 2: BoyLoc0 ($247.31 in chips) 
Seat 3: Harry6921 ($107.38 in chips) 
Seat 4: b2k-Snick ($100 in chips) 
Seat 5: IREQO ($101.50 in chips) 
Seat 6: franbasualdo10 ($27.84 in chips) 
b2k-Snick: posts small blind $0.50
IREQO: posts big blind $1
*** HOLE CARDS ***
franbasualdo10: folds 
Twistenko: folds 
BoyLoc0: folds 
Harry6921: raises $2 to $3
b2k-Snick: raises $8 to $11
IREQO: folds 
Harry6921: calls $8
*** FLOP *** [8s Ks 5s]
b2k-Snick: bets $7.21
Harry6921: calls $7.21
*** TURN *** [8s Ks 5s] [Th]
b2k-Snick: bets $29.50
Harry6921: folds 
Uncalled bet ($29.50) returned to b2k-Snick
b2k-Snick collected $35.55 from pot
b2k-Snick: doesn't show hand 
*** SUMMARY ***
Total pot $37.42 | Rake $1.87 
Board [8s Ks 5s Th]
Seat 1: Twistenko folded before Flop (didn't bet)
Seat 2: BoyLoc0 folded before Flop (didn't bet)
Seat 3: Harry6921 (button) folded on the Turn
Seat 4: b2k-Snick (small blind) collected ($35.55)
Seat 5: IREQO (big blind) folded before Flop
Seat 6: franbasualdo10 folded before Flop (didn't bet)



PokerStars Hand #254194328664:  Hold'em No Limit ($0.50/$1.00 USD) - 2025/01/04 19:16:56 WET [2025/01/04 14:16:56 ET]
Table 'Lorbach II' 6-max Seat #4 is the button
Seat 1: Twistenko ($101.50 in chips) 
Seat 2: BoyLoc0 ($247.31 in chips) 
Seat 3: Harry6921 ($89.17 in chips) 
Seat 4: b2k-Snick ($117.34 in chips) 
Seat 5: IREQO ($100.50 in chips) 
Seat 6: franbasualdo10 ($27.84 in chips) 
IREQO: posts small blind $0.50
franbasualdo10: posts big blind $1
*** HOLE CARDS ***
Twistenko: folds 
BoyLoc0: folds 
Harry6921: raises $2 to $3
b2k-Snick: folds 
IREQO: folds 
franbasualdo10: folds 
Uncalled bet ($2) returned to Harry6921
Harry6921 collected $2.50 from pot
*** SUMMARY ***
Total pot $2.50 | Rake $0 
Seat 1: Twistenko folded before Flop (didn't bet)
Seat 2: BoyLoc0 folded before Flop (didn't bet)
Seat 3: Harry6921 collected ($2.50)
Seat 4: b2k-Snick (button) folded before Flop (didn't bet)
Seat 5: IREQO (small blind) folded before Flop
Seat 6: franbasualdo10 (big blind) folded before Flop



PokerStars Hand #254194336747:  Hold'em No Limit ($0.50/$1.00 USD) - 2025/01/04 19:17:20 WET [2025/01/04 14:17:20 ET]
Table 'Lorbach II' 6-max Seat #5 is the button
Seat 1: Twistenko ($101.50 in chips) 
Seat 2: BoyLoc0 ($247.31 in chips) 
Seat 3: Harry6921 ($90.67 in chips) 
Seat 4: b2k-Snick ($117.34 in chips) 
Seat 5: IREQO ($100 in chips) 
Seat 6: franbasualdo10 ($26.84 in chips) 
franbasualdo10: posts small blind $0.50
Twistenko: posts big blind $1
*** HOLE CARDS ***
BoyLoc0: folds 
Harry6921: folds 
b2k-Snick: raises $1.50 to $2.50
IREQO: folds 
franbasualdo10: calls $2
Twistenko: folds 
*** FLOP *** [Jc 4c 5c]
franbasualdo10: checks 
b2k-Snick: checks 
*** TURN *** [Jc 4c 5c] [5d]
franbasualdo10: checks 
b2k-Snick: checks 
*** RIVER *** [Jc 4c 5c 5d] [4h]
franbasualdo10: checks 
b2k-Snick: checks 
*** SHOW DOWN ***
franbasualdo10: shows [9d Td] (two pair, Fives and Fours)
b2k-Snick: shows [Kh Ts] (two pair, Fives and Fours - King kicker)
b2k-Snick collected $5.70 from pot
*** SUMMARY ***
Total pot $6 | Rake $0.30 
Board [Jc 4c 5c 5d 4h]
Seat 1: Twistenko (big blind) folded before Flop
Seat 2: BoyLoc0 folded before Flop (didn't bet)
Seat 3: Harry6921 folded before Flop (didn't bet)
Seat 4: b2k-Snick showed [Kh Ts] and won ($5.70) with two pair, Fives and Fours
Seat 5: IREQO (button) folded before Flop (didn't bet)
Seat 6: franbasualdo10 (small blind) showed [9d Td] and lost with two pair, Fives and Fours



PokerStars Hand #254194351419:  Hold'em No Limit ($0.50/$1.00 USD) - 2025/01/04 19:18:03 WET [2025/01/04 14:18:03 ET]
Table 'Lorbach II' 6-max Seat #6 is the button
Seat 1: Twistenko ($100.50 in chips) 
Seat 2: BoyLoc0 ($247.31 in chips) 
Seat 3: Harry6921 ($90.67 in chips) 
Seat 4: b2k-Snick ($120.54 in chips) 
Seat 5: IREQO ($100 in chips) 
Seat 6: franbasualdo10 ($24.34 in chips) 
Twistenko: posts small blind $0.50
BoyLoc0: posts big blind $1
*** HOLE CARDS ***
Harry6921: raises $2 to $3
b2k-Snick: folds 
IREQO: folds 
franbasualdo10: calls $3
Twistenko: raises $12 to $15
BoyLoc0: folds 
Harry6921: raises $18 to $33
franbasualdo10: folds 
Twistenko: raises $67.50 to $100.50 and is all-in
Harry6921: folds 
Uncalled bet ($67.50) returned to Twistenko
Twistenko collected $70 from pot
Twistenko: doesn't show hand 
*** SUMMARY ***
Total pot $70 | Rake $0 
Seat 1: Twistenko (small blind) collected ($70)
Seat 2: BoyLoc0 (big blind) folded before Flop
Seat 3: Harry6921 folded before Flop
Seat 4: b2k-Snick folded before Flop (didn't bet)
Seat 5: IREQO folded before Flop (didn't bet)
Seat 6: franbasualdo10 (button) folded before Flop



PokerStars Hand #254194369982:  Hold'em No Limit ($0.50/$1.00 USD) - 2025/01/04 19:18:57 WET [2025/01/04 14:18:57 ET]
Table 'Lorbach II' 6-max Seat #1 is the button
Seat 1: Twistenko ($137.50 in chips) 
Seat 2: BoyLoc0 ($246.31 in chips) 
Seat 3: Harry6921 ($57.67 in chips) 
Seat 4: b2k-Snick ($120.54 in chips) 
Seat 5: IREQO ($100 in chips) 
Seat 6: franbasualdo10 ($21.34 in chips) 
BoyLoc0: posts small blind $0.50
Harry6921: posts big blind $1
*** HOLE CARDS ***
b2k-Snick: raises $1.10 to $2.10
IREQO: folds 
franbasualdo10: folds 
Twistenko: calls $2.10
BoyLoc0: folds 
Harry6921: calls $1.10
*** FLOP *** [Js 9h 2s]
Harry6921: checks 
b2k-Snick: checks 
Twistenko: bets $2.13
Harry6921: calls $2.13
b2k-Snick: folds 
*** TURN *** [Js 9h 2s] [9s]
Harry6921: checks 
Twistenko: checks 
*** RIVER *** [Js 9h 2s 9s] [Jc]
Harry6921: checks 
Twistenko: checks 
*** SHOW DOWN ***
Harry6921: shows [Ts Ks] (a flush, King high)
Twistenko: mucks hand 
Harry6921 collected $10.51 from pot
*** SUMMARY ***
Total pot $11.06 | Rake $0.55 
Board [Js 9h 2s 9s Jc]
Seat 1: Twistenko (button) mucked
Seat 2: BoyLoc0 (small blind) folded before Flop
Seat 3: Harry6921 (big blind) showed [Ts Ks] and won ($10.51) with a flush, King high
Seat 4: b2k-Snick folded on the Flop
Seat 5: IREQO folded before Flop (didn't bet)
Seat 6: franbasualdo10 folded before Flop (didn't bet)



PokerStars Hand #254194389457:  Hold'em No Limit ($0.50/$1.00 USD) - 2025/01/04 19:19:54 WET [2025/01/04 14:19:54 ET]
Table 'Lorbach II' 6-max Seat #2 is the button
Seat 1: Twistenko ($133.27 in chips) 
Seat 2: BoyLoc0 ($245.81 in chips) 
Seat 3: Harry6921 ($63.95 in chips) 
Seat 4: b2k-Snick ($118.44 in chips) 
Seat 5: IREQO ($100 in chips) 
Seat 6: franbasualdo10 ($21.34 in chips) 
Harry6921: posts small blind $0.50
b2k-Snick: posts big blind $1
*** HOLE CARDS ***
IREQO: folds 
franbasualdo10: folds 
Twistenko: folds 
BoyLoc0: folds 
Harry6921: folds 
Uncalled bet ($0.50) returned to b2k-Snick
b2k-Snick collected $1 from pot
b2k-Snick: doesn't show hand 
*** SUMMARY ***
Total pot $1 | Rake $0 
Seat 1: Twistenko folded before Flop (didn't bet)
Seat 2: BoyLoc0 (button) folded before Flop (didn't bet)
Seat 3: Harry6921 (small blind) folded before Flop
Seat 4: b2k-Snick (big blind) collected ($1)
Seat 5: IREQO folded before Flop (didn't bet)
Seat 6: franbasualdo10 folded before Flop (didn't bet)



PokerStars Hand #254194393218:  Hold'em No Limit ($0.50/$1.00 USD) - 2025/01/04 19:20:05 WET [2025/01/04 14:20:05 ET]
Table 'Lorbach II' 6-max Seat #3 is the button
Seat 1: Twistenko ($133.27 in chips) 
Seat 2: BoyLoc0 ($245.81 in chips) 
Seat 3: Harry6921 ($63.45 in chips) 
Seat 4: b2k-Snick ($118.94 in chips) 
Seat 5: IREQO ($100 in chips) 
Seat 6: franbasualdo10 ($21.34 in chips) 
b2k-Snick: posts small blind $0.50
IREQO: posts big blind $1
*** HOLE CARDS ***
franbasualdo10: folds 
Twistenko: folds 
BoyLoc0: raises $1.50 to $2.50
Harry6921: folds 
b2k-Snick: folds 
IREQO: folds 
Uncalled bet ($1.50) returned to BoyLoc0
BoyLoc0 collected $2.50 from pot
BoyLoc0: doesn't show hand 
*** SUMMARY ***
Total pot $2.50 | Rake $0 
Seat 1: Twistenko folded before Flop (didn't bet)
Seat 2: BoyLoc0 collected ($2.50)
Seat 3: Harry6921 (button) folded before Flop (didn't bet)
Seat 4: b2k-Snick (small blind) folded before Flop
Seat 5: IREQO (big blind) folded before Flop
Seat 6: franbasualdo10 folded before Flop (didn't bet)



PokerStars Hand #254194398755:  Hold'em No Limit ($0.50/$1.00 USD) - 2025/01/04 19:20:22 WET [2025/01/04 14:20:22 ET]
Table 'Lorbach II' 6-max Seat #4 is the button
Seat 1: Twistenko ($133.27 in chips) 
Seat 2: BoyLoc0 ($247.31 in chips) 
Seat 3: Harry6921 ($63.45 in chips) 
Seat 4: b2k-Snick ($118.44 in chips) 
Seat 5: IREQO ($99 in chips) 
Seat 6: franbasualdo10 ($21.34 in chips) 
IREQO: posts small blind $0.50
franbasualdo10: posts big blind $1
*** HOLE CARDS ***
Twistenko: folds 
BoyLoc0: folds 
Harry6921: raises $2 to $3
b2k-Snick: folds 
IREQO: folds 
franbasualdo10: calls $2
*** FLOP *** [6s Ah 2s]
franbasualdo10: checks 
Harry6921: checks 
*** TURN *** [6s Ah 2s] [8h]
franbasualdo10: bets $2
Harry6921: calls $2
*** RIVER *** [6s Ah 2s 8h] [Ks]
franbasualdo10: checks 
Harry6921: bets $5
franbasualdo10: folds 
Uncalled bet ($5) returned to Harry6921
Harry6921 collected $9.98 from pot
*** SUMMARY ***
Total pot $10.50 | Rake $0.52 
Board [6s Ah 2s 8h Ks]
Seat 1: Twistenko folded before Flop (didn't bet)
Seat 2: BoyLoc0 folded before Flop (didn't bet)
Seat 3: Harry6921 collected ($9.98)
Seat 4: b2k-Snick (button) folded before Flop (didn't bet)
Seat 5: IREQO (small blind) folded before Flop
Seat 6: franbasualdo10 (big blind) folded on the River



PokerStars Hand #254194412215:  Hold'em No Limit ($0.50/$1.00 USD) - 2025/01/04 19:21:01 WET [2025/01/04 14:21:01 ET]
Table 'Lorbach II' 6-max Seat #5 is the button
Seat 1: Twistenko ($133.27 in chips) 
Seat 2: BoyLoc0 ($247.31 in chips) 
Seat 3: Harry6921 ($68.43 in chips) 
Seat 4: b2k-Snick ($118.44 in chips) 
Seat 5: IREQO ($100 in chips) 
Seat 6: franbasualdo10 ($16.34 in chips) 
franbasualdo10: posts small blind $0.50
Twistenko: posts big blind $1
*** HOLE CARDS ***
BoyLoc0: folds 
Harry6921: folds 
b2k-Snick: folds 
IREQO: folds 
franbasualdo10: raises $3 to $4
Twistenko: folds 
Uncalled bet ($3) returned to franbasualdo10
franbasualdo10 collected $2 from pot
*** SUMMARY ***
Total pot $2 | Rake $0 
Seat 1: Twistenko (big blind) folded before Flop
Seat 2: BoyLoc0 folded before Flop (didn't bet)
Seat 3: Harry6921 folded before Flop (didn't bet)
Seat 4: b2k-Snick folded before Flop (didn't bet)
Seat 5: IREQO (button) folded before Flop (didn't bet)
Seat 6: franbasualdo10 (small blind) collected ($2)



PokerStars Hand #254194419794:  Hold'em No Limit ($0.50/$1.00 USD) - 2025/01/04 19:21:24 WET [2025/01/04 14:21:24 ET]
Table 'Lorbach II' 6-max Seat #6 is the button
Seat 1: Twistenko ($132.27 in chips) 
Seat 2: BoyLoc0 ($247.31 in chips) 
Seat 3: Harry6921 ($68.43 in chips) 
Seat 4: b2k-Snick ($118.44 in chips) 
Seat 5: IREQO ($100 in chips) 
Seat 6: franbasualdo10 ($17.34 in chips) 
Twistenko: posts small blind $0.50
BoyLoc0: posts big blind $1
*** HOLE CARDS ***
Harry6921: raises $2 to $3
b2k-Snick: folds 
IREQO: folds 
franbasualdo10: folds 
Twistenko: folds 
BoyLoc0: folds 
Uncalled bet ($2) returned to Harry6921
Harry6921 collected $2.50 from pot
*** SUMMARY ***
Total pot $2.50 | Rake $0 
Seat 1: Twistenko (small blind) folded before Flop
Seat 2: BoyLoc0 (big blind) folded before Flop
Seat 3: Harry6921 collected ($2.50)
Seat 4: b2k-Snick folded before Flop (didn't bet)
Seat 5: IREQO folded before Flop (didn't bet)
Seat 6: franbasualdo10 (button) folded before Flop (didn't bet)



PokerStars Hand #254194424643:  Hold'em No Limit ($0.50/$1.00 USD) - 2025/01/04 19:21:39 WET [2025/01/04 14:21:39 ET]
Table 'Lorbach II' 6-max Seat #1 is the button
Seat 1: Twistenko ($131.77 in chips) 
Seat 2: BoyLoc0 ($246.31 in chips) 
Seat 3: Harry6921 ($69.93 in chips) 
Seat 4: b2k-Snick ($118.44 in chips) 
Seat 5: IREQO ($100 in chips) 
Seat 6: franbasualdo10 ($17.34 in chips) 
BoyLoc0: posts small blind $0.50
Harry6921: posts big blind $1
*** HOLE CARDS ***
b2k-Snick: folds 
IREQO: folds 
franbasualdo10: calls $1
Twistenko: raises $3 to $4
BoyLoc0: folds 
Harry6921: folds 
franbasualdo10: calls $3
*** FLOP *** [Td 9d 4h]
franbasualdo10: checks 
Twistenko: bets $6.77
franbasualdo10: calls $6.77
*** TURN *** [Td 9d 4h] [5d]
franbasualdo10: bets $6.57 and is all-in
Twistenko: calls $6.57
*** RIVER *** [Td 9d 4h 5d] [7c]
*** SHOW DOWN ***
franbasualdo10: shows [7d Jd] (a flush, Jack high)
Twistenko: shows [Ad 6d] (a flush, Ace high)
Twistenko collected $34.37 from pot
*** SUMMARY ***
Total pot $36.18 | Rake $1.81 
Board [Td 9d 4h 5d 7c]
Seat 1: Twistenko (button) showed [Ad 6d] and won ($34.37) with a flush, Ace high
Seat 2: BoyLoc0 (small blind) folded before Flop
Seat 3: Harry6921 (big blind) folded before Flop
Seat 4: b2k-Snick folded before Flop (didn't bet)
Seat 5: IREQO folded before Flop (didn't bet)
Seat 6: franbasualdo10 showed [7d Jd] and lost with a flush, Jack high



PokerStars Hand #254194440969:  Hold'em No Limit ($0.50/$1.00 USD) - 2025/01/04 19:22:27 WET [2025/01/04 14:22:27 ET]
Table 'Lorbach II' 6-max Seat #2 is the button
Seat 6: franbasualdo10 ($0 in chips) is sitting out
Seat 1: Twistenko ($148.80 in chips) 
Seat 2: BoyLoc0 ($245.81 in chips) 
Seat 3: Harry6921 ($68.93 in chips) 
Seat 4: b2k-Snick ($118.44 in chips) 
Seat 5: IREQO ($100 in chips) 
Harry6921: posts small blind $0.50
b2k-Snick: posts big blind $1
*** HOLE CARDS ***
IREQO: raises $1.50 to $2.50
Twistenko: folds 
franbasualdo10 leaves the table
BoyLoc0: raises $5 to $7.50
Harry6921: folds 
b2k-Snick: folds 
IREQO: calls $5
*** FLOP *** [5h 3d 7h]
ka100pka527 joins the table at seat #6 
IREQO: checks 
BoyLoc0: checks 
*** TURN *** [5h 3d 7h] [3h]
IREQO: bets $7.84
BoyLoc0: folds 
Uncalled bet ($7.84) returned to IREQO
IREQO collected $15.68 from pot
IREQO: doesn't show hand 
*** SUMMARY ***
Total pot $16.50 | Rake $0.82 
Board [5h 3d 7h 3h]
Seat 6: franbasualdo10
Seat 1: Twistenko folded before Flop (didn't bet)
Seat 2: BoyLoc0 (button) folded on the Turn
Seat 3: Harry6921 (small blind) folded before Flop
Seat 4: b2k-Snick (big blind) folded before Flop
Seat 5: IREQO collected ($15.68)



PokerStars Hand #254194476753:  Hold'em No Limit ($0.50/$1.00 USD) - 2025/01/04 19:24:12 WET [2025/01/04 14:24:12 ET]
Table 'Lorbach II' 6-max Seat #3 is the button
Seat 6: ka100pka527 ($100 in chips) is sitting out
Seat 1: Twistenko ($148.80 in chips) 
Seat 2: BoyLoc0 ($238.31 in chips) 
Seat 3: Harry6921 ($68.43 in chips) 
Seat 4: b2k-Snick ($117.44 in chips) 
Seat 5: IREQO ($108.18 in chips) 
b2k-Snick: posts small blind $0.50
IREQO: posts big blind $1
ka100pka527: sits out 
*** HOLE CARDS ***
Twistenko: folds 
BoyLoc0: raises $1.50 to $2.50
Harry6921: folds 
b2k-Snick: folds 
IREQO: raises $8.50 to $11
BoyLoc0: folds 
Uncalled bet ($8.50) returned to IREQO
IREQO collected $5.50 from pot
IREQO: doesn't show hand 
*** SUMMARY ***
Total pot $5.50 | Rake $0 
Seat 6: ka100pka527
Seat 1: Twistenko folded before Flop (didn't bet)
Seat 2: BoyLoc0 folded before Flop
Seat 3: Harry6921 (button) folded before Flop (didn't bet)
Seat 4: b2k-Snick (small blind) folded before Flop
Seat 5: IREQO (big blind) collected ($5.50)



PokerStars Hand #254194485942:  Hold'em No Limit ($0.50/$1.00 USD) - 2025/01/04 19:24:40 WET [2025/01/04 14:24:40 ET]
Table 'Lorbach II' 6-max Seat #4 is the button
Seat 1: Twistenko ($148.80 in chips) 
Seat 2: BoyLoc0 ($235.81 in chips) 
Seat 3: Harry6921 ($68.43 in chips) 
Seat 4: b2k-Snick ($116.94 in chips) 
Seat 5: IREQO ($111.18 in chips) 
Seat 6: ka100pka527 ($100 in chips) 
IREQO: posts small blind $0.50
ka100pka527: posts big blind $1
*** HOLE CARDS ***
Twistenko: folds 
BoyLoc0: raises $1.50 to $2.50
Harry6921: folds 
b2k-Snick: folds 
IREQO: folds 
ka100pka527: folds 
Uncalled bet ($1.50) returned to BoyLoc0
BoyLoc0 collected $2.50 from pot
BoyLoc0: doesn't show hand 
*** SUMMARY ***
Total pot $2.50 | Rake $0 
Seat 1: Twistenko folded before Flop (didn't bet)
Seat 2: BoyLoc0 collected ($2.50)
Seat 3: Harry6921 folded before Flop (didn't bet)
Seat 4: b2k-Snick (button) folded before Flop (didn't bet)
Seat 5: IREQO (small blind) folded before Flop
Seat 6: ka100pka527 (big blind) folded before Flop



PokerStars Hand #254194493892:  Hold'em No Limit ($0.50/$1.00 USD) - 2025/01/04 19:25:04 WET [2025/01/04 14:25:04 ET]
Table 'Lorbach II' 6-max Seat #5 is the button
Seat 1: Twistenko ($148.80 in chips) 
Seat 2: BoyLoc0 ($237.31 in chips) 
Seat 3: Harry6921 ($68.43 in chips) 
Seat 4: b2k-Snick ($116.94 in chips) 
Seat 5: IREQO ($110.68 in chips) 
Seat 6: ka100pka527 ($100 in chips) 
ka100pka527: posts small blind $0.50
Twistenko: posts big blind $1
*** HOLE CARDS ***
BoyLoc0: folds 
Harry6921: folds 
b2k-Snick: raises $1.50 to $2.50
IREQO: folds 
ka100pka527: folds 
Twistenko: folds 
Uncalled bet ($1.50) returned to b2k-Snick
b2k-Snick collected $2.50 from pot
b2k-Snick: doesn't show hand 
*** SUMMARY ***
Total pot $2.50 | Rake $0 
Seat 1: Twistenko (big blind) folded before Flop
Seat 2: BoyLoc0 folded before Flop (didn't bet)
Seat 3: Harry6921 folded before Flop (didn't bet)
Seat 4: b2k-Snick collected ($2.50)
Seat 5: IREQO (button) folded before Flop (didn't bet)
Seat 6: ka100pka527 (small blind) folded before Flop



PokerStars Hand #254194503020:  Hold'em No Limit ($0.50/$1.00 USD) - 2025/01/04 19:25:31 WET [2025/01/04 14:25:31 ET]
Table 'Lorbach II' 6-max Seat #6 is the button
Seat 1: Twistenko ($147.80 in chips) 
Seat 2: BoyLoc0 ($237.31 in chips) 
Seat 3: Harry6921 ($68.43 in chips) 
Seat 4: b2k-Snick ($118.44 in chips) 
Seat 5: IREQO ($110.68 in chips) 
Seat 6: ka100pka527 ($100 in chips) 
Twistenko: posts small blind $0.50
BoyLoc0: posts big blind $1
*** HOLE CARDS ***
Harry6921: folds 
b2k-Snick: folds 
IREQO: raises $1.50 to $2.50
ka100pka527: folds 
Twistenko: folds 
BoyLoc0: calls $1.50
*** FLOP *** [Qh 5d 6h]
BoyLoc0: checks 
IREQO: bets $2.61
BoyLoc0: folds 
Uncalled bet ($2.61) returned to IREQO
BoyLoc0 leaves the table
IREQO collected $5.22 from pot
IREQO: doesn't show hand 
*** SUMMARY ***
Total pot $5.50 | Rake $0.28 
Board [Qh 5d 6h]
Seat 1: Twistenko (small blind) folded before Flop
Seat 2: BoyLoc0 (big blind) folded on the Flop
Seat 3: Harry6921 folded before Flop (didn't bet)
Seat 4: b2k-Snick folded before Flop (didn't bet)
Seat 5: IREQO collected ($5.22)
Seat 6: ka100pka527 (button) folded before Flop (didn't bet)



PokerStars Hand #254194522888:  Hold'em No Limit ($0.50/$1.00 USD) - 2025/01/04 19:26:30 WET [2025/01/04 14:26:30 ET]
Table 'Lorbach II' 6-max Seat #1 is the button
Seat 1: Twistenko ($147.30 in chips) 
Seat 3: Harry6921 ($68.43 in chips) 
Seat 4: b2k-Snick ($118.44 in chips) 
Seat 5: IREQO ($113.40 in chips) 
Seat 6: ka100pka527 ($100 in chips) 
Harry6921: posts small blind $0.50
b2k-Snick: posts big blind $1
*** HOLE CARDS ***
IREQO: folds 
ka100pka527: folds 
Twistenko: raises $2 to $3
Harry6921: folds 
shootingGRID joins the table at seat #2 
b2k-Snick: folds 
Uncalled bet ($2) returned to Twistenko
Twistenko collected $2.50 from pot
Twistenko: doesn't show hand 
*** SUMMARY ***
Total pot $2.50 | Rake $0 
Seat 1: Twistenko (button) collected ($2.50)
Seat 3: Harry6921 (small blind) folded before Flop
Seat 4: b2k-Snick (big blind) folded before Flop
Seat 5: IREQO folded before Flop (didn't bet)
Seat 6: ka100pka527 folded before Flop (didn't bet)



PokerStars Hand #254194527002:  Hold'em No Limit ($0.50/$1.00 USD) - 2025/01/04 19:26:42 WET [2025/01/04 14:26:42 ET]
Table 'Lorbach II' 6-max Seat #3 is the button
Seat 2: shootingGRID ($115.46 in chips) is sitting out
Seat 1: Twistenko ($148.80 in chips) 
Seat 3: Harry6921 ($67.93 in chips) 
Seat 4: b2k-Snick ($117.44 in chips) 
Seat 5: IREQO ($113.40 in chips) 
Seat 6: ka100pka527 ($100 in chips) 
b2k-Snick: posts small blind $0.50
IREQO: posts big blind $1
shootingGRID: sits out 
*** HOLE CARDS ***
ka100pka527: folds 
Twistenko: folds 
Harry6921: raises $2 to $3
b2k-Snick: folds 
IREQO: folds 
Uncalled bet ($2) returned to Harry6921
Harry6921 collected $2.50 from pot
*** SUMMARY ***
Total pot $2.50 | Rake $0 
Seat 2: shootingGRID
Seat 1: Twistenko folded before Flop (didn't bet)
Seat 3: Harry6921 (button) collected ($2.50)
Seat 4: b2k-Snick (small blind) folded before Flop
Seat 5: IREQO (big blind) folded before Flop
Seat 6: ka100pka527 folded before Flop (didn't bet)



PokerStars Hand #254194532671:  Hold'em No Limit ($0.50/$1.00 USD) - 2025/01/04 19:26:58 WET [2025/01/04 14:26:58 ET]
Table 'Lorbach II' 6-max Seat #4 is the button
Seat 2: shootingGRID ($115.46 in chips) is sitting out
Seat 1: Twistenko ($148.80 in chips) 
Seat 3: Harry6921 ($69.43 in chips) 
Seat 4: b2k-Snick ($116.94 in chips) 
Seat 5: IREQO ($112.40 in chips) 
Seat 6: ka100pka527 ($100 in chips) 
IREQO: posts small blind $0.50
ka100pka527: posts big blind $1
shootingGRID: sits out 
*** HOLE CARDS ***
Twistenko: folds 
Harry6921: raises $2 to $3
b2k-Snick: calls $3
IREQO: folds 
ka100pka527: folds 
*** FLOP *** [Kd 9d 4c]
Harry6921: bets $3
b2k-Snick: calls $3
*** TURN *** [Kd 9d 4c] [Qd]
Harry6921: bets $8
b2k-Snick: calls $8
*** RIVER *** [Kd 9d 4c Qd] [5s]
Harry6921: bets $21
b2k-Snick: folds 
Uncalled bet ($21) returned to Harry6921
Harry6921 collected $28.02 from pot
*** SUMMARY ***
Total pot $29.50 | Rake $1.48 
Board [Kd 9d 4c Qd 5s]
Seat 2: shootingGRID
Seat 1: Twistenko folded before Flop (didn't bet)
Seat 3: Harry6921 collected ($28.02)
Seat 4: b2k-Snick (button) folded on the River
Seat 5: IREQO (small blind) folded before Flop
Seat 6: ka100pka527 (big blind) folded before Flop



PokerStars Hand #254194558995:  Hold'em No Limit ($0.50/$1.00 USD) - 2025/01/04 19:28:17 WET [2025/01/04 14:28:17 ET]
Table 'Lorbach II' 6-max Seat #5 is the button
Seat 2: shootingGRID ($115.46 in chips) is sitting out
Seat 1: Twistenko ($148.80 in chips) 
Seat 3: Harry6921 ($83.45 in chips) 
Seat 4: b2k-Snick ($102.94 in chips) 
Seat 5: IREQO ($111.90 in chips) 
Seat 6: ka100pka527 ($100 in chips) 
ka100pka527: posts small blind $0.50
Twistenko: posts big blind $1
shootingGRID: sits out 
*** HOLE CARDS ***
Harry6921: raises $2 to $3
b2k-Snick: folds 
IREQO: folds 
ka100pka527: folds 
Twistenko: folds 
Uncalled bet ($2) returned to Harry6921
Harry6921 collected $2.50 from pot
*** SUMMARY ***
Total pot $2.50 | Rake $0 
Seat 2: shootingGRID
Seat 1: Twistenko (big blind) folded before Flop
Seat 3: Harry6921 collected ($2.50)
Seat 4: b2k-Snick folded before Flop (didn't bet)
Seat 5: IREQO (button) folded before Flop (didn't bet)
Seat 6: ka100pka527 (small blind) folded before Flop



PokerStars Hand #254194565687:  Hold'em No Limit ($0.50/$1.00 USD) - 2025/01/04 19:28:37 WET [2025/01/04 14:28:37 ET]
Table 'Lorbach II' 6-max Seat #6 is the button
Seat 1: Twistenko ($147.80 in chips) 
Seat 2: shootingGRID ($115.46 in chips) 
Seat 3: Harry6921 ($84.95 in chips) 
Seat 4: b2k-Snick ($102.94 in chips) 
Seat 5: IREQO ($111.90 in chips) 
Seat 6: ka100pka527 ($100 in chips) 
Twistenko: posts small blind $0.50
shootingGRID: posts big blind $1
*** HOLE CARDS ***
Harry6921: folds 
b2k-Snick: raises $1.10 to $2.10
IREQO: folds 
ka100pka527: folds 
Twistenko: folds 
shootingGRID: folds 
Uncalled bet ($1.10) returned to b2k-Snick
b2k-Snick collected $2.50 from pot
b2k-Snick: doesn't show hand 
*** SUMMARY ***
Total pot $2.50 | Rake $0 
Seat 1: Twistenko (small blind) folded before Flop
Seat 2: shootingGRID (big blind) folded before Flop
Seat 3: Harry6921 folded before Flop (didn't bet)
Seat 4: b2k-Snick collected ($2.50)
Seat 5: IREQO folded before Flop (didn't bet)
Seat 6: ka100pka527 (button) folded before Flop (didn't bet)



PokerStars Hand #254194624871:  Hold'em No Limit ($0.50/$1.00 USD) - 2025/01/04 19:31:32 WET [2025/01/04 14:31:32 ET]
Table 'Lorbach II' 6-max Seat #4 is the button
Seat 1: Twistenko ($159.40 in chips) 
Seat 2: shootingGRID ($113.96 in chips) 
Seat 3: Harry6921 ($75.11 in chips) 
Seat 4: b2k-Snick ($101.44 in chips) 
Seat 5: IREQO ($110.90 in chips) 
Seat 6: ka100pka527 ($100 in chips) 
IREQO: posts small blind $0.50
ka100pka527: posts big blind $1
*** HOLE CARDS ***
Twistenko: folds 
shootingGRID: folds 
Harry6921: raises $2 to $3
b2k-Snick: folds 
IREQO: folds 
ka100pka527: folds 
Uncalled bet ($2) returned to Harry6921
Harry6921 collected $2.50 from pot
*** SUMMARY ***
Total pot $2.50 | Rake $0 
Seat 1: Twistenko folded before Flop (didn't bet)
Seat 2: shootingGRID folded before Flop (didn't bet)
Seat 3: Harry6921 collected ($2.50)
Seat 4: b2k-Snick (button) folded before Flop (didn't bet)
Seat 5: IREQO (small blind) folded before Flop
Seat 6: ka100pka527 (big blind) folded before Flop



PokerStars Hand #254194634609:  Hold'em No Limit ($0.50/$1.00 USD) - 2025/01/04 19:32:00 WET [2025/01/04 14:32:00 ET]
Table 'Lorbach II' 6-max Seat #5 is the button
Seat 1: Twistenko ($159.40 in chips) 
Seat 2: shootingGRID ($113.96 in chips) 
Seat 3: Harry6921 ($76.61 in chips) 
Seat 4: b2k-Snick ($101.44 in chips) 
Seat 5: IREQO ($110.40 in chips) 
Seat 6: ka100pka527 ($100 in chips) 
ka100pka527: posts small blind $0.50
Twistenko: posts big blind $1
*** HOLE CARDS ***
shootingGRID: folds 
Harry6921: raises $2 to $3
b2k-Snick: folds 
IREQO: folds 
ka100pka527: folds 
Twistenko: folds 
Uncalled bet ($2) returned to Harry6921
Harry6921 collected $2.50 from pot
*** SUMMARY ***
Total pot $2.50 | Rake $0 
Seat 1: Twistenko (big blind) folded before Flop
Seat 2: shootingGRID folded before Flop (didn't bet)
Seat 3: Harry6921 collected ($2.50)
Seat 4: b2k-Snick folded before Flop (didn't bet)
Seat 5: IREQO (button) folded before Flop (didn't bet)
Seat 6: ka100pka527 (small blind) folded before Flop



PokerStars Hand #254194647270:  Hold'em No Limit ($0.50/$1.00 USD) - 2025/01/04 19:32:37 WET [2025/01/04 14:32:37 ET]
Table 'Lorbach II' 6-max Seat #6 is the button
Seat 1: Twistenko ($158.40 in chips) 
Seat 2: shootingGRID ($113.96 in chips) 
Seat 3: Harry6921 ($78.11 in chips) 
Seat 4: b2k-Snick ($101.44 in chips) 
Seat 5: IREQO ($110.40 in chips) 
Seat 6: ka100pka527 ($100 in chips) 
Twistenko: posts small blind $0.50
shootingGRID: posts big blind $1
*** HOLE CARDS ***
Harry6921: folds 
b2k-Snick: folds 
IREQO: raises $1.50 to $2.50
ka100pka527: folds 
Twistenko: folds 
shootingGRID: folds 
Uncalled bet ($1.50) returned to IREQO
IREQO collected $2.50 from pot
IREQO: doesn't show hand 
*** SUMMARY ***
Total pot $2.50 | Rake $0 
Seat 1: Twistenko (small blind) folded before Flop
Seat 2: shootingGRID (big blind) folded before Flop
Seat 3: Harry6921 folded before Flop (didn't bet)
Seat 4: b2k-Snick folded before Flop (didn't bet)
Seat 5: IREQO collected ($2.50)
Seat 6: ka100pka527 (button) folded before Flop (didn't bet)



PokerStars Hand #254194655017:  Hold'em No Limit ($0.50/$1.00 USD) - 2025/01/04 19:33:00 WET [2025/01/04 14:33:00 ET]
Table 'Lorbach II' 6-max Seat #1 is the button
Seat 1: Twistenko ($157.90 in chips) 
Seat 2: shootingGRID ($112.96 in chips) 
Seat 3: Harry6921 ($78.11 in chips) 
Seat 4: b2k-Snick ($101.44 in chips) 
Seat 5: IREQO ($111.90 in chips) 
Seat 6: ka100pka527 ($100 in chips) 
shootingGRID: posts small blind $0.50
Harry6921: posts big blind $1
*** HOLE CARDS ***
b2k-Snick: folds 
IREQO: raises $1.50 to $2.50
ka100pka527: raises $5 to $7.50
Twistenko: folds 
shootingGRID: folds 
Harry6921: folds 
IREQO: folds 
Uncalled bet ($5) returned to ka100pka527
ka100pka527 collected $6.50 from pot
ka100pka527: doesn't show hand 
*** SUMMARY ***
Total pot $6.50 | Rake $0 
Seat 1: Twistenko (button) folded before Flop (didn't bet)
Seat 2: shootingGRID (small blind) folded before Flop
Seat 3: Harry6921 (big blind) folded before Flop
Seat 4: b2k-Snick folded before Flop (didn't bet)
Seat 5: IREQO folded before Flop
Seat 6: ka100pka527 collected ($6.50)



PokerStars Hand #254194664103:  Hold'em No Limit ($0.50/$1.00 USD) - 2025/01/04 19:33:26 WET [2025/01/04 14:33:26 ET]
Table 'Lorbach II' 6-max Seat #2 is the button
Seat 1: Twistenko ($157.90 in chips) 
Seat 2: shootingGRID ($112.46 in chips) 
Seat 3: Harry6921 ($77.11 in chips) 
Seat 4: b2k-Snick ($101.44 in chips) 
Seat 5: IREQO ($109.40 in chips) 
Seat 6: ka100pka527 ($104 in chips) 
Harry6921: posts small blind $0.50
b2k-Snick: posts big blind $1
*** HOLE CARDS ***
IREQO: folds 
ka100pka527: folds 
Twistenko: folds 
shootingGRID: folds 
Harry6921: raises $2 to $3
b2k-Snick: raises $6 to $9
Harry6921: calls $6
*** FLOP *** [4h Jh 3c]
Harry6921: checks 
b2k-Snick: bets $9.41
Harry6921: calls $9.41
*** TURN *** [4h Jh 3c] [Jd]
Harry6921: checks 
b2k-Snick: checks 
*** RIVER *** [4h Jh 3c Jd] [9c]
Harry6921: bets $10
b2k-Snick: calls $10
*** SHOW DOWN ***
Harry6921: shows [4c Kc] (two pair, Jacks and Fours)
b2k-Snick: mucks hand 
Harry6921 collected $54.32 from pot
*** SUMMARY ***
Total pot $56.82 | Rake $2.50 
Board [4h Jh 3c Jd 9c]
Seat 1: Twistenko folded before Flop (didn't bet)
Seat 2: shootingGRID (button) folded before Flop (didn't bet)
Seat 3: Harry6921 (small blind) showed [4c Kc] and won ($54.32) with two pair, Jacks and Fours
Seat 4: b2k-Snick (big blind) mucked
Seat 5: IREQO folded before Flop (didn't bet)
Seat 6: ka100pka527 folded before Flop (didn't bet)



PokerStars Hand #254194697388:  Hold'em No Limit ($0.50/$1.00 USD) - 2025/01/04 19:35:04 WET [2025/01/04 14:35:04 ET]
Table 'Lorbach II' 6-max Seat #3 is the button
Seat 1: Twistenko ($157.90 in chips) 
Seat 2: shootingGRID ($112.46 in chips) 
Seat 3: Harry6921 ($103.02 in chips) 
Seat 4: b2k-Snick ($100 in chips) 
Seat 5: IREQO ($109.40 in chips) 
Seat 6: ka100pka527 ($104 in chips) 
b2k-Snick: posts small blind $0.50
IREQO: posts big blind $1
*** HOLE CARDS ***
ka100pka527: folds 
Twistenko: raises $1.50 to $2.50
shootingGRID: folds 
Harry6921: folds 
b2k-Snick: folds 
IREQO: folds 
Uncalled bet ($1.50) returned to Twistenko
Twistenko collected $2.50 from pot
Twistenko: doesn't show hand 
*** SUMMARY ***
Total pot $2.50 | Rake $0 
Seat 1: Twistenko collected ($2.50)
Seat 2: shootingGRID folded before Flop (didn't bet)
Seat 3: Harry6921 (button) folded before Flop (didn't bet)
Seat 4: b2k-Snick (small blind) folded before Flop
Seat 5: IREQO (big blind) folded before Flop
Seat 6: ka100pka527 folded before Flop (didn't bet)



PokerStars Hand #254194705460:  Hold'em No Limit ($0.50/$1.00 USD) - 2025/01/04 19:35:28 WET [2025/01/04 14:35:28 ET]
Table 'Lorbach II' 6-max Seat #4 is the button
Seat 1: Twistenko ($159.40 in chips) 
Seat 2: shootingGRID ($112.46 in chips) 
Seat 3: Harry6921 ($103.02 in chips) 
Seat 4: b2k-Snick ($100 in chips) 
Seat 5: IREQO ($108.40 in chips) 
Seat 6: ka100pka527 ($104 in chips) 
IREQO: posts small blind $0.50
ka100pka527: posts big blind $1
*** HOLE CARDS ***
Twistenko: folds 
shootingGRID: folds 
Harry6921: folds 
b2k-Snick: folds 
IREQO: raises $1.50 to $2.50
ka100pka527: folds 
Uncalled bet ($1.50) returned to IREQO
IREQO collected $2 from pot
IREQO: doesn't show hand 
*** SUMMARY ***
Total pot $2 | Rake $0 
Seat 1: Twistenko folded before Flop (didn't bet)
Seat 2: shootingGRID folded before Flop (didn't bet)
Seat 3: Harry6921 folded before Flop (didn't bet)
Seat 4: b2k-Snick (button) folded before Flop (didn't bet)
Seat 5: IREQO (small blind) collected ($2)
Seat 6: ka100pka527 (big blind) folded before Flop



PokerStars Hand #254194713042:  Hold'em No Limit ($0.50/$1.00 USD) - 2025/01/04 19:35:51 WET [2025/01/04 14:35:51 ET]
Table 'Lorbach II' 6-max Seat #5 is the button
Seat 1: Twistenko ($159.40 in chips) 
Seat 2: shootingGRID ($112.46 in chips) 
Seat 3: Harry6921 ($103.02 in chips) 
Seat 4: b2k-Snick ($100 in chips) 
Seat 5: IREQO ($109.40 in chips) 
Seat 6: ka100pka527 ($103 in chips) 
ka100pka527: posts small blind $0.50
Twistenko: posts big blind $1
*** HOLE CARDS ***
shootingGRID: raises $1.25 to $2.25
Harry6921: folds 
b2k-Snick: folds 
IREQO: folds 
ka100pka527: folds 
Twistenko: folds 
Uncalled bet ($1.25) returned to shootingGRID
shootingGRID collected $2.50 from pot
*** SUMMARY ***
Total pot $2.50 | Rake $0 
Seat 1: Twistenko (big blind) folded before Flop
Seat 2: shootingGRID collected ($2.50)
Seat 3: Harry6921 folded before Flop (didn't bet)
Seat 4: b2k-Snick folded before Flop (didn't bet)
Seat 5: IREQO (button) folded before Flop (didn't bet)
Seat 6: ka100pka527 (small blind) folded before Flop



PokerStars Hand #254194719263:  Hold'em No Limit ($0.50/$1.00 USD) - 2025/01/04 19:36:09 WET [2025/01/04 14:36:09 ET]
Table 'Lorbach II' 6-max Seat #6 is the button
Seat 1: Twistenko ($158.40 in chips) 
Seat 2: shootingGRID ($113.96 in chips) 
Seat 3: Harry6921 ($103.02 in chips) 
Seat 4: b2k-Snick ($100 in chips) 
Seat 5: IREQO ($109.40 in chips) 
Seat 6: ka100pka527 ($102.50 in chips) 
Twistenko: posts small blind $0.50
shootingGRID: posts big blind $1
*** HOLE CARDS ***
Harry6921: raises $2 to $3
b2k-Snick: folds 
IREQO: folds 
ka100pka527: raises $6 to $9
Twistenko: folds 
shootingGRID: folds 
Harry6921: calls $6
*** FLOP *** [Jd 7d Jc]
Harry6921: checks 
ka100pka527: bets $6.11
Harry6921: calls $6.11
*** TURN *** [Jd 7d Jc] [Ad]
Harry6921: checks 
ka100pka527: checks 
*** RIVER *** [Jd 7d Jc Ad] [4h]
Harry6921: checks 
ka100pka527: bets $20.09
Harry6921: folds 
Uncalled bet ($20.09) returned to ka100pka527
ka100pka527 collected $30.13 from pot
ka100pka527: doesn't show hand 
*** SUMMARY ***
Total pot $31.72 | Rake $1.59 
Board [Jd 7d Jc Ad 4h]
Seat 1: Twistenko (small blind) folded before Flop
Seat 2: shootingGRID (big blind) folded before Flop
Seat 3: Harry6921 folded on the River
Seat 4: b2k-Snick folded before Flop (didn't bet)
Seat 5: IREQO folded before Flop (didn't bet)
Seat 6: ka100pka527 (button) collected ($30.13)



PokerStars Hand #254194742833:  Hold'em No Limit ($0.50/$1.00 USD) - 2025/01/04 19:37:19 WET [2025/01/04 14:37:19 ET]
Table 'Lorbach II' 6-max Seat #1 is the button
Seat 1: Twistenko ($157.90 in chips) 
Seat 2: shootingGRID ($112.96 in chips) 
Seat 3: Harry6921 ($87.91 in chips) 
Seat 4: b2k-Snick ($100 in chips) 
Seat 5: IREQO ($109.40 in chips) 
Seat 6: ka100pka527 ($117.52 in chips) 
shootingGRID: posts small blind $0.50
Harry6921: posts big blind $1
*** HOLE CARDS ***
b2k-Snick: raises $2 to $3
IREQO: folds 
ka100pka527: folds 
Twistenko: folds 
shootingGRID: raises $9 to $12
Harry6921: folds 
b2k-Snick: folds 
Uncalled bet ($9) returned to shootingGRID
shootingGRID collected $7 from pot
*** SUMMARY ***
Total pot $7 | Rake $0 
Seat 1: Twistenko (button) folded before Flop (didn't bet)
Seat 2: shootingGRID (small blind) collected ($7)
Seat 3: Harry6921 (big blind) folded before Flop
Seat 4: b2k-Snick folded before Flop
Seat 5: IREQO folded before Flop (didn't bet)
Seat 6: ka100pka527 folded before Flop (didn't bet)



PokerStars Hand #254194754590:  Hold'em No Limit ($0.50/$1.00 USD) - 2025/01/04 19:37:54 WET [2025/01/04 14:37:54 ET]
Table 'Lorbach II' 6-max Seat #2 is the button
Seat 1: Twistenko ($157.90 in chips) 
Seat 2: shootingGRID ($116.96 in chips) 
Seat 3: Harry6921 ($86.91 in chips) 
Seat 4: b2k-Snick ($100 in chips) 
Seat 5: IREQO ($109.40 in chips) 
Seat 6: ka100pka527 ($117.52 in chips) 
Harry6921: posts small blind $0.50
b2k-Snick: posts big blind $1
*** HOLE CARDS ***
IREQO: folds 
ka100pka527: folds 
Twistenko: folds 
shootingGRID: folds 
Harry6921: calls $0.50
b2k-Snick: raises $3 to $4
Harry6921: calls $3
*** FLOP *** [8h 5s Kc]
Harry6921: bets $4
b2k-Snick: folds 
Uncalled bet ($4) returned to Harry6921
Harry6921 collected $7.60 from pot
*** SUMMARY ***
Total pot $8 | Rake $0.40 
Board [8h 5s Kc]
Seat 1: Twistenko folded before Flop (didn't bet)
Seat 2: shootingGRID (button) folded before Flop (didn't bet)
Seat 3: Harry6921 (small blind) collected ($7.60)
Seat 4: b2k-Snick (big blind) folded on the Flop
Seat 5: IREQO folded before Flop (didn't bet)
Seat 6: ka100pka527 folded before Flop (didn't bet)



PokerStars Hand #254194766616:  Hold'em No Limit ($0.50/$1.00 USD) - 2025/01/04 19:38:30 WET [2025/01/04 14:38:30 ET]
Table 'Lorbach II' 6-max Seat #3 is the button
Seat 1: Twistenko ($157.90 in chips) 
Seat 2: shootingGRID ($116.96 in chips) 
Seat 3: Harry6921 ($90.51 in chips) 
Seat 4: b2k-Snick ($100 in chips) 
Seat 5: IREQO ($109.40 in chips) 
Seat 6: ka100pka527 ($117.52 in chips) 
b2k-Snick: posts small blind $0.50
IREQO: posts big blind $1
*** HOLE CARDS ***
ka100pka527: folds 
Twistenko: folds 
shootingGRID: raises $1.25 to $2.25
Harry6921: calls $2.25
b2k-Snick: folds 
IREQO: calls $1.25
*** FLOP *** [7s Jc 6d]
IREQO: checks 
shootingGRID: bets $2.27
Harry6921: calls $2.27
IREQO: raises $9.73 to $12
shootingGRID: folds 
Harry6921: folds 
Uncalled bet ($9.73) returned to IREQO
IREQO collected $13.36 from pot
IREQO: doesn't show hand 
*** SUMMARY ***
Total pot $14.06 | Rake $0.70 
Board [7s Jc 6d]
Seat 1: Twistenko folded before Flop (didn't bet)
Seat 2: shootingGRID folded on the Flop
Seat 3: Harry6921 (button) folded on the Flop
Seat 4: b2k-Snick (small blind) folded before Flop
Seat 5: IREQO (big blind) collected ($13.36)
Seat 6: ka100pka527 folded before Flop (didn't bet)



PokerStars Hand #254194789550:  Hold'em No Limit ($0.50/$1.00 USD) - 2025/01/04 19:39:38 WET [2025/01/04 14:39:38 ET]
Table 'Lorbach II' 6-max Seat #4 is the button
Seat 1: Twistenko ($157.90 in chips) 
Seat 2: shootingGRID ($112.44 in chips) 
Seat 3: Harry6921 ($85.99 in chips) 
Seat 4: b2k-Snick ($100 in chips) 
Seat 5: IREQO ($118.24 in chips) 
Seat 6: ka100pka527 ($117.52 in chips) 
IREQO: posts small blind $0.50
ka100pka527: posts big blind $1
*** HOLE CARDS ***
Twistenko: folds 
shootingGRID: folds 
Harry6921: raises $2 to $3
b2k-Snick: raises $6 to $9
IREQO: folds 
ka100pka527: folds 
Harry6921: calls $6
*** FLOP *** [2h 3s As]
Harry6921: checks 
b2k-Snick: bets $6.11
Harry6921: folds 
Uncalled bet ($6.11) returned to b2k-Snick
b2k-Snick collected $18.52 from pot
b2k-Snick: doesn't show hand 
*** SUMMARY ***
Total pot $19.50 | Rake $0.98 
Board [2h 3s As]
Seat 1: Twistenko folded before Flop (didn't bet)
Seat 2: shootingGRID folded before Flop (didn't bet)
Seat 3: Harry6921 folded on the Flop
Seat 4: b2k-Snick (button) collected ($18.52)
Seat 5: IREQO (small blind) folded before Flop
Seat 6: ka100pka527 (big blind) folded before Flop



PokerStars Hand #254194805408:  Hold'em No Limit ($0.50/$1.00 USD) - 2025/01/04 19:40:25 WET [2025/01/04 14:40:25 ET]
Table 'Lorbach II' 6-max Seat #5 is the button
Seat 1: Twistenko ($157.90 in chips) 
Seat 2: shootingGRID ($112.44 in chips) 
Seat 3: Harry6921 ($76.99 in chips) 
Seat 4: b2k-Snick ($109.52 in chips) 
Seat 5: IREQO ($117.74 in chips) 
Seat 6: ka100pka527 ($116.52 in chips) 
ka100pka527: posts small blind $0.50
Twistenko: posts big blind $1
*** HOLE CARDS ***
shootingGRID: raises $1.25 to $2.25
Harry6921: folds 
b2k-Snick: folds 
IREQO: folds 
ka100pka527: folds 
Twistenko: calls $1.25
*** FLOP *** [6d Js Qs]
Twistenko: checks 
shootingGRID: bets $2.38
Twistenko: raises $7.62 to $10
shootingGRID: folds 
Uncalled bet ($7.62) returned to Twistenko
Twistenko collected $9.27 from pot
Twistenko: doesn't show hand 
*** SUMMARY ***
Total pot $9.76 | Rake $0.49 
Board [6d Js Qs]
Seat 1: Twistenko (big blind) collected ($9.27)
Seat 2: shootingGRID folded on the Flop
Seat 3: Harry6921 folded before Flop (didn't bet)
Seat 4: b2k-Snick folded before Flop (didn't bet)
Seat 5: IREQO (button) folded before Flop (didn't bet)
Seat 6: ka100pka527 (small blind) folded before Flop



PokerStars Hand #254194829599:  Hold'em No Limit ($0.50/$1.00 USD) - 2025/01/04 19:41:38 WET [2025/01/04 14:41:38 ET]
Table 'Lorbach II' 6-max Seat #6 is the button
Seat 1: Twistenko ($162.54 in chips) 
Seat 2: shootingGRID ($107.81 in chips) 
Seat 3: Harry6921 ($76.99 in chips) 
Seat 4: b2k-Snick ($109.52 in chips) 
Seat 5: IREQO ($117.74 in chips) 
Seat 6: ka100pka527 ($116.02 in chips) 
Twistenko: posts small blind $0.50
shootingGRID: posts big blind $1
*** HOLE CARDS ***
Harry6921: raises $2 to $3
b2k-Snick: folds 
IREQO: folds 
ka100pka527: calls $3
Twistenko: folds 
shootingGRID: raises $10.50 to $13.50
Harry6921: calls $10.50
ka100pka527: calls $10.50
*** FLOP *** [Jh Ah 4d]
shootingGRID: bets $12.85
Harry6921: calls $12.85
ka100pka527: folds 
*** TURN *** [Jh Ah 4d] [8h]
shootingGRID: checks 
Harry6921: checks 
*** RIVER *** [Jh Ah 4d 8h] [4c]
shootingGRID: checks 
Harry6921: bets $15
shootingGRID: calls $15
*** SHOW DOWN ***
Harry6921: shows [Jd Qc] (two pair, Jacks and Fours)
shootingGRID: shows [Ts As] (two pair, Aces and Fours)
shootingGRID collected $94.20 from pot
*** SUMMARY ***
Total pot $96.70 | Rake $2.50 
Board [Jh Ah 4d 8h 4c]
Seat 1: Twistenko (small blind) folded before Flop
Seat 2: shootingGRID (big blind) showed [Ts As] and won ($94.20) with two pair, Aces and Fours
Seat 3: Harry6921 showed [Jd Qc] and lost with two pair, Jacks and Fours
Seat 4: b2k-Snick folded before Flop (didn't bet)
Seat 5: IREQO folded before Flop (didn't bet)
Seat 6: ka100pka527 (button) folded on the Flop



PokerStars Hand #254194854438:  Hold'em No Limit ($0.50/$1.00 USD) - 2025/01/04 19:42:51 WET [2025/01/04 14:42:51 ET]
Table 'Lorbach II' 6-max Seat #1 is the button
Seat 1: Twistenko ($162.04 in chips) 
Seat 2: shootingGRID ($160.66 in chips) 
Seat 3: Harry6921 ($35.64 in chips) 
Seat 4: b2k-Snick ($109.52 in chips) 
Seat 5: IREQO ($117.74 in chips) 
Seat 6: ka100pka527 ($102.52 in chips) 
shootingGRID: posts small blind $0.50
Harry6921: posts big blind $1
*** HOLE CARDS ***
b2k-Snick: folds 
IREQO: raises $1.50 to $2.50
ka100pka527: folds 
Twistenko: folds 
shootingGRID: folds 
Harry6921: calls $1.50
*** FLOP *** [5c 3h 9s]
Harry6921: checks 
IREQO: bets $1.72
Harry6921: calls $1.72
*** TURN *** [5c 3h 9s] [Td]
Harry6921: checks 
IREQO: bets $7
Harry6921: raises $7 to $14
IREQO: folds 
Uncalled bet ($7) returned to Harry6921
Harry6921 collected $21.79 from pot
*** SUMMARY ***
Total pot $22.94 | Rake $1.15 
Board [5c 3h 9s Td]
Seat 1: Twistenko (button) folded before Flop (didn't bet)
Seat 2: shootingGRID (small blind) folded before Flop
Seat 3: Harry6921 (big blind) collected ($21.79)
Seat 4: b2k-Snick folded before Flop (didn't bet)
Seat 5: IREQO folded on the Turn
Seat 6: ka100pka527 folded before Flop (didn't bet)



PokerStars Hand #254194891595:  Hold'em No Limit ($0.50/$1.00 USD) - 2025/01/04 19:44:42 WET [2025/01/04 14:44:42 ET]
Table 'Lorbach II' 6-max Seat #2 is the button
Seat 1: Twistenko ($162.04 in chips) 
Seat 2: shootingGRID ($160.16 in chips) 
Seat 3: Harry6921 ($46.21 in chips) 
Seat 4: b2k-Snick ($109.52 in chips) 
Seat 5: IREQO ($106.52 in chips) 
Seat 6: ka100pka527 ($102.52 in chips) 
Harry6921: posts small blind $0.50
b2k-Snick: posts big blind $1
*** HOLE CARDS ***
IREQO: folds 
ka100pka527: folds 
Twistenko: folds 
shootingGRID: folds 
Harry6921: folds 
Uncalled bet ($0.50) returned to b2k-Snick
b2k-Snick collected $1 from pot
b2k-Snick: doesn't show hand 
*** SUMMARY ***
Total pot $1 | Rake $0 
Seat 1: Twistenko folded before Flop (didn't bet)
Seat 2: shootingGRID (button) folded before Flop (didn't bet)
Seat 3: Harry6921 (small blind) folded before Flop
Seat 4: b2k-Snick (big blind) collected ($1)
Seat 5: IREQO folded before Flop (didn't bet)
Seat 6: ka100pka527 folded before Flop (didn't bet)



PokerStars Hand #254194897652:  Hold'em No Limit ($0.50/$1.00 USD) - 2025/01/04 19:45:00 WET [2025/01/04 14:45:00 ET]
Table 'Lorbach II' 6-max Seat #3 is the button
Seat 1: Twistenko ($162.04 in chips) 
Seat 2: shootingGRID ($160.16 in chips) 
Seat 3: Harry6921 ($45.71 in chips) 
Seat 4: b2k-Snick ($110.02 in chips) 
Seat 5: IREQO ($106.52 in chips) 
Seat 6: ka100pka527 ($102.52 in chips) 
b2k-Snick: posts small blind $0.50
IREQO: posts big blind $1
*** HOLE CARDS ***
ka100pka527: folds 
Twistenko: folds 
shootingGRID: raises $1.25 to $2.25
Harry6921: folds 
b2k-Snick: folds 
IREQO: folds 
Uncalled bet ($1.25) returned to shootingGRID
shootingGRID collected $2.50 from pot
*** SUMMARY ***
Total pot $2.50 | Rake $0 
Seat 1: Twistenko folded before Flop (didn't bet)
Seat 2: shootingGRID collected ($2.50)
Seat 3: Harry6921 (button) folded before Flop (didn't bet)
Seat 4: b2k-Snick (small blind) folded before Flop
Seat 5: IREQO (big blind) folded before Flop
Seat 6: ka100pka527 folded before Flop (didn't bet)



PokerStars Hand #254194905722:  Hold'em No Limit ($0.50/$1.00 USD) - 2025/01/04 19:45:24 WET [2025/01/04 14:45:24 ET]
Table 'Lorbach II' 6-max Seat #4 is the button
Seat 1: Twistenko ($162.04 in chips) 
Seat 2: shootingGRID ($161.66 in chips) 
Seat 3: Harry6921 ($45.71 in chips) 
Seat 4: b2k-Snick ($109.52 in chips) 
Seat 5: IREQO ($105.52 in chips) 
Seat 6: ka100pka527 ($102.52 in chips) 
IREQO: posts small blind $0.50
ka100pka527: posts big blind $1
*** HOLE CARDS ***
Twistenko: folds 
shootingGRID: raises $1.25 to $2.25
Harry6921: folds 
b2k-Snick: folds 
IREQO: folds 
ka100pka527: folds 
Uncalled bet ($1.25) returned to shootingGRID
shootingGRID collected $2.50 from pot
*** SUMMARY ***
Total pot $2.50 | Rake $0 
Seat 1: Twistenko folded before Flop (didn't bet)
Seat 2: shootingGRID collected ($2.50)
Seat 3: Harry6921 folded before Flop (didn't bet)
Seat 4: b2k-Snick (button) folded before Flop (didn't bet)
Seat 5: IREQO (small blind) folded before Flop
Seat 6: ka100pka527 (big blind) folded before Flop



PokerStars Hand #254194912181:  Hold'em No Limit ($0.50/$1.00 USD) - 2025/01/04 19:45:43 WET [2025/01/04 14:45:43 ET]
Table 'Lorbach II' 6-max Seat #5 is the button
Seat 1: Twistenko ($162.04 in chips) 
Seat 2: shootingGRID ($163.16 in chips) 
Seat 3: Harry6921 ($45.71 in chips) 
Seat 4: b2k-Snick ($109.52 in chips) 
Seat 5: IREQO ($105.02 in chips) 
Seat 6: ka100pka527 ($101.52 in chips) 
ka100pka527: posts small blind $0.50
Twistenko: posts big blind $1
*** HOLE CARDS ***
shootingGRID: raises $1.25 to $2.25
Harry6921: calls $2.25
b2k-Snick: folds 
IREQO: folds 
ka100pka527: folds 
Twistenko: folds 
*** FLOP *** [6c Qd 6d]
shootingGRID: bets $1
Harry6921: calls $1
*** TURN *** [6c Qd 6d] [4h]
shootingGRID: bets $10
Harry6921: calls $10
*** RIVER *** [6c Qd 6d 4h] [2s]
shootingGRID: checks 
Harry6921: bets $10
shootingGRID: calls $10
*** SHOW DOWN ***
Harry6921: shows [Qh Tc] (two pair, Queens and Sixes)
shootingGRID: shows [As Qc] (two pair, Queens and Sixes - Ace kicker)
shootingGRID collected $45.60 from pot
*** SUMMARY ***
Total pot $48 | Rake $2.40 
Board [6c Qd 6d 4h 2s]
Seat 1: Twistenko (big blind) folded before Flop
Seat 2: shootingGRID showed [As Qc] and won ($45.60) with two pair, Queens and Sixes
Seat 3: Harry6921 showed [Qh Tc] and lost with two pair, Queens and Sixes
Seat 4: b2k-Snick folded before Flop (didn't bet)
Seat 5: IREQO (button) folded before Flop (didn't bet)
Seat 6: ka100pka527 (small blind) folded before Flop



PokerStars Hand #254194941688:  Hold'em No Limit ($0.50/$1.00 USD) - 2025/01/04 19:47:10 WET [2025/01/04 14:47:10 ET]
Table 'Lorbach II' 6-max Seat #6 is the button
Seat 1: Twistenko ($161.04 in chips) 
Seat 2: shootingGRID ($185.51 in chips) 
Seat 3: Harry6921 ($22.46 in chips) 
Seat 4: b2k-Snick ($109.52 in chips) 
Seat 5: IREQO ($105.02 in chips) 
Seat 6: ka100pka527 ($101.02 in chips) 
Twistenko: posts small blind $0.50
shootingGRID: posts big blind $1
*** HOLE CARDS ***
Harry6921: raises $2 to $3
b2k-Snick: folds 
IREQO: raises $2 to $5
ka100pka527: folds 
Twistenko: folds 
shootingGRID: folds 
Harry6921: calls $2
*** FLOP *** [8h 2s 4c]
Harry6921: checks 
ka100pka527 leaves the table
IREQO: checks 
*** TURN *** [8h 2s 4c] [Js]
Harry6921: checks 
BoyLoc0 joins the table at seat #6 
IREQO: checks 
*** RIVER *** [8h 2s 4c Js] [Ks]
Harry6921: checks 
IREQO: bets $4
Harry6921: calls $4
*** SHOW DOWN ***
IREQO: shows [Kc Ts] (a pair of Kings)
Harry6921: mucks hand 
IREQO collected $18.52 from pot
*** SUMMARY ***
Total pot $19.50 | Rake $0.98 
Board [8h 2s 4c Js Ks]
Seat 1: Twistenko (small blind) folded before Flop
Seat 2: shootingGRID (big blind) folded before Flop
Seat 3: Harry6921 mucked
Seat 4: b2k-Snick folded before Flop (didn't bet)
Seat 5: IREQO showed [Kc Ts] and won ($18.52) with a pair of Kings
Seat 6: ka100pka527 (button) folded before Flop (didn't bet)



PokerStars Hand #254194972854:  Hold'em No Limit ($0.50/$1.00 USD) - 2025/01/04 19:48:43 WET [2025/01/04 14:48:43 ET]
Table 'Lorbach II' 6-max Seat #1 is the button
Seat 6: BoyLoc0 ($234.81 in chips) is sitting out
Seat 1: Twistenko ($160.54 in chips) 
Seat 2: shootingGRID ($184.51 in chips) 
Seat 3: Harry6921 ($13.46 in chips) 
Seat 4: b2k-Snick ($109.52 in chips) 
Seat 5: IREQO ($114.54 in chips) 
shootingGRID: posts small blind $0.50
Harry6921: posts big blind $1
BoyLoc0: sits out 
*** HOLE CARDS ***
b2k-Snick: folds 
IREQO: folds 
Twistenko: folds 
shootingGRID: folds 
Uncalled bet ($0.50) returned to Harry6921
Harry6921 collected $1 from pot
*** SUMMARY ***
Total pot $1 | Rake $0 
Seat 6: BoyLoc0
Seat 1: Twistenko (button) folded before Flop (didn't bet)
Seat 2: shootingGRID (small blind) folded before Flop
Seat 3: Harry6921 (big blind) collected ($1)
Seat 4: b2k-Snick folded before Flop (didn't bet)
Seat 5: IREQO folded before Flop (didn't bet)



PokerStars Hand #254194976962:  Hold'em No Limit ($0.50/$1.00 USD) - 2025/01/04 19:48:55 WET [2025/01/04 14:48:55 ET]
Table 'Lorbach II' 6-max Seat #2 is the button
Seat 6: BoyLoc0 ($234.81 in chips) is sitting out
Seat 1: Twistenko ($160.54 in chips) 
Seat 2: shootingGRID ($184.01 in chips) 
Seat 3: Harry6921 ($13.96 in chips) 
Seat 4: b2k-Snick ($109.52 in chips) 
Seat 5: IREQO ($114.54 in chips) 
Harry6921: posts small blind $0.50
b2k-Snick: posts big blind $1
BoyLoc0: sits out 
*** HOLE CARDS ***
IREQO: folds 
Twistenko: folds 
shootingGRID: raises $1.25 to $2.25
Harry6921: raises $11.71 to $13.96 and is all-in
b2k-Snick: folds 
shootingGRID: calls $11.71
*** FLOP *** [2s Ks 9h]
*** TURN *** [2s Ks 9h] [6s]
*** RIVER *** [2s Ks 9h 6s] [5c]
*** SHOW DOWN ***
Harry6921: shows [As 3c] (high card Ace)
shootingGRID: shows [Ah Tc] (high card Ace - King+Ten kicker)
shootingGRID collected $27.47 from pot
*** SUMMARY ***
Total pot $28.92 | Rake $1.45 
Board [2s Ks 9h 6s 5c]
Seat 6: BoyLoc0
Seat 1: Twistenko folded before Flop (didn't bet)
Seat 2: shootingGRID (button) showed [Ah Tc] and won ($27.47) with high card Ace
Seat 3: Harry6921 (small blind) showed [As 3c] and lost with high card Ace
Seat 4: b2k-Snick (big blind) folded before Flop
Seat 5: IREQO folded before Flop (didn't bet)



PokerStars Hand #254194984006:  Hold'em No Limit ($0.50/$1.00 USD) - 2025/01/04 19:49:16 WET [2025/01/04 14:49:16 ET]
Table 'Lorbach II' 6-max Seat #4 is the button
Seat 3: Harry6921 ($0 in chips) is sitting out
Seat 1: Twistenko ($160.54 in chips) 
Seat 2: shootingGRID ($197.52 in chips) 
Seat 4: b2k-Snick ($108.52 in chips) 
Seat 5: IREQO ($114.54 in chips) 
Seat 6: BoyLoc0 ($234.81 in chips) 
IREQO: posts small blind $0.50
BoyLoc0: posts big blind $1
*** HOLE CARDS ***
Twistenko: folds 
Harry6921 is disconnected 
shootingGRID: raises $1.25 to $2.25
b2k-Snick: folds 
IREQO: folds 
BoyLoc0: calls $1.25
*** FLOP *** [8d 9s 5d]
BoyLoc0: checks 
shootingGRID: checks 
*** TURN *** [8d 9s 5d] [Ac]
BoyLoc0: checks 
shootingGRID: checks 
*** RIVER *** [8d 9s 5d Ac] [Kd]
BoyLoc0: checks 
shootingGRID: checks 
*** SHOW DOWN ***
BoyLoc0: shows [Jh Kc] (a pair of Kings)
shootingGRID: mucks hand 
BoyLoc0 collected $4.75 from pot
*** SUMMARY ***
Total pot $5 | Rake $0.25 
Board [8d 9s 5d Ac Kd]
Seat 3: Harry6921
Seat 1: Twistenko folded before Flop (didn't bet)
Seat 2: shootingGRID mucked
Seat 4: b2k-Snick (button) folded before Flop (didn't bet)
Seat 5: IREQO (small blind) folded before Flop
Seat 6: BoyLoc0 (big blind) showed [Jh Kc] and won ($4.75) with a pair of Kings



PokerStars Hand #254195005218:  Hold'em No Limit ($0.50/$1.00 USD) - 2025/01/04 19:50:19 WET [2025/01/04 14:50:19 ET]
Table 'Lorbach II' 6-max Seat #5 is the button
Seat 3: Harry6921 ($0 in chips) is sitting out
Seat 1: Twistenko ($160.54 in chips) 
Seat 2: shootingGRID ($195.27 in chips) 
Seat 4: b2k-Snick ($108.52 in chips) 
Seat 5: IREQO ($114.04 in chips) 
Seat 6: BoyLoc0 ($237.31 in chips) 
BoyLoc0: posts small blind $0.50
Twistenko: posts big blind $1
*** HOLE CARDS ***
shootingGRID: folds 
b2k-Snick: folds 
IREQO: folds 
BoyLoc0: folds 
Uncalled bet ($0.50) returned to Twistenko
Twistenko collected $1 from pot
Twistenko: doesn't show hand 
*** SUMMARY ***
Total pot $1 | Rake $0 
Seat 3: Harry6921
Seat 1: Twistenko (big blind) collected ($1)
Seat 2: shootingGRID folded before Flop (didn't bet)
Seat 4: b2k-Snick folded before Flop (didn't bet)
Seat 5: IREQO (button) folded before Flop (didn't bet)
Seat 6: BoyLoc0 (small blind) folded before Flop



PokerStars Hand #254195009079:  Hold'em No Limit ($0.50/$1.00 USD) - 2025/01/04 19:50:30 WET [2025/01/04 14:50:30 ET]
Table 'Lorbach II' 6-max Seat #6 is the button
Seat 3: Harry6921 ($0 in chips) is sitting out
Seat 1: Twistenko ($161.04 in chips) 
Seat 2: shootingGRID ($195.27 in chips) 
Seat 4: b2k-Snick ($108.52 in chips) 
Seat 5: IREQO ($114.04 in chips) 
Seat 6: BoyLoc0 ($236.81 in chips) 
Twistenko: posts small blind $0.50
shootingGRID: posts big blind $1
*** HOLE CARDS ***
b2k-Snick: folds 
IREQO: folds 
BoyLoc0: folds 
Twistenko: raises $2 to $3
shootingGRID: folds 
Uncalled bet ($2) returned to Twistenko
Twistenko collected $2 from pot
Twistenko: doesn't show hand 
*** SUMMARY ***
Total pot $2 | Rake $0 
Seat 3: Harry6921
Seat 1: Twistenko (small blind) collected ($2)
Seat 2: shootingGRID (big blind) folded before Flop
Seat 4: b2k-Snick folded before Flop (didn't bet)
Seat 5: IREQO folded before Flop (didn't bet)
Seat 6: BoyLoc0 (button) folded before Flop (didn't bet)



PokerStars Hand #254195015013:  Hold'em No Limit ($0.50/$1.00 USD) - 2025/01/04 19:50:48 WET [2025/01/04 14:50:48 ET]
Table 'Lorbach II' 6-max Seat #1 is the button
Seat 3: Harry6921 ($0 in chips) is sitting out
Seat 4: b2k-Snick ($108.52 in chips) is sitting out
Seat 1: Twistenko ($162.04 in chips) 
Seat 2: shootingGRID ($194.27 in chips) 
Seat 5: IREQO ($114.04 in chips) 
Seat 6: BoyLoc0 ($236.81 in chips) 
shootingGRID: posts small blind $0.50
b2k-Snick: is sitting out 
IREQO: posts big blind $1
*** HOLE CARDS ***
BoyLoc0: folds 
Twistenko: folds 
b2k-Snick leaves the table
shootingGRID: folds 
Uncalled bet ($0.50) returned to IREQO
BoyLoc0 leaves the table
IREQO collected $1 from pot
IREQO: doesn't show hand 
Twistenko leaves the table
*** SUMMARY ***
Total pot $1 | Rake $0 
Seat 3: Harry6921
Seat 4: b2k-Snick
Seat 1: Twistenko (button) folded before Flop (didn't bet)
Seat 2: shootingGRID (small blind) folded before Flop
Seat 5: IREQO (big blind) collected ($1)
Seat 6: BoyLoc0 folded before Flop (didn't bet)



PokerStars Hand #254195017994:  Hold'em No Limit ($0.50/$1.00 USD) - 2025/01/04 19:50:57 WET [2025/01/04 14:50:57 ET]
Table 'Lorbach II' 6-max Seat #5 is the button
Seat 3: Harry6921 ($0 in chips) is sitting out
Seat 2: shootingGRID ($193.77 in chips) 
Seat 5: IREQO ($114.54 in chips) 
IREQO: posts small blind $0.50
shootingGRID: posts big blind $1
*** HOLE CARDS ***
IREQO: folds 
Uncalled bet ($0.50) returned to shootingGRID
shootingGRID collected $1 from pot
*** SUMMARY ***
Total pot $1 | Rake $0 
Seat 3: Harry6921
Seat 2: shootingGRID (big blind) collected ($1)
Seat 5: IREQO (button) (small blind) folded before Flop



