PokerStars Hand #254184651729:  Hold'em No Limit ($0.50/$1.00 USD) - 2025/01/04 4:29:09 WET [2025/01/03 23:29:09 ET]
Table 'Irene' 6-max Seat #4 is the button
Seat 1: RT RT960 ($0 in chips) is sitting out
Seat 2: Quadsfordayz ($81.93 in chips) 
Seat 3: GERAKLmeat ($9.50 in chips) 
Seat 4: fabinhobife2101 ($8.61 in chips) 
Seat 6: 50CandyJoe ($191.13 in chips) 
50CandyJoe: posts small blind $0.50
Quadsfordayz: posts big blind $1
*** HOLE CARDS ***
GERAKLmeat: folds 
fabinhobife2101: raises $2 to $3
50CandyJoe: folds 
Quadsfordayz: folds 
Uncalled bet ($2) returned to fabinhobife2101
fabinhobife2101 collected $2.50 from pot
*** SUMMARY ***
Total pot $2.50 | Rake $0 
Seat 1: RT RT960
Seat 2: Quadsfordayz (big blind) folded before Flop
Seat 3: GERAKLmeat folded before Flop (didn't bet)
Seat 4: fabinhobife2101 (button) collected ($2.50)
Seat 6: 50CandyJoe (small blind) folded before Flop



PokerStars Hand #254184653308:  Hold'em No Limit ($0.50/$1.00 USD) - 2025/01/04 4:29:22 WET [2025/01/03 23:29:22 ET]
Table 'Irene' 6-max Seat #6 is the button
Seat 1: RT RT960 ($0 in chips) is sitting out
Seat 2: Quadsfordayz ($80.93 in chips) 
Seat 3: GERAKLmeat ($9.50 in chips) 
Seat 4: fabinhobife2101 ($10.11 in chips) 
Seat 6: 50CandyJoe ($190.63 in chips) 
Quadsfordayz: posts small blind $0.50
GERAKLmeat: posts big blind $1
*** HOLE CARDS ***
fabinhobife2101: folds 
50CandyJoe: raises $1.50 to $2.50
Quadsfordayz: folds 
GERAKLmeat: calls $1.50
*** FLOP *** [9h Ad Td]
GERAKLmeat: checks 
50CandyJoe: checks 
*** TURN *** [9h Ad Td] [5s]
GERAKLmeat: bets $4
50CandyJoe: raises $5 to $9
GERAKLmeat: calls $3 and is all-in
Uncalled bet ($2) returned to 50CandyJoe
*** RIVER *** [9h Ad Td 5s] [8d]
*** SHOW DOWN ***
GERAKLmeat: shows [Th 9c] (two pair, Tens and Nines)
50CandyJoe: shows [Jd Jc] (a pair of Jacks)
GERAKLmeat collected $18.52 from pot
*** SUMMARY ***
Total pot $19.50 | Rake $0.98 
Board [9h Ad Td 5s 8d]
Seat 1: RT RT960
Seat 2: Quadsfordayz (small blind) folded before Flop
Seat 3: GERAKLmeat (big blind) showed [Th 9c] and won ($18.52) with two pair, Tens and Nines
Seat 4: fabinhobife2101 folded before Flop (didn't bet)
Seat 6: 50CandyJoe (button) showed [Jd Jc] and lost with a pair of Jacks



PokerStars Hand #254184658051:  Hold'em No Limit ($0.50/$1.00 USD) - 2025/01/04 4:30:01 WET [2025/01/03 23:30:01 ET]
Table 'Irene' 6-max Seat #2 is the button
Seat 1: RT RT960 ($0 in chips) is sitting out
Seat 2: Quadsfordayz ($80.43 in chips) 
Seat 3: GERAKLmeat ($18.52 in chips) 
Seat 4: fabinhobife2101 ($10.11 in chips) 
Seat 6: 50CandyJoe ($181.13 in chips) 
GERAKLmeat: posts small blind $0.50
fabinhobife2101: posts big blind $1
*** HOLE CARDS ***
50CandyJoe: raises $1.20 to $2.20
Quadsfordayz: folds 
GERAKLmeat: folds 
fabinhobife2101: calls $1.20
*** FLOP *** [Kc 4s Ts]
fabinhobife2101: checks 
50CandyJoe: bets $1.54
fabinhobife2101: calls $1.54
*** TURN *** [Kc 4s Ts] [2s]
fabinhobife2101: checks 
50CandyJoe: bets $7
fabinhobife2101: folds 
Uncalled bet ($7) returned to 50CandyJoe
50CandyJoe collected $7.58 from pot
50CandyJoe: doesn't show hand 
*** SUMMARY ***
Total pot $7.98 | Rake $0.40 
Board [Kc 4s Ts 2s]
Seat 1: RT RT960
Seat 2: Quadsfordayz (button) folded before Flop (didn't bet)
Seat 3: GERAKLmeat (small blind) folded before Flop
Seat 4: fabinhobife2101 (big blind) folded on the Turn
Seat 6: 50CandyJoe collected ($7.58)



PokerStars Hand #254184663668:  Hold'em No Limit ($0.50/$1.00 USD) - 2025/01/04 4:30:48 WET [2025/01/03 23:30:48 ET]
Table 'Irene' 6-max Seat #3 is the button
Seat 1: RT RT960 ($46.09 in chips) 
Seat 2: Quadsfordayz ($80.43 in chips) 
Seat 3: GERAKLmeat ($18.02 in chips) 
Seat 4: fabinhobife2101 ($6.37 in chips) 
Seat 6: 50CandyJoe ($184.97 in chips) 
fabinhobife2101: posts small blind $0.50
50CandyJoe: posts big blind $1
RT RT960: posts small & big blinds $1.50
*** HOLE CARDS ***
RT RT960: checks 
B1GBankroll joins the table at seat #5 
Quadsfordayz: folds 
GERAKLmeat: raises $1 to $2
fabinhobife2101: folds 
50CandyJoe: folds 
RT RT960: folds 
Uncalled bet ($1) returned to GERAKLmeat
GERAKLmeat collected $4 from pot
GERAKLmeat: doesn't show hand 
*** SUMMARY ***
Total pot $4 | Rake $0 
Seat 1: RT RT960 folded before Flop (didn't bet)
Seat 2: Quadsfordayz folded before Flop (didn't bet)
Seat 3: GERAKLmeat (button) collected ($4)
Seat 4: fabinhobife2101 (small blind) folded before Flop
Seat 6: 50CandyJoe (big blind) folded before Flop



PokerStars Hand #254184667063:  Hold'em No Limit ($0.50/$1.00 USD) - 2025/01/04 4:31:16 WET [2025/01/03 23:31:16 ET]
Table 'Irene' 6-max Seat #4 is the button
Seat 5: B1GBankroll ($100 in chips) is sitting out
Seat 1: RT RT960 ($44.59 in chips) 
Seat 2: Quadsfordayz ($80.43 in chips) 
Seat 3: GERAKLmeat ($21.02 in chips) 
Seat 4: fabinhobife2101 ($5.87 in chips) 
Seat 6: 50CandyJoe ($183.97 in chips) 
50CandyJoe: posts small blind $0.50
RT RT960: posts big blind $1
*** HOLE CARDS ***
Quadsfordayz: raises $2 to $3
GERAKLmeat: folds 
fabinhobife2101: folds 
50CandyJoe: calls $2.50
RT RT960: calls $2
*** FLOP *** [Qd Kd Td]
50CandyJoe: checks 
RT RT960: bets $4.28
Quadsfordayz: folds 
50CandyJoe: folds 
Uncalled bet ($4.28) returned to RT RT960
RT RT960 collected $8.55 from pot
*** SUMMARY ***
Total pot $9 | Rake $0.45 
Board [Qd Kd Td]
Seat 5: B1GBankroll
Seat 1: RT RT960 (big blind) collected ($8.55)
Seat 2: Quadsfordayz folded on the Flop
Seat 3: GERAKLmeat folded before Flop (didn't bet)
Seat 4: fabinhobife2101 (button) folded before Flop (didn't bet)
Seat 6: 50CandyJoe (small blind) folded on the Flop



PokerStars Hand #254184671839:  Hold'em No Limit ($0.50/$1.00 USD) - 2025/01/04 4:31:56 WET [2025/01/03 23:31:56 ET]
Table 'Irene' 6-max Seat #6 is the button
Seat 5: B1GBankroll ($100 in chips) is sitting out
Seat 1: RT RT960 ($50.14 in chips) 
Seat 2: Quadsfordayz ($77.43 in chips) 
Seat 3: GERAKLmeat ($21.02 in chips) 
Seat 4: fabinhobife2101 ($5.87 in chips) 
Seat 6: 50CandyJoe ($180.97 in chips) 
RT RT960: posts small blind $0.50
Quadsfordayz: posts big blind $1
B1GBankroll: sits out 
*** HOLE CARDS ***
GERAKLmeat: folds 
fabinhobife2101: folds 
50CandyJoe: folds 
RT RT960: raises $2 to $3
Quadsfordayz: folds 
Uncalled bet ($2) returned to RT RT960
RT RT960 collected $2 from pot
*** SUMMARY ***
Total pot $2 | Rake $0 
Seat 5: B1GBankroll
Seat 1: RT RT960 (small blind) collected ($2)
Seat 2: Quadsfordayz (big blind) folded before Flop
Seat 3: GERAKLmeat folded before Flop (didn't bet)
Seat 4: fabinhobife2101 folded before Flop (didn't bet)
Seat 6: 50CandyJoe (button) folded before Flop (didn't bet)



PokerStars Hand #254184674639:  Hold'em No Limit ($0.50/$1.00 USD) - 2025/01/04 4:32:21 WET [2025/01/03 23:32:21 ET]
Table 'Irene' 6-max Seat #1 is the button
Seat 5: B1GBankroll ($100 in chips) is sitting out
Seat 1: RT RT960 ($51.14 in chips) 
Seat 2: Quadsfordayz ($76.43 in chips) 
Seat 3: GERAKLmeat ($21.02 in chips) 
Seat 4: fabinhobife2101 ($5.87 in chips) 
Seat 6: 50CandyJoe ($180.97 in chips) 
Quadsfordayz: posts small blind $0.50
GERAKLmeat: posts big blind $1
B1GBankroll: sits out 
*** HOLE CARDS ***
fabinhobife2101: folds 
50CandyJoe: folds 
RT RT960: folds 
Quadsfordayz: folds 
Uncalled bet ($0.50) returned to GERAKLmeat
GERAKLmeat collected $1 from pot
GERAKLmeat: doesn't show hand 
*** SUMMARY ***
Total pot $1 | Rake $0 
Seat 5: B1GBankroll
Seat 1: RT RT960 (button) folded before Flop (didn't bet)
Seat 2: Quadsfordayz (small blind) folded before Flop
Seat 3: GERAKLmeat (big blind) collected ($1)
Seat 4: fabinhobife2101 folded before Flop (didn't bet)
Seat 6: 50CandyJoe folded before Flop (didn't bet)



PokerStars Hand #254184677333:  Hold'em No Limit ($0.50/$1.00 USD) - 2025/01/04 4:32:43 WET [2025/01/03 23:32:43 ET]
Table 'Irene' 6-max Seat #2 is the button
Seat 5: B1GBankroll ($100 in chips) is sitting out
Seat 1: RT RT960 ($51.14 in chips) 
Seat 2: Quadsfordayz ($75.93 in chips) 
Seat 3: GERAKLmeat ($21.52 in chips) 
Seat 4: fabinhobife2101 ($5.87 in chips) 
Seat 6: 50CandyJoe ($180.97 in chips) 
GERAKLmeat: posts small blind $0.50
fabinhobife2101: posts big blind $1
B1GBankroll: sits out 
*** HOLE CARDS ***
50CandyJoe: folds 
RT RT960: folds 
Quadsfordayz: folds 
GERAKLmeat: raises $1 to $2
fabinhobife2101: folds 
Uncalled bet ($1) returned to GERAKLmeat
GERAKLmeat collected $2 from pot
GERAKLmeat: doesn't show hand 
*** SUMMARY ***
Total pot $2 | Rake $0 
Seat 5: B1GBankroll
Seat 1: RT RT960 folded before Flop (didn't bet)
Seat 2: Quadsfordayz (button) folded before Flop (didn't bet)
Seat 3: GERAKLmeat (small blind) collected ($2)
Seat 4: fabinhobife2101 (big blind) folded before Flop
Seat 6: 50CandyJoe folded before Flop (didn't bet)



PokerStars Hand #254184679337:  Hold'em No Limit ($0.50/$1.00 USD) - 2025/01/04 4:33:00 WET [2025/01/03 23:33:00 ET]
Table 'Irene' 6-max Seat #3 is the button
Seat 1: RT RT960 ($51.14 in chips) 
Seat 2: Quadsfordayz ($75.93 in chips) 
Seat 3: GERAKLmeat ($22.52 in chips) 
Seat 4: fabinhobife2101 ($4.87 in chips) 
Seat 5: B1GBankroll ($100 in chips) 
Seat 6: 50CandyJoe ($180.97 in chips) 
fabinhobife2101: posts small blind $0.50
B1GBankroll: posts big blind $1
*** HOLE CARDS ***
50CandyJoe: folds 
RT RT960: folds 
Quadsfordayz: raises $2 to $3
GERAKLmeat: folds 
fabinhobife2101: folds 
B1GBankroll: folds 
Uncalled bet ($2) returned to Quadsfordayz
Quadsfordayz collected $2.50 from pot
Quadsfordayz: doesn't show hand 
*** SUMMARY ***
Total pot $2.50 | Rake $0 
Seat 1: RT RT960 folded before Flop (didn't bet)
Seat 2: Quadsfordayz collected ($2.50)
Seat 3: GERAKLmeat (button) folded before Flop (didn't bet)
Seat 4: fabinhobife2101 (small blind) folded before Flop
Seat 5: B1GBankroll (big blind) folded before Flop
Seat 6: 50CandyJoe folded before Flop (didn't bet)



PokerStars Hand #254184681235:  Hold'em No Limit ($0.50/$1.00 USD) - 2025/01/04 4:33:16 WET [2025/01/03 23:33:16 ET]
Table 'Irene' 6-max Seat #4 is the button
Seat 1: RT RT960 ($51.14 in chips) 
Seat 2: Quadsfordayz ($77.43 in chips) 
Seat 3: GERAKLmeat ($22.52 in chips) 
Seat 4: fabinhobife2101 ($4.37 in chips) 
Seat 5: B1GBankroll ($100 in chips) 
Seat 6: 50CandyJoe ($180.97 in chips) 
B1GBankroll: posts small blind $0.50
50CandyJoe: posts big blind $1
*** HOLE CARDS ***
RT RT960: raises $2 to $3
Quadsfordayz: calls $3
GERAKLmeat: folds 
fabinhobife2101: folds 
B1GBankroll: folds 
50CandyJoe: folds 
*** FLOP *** [Ts 4s 4c]
RT RT960: checks 
Quadsfordayz: checks 
*** TURN *** [Ts 4s 4c] [6s]
RT RT960: bets $3.56
Quadsfordayz: folds 
Uncalled bet ($3.56) returned to RT RT960
RT RT960 collected $7.12 from pot
*** SUMMARY ***
Total pot $7.50 | Rake $0.38 
Board [Ts 4s 4c 6s]
Seat 1: RT RT960 collected ($7.12)
Seat 2: Quadsfordayz folded on the Turn
Seat 3: GERAKLmeat folded before Flop (didn't bet)
Seat 4: fabinhobife2101 (button) folded before Flop (didn't bet)
Seat 5: B1GBankroll (small blind) folded before Flop
Seat 6: 50CandyJoe (big blind) folded before Flop



PokerStars Hand #254184686054:  Hold'em No Limit ($0.50/$1.00 USD) - 2025/01/04 4:33:56 WET [2025/01/03 23:33:56 ET]
Table 'Irene' 6-max Seat #5 is the button
Seat 1: RT RT960 ($55.26 in chips) 
Seat 2: Quadsfordayz ($74.43 in chips) 
Seat 3: GERAKLmeat ($22.52 in chips) 
Seat 4: fabinhobife2101 ($4.37 in chips) 
Seat 5: B1GBankroll ($100 in chips) 
Seat 6: 50CandyJoe ($179.97 in chips) 
50CandyJoe: posts small blind $0.50
RT RT960: posts big blind $1
*** HOLE CARDS ***
Quadsfordayz: folds 
GERAKLmeat: folds 
fabinhobife2101: folds 
B1GBankroll: raises $1.50 to $2.50
50CandyJoe: folds 
RT RT960: folds 
Uncalled bet ($1.50) returned to B1GBankroll
B1GBankroll collected $2.50 from pot
B1GBankroll: doesn't show hand 
*** SUMMARY ***
Total pot $2.50 | Rake $0 
Seat 1: RT RT960 (big blind) folded before Flop
Seat 2: Quadsfordayz folded before Flop (didn't bet)
Seat 3: GERAKLmeat folded before Flop (didn't bet)
Seat 4: fabinhobife2101 folded before Flop (didn't bet)
Seat 5: B1GBankroll (button) collected ($2.50)
Seat 6: 50CandyJoe (small blind) folded before Flop



PokerStars Hand #254184690212:  Hold'em No Limit ($0.50/$1.00 USD) - 2025/01/04 4:34:31 WET [2025/01/03 23:34:31 ET]
Table 'Irene' 6-max Seat #6 is the button
Seat 1: RT RT960 ($54.26 in chips) 
Seat 2: Quadsfordayz ($74.43 in chips) 
Seat 3: GERAKLmeat ($22.52 in chips) 
Seat 4: fabinhobife2101 ($4.37 in chips) 
Seat 5: B1GBankroll ($101.50 in chips) 
Seat 6: 50CandyJoe ($179.47 in chips) 
RT RT960: posts small blind $0.50
Quadsfordayz: posts big blind $1
*** HOLE CARDS ***
GERAKLmeat: folds 
fabinhobife2101: raises $3.37 to $4.37 and is all-in
B1GBankroll: folds 
50CandyJoe: folds 
RT RT960: folds 
Quadsfordayz: folds 
Uncalled bet ($3.37) returned to fabinhobife2101
fabinhobife2101 collected $2.50 from pot
*** SUMMARY ***
Total pot $2.50 | Rake $0 
Seat 1: RT RT960 (small blind) folded before Flop
Seat 2: Quadsfordayz (big blind) folded before Flop
Seat 3: GERAKLmeat folded before Flop (didn't bet)
Seat 4: fabinhobife2101 collected ($2.50)
Seat 5: B1GBankroll folded before Flop (didn't bet)
Seat 6: 50CandyJoe (button) folded before Flop (didn't bet)



PokerStars Hand #254184692073:  Hold'em No Limit ($0.50/$1.00 USD) - 2025/01/04 4:34:46 WET [2025/01/03 23:34:46 ET]
Table 'Irene' 6-max Seat #1 is the button
Seat 3: GERAKLmeat ($22.52 in chips) is sitting out
Seat 1: RT RT960 ($53.76 in chips) 
Seat 2: Quadsfordayz ($73.43 in chips) 
Seat 4: fabinhobife2101 ($5.87 in chips) 
Seat 5: B1GBankroll ($101.50 in chips) 
Seat 6: 50CandyJoe ($179.47 in chips) 
Quadsfordayz: posts small blind $0.50
GERAKLmeat: is sitting out 
fabinhobife2101: posts big blind $1
*** HOLE CARDS ***
B1GBankroll: folds 
GERAKLmeat leaves the table
50CandyJoe: folds 
RT RT960: raises $2 to $3
Quadsfordayz: folds 
fabinhobife2101: folds 
Uncalled bet ($2) returned to RT RT960
sutata joins the table at seat #3 
RT RT960 collected $2.50 from pot
*** SUMMARY ***
Total pot $2.50 | Rake $0 
Seat 3: GERAKLmeat
Seat 1: RT RT960 (button) collected ($2.50)
Seat 2: Quadsfordayz (small blind) folded before Flop
Seat 4: fabinhobife2101 (big blind) folded before Flop
Seat 5: B1GBankroll folded before Flop (didn't bet)
Seat 6: 50CandyJoe folded before Flop (didn't bet)



PokerStars Hand #254184695099:  Hold'em No Limit ($0.50/$1.00 USD) - 2025/01/04 4:35:12 WET [2025/01/03 23:35:12 ET]
Table 'Irene' 6-max Seat #2 is the button
Seat 3: sutata ($100 in chips) is sitting out
Seat 1: RT RT960 ($55.26 in chips) 
Seat 2: Quadsfordayz ($72.93 in chips) 
Seat 4: fabinhobife2101 ($4.87 in chips) 
Seat 5: B1GBankroll ($101.50 in chips) 
Seat 6: 50CandyJoe ($179.47 in chips) 
fabinhobife2101: posts small blind $0.50
B1GBankroll: posts big blind $1
*** HOLE CARDS ***
50CandyJoe: folds 
RT RT960: raises $2 to $3
Quadsfordayz: folds 
fabinhobife2101: folds 
B1GBankroll: folds 
Uncalled bet ($2) returned to RT RT960
RT RT960 collected $2.50 from pot
*** SUMMARY ***
Total pot $2.50 | Rake $0 
Seat 3: sutata
Seat 1: RT RT960 collected ($2.50)
Seat 2: Quadsfordayz (button) folded before Flop (didn't bet)
Seat 4: fabinhobife2101 (small blind) folded before Flop
Seat 5: B1GBankroll (big blind) folded before Flop
Seat 6: 50CandyJoe folded before Flop (didn't bet)



PokerStars Hand #254184696543:  Hold'em No Limit ($0.50/$1.00 USD) - 2025/01/04 4:35:24 WET [2025/01/03 23:35:24 ET]
Table 'Irene' 6-max Seat #4 is the button
Seat 3: sutata ($100 in chips) is sitting out
Seat 1: RT RT960 ($56.76 in chips) 
Seat 2: Quadsfordayz ($72.93 in chips) 
Seat 4: fabinhobife2101 ($4.37 in chips) 
Seat 5: B1GBankroll ($100.50 in chips) 
Seat 6: 50CandyJoe ($179.47 in chips) 
B1GBankroll: posts small blind $0.50
50CandyJoe: posts big blind $1
sutata: sits out 
*** HOLE CARDS ***
RT RT960: folds 
Quadsfordayz: folds 
fabinhobife2101: folds 
B1GBankroll: folds 
Uncalled bet ($0.50) returned to 50CandyJoe
50CandyJoe collected $1 from pot
50CandyJoe: doesn't show hand 
*** SUMMARY ***
Total pot $1 | Rake $0 
Seat 3: sutata
Seat 1: RT RT960 folded before Flop (didn't bet)
Seat 2: Quadsfordayz folded before Flop (didn't bet)
Seat 4: fabinhobife2101 (button) folded before Flop (didn't bet)
Seat 5: B1GBankroll (small blind) folded before Flop
Seat 6: 50CandyJoe (big blind) collected ($1)



PokerStars Hand #254184697524:  Hold'em No Limit ($0.50/$1.00 USD) - 2025/01/04 4:35:33 WET [2025/01/03 23:35:33 ET]
Table 'Irene' 6-max Seat #5 is the button
Seat 3: sutata ($100 in chips) is sitting out
Seat 1: RT RT960 ($56.76 in chips) 
Seat 2: Quadsfordayz ($72.93 in chips) 
Seat 4: fabinhobife2101 ($4.37 in chips) 
Seat 5: B1GBankroll ($100 in chips) 
Seat 6: 50CandyJoe ($179.97 in chips) 
50CandyJoe: posts small blind $0.50
RT RT960: posts big blind $1
sutata: sits out 
*** HOLE CARDS ***
Quadsfordayz: raises $2 to $3
fabinhobife2101: folds 
B1GBankroll: raises $6 to $9
50CandyJoe: folds 
RT RT960: folds 
Quadsfordayz: calls $6
*** FLOP *** [6s 5c 6c]
Quadsfordayz: checks 
B1GBankroll: bets $9.07
Quadsfordayz: calls $9.07
*** TURN *** [6s 5c 6c] [2s]
Quadsfordayz: checks 
B1GBankroll: checks 
*** RIVER *** [6s 5c 6c 2s] [9h]
Quadsfordayz: checks 
B1GBankroll: checks 
*** SHOW DOWN ***
Quadsfordayz: shows [Qd Kd] (a pair of Sixes)
B1GBankroll: shows [Js Ac] (a pair of Sixes - Ace kicker)
B1GBankroll collected $35.76 from pot
*** SUMMARY ***
Total pot $37.64 | Rake $1.88 
Board [6s 5c 6c 2s 9h]
Seat 3: sutata
Seat 1: RT RT960 (big blind) folded before Flop
Seat 2: Quadsfordayz showed [Qd Kd] and lost with a pair of Sixes
Seat 4: fabinhobife2101 folded before Flop (didn't bet)
Seat 5: B1GBankroll (button) showed [Js Ac] and won ($35.76) with a pair of Sixes
Seat 6: 50CandyJoe (small blind) folded before Flop



PokerStars Hand #254184706779:  Hold'em No Limit ($0.50/$1.00 USD) - 2025/01/04 4:36:52 WET [2025/01/03 23:36:52 ET]
Table 'Irene' 6-max Seat #6 is the button
Seat 3: sutata ($100 in chips) is sitting out
Seat 1: RT RT960 ($55.76 in chips) 
Seat 2: Quadsfordayz ($54.86 in chips) 
Seat 4: fabinhobife2101 ($4.37 in chips) 
Seat 5: B1GBankroll ($117.69 in chips) 
Seat 6: 50CandyJoe ($179.47 in chips) 
RT RT960: posts small blind $0.50
Quadsfordayz: posts big blind $1
sutata: sits out 
*** HOLE CARDS ***
fabinhobife2101: folds 
B1GBankroll: folds 
50CandyJoe: raises $1.50 to $2.50
RT RT960: folds 
Quadsfordayz: folds 
Uncalled bet ($1.50) returned to 50CandyJoe
50CandyJoe collected $2.50 from pot
50CandyJoe: doesn't show hand 
*** SUMMARY ***
Total pot $2.50 | Rake $0 
Seat 3: sutata
Seat 1: RT RT960 (small blind) folded before Flop
Seat 2: Quadsfordayz (big blind) folded before Flop
Seat 4: fabinhobife2101 folded before Flop (didn't bet)
Seat 5: B1GBankroll folded before Flop (didn't bet)
Seat 6: 50CandyJoe (button) collected ($2.50)



PokerStars Hand #254184708714:  Hold'em No Limit ($0.50/$1.00 USD) - 2025/01/04 4:37:08 WET [2025/01/03 23:37:08 ET]
Table 'Irene' 6-max Seat #1 is the button
Seat 1: RT RT960 ($55.26 in chips) 
Seat 2: Quadsfordayz ($53.86 in chips) 
Seat 3: sutata ($100 in chips) 
Seat 4: fabinhobife2101 ($4.37 in chips) 
Seat 5: B1GBankroll ($117.69 in chips) 
Seat 6: 50CandyJoe ($180.97 in chips) 
Quadsfordayz: posts small blind $0.50
sutata: posts big blind $1
*** HOLE CARDS ***
fabinhobife2101: folds 
B1GBankroll: raises $1.50 to $2.50
50CandyJoe: raises $5 to $7.50
RT RT960: folds 
Quadsfordayz: folds 
sutata: folds 
B1GBankroll: raises $14 to $21.50
50CandyJoe: folds 
Uncalled bet ($14) returned to B1GBankroll
B1GBankroll collected $16.50 from pot
B1GBankroll: doesn't show hand 
*** SUMMARY ***
Total pot $16.50 | Rake $0 
Seat 1: RT RT960 (button) folded before Flop (didn't bet)
Seat 2: Quadsfordayz (small blind) folded before Flop
Seat 3: sutata (big blind) folded before Flop
Seat 4: fabinhobife2101 folded before Flop (didn't bet)
Seat 5: B1GBankroll collected ($16.50)
Seat 6: 50CandyJoe folded before Flop



PokerStars Hand #254184715381:  Hold'em No Limit ($0.50/$1.00 USD) - 2025/01/04 4:38:05 WET [2025/01/03 23:38:05 ET]
Table 'Irene' 6-max Seat #2 is the button
Seat 1: RT RT960 ($55.26 in chips) 
Seat 2: Quadsfordayz ($53.36 in chips) 
Seat 3: sutata ($100 in chips) 
Seat 4: fabinhobife2101 ($4.37 in chips) 
Seat 5: B1GBankroll ($126.69 in chips) 
Seat 6: 50CandyJoe ($173.47 in chips) 
sutata: posts small blind $0.50
fabinhobife2101: posts big blind $1
*** HOLE CARDS ***
B1GBankroll: folds 
50CandyJoe: raises $1.20 to $2.20
RT RT960: folds 
Quadsfordayz: folds 
sutata: folds 
fabinhobife2101: folds 
Uncalled bet ($1.20) returned to 50CandyJoe
50CandyJoe collected $2.50 from pot
50CandyJoe: doesn't show hand 
*** SUMMARY ***
Total pot $2.50 | Rake $0 
Seat 1: RT RT960 folded before Flop (didn't bet)
Seat 2: Quadsfordayz (button) folded before Flop (didn't bet)
Seat 3: sutata (small blind) folded before Flop
Seat 4: fabinhobife2101 (big blind) folded before Flop
Seat 5: B1GBankroll folded before Flop (didn't bet)
Seat 6: 50CandyJoe collected ($2.50)



PokerStars Hand #254184716981:  Hold'em No Limit ($0.50/$1.00 USD) - 2025/01/04 4:38:18 WET [2025/01/03 23:38:18 ET]
Table 'Irene' 6-max Seat #3 is the button
Seat 1: RT RT960 ($55.26 in chips) 
Seat 2: Quadsfordayz ($53.36 in chips) 
Seat 3: sutata ($100 in chips) 
Seat 4: fabinhobife2101 ($3.37 in chips) 
Seat 5: B1GBankroll ($126.69 in chips) 
Seat 6: 50CandyJoe ($174.97 in chips) 
fabinhobife2101: posts small blind $0.50
B1GBankroll: posts big blind $1
*** HOLE CARDS ***
50CandyJoe: folds 
RT RT960: folds 
Quadsfordayz: folds 
sutata: raises $2 to $3
fabinhobife2101: folds 
B1GBankroll: raises $8 to $11
sutata: calls $8
*** FLOP *** [9c Tc Td]
B1GBankroll: bets $10.48
sutata: calls $10.48
*** TURN *** [9c Tc Td] [Jh]
B1GBankroll: checks 
sutata: checks 
*** RIVER *** [9c Tc Td Jh] [Th]
B1GBankroll: bets $36.75
sutata: calls $36.75
*** SHOW DOWN ***
B1GBankroll: shows [Ks Kd] (a full house, Tens full of Kings)
sutata: mucks hand 
B1GBankroll collected $114.46 from pot
*** SUMMARY ***
Total pot $116.96 | Rake $2.50 
Board [9c Tc Td Jh Th]
Seat 1: RT RT960 folded before Flop (didn't bet)
Seat 2: Quadsfordayz folded before Flop (didn't bet)
Seat 3: sutata (button) mucked
Seat 4: fabinhobife2101 (small blind) folded before Flop
Seat 5: B1GBankroll (big blind) showed [Ks Kd] and won ($114.46) with a full house, Tens full of Kings
Seat 6: 50CandyJoe folded before Flop (didn't bet)



PokerStars Hand #254184730780:  Hold'em No Limit ($0.50/$1.00 USD) - 2025/01/04 4:40:17 WET [2025/01/03 23:40:17 ET]
Table 'Irene' 6-max Seat #4 is the button
Seat 1: RT RT960 ($55.26 in chips) 
Seat 2: Quadsfordayz ($53.36 in chips) 
Seat 3: sutata ($100 in chips) 
Seat 4: fabinhobife2101 ($2.87 in chips) 
Seat 5: B1GBankroll ($182.92 in chips) 
Seat 6: 50CandyJoe ($174.97 in chips) 
B1GBankroll: posts small blind $0.50
50CandyJoe: posts big blind $1
*** HOLE CARDS ***
RT RT960: folds 
Quadsfordayz: raises $2 to $3
sutata: folds 
fabinhobife2101: calls $2.87 and is all-in
B1GBankroll: folds 
50CandyJoe: calls $2
*** FLOP *** [Kc 4d 5c]
50CandyJoe: checks 
Quadsfordayz: bets $4.45
50CandyJoe: folds 
Uncalled bet ($4.45) returned to Quadsfordayz
*** TURN *** [Kc 4d 5c] [3s]
*** RIVER *** [Kc 4d 5c 3s] [9d]
*** SHOW DOWN ***
Quadsfordayz: shows [Kh 9h] (two pair, Kings and Nines)
Quadsfordayz collected $0.25 from side pot
fabinhobife2101: shows [Jd Js] (a pair of Jacks)
Quadsfordayz collected $8.65 from main pot
*** SUMMARY ***
Total pot $9.37 Main pot $8.65. Side pot $0.25. | Rake $0.47 
Board [Kc 4d 5c 3s 9d]
Seat 1: RT RT960 folded before Flop (didn't bet)
Seat 2: Quadsfordayz showed [Kh 9h] and won ($8.90) with two pair, Kings and Nines
Seat 3: sutata folded before Flop (didn't bet)
Seat 4: fabinhobife2101 (button) showed [Jd Js] and lost with a pair of Jacks
Seat 5: B1GBankroll (small blind) folded before Flop
Seat 6: 50CandyJoe (big blind) folded on the Flop



PokerStars Hand #254184735064:  Hold'em No Limit ($0.50/$1.00 USD) - 2025/01/04 4:40:54 WET [2025/01/03 23:40:54 ET]
Table 'Irene' 6-max Seat #5 is the button
Seat 4: fabinhobife2101 ($0 in chips) is sitting out
Seat 1: RT RT960 ($55.26 in chips) 
Seat 2: Quadsfordayz ($59.26 in chips) 
Seat 3: sutata ($100 in chips) 
Seat 5: B1GBankroll ($182.42 in chips) 
Seat 6: 50CandyJoe ($171.97 in chips) 
50CandyJoe: posts small blind $0.50
RT RT960: posts big blind $1
*** HOLE CARDS ***
Quadsfordayz: folds 
sutata: folds 
B1GBankroll: folds 
50CandyJoe: folds 
Uncalled bet ($0.50) returned to RT RT960
RT RT960 collected $1 from pot
*** SUMMARY ***
Total pot $1 | Rake $0 
Seat 4: fabinhobife2101
Seat 1: RT RT960 (big blind) collected ($1)
Seat 2: Quadsfordayz folded before Flop (didn't bet)
Seat 3: sutata folded before Flop (didn't bet)
Seat 5: B1GBankroll (button) folded before Flop (didn't bet)
Seat 6: 50CandyJoe (small blind) folded before Flop



PokerStars Hand #254184737000:  Hold'em No Limit ($0.50/$1.00 USD) - 2025/01/04 4:41:11 WET [2025/01/03 23:41:11 ET]
Table 'Irene' 6-max Seat #6 is the button
Seat 4: fabinhobife2101 ($0 in chips) is sitting out
Seat 1: RT RT960 ($55.76 in chips) 
Seat 2: Quadsfordayz ($59.26 in chips) 
Seat 3: sutata ($100 in chips) 
Seat 5: B1GBankroll ($182.42 in chips) 
Seat 6: 50CandyJoe ($171.47 in chips) 
RT RT960: posts small blind $0.50
Quadsfordayz: posts big blind $1
*** HOLE CARDS ***
sutata: folds 
B1GBankroll: folds 
50CandyJoe: raises $1.50 to $2.50
RT RT960: folds 
Quadsfordayz: calls $1.50
*** FLOP *** [4h 6d As]
Quadsfordayz: checks 
fabinhobife2101 is disconnected 
50CandyJoe: bets $1.72
Quadsfordayz: folds 
Uncalled bet ($1.72) returned to 50CandyJoe
50CandyJoe collected $5.22 from pot
50CandyJoe: doesn't show hand 
*** SUMMARY ***
Total pot $5.50 | Rake $0.28 
Board [4h 6d As]
Seat 4: fabinhobife2101
Seat 1: RT RT960 (small blind) folded before Flop
Seat 2: Quadsfordayz (big blind) folded on the Flop
Seat 3: sutata folded before Flop (didn't bet)
Seat 5: B1GBankroll folded before Flop (didn't bet)
Seat 6: 50CandyJoe (button) collected ($5.22)



PokerStars Hand #254184740414:  Hold'em No Limit ($0.50/$1.00 USD) - 2025/01/04 4:41:41 WET [2025/01/03 23:41:41 ET]
Table 'Irene' 6-max Seat #1 is the button
Seat 4: fabinhobife2101 ($0 in chips) is sitting out
Seat 1: RT RT960 ($55.26 in chips) 
Seat 2: Quadsfordayz ($56.76 in chips) 
Seat 3: sutata ($100 in chips) 
Seat 5: B1GBankroll ($182.42 in chips) 
Seat 6: 50CandyJoe ($174.19 in chips) 
Quadsfordayz: posts small blind $0.50
sutata: posts big blind $1
*** HOLE CARDS ***
B1GBankroll: folds 
50CandyJoe: folds 
RT RT960: raises $2 to $3
Quadsfordayz: folds 
sutata: calls $2
*** FLOP *** [3h Td Ks]
sutata: checks 
RT RT960: checks 
*** TURN *** [3h Td Ks] [Ad]
sutata: checks 
RT RT960: checks 
*** RIVER *** [3h Td Ks Ad] [Jd]
sutata: checks 
RT RT960: bets $6.18
sutata: folds 
Uncalled bet ($6.18) returned to RT RT960
RT RT960 collected $6.18 from pot
*** SUMMARY ***
Total pot $6.50 | Rake $0.32 
Board [3h Td Ks Ad Jd]
Seat 4: fabinhobife2101
Seat 1: RT RT960 (button) collected ($6.18)
Seat 2: Quadsfordayz (small blind) folded before Flop
Seat 3: sutata (big blind) folded on the River
Seat 5: B1GBankroll folded before Flop (didn't bet)
Seat 6: 50CandyJoe folded before Flop (didn't bet)



PokerStars Hand #254184744886:  Hold'em No Limit ($0.50/$1.00 USD) - 2025/01/04 4:42:19 WET [2025/01/03 23:42:19 ET]
Table 'Irene' 6-max Seat #2 is the button
Seat 4: fabinhobife2101 ($0 in chips) is sitting out
Seat 1: RT RT960 ($58.44 in chips) 
Seat 2: Quadsfordayz ($56.26 in chips) 
Seat 3: sutata ($100 in chips) 
Seat 5: B1GBankroll ($182.42 in chips) 
Seat 6: 50CandyJoe ($174.19 in chips) 
sutata: posts small blind $0.50
B1GBankroll: posts big blind $1
*** HOLE CARDS ***
50CandyJoe: folds 
RT RT960: raises $2 to $3
Quadsfordayz: folds 
sutata: folds 
B1GBankroll: folds 
Uncalled bet ($2) returned to RT RT960
RT RT960 collected $2.50 from pot
*** SUMMARY ***
Total pot $2.50 | Rake $0 
Seat 4: fabinhobife2101
Seat 1: RT RT960 collected ($2.50)
Seat 2: Quadsfordayz (button) folded before Flop (didn't bet)
Seat 3: sutata (small blind) folded before Flop
Seat 5: B1GBankroll (big blind) folded before Flop
Seat 6: 50CandyJoe folded before Flop (didn't bet)



PokerStars Hand #254184748347:  Hold'em No Limit ($0.50/$1.00 USD) - 2025/01/04 4:42:50 WET [2025/01/03 23:42:50 ET]
Table 'Irene' 6-max Seat #3 is the button
Seat 4: fabinhobife2101 ($0 in chips) is sitting out
Seat 1: RT RT960 ($59.94 in chips) 
Seat 2: Quadsfordayz ($56.26 in chips) 
Seat 3: sutata ($100 in chips) 
Seat 5: B1GBankroll ($181.42 in chips) 
Seat 6: 50CandyJoe ($174.19 in chips) 
B1GBankroll: posts small blind $0.50
50CandyJoe: posts big blind $1
*** HOLE CARDS ***
RT RT960: folds 
Quadsfordayz: folds 
sutata: raises $2 to $3
B1GBankroll: folds 
50CandyJoe: folds 
Uncalled bet ($2) returned to sutata
sutata collected $2.50 from pot
sutata: doesn't show hand 
*** SUMMARY ***
Total pot $2.50 | Rake $0 
Seat 4: fabinhobife2101
Seat 1: RT RT960 folded before Flop (didn't bet)
Seat 2: Quadsfordayz folded before Flop (didn't bet)
Seat 3: sutata (button) collected ($2.50)
Seat 5: B1GBankroll (small blind) folded before Flop
Seat 6: 50CandyJoe (big blind) folded before Flop



PokerStars Hand #254184750347:  Hold'em No Limit ($0.50/$1.00 USD) - 2025/01/04 4:43:08 WET [2025/01/03 23:43:08 ET]
Table 'Irene' 6-max Seat #5 is the button
Seat 4: fabinhobife2101 ($0 in chips) is sitting out
Seat 1: RT RT960 ($59.94 in chips) 
Seat 2: Quadsfordayz ($56.26 in chips) 
Seat 3: sutata ($101.50 in chips) 
Seat 5: B1GBankroll ($180.92 in chips) 
Seat 6: 50CandyJoe ($173.19 in chips) 
50CandyJoe: posts small blind $0.50
RT RT960: posts big blind $1
*** HOLE CARDS ***
Quadsfordayz: folds 
sutata: raises $1.50 to $2.50
B1GBankroll: folds 
50CandyJoe: folds 
RT RT960: calls $1.50
*** FLOP *** [3c 9d 7c]
RT RT960: checks 
sutata: checks 
*** TURN *** [3c 9d 7c] [7h]
RT RT960: bets $2.61
sutata: raises $5.22 to $7.83
RT RT960: calls $5.22
*** RIVER *** [3c 9d 7c 7h] [Qd]
RT RT960: checks 
sutata: bets $13.87
RT RT960: calls $13.87
*** SHOW DOWN ***
sutata: shows [6h Kh] (a pair of Sevens)
RT RT960: shows [Ks 9h] (two pair, Nines and Sevens)
RT RT960 collected $46.46 from pot
*** SUMMARY ***
Total pot $48.90 | Rake $2.44 
Board [3c 9d 7c 7h Qd]
Seat 4: fabinhobife2101
Seat 1: RT RT960 (big blind) showed [Ks 9h] and won ($46.46) with two pair, Nines and Sevens
Seat 2: Quadsfordayz folded before Flop (didn't bet)
Seat 3: sutata showed [6h Kh] and lost with a pair of Sevens
Seat 5: B1GBankroll (button) folded before Flop (didn't bet)
Seat 6: 50CandyJoe (small blind) folded before Flop



PokerStars Hand #254184755339:  Hold'em No Limit ($0.50/$1.00 USD) - 2025/01/04 4:43:52 WET [2025/01/03 23:43:52 ET]
Table 'Irene' 6-max Seat #6 is the button
Seat 4: fabinhobife2101 ($0 in chips) is sitting out
Seat 1: RT RT960 ($82.20 in chips) 
Seat 2: Quadsfordayz ($56.26 in chips) 
Seat 3: sutata ($100 in chips) 
Seat 5: B1GBankroll ($180.92 in chips) 
Seat 6: 50CandyJoe ($172.69 in chips) 
RT RT960: posts small blind $0.50
Quadsfordayz: posts big blind $1
*** HOLE CARDS ***
sutata: folds 
B1GBankroll: raises $1.50 to $2.50
50CandyJoe: folds 
RT RT960: folds 
Quadsfordayz: folds 
Uncalled bet ($1.50) returned to B1GBankroll
B1GBankroll collected $2.50 from pot
B1GBankroll: doesn't show hand 
*** SUMMARY ***
Total pot $2.50 | Rake $0 
Seat 4: fabinhobife2101
Seat 1: RT RT960 (small blind) folded before Flop
Seat 2: Quadsfordayz (big blind) folded before Flop
Seat 3: sutata folded before Flop (didn't bet)
Seat 5: B1GBankroll collected ($2.50)
Seat 6: 50CandyJoe (button) folded before Flop (didn't bet)



PokerStars Hand #254184758584:  Hold'em No Limit ($0.50/$1.00 USD) - 2025/01/04 4:44:21 WET [2025/01/03 23:44:21 ET]
Table 'Irene' 6-max Seat #1 is the button
Seat 4: fabinhobife2101 ($0 in chips) is sitting out
Seat 1: RT RT960 ($81.70 in chips) 
Seat 2: Quadsfordayz ($55.26 in chips) 
Seat 3: sutata ($100 in chips) 
Seat 5: B1GBankroll ($182.42 in chips) 
Seat 6: 50CandyJoe ($172.69 in chips) 
Quadsfordayz: posts small blind $0.50
sutata: posts big blind $1
*** HOLE CARDS ***
B1GBankroll: folds 
50CandyJoe: raises $1.20 to $2.20
RT RT960: calls $2.20
Quadsfordayz: folds 
sutata: folds 
*** FLOP *** [Kh Qs 5d]
50CandyJoe: bets $1.85
RT RT960: calls $1.85
*** TURN *** [Kh Qs 5d] [Jd]
50CandyJoe: checks 
RT RT960: checks 
*** RIVER *** [Kh Qs 5d Jd] [3s]
50CandyJoe: checks 
RT RT960: bets $4.56
50CandyJoe: folds 
Uncalled bet ($4.56) returned to RT RT960
RT RT960 collected $9.12 from pot
*** SUMMARY ***
Total pot $9.60 | Rake $0.48 
Board [Kh Qs 5d Jd 3s]
Seat 4: fabinhobife2101
Seat 1: RT RT960 (button) collected ($9.12)
Seat 2: Quadsfordayz (small blind) folded before Flop
Seat 3: sutata (big blind) folded before Flop
Seat 5: B1GBankroll folded before Flop (didn't bet)
Seat 6: 50CandyJoe folded on the River



PokerStars Hand #254184763983:  Hold'em No Limit ($0.50/$1.00 USD) - 2025/01/04 4:45:09 WET [2025/01/03 23:45:09 ET]
Table 'Irene' 6-max Seat #2 is the button
Seat 4: fabinhobife2101 ($0 in chips) is sitting out
Seat 1: RT RT960 ($86.77 in chips) 
Seat 2: Quadsfordayz ($54.76 in chips) 
Seat 3: sutata ($100 in chips) 
Seat 5: B1GBankroll ($182.42 in chips) 
Seat 6: 50CandyJoe ($168.64 in chips) 
sutata: posts small blind $0.50
B1GBankroll: posts big blind $1
*** HOLE CARDS ***
50CandyJoe: raises $1.20 to $2.20
RT RT960: calls $2.20
Quadsfordayz: raises $8.10 to $10.30
sutata: folds 
B1GBankroll: folds 
50CandyJoe: folds 
RT RT960: folds 
Uncalled bet ($8.10) returned to Quadsfordayz
Quadsfordayz collected $8.10 from pot
Quadsfordayz: doesn't show hand 
*** SUMMARY ***
Total pot $8.10 | Rake $0 
Seat 4: fabinhobife2101
Seat 1: RT RT960 folded before Flop
Seat 2: Quadsfordayz (button) collected ($8.10)
Seat 3: sutata (small blind) folded before Flop
Seat 5: B1GBankroll (big blind) folded before Flop
Seat 6: 50CandyJoe folded before Flop



PokerStars Hand #254184766906:  Hold'em No Limit ($0.50/$1.00 USD) - 2025/01/04 4:45:35 WET [2025/01/03 23:45:35 ET]
Table 'Irene' 6-max Seat #3 is the button
Seat 4: fabinhobife2101 ($0 in chips) is sitting out
Seat 1: RT RT960 ($84.57 in chips) 
Seat 2: Quadsfordayz ($60.66 in chips) 
Seat 3: sutata ($100 in chips) 
Seat 5: B1GBankroll ($181.42 in chips) 
Seat 6: 50CandyJoe ($166.44 in chips) 
B1GBankroll: posts small blind $0.50
50CandyJoe: posts big blind $1
*** HOLE CARDS ***
RT RT960: folds 
Quadsfordayz: folds 
sutata: folds 
B1GBankroll: folds 
Uncalled bet ($0.50) returned to 50CandyJoe
50CandyJoe collected $1 from pot
50CandyJoe: doesn't show hand 
*** SUMMARY ***
Total pot $1 | Rake $0 
Seat 4: fabinhobife2101
Seat 1: RT RT960 folded before Flop (didn't bet)
Seat 2: Quadsfordayz folded before Flop (didn't bet)
Seat 3: sutata (button) folded before Flop (didn't bet)
Seat 5: B1GBankroll (small blind) folded before Flop
Seat 6: 50CandyJoe (big blind) collected ($1)



PokerStars Hand #254184768618:  Hold'em No Limit ($0.50/$1.00 USD) - 2025/01/04 4:45:50 WET [2025/01/03 23:45:50 ET]
Table 'Irene' 6-max Seat #5 is the button
Seat 4: fabinhobife2101 ($0 in chips) is sitting out
Seat 1: RT RT960 ($84.57 in chips) 
Seat 2: Quadsfordayz ($60.66 in chips) 
Seat 3: sutata ($100 in chips) 
Seat 5: B1GBankroll ($180.92 in chips) 
Seat 6: 50CandyJoe ($166.94 in chips) 
50CandyJoe: posts small blind $0.50
RT RT960: posts big blind $1
*** HOLE CARDS ***
Quadsfordayz: folds 
sutata: folds 
B1GBankroll: folds 
50CandyJoe: raises $1.50 to $2.50
RT RT960: folds 
Uncalled bet ($1.50) returned to 50CandyJoe
50CandyJoe collected $2 from pot
50CandyJoe: doesn't show hand 
*** SUMMARY ***
Total pot $2 | Rake $0 
Seat 4: fabinhobife2101
Seat 1: RT RT960 (big blind) folded before Flop
Seat 2: Quadsfordayz folded before Flop (didn't bet)
Seat 3: sutata folded before Flop (didn't bet)
Seat 5: B1GBankroll (button) folded before Flop (didn't bet)
Seat 6: 50CandyJoe (small blind) collected ($2)



PokerStars Hand #254184773373:  Hold'em No Limit ($0.50/$1.00 USD) - 2025/01/04 4:46:32 WET [2025/01/03 23:46:32 ET]
Table 'Irene' 6-max Seat #6 is the button
Seat 4: fabinhobife2101 ($0 in chips) is sitting out
Seat 1: RT RT960 ($83.57 in chips) 
Seat 2: Quadsfordayz ($60.66 in chips) 
Seat 3: sutata ($100 in chips) 
Seat 5: B1GBankroll ($180.92 in chips) 
Seat 6: 50CandyJoe ($167.94 in chips) 
RT RT960: posts small blind $0.50
Quadsfordayz: posts big blind $1
*** HOLE CARDS ***
sutata: folds 
B1GBankroll: folds 
50CandyJoe: raises $1.50 to $2.50
RT RT960: folds 
Quadsfordayz: calls $1.50
*** FLOP *** [7h 8h 2s]
Quadsfordayz: checks 
50CandyJoe: checks 
*** TURN *** [7h 8h 2s] [Qh]
Quadsfordayz: checks 
50CandyJoe: bets $3.45
Quadsfordayz: folds 
Uncalled bet ($3.45) returned to 50CandyJoe
50CandyJoe collected $5.22 from pot
50CandyJoe: doesn't show hand 
*** SUMMARY ***
Total pot $5.50 | Rake $0.28 
Board [7h 8h 2s Qh]
Seat 4: fabinhobife2101
Seat 1: RT RT960 (small blind) folded before Flop
Seat 2: Quadsfordayz (big blind) folded on the Turn
Seat 3: sutata folded before Flop (didn't bet)
Seat 5: B1GBankroll folded before Flop (didn't bet)
Seat 6: 50CandyJoe (button) collected ($5.22)



PokerStars Hand #254184780731:  Hold'em No Limit ($0.50/$1.00 USD) - 2025/01/04 4:47:37 WET [2025/01/03 23:47:37 ET]
Table 'Irene' 6-max Seat #1 is the button
Seat 4: fabinhobife2101 ($0 in chips) is sitting out
Seat 1: RT RT960 ($83.07 in chips) 
Seat 2: Quadsfordayz ($58.16 in chips) 
Seat 3: sutata ($100 in chips) 
Seat 5: B1GBankroll ($180.92 in chips) 
Seat 6: 50CandyJoe ($170.66 in chips) 
Quadsfordayz: posts small blind $0.50
sutata: posts big blind $1
*** HOLE CARDS ***
B1GBankroll: folds 
50CandyJoe: raises $1.20 to $2.20
RT RT960: calls $2.20
Quadsfordayz: folds 
sutata: calls $1.20
*** FLOP *** [9s 8h Th]
sutata: checks 
50CandyJoe: bets $4.45
RT RT960: folds 
sutata: calls $4.45
*** TURN *** [9s 8h Th] [6h]
sutata: bets $5.07
50CandyJoe: calls $5.07
*** RIVER *** [9s 8h Th 6h] [6s]
sutata: checks 
50CandyJoe: bets $158.94 and is all-in
sutata: folds 
Uncalled bet ($158.94) returned to 50CandyJoe
50CandyJoe collected $24.83 from pot
50CandyJoe: doesn't show hand 
*** SUMMARY ***
Total pot $26.14 | Rake $1.31 
Board [9s 8h Th 6h 6s]
Seat 4: fabinhobife2101
Seat 1: RT RT960 (button) folded on the Flop
Seat 2: Quadsfordayz (small blind) folded before Flop
Seat 3: sutata (big blind) folded on the River
Seat 5: B1GBankroll folded before Flop (didn't bet)
Seat 6: 50CandyJoe collected ($24.83)



PokerStars Hand #254184789162:  Hold'em No Limit ($0.50/$1.00 USD) - 2025/01/04 4:48:52 WET [2025/01/03 23:48:52 ET]
Table 'Irene' 6-max Seat #2 is the button
Seat 4: fabinhobife2101 ($0 in chips) is sitting out
Seat 1: RT RT960 ($80.87 in chips) 
Seat 2: Quadsfordayz ($57.66 in chips) 
Seat 3: sutata ($100 in chips) 
Seat 5: B1GBankroll ($180.92 in chips) 
Seat 6: 50CandyJoe ($183.77 in chips) 
sutata: posts small blind $0.50
B1GBankroll: posts big blind $1
*** HOLE CARDS ***
50CandyJoe: folds 
RT RT960: folds 
Quadsfordayz: raises $1 to $2
sutata: folds 
B1GBankroll: raises $6 to $8
Quadsfordayz: folds 
Uncalled bet ($6) returned to B1GBankroll
B1GBankroll collected $4.50 from pot
B1GBankroll: doesn't show hand 
*** SUMMARY ***
Total pot $4.50 | Rake $0 
Seat 4: fabinhobife2101
Seat 1: RT RT960 folded before Flop (didn't bet)
Seat 2: Quadsfordayz (button) folded before Flop
Seat 3: sutata (small blind) folded before Flop
Seat 5: B1GBankroll (big blind) collected ($4.50)
Seat 6: 50CandyJoe folded before Flop (didn't bet)



PokerStars Hand #254184793025:  Hold'em No Limit ($0.50/$1.00 USD) - 2025/01/04 4:49:25 WET [2025/01/03 23:49:25 ET]
Table 'Irene' 6-max Seat #3 is the button
Seat 4: fabinhobife2101 ($0 in chips) is sitting out
Seat 1: RT RT960 ($80.87 in chips) 
Seat 2: Quadsfordayz ($55.66 in chips) 
Seat 3: sutata ($100 in chips) 
Seat 5: B1GBankroll ($183.42 in chips) 
Seat 6: 50CandyJoe ($183.77 in chips) 
B1GBankroll: posts small blind $0.50
50CandyJoe: posts big blind $1
*** HOLE CARDS ***
RT RT960: folds 
Quadsfordayz: folds 
sutata: folds 
B1GBankroll: folds 
Uncalled bet ($0.50) returned to 50CandyJoe
50CandyJoe collected $1 from pot
50CandyJoe: doesn't show hand 
*** SUMMARY ***
Total pot $1 | Rake $0 
Seat 4: fabinhobife2101
Seat 1: RT RT960 folded before Flop (didn't bet)
Seat 2: Quadsfordayz folded before Flop (didn't bet)
Seat 3: sutata (button) folded before Flop (didn't bet)
Seat 5: B1GBankroll (small blind) folded before Flop
Seat 6: 50CandyJoe (big blind) collected ($1)



PokerStars Hand #254184835918:  Hold'em No Limit ($0.50/$1.00 USD) - 2025/01/04 4:56:05 WET [2025/01/03 23:56:05 ET]
Table 'Irene' 6-max Seat #3 is the button
Seat 1: RT RT960 ($0 in chips) is sitting out
Seat 2: Quadsfordayz ($55.78 in chips) 
Seat 3: sutata ($110.25 in chips) 
Seat 6: 50CandyJoe ($243.69 in chips) 
50CandyJoe: posts small blind $0.50
Quadsfordayz: posts big blind $1
*** HOLE CARDS ***
sutata: folds 
50CandyJoe: raises $1.50 to $2.50
Quadsfordayz: folds 
Uncalled bet ($1.50) returned to 50CandyJoe
50CandyJoe collected $2 from pot
50CandyJoe: doesn't show hand 
*** SUMMARY ***
Total pot $2 | Rake $0 
Seat 1: RT RT960
Seat 2: Quadsfordayz (big blind) folded before Flop
Seat 3: sutata (button) folded before Flop (didn't bet)
Seat 6: 50CandyJoe (small blind) collected ($2)



PokerStars Hand #254184836815:  Hold'em No Limit ($0.50/$1.00 USD) - 2025/01/04 4:56:15 WET [2025/01/03 23:56:15 ET]
Table 'Irene' 6-max Seat #6 is the button
Seat 1: RT RT960 ($0 in chips) is sitting out
Seat 2: Quadsfordayz ($54.78 in chips) 
Seat 3: sutata ($110.25 in chips) 
Seat 6: 50CandyJoe ($244.69 in chips) 
Quadsfordayz: posts small blind $0.50
sutata: posts big blind $1
*** HOLE CARDS ***
50CandyJoe: folds 
Quadsfordayz: folds 
Uncalled bet ($0.50) returned to sutata
sutata collected $1 from pot
sutata: doesn't show hand 
*** SUMMARY ***
Total pot $1 | Rake $0 
Seat 1: RT RT960
Seat 2: Quadsfordayz (small blind) folded before Flop
Seat 3: sutata (big blind) collected ($1)
Seat 6: 50CandyJoe (button) folded before Flop (didn't bet)



PokerStars Hand #254184837733:  Hold'em No Limit ($0.50/$1.00 USD) - 2025/01/04 4:56:25 WET [2025/01/03 23:56:25 ET]
Table 'Irene' 6-max Seat #2 is the button
Seat 1: RT RT960 ($0 in chips) is sitting out
Seat 2: Quadsfordayz ($54.28 in chips) 
Seat 3: sutata ($110.75 in chips) 
Seat 6: 50CandyJoe ($244.69 in chips) 
sutata: posts small blind $0.50
50CandyJoe: posts big blind $1
*** HOLE CARDS ***
Quadsfordayz: folds 
sutata: raises $2 to $3
50CandyJoe: folds 
Uncalled bet ($2) returned to sutata
sutata collected $2 from pot
sutata: doesn't show hand 
*** SUMMARY ***
Total pot $2 | Rake $0 
Seat 1: RT RT960
Seat 2: Quadsfordayz (button) folded before Flop (didn't bet)
Seat 3: sutata (small blind) collected ($2)
Seat 6: 50CandyJoe (big blind) folded before Flop



PokerStars Hand #254184838592:  Hold'em No Limit ($0.50/$1.00 USD) - 2025/01/04 4:56:35 WET [2025/01/03 23:56:35 ET]
Table 'Irene' 6-max Seat #3 is the button
Seat 1: RT RT960 ($0 in chips) is sitting out
Seat 2: Quadsfordayz ($54.28 in chips) 
Seat 3: sutata ($111.75 in chips) 
Seat 6: 50CandyJoe ($243.69 in chips) 
50CandyJoe: posts small blind $0.50
Quadsfordayz: posts big blind $1
*** HOLE CARDS ***
sutata: raises $2 to $3
50CandyJoe: folds 
Quadsfordayz: raises $6.50 to $9.50
sutata: folds 
Uncalled bet ($6.50) returned to Quadsfordayz
Quadsfordayz collected $6.50 from pot
Quadsfordayz: doesn't show hand 
*** SUMMARY ***
Total pot $6.50 | Rake $0 
Seat 1: RT RT960
Seat 2: Quadsfordayz (big blind) collected ($6.50)
Seat 3: sutata (button) folded before Flop
Seat 6: 50CandyJoe (small blind) folded before Flop



PokerStars Hand #254184840424:  Hold'em No Limit ($0.50/$1.00 USD) - 2025/01/04 4:56:55 WET [2025/01/03 23:56:55 ET]
Table 'Irene' 6-max Seat #6 is the button
Seat 1: RT RT960 ($0 in chips) is sitting out
Seat 2: Quadsfordayz ($57.78 in chips) 
Seat 3: sutata ($108.75 in chips) 
Seat 6: 50CandyJoe ($243.19 in chips) 
Quadsfordayz: posts small blind $0.50
sutata: posts big blind $1
*** HOLE CARDS ***
50CandyJoe: raises $1.50 to $2.50
Quadsfordayz: calls $2
sutata: calls $1.50
*** FLOP *** [Ac 7d Td]
Quadsfordayz: checks 
sutata: checks 
50CandyJoe: bets $1.78
Quadsfordayz: raises $5.34 to $7.12
sutata: folds 
50CandyJoe: folds 
Uncalled bet ($5.34) returned to Quadsfordayz
Quadsfordayz collected $10.51 from pot
Quadsfordayz: doesn't show hand 
*** SUMMARY ***
Total pot $11.06 | Rake $0.55 
Board [Ac 7d Td]
Seat 1: RT RT960
Seat 2: Quadsfordayz (small blind) collected ($10.51)
Seat 3: sutata (big blind) folded on the Flop
Seat 6: 50CandyJoe (button) folded on the Flop



PokerStars Hand #254184846109:  Hold'em No Limit ($0.50/$1.00 USD) - 2025/01/04 4:57:59 WET [2025/01/03 23:57:59 ET]
Table 'Irene' 6-max Seat #2 is the button
Seat 1: RT RT960 ($0 in chips) is sitting out
Seat 2: Quadsfordayz ($64.01 in chips) 
Seat 3: sutata ($106.25 in chips) 
Seat 6: 50CandyJoe ($238.91 in chips) 
sutata: posts small blind $0.50
50CandyJoe: posts big blind $1
*** HOLE CARDS ***
Quadsfordayz: folds 
sutata: raises $2 to $3
50CandyJoe: folds 
Uncalled bet ($2) returned to sutata
sutata collected $2 from pot
sutata: doesn't show hand 
*** SUMMARY ***
Total pot $2 | Rake $0 
Seat 1: RT RT960
Seat 2: Quadsfordayz (button) folded before Flop (didn't bet)
Seat 3: sutata (small blind) collected ($2)
Seat 6: 50CandyJoe (big blind) folded before Flop



PokerStars Hand #254184847545:  Hold'em No Limit ($0.50/$1.00 USD) - 2025/01/04 4:58:15 WET [2025/01/03 23:58:15 ET]
Table 'Irene' 6-max Seat #3 is the button
Seat 1: RT RT960 ($0 in chips) is sitting out
Seat 2: Quadsfordayz ($64.01 in chips) 
Seat 3: sutata ($107.25 in chips) 
Seat 6: 50CandyJoe ($237.91 in chips) 
50CandyJoe: posts small blind $0.50
Quadsfordayz: posts big blind $1
*** HOLE CARDS ***
sutata: folds 
50CandyJoe: raises $1.20 to $2.20
Quadsfordayz: calls $1.20
*** FLOP *** [Kd Th 6c]
50CandyJoe: bets $1.38
Quadsfordayz: calls $1.38
*** TURN *** [Kd Th 6c] [Td]
50CandyJoe: checks 
Quadsfordayz: checks 
*** RIVER *** [Kd Th 6c Td] [3c]
50CandyJoe: bets $5
Quadsfordayz: folds 
Uncalled bet ($5) returned to 50CandyJoe
50CandyJoe collected $6.80 from pot
50CandyJoe: doesn't show hand 
*** SUMMARY ***
Total pot $7.16 | Rake $0.36 
Board [Kd Th 6c Td 3c]
Seat 1: RT RT960
Seat 2: Quadsfordayz (big blind) folded on the River
Seat 3: sutata (button) folded before Flop (didn't bet)
Seat 6: 50CandyJoe (small blind) collected ($6.80)



PokerStars Hand #254184849982:  Hold'em No Limit ($0.50/$1.00 USD) - 2025/01/04 4:58:41 WET [2025/01/03 23:58:41 ET]
Table 'Irene' 6-max Seat #6 is the button
Seat 1: RT RT960 ($0 in chips) is sitting out
Seat 2: Quadsfordayz ($60.43 in chips) 
Seat 3: sutata ($107.25 in chips) 
Seat 6: 50CandyJoe ($241.13 in chips) 
Quadsfordayz: posts small blind $0.50
sutata: posts big blind $1
*** HOLE CARDS ***
50CandyJoe: folds 
Quadsfordayz: folds 
Uncalled bet ($0.50) returned to sutata
sutata collected $1 from pot
sutata: doesn't show hand 
*** SUMMARY ***
Total pot $1 | Rake $0 
Seat 1: RT RT960
Seat 2: Quadsfordayz (small blind) folded before Flop
Seat 3: sutata (big blind) collected ($1)
Seat 6: 50CandyJoe (button) folded before Flop (didn't bet)



PokerStars Hand #254184850658:  Hold'em No Limit ($0.50/$1.00 USD) - 2025/01/04 4:58:49 WET [2025/01/03 23:58:49 ET]
Table 'Irene' 6-max Seat #2 is the button
Seat 1: RT RT960 ($0 in chips) is sitting out
Seat 2: Quadsfordayz ($59.93 in chips) 
Seat 3: sutata ($107.75 in chips) 
Seat 6: 50CandyJoe ($241.13 in chips) 
sutata: posts small blind $0.50
50CandyJoe: posts big blind $1
*** HOLE CARDS ***
Quadsfordayz: folds 
sutata: folds 
Uncalled bet ($0.50) returned to 50CandyJoe
50CandyJoe collected $1 from pot
50CandyJoe: doesn't show hand 
*** SUMMARY ***
Total pot $1 | Rake $0 
Seat 1: RT RT960
Seat 2: Quadsfordayz (button) folded before Flop (didn't bet)
Seat 3: sutata (small blind) folded before Flop
Seat 6: 50CandyJoe (big blind) collected ($1)



PokerStars Hand #254184851414:  Hold'em No Limit ($0.50/$1.00 USD) - 2025/01/04 4:58:57 WET [2025/01/03 23:58:57 ET]
Table 'Irene' 6-max Seat #3 is the button
Seat 1: RT RT960 ($0 in chips) is sitting out
Seat 2: Quadsfordayz ($59.93 in chips) 
Seat 3: sutata ($107.25 in chips) 
Seat 6: 50CandyJoe ($241.63 in chips) 
50CandyJoe: posts small blind $0.50
Quadsfordayz: posts big blind $1
*** HOLE CARDS ***
sutata: raises $2 to $3
50CandyJoe: folds 
Quadsfordayz: folds 
Uncalled bet ($2) returned to sutata
sutata collected $2.50 from pot
sutata: doesn't show hand 
Quadsfordayz leaves the table
*** SUMMARY ***
Total pot $2.50 | Rake $0 
Seat 1: RT RT960
Seat 2: Quadsfordayz (big blind) folded before Flop
Seat 3: sutata (button) collected ($2.50)
Seat 6: 50CandyJoe (small blind) folded before Flop



PokerStars Hand #254184852843:  Hold'em No Limit ($0.50/$1.00 USD) - 2025/01/04 4:59:13 WET [2025/01/03 23:59:13 ET]
Table 'Irene' 6-max Seat #6 is the button
Seat 1: RT RT960 ($0 in chips) is sitting out
Seat 3: sutata ($108.75 in chips) 
Seat 6: 50CandyJoe ($241.13 in chips) 
50CandyJoe: posts small blind $0.50
sutata: posts big blind $1
*** HOLE CARDS ***
50CandyJoe: raises $1.50 to $2.50
sutata: calls $1.50
*** FLOP *** [Qs As 4s]
sutata: checks 
50CandyJoe: bets $1.19
sutata: calls $1.19
*** TURN *** [Qs As 4s] [9s]
sutata: checks 
50CandyJoe: checks 
*** RIVER *** [Qs As 4s 9s] [4c]
sutata: bets $2.34
50CandyJoe: raises $3.86 to $6.20
sutata: calls $3.86
*** SHOW DOWN ***
50CandyJoe: shows [Ks 5h] (a flush, Ace high)
sutata: mucks hand 
50CandyJoe collected $18.79 from pot
*** SUMMARY ***
Total pot $19.78 | Rake $0.99 
Board [Qs As 4s 9s 4c]
Seat 1: RT RT960
Seat 3: sutata (big blind) mucked
Seat 6: 50CandyJoe (button) (small blind) showed [Ks 5h] and won ($18.79) with a flush, Ace high



PokerStars Hand #254184856880:  Hold'em No Limit ($0.50/$1.00 USD) - 2025/01/04 4:59:57 WET [2025/01/03 23:59:57 ET]
Table 'Irene' 6-max Seat #3 is the button
Seat 1: RT RT960 ($0 in chips) is sitting out
Seat 3: sutata ($100 in chips) 
Seat 6: 50CandyJoe ($250.03 in chips) 
sutata: posts small blind $0.50
50CandyJoe: posts big blind $1
*** HOLE CARDS ***
sutata: folds 
Uncalled bet ($0.50) returned to 50CandyJoe
50CandyJoe collected $1 from pot
50CandyJoe: doesn't show hand 
*** SUMMARY ***
Total pot $1 | Rake $0 
Seat 1: RT RT960
Seat 3: sutata (button) (small blind) folded before Flop
Seat 6: 50CandyJoe (big blind) collected ($1)



PokerStars Hand #254184794486:  Hold'em No Limit ($0.50/$1.00 USD) - 2025/01/04 4:49:39 WET [2025/01/03 23:49:39 ET]
Table 'Irene' 6-max Seat #5 is the button
Seat 4: fabinhobife2101 ($0 in chips) is sitting out
Seat 1: RT RT960 ($80.87 in chips) 
Seat 2: Quadsfordayz ($55.66 in chips) 
Seat 3: sutata ($100 in chips) 
Seat 5: B1GBankroll ($182.92 in chips) 
Seat 6: 50CandyJoe ($184.27 in chips) 
50CandyJoe: posts small blind $0.50
RT RT960: posts big blind $1
*** HOLE CARDS ***
Quadsfordayz: folds 
sutata: raises $1.50 to $2.50
B1GBankroll: folds 
50CandyJoe: folds 
RT RT960: calls $1.50
*** FLOP *** [6d 3d 5c]
RT RT960: checks 
sutata: bets $1.74
RT RT960: calls $1.74
*** TURN *** [6d 3d 5c] [3c]
RT RT960: checks 
sutata: bets $2.84
RT RT960: calls $2.84
*** RIVER *** [6d 3d 5c 3c] [6s]
RT RT960: checks 
sutata: checks 
*** SHOW DOWN ***
RT RT960: shows [8s 7h] (two pair, Sixes and Threes)
sutata: shows [Ts As] (two pair, Sixes and Threes - Ace kicker)
sutata collected $13.93 from pot
*** SUMMARY ***
Total pot $14.66 | Rake $0.73 
Board [6d 3d 5c 3c 6s]
Seat 4: fabinhobife2101
Seat 1: RT RT960 (big blind) showed [8s 7h] and lost with two pair, Sixes and Threes
Seat 2: Quadsfordayz folded before Flop (didn't bet)
Seat 3: sutata showed [Ts As] and won ($13.93) with two pair, Sixes and Threes
Seat 5: B1GBankroll (button) folded before Flop (didn't bet)
Seat 6: 50CandyJoe (small blind) folded before Flop



PokerStars Hand #254184799269:  Hold'em No Limit ($0.50/$1.00 USD) - 2025/01/04 4:50:22 WET [2025/01/03 23:50:22 ET]
Table 'Irene' 6-max Seat #6 is the button
Seat 4: fabinhobife2101 ($0 in chips) is sitting out
Seat 1: RT RT960 ($73.79 in chips) 
Seat 2: Quadsfordayz ($55.66 in chips) 
Seat 3: sutata ($106.85 in chips) 
Seat 5: B1GBankroll ($182.92 in chips) 
Seat 6: 50CandyJoe ($183.77 in chips) 
RT RT960: posts small blind $0.50
Quadsfordayz: posts big blind $1
*** HOLE CARDS ***
sutata: folds 
B1GBankroll: folds 
50CandyJoe: raises $1.50 to $2.50
RT RT960: calls $2
Quadsfordayz: folds 
*** FLOP *** [6h 9s Th]
RT RT960: checks 
50CandyJoe: checks 
*** TURN *** [6h 9s Th] [Jc]
RT RT960: bets $2.85
50CandyJoe: folds 
Uncalled bet ($2.85) returned to RT RT960
RT RT960 collected $5.70 from pot
*** SUMMARY ***
Total pot $6 | Rake $0.30 
Board [6h 9s Th Jc]
Seat 4: fabinhobife2101
Seat 1: RT RT960 (small blind) collected ($5.70)
Seat 2: Quadsfordayz (big blind) folded before Flop
Seat 3: sutata folded before Flop (didn't bet)
Seat 5: B1GBankroll folded before Flop (didn't bet)
Seat 6: 50CandyJoe (button) folded on the Turn



PokerStars Hand #254184801588:  Hold'em No Limit ($0.50/$1.00 USD) - 2025/01/04 4:50:43 WET [2025/01/03 23:50:43 ET]
Table 'Irene' 6-max Seat #1 is the button
Seat 4: fabinhobife2101 ($0 in chips) is sitting out
Seat 1: RT RT960 ($76.99 in chips) 
Seat 2: Quadsfordayz ($54.66 in chips) 
Seat 3: sutata ($106.85 in chips) 
Seat 5: B1GBankroll ($182.92 in chips) 
Seat 6: 50CandyJoe ($181.27 in chips) 
Quadsfordayz: posts small blind $0.50
sutata: posts big blind $1
*** HOLE CARDS ***
B1GBankroll: raises $1.50 to $2.50
50CandyJoe: folds 
RT RT960: calls $2.50
fabinhobife2101 leaves the table
Quadsfordayz: folds 
sutata: folds 
*** FLOP *** [5d 6d Tc]
b2k-Snick joins the table at seat #4 
B1GBankroll: bets $4.57
RT RT960: calls $4.57
*** TURN *** [5d 6d Tc] [Qc]
B1GBankroll: bets $175.85 and is all-in
RT RT960: folds 
Uncalled bet ($175.85) returned to B1GBankroll
B1GBankroll collected $14.86 from pot
B1GBankroll: doesn't show hand 
*** SUMMARY ***
Total pot $15.64 | Rake $0.78 
Board [5d 6d Tc Qc]
Seat 4: fabinhobife2101
Seat 1: RT RT960 (button) folded on the Turn
Seat 2: Quadsfordayz (small blind) folded before Flop
Seat 3: sutata (big blind) folded before Flop
Seat 5: B1GBankroll collected ($14.86)
Seat 6: 50CandyJoe folded before Flop (didn't bet)



PokerStars Hand #254184811525:  Hold'em No Limit ($0.50/$1.00 USD) - 2025/01/04 4:52:12 WET [2025/01/03 23:52:12 ET]
Table 'Irene' 6-max Seat #2 is the button
Seat 1: RT RT960 ($69.92 in chips) 
Seat 2: Quadsfordayz ($54.16 in chips) 
Seat 3: sutata ($105.85 in chips) 
Seat 4: b2k-Snick ($153.96 in chips) 
Seat 5: B1GBankroll ($190.71 in chips) 
Seat 6: 50CandyJoe ($181.27 in chips) 
sutata: posts small blind $0.50
b2k-Snick: posts big blind $1
*** HOLE CARDS ***
B1GBankroll: folds 
50CandyJoe: raises $1.20 to $2.20
RT RT960: raises $1.20 to $3.40
Quadsfordayz: folds 
sutata: folds 
b2k-Snick: folds 
50CandyJoe: calls $1.20
*** FLOP *** [5d 2d Qh]
50CandyJoe: checks 
RT RT960: checks 
*** TURN *** [5d 2d Qh] [Ad]
50CandyJoe: checks 
RT RT960: bets $3.94
50CandyJoe: raises $17.06 to $21
RT RT960: raises $45.52 to $66.52 and is all-in
50CandyJoe: calls $45.52
*** RIVER *** [5d 2d Qh Ad] [8h]
*** SHOW DOWN ***
50CandyJoe: shows [6d 3d] (a flush, Ace high)
RT RT960: shows [As 9s] (a pair of Aces)
50CandyJoe collected $138.84 from pot
*** SUMMARY ***
Total pot $141.34 | Rake $2.50 
Board [5d 2d Qh Ad 8h]
Seat 1: RT RT960 showed [As 9s] and lost with a pair of Aces
Seat 2: Quadsfordayz (button) folded before Flop (didn't bet)
Seat 3: sutata (small blind) folded before Flop
Seat 4: b2k-Snick (big blind) folded before Flop
Seat 5: B1GBankroll folded before Flop (didn't bet)
Seat 6: 50CandyJoe showed [6d 3d] and won ($138.84) with a flush, Ace high



PokerStars Hand #254184817034:  Hold'em No Limit ($0.50/$1.00 USD) - 2025/01/04 4:53:02 WET [2025/01/03 23:53:02 ET]
Table 'Irene' 6-max Seat #3 is the button
Seat 1: RT RT960 ($0 in chips) is sitting out
Seat 2: Quadsfordayz ($54.16 in chips) 
Seat 3: sutata ($105.35 in chips) 
Seat 4: b2k-Snick ($152.96 in chips) 
Seat 5: B1GBankroll ($190.71 in chips) 
Seat 6: 50CandyJoe ($250.19 in chips) 
b2k-Snick: posts small blind $0.50
B1GBankroll: posts big blind $1
*** HOLE CARDS ***
50CandyJoe: folds 
Quadsfordayz: folds 
sutata: folds 
b2k-Snick: raises $2 to $3
B1GBankroll: folds 
Uncalled bet ($2) returned to b2k-Snick
b2k-Snick collected $2 from pot
b2k-Snick: doesn't show hand 
*** SUMMARY ***
Total pot $2 | Rake $0 
Seat 1: RT RT960
Seat 2: Quadsfordayz folded before Flop (didn't bet)
Seat 3: sutata (button) folded before Flop (didn't bet)
Seat 4: b2k-Snick (small blind) collected ($2)
Seat 5: B1GBankroll (big blind) folded before Flop
Seat 6: 50CandyJoe folded before Flop (didn't bet)



PokerStars Hand #254184819536:  Hold'em No Limit ($0.50/$1.00 USD) - 2025/01/04 4:53:25 WET [2025/01/03 23:53:25 ET]
Table 'Irene' 6-max Seat #4 is the button
Seat 1: RT RT960 ($0 in chips) is sitting out
Seat 2: Quadsfordayz ($54.16 in chips) 
Seat 3: sutata ($105.35 in chips) 
Seat 4: b2k-Snick ($153.96 in chips) 
Seat 5: B1GBankroll ($189.71 in chips) 
Seat 6: 50CandyJoe ($250.19 in chips) 
B1GBankroll: posts small blind $0.50
50CandyJoe: posts big blind $1
*** HOLE CARDS ***
Quadsfordayz: folds 
sutata: raises $1.50 to $2.50
b2k-Snick: folds 
B1GBankroll: folds 
50CandyJoe: folds 
Uncalled bet ($1.50) returned to sutata
sutata collected $2.50 from pot
sutata: doesn't show hand 
*** SUMMARY ***
Total pot $2.50 | Rake $0 
Seat 1: RT RT960
Seat 2: Quadsfordayz folded before Flop (didn't bet)
Seat 3: sutata collected ($2.50)
Seat 4: b2k-Snick (button) folded before Flop (didn't bet)
Seat 5: B1GBankroll (small blind) folded before Flop
Seat 6: 50CandyJoe (big blind) folded before Flop



PokerStars Hand #254184822246:  Hold'em No Limit ($0.50/$1.00 USD) - 2025/01/04 4:53:50 WET [2025/01/03 23:53:50 ET]
Table 'Irene' 6-max Seat #5 is the button
Seat 1: RT RT960 ($0 in chips) is sitting out
Seat 2: Quadsfordayz ($54.16 in chips) 
Seat 3: sutata ($106.85 in chips) 
Seat 4: b2k-Snick ($153.96 in chips) 
Seat 5: B1GBankroll ($189.21 in chips) 
Seat 6: 50CandyJoe ($249.19 in chips) 
50CandyJoe: posts small blind $0.50
Quadsfordayz: posts big blind $1
*** HOLE CARDS ***
sutata: raises $1.50 to $2.50
b2k-Snick: folds 
B1GBankroll: folds 
50CandyJoe: folds 
Quadsfordayz: folds 
Uncalled bet ($1.50) returned to sutata
sutata collected $2.50 from pot
sutata: doesn't show hand 
*** SUMMARY ***
Total pot $2.50 | Rake $0 
Seat 1: RT RT960
Seat 2: Quadsfordayz (big blind) folded before Flop
Seat 3: sutata collected ($2.50)
Seat 4: b2k-Snick folded before Flop (didn't bet)
Seat 5: B1GBankroll (button) folded before Flop (didn't bet)
Seat 6: 50CandyJoe (small blind) folded before Flop



PokerStars Hand #254184824068:  Hold'em No Limit ($0.50/$1.00 USD) - 2025/01/04 4:54:07 WET [2025/01/03 23:54:07 ET]
Table 'Irene' 6-max Seat #6 is the button
Seat 1: RT RT960 ($0 in chips) is sitting out
Seat 2: Quadsfordayz ($53.16 in chips) 
Seat 3: sutata ($108.35 in chips) 
Seat 4: b2k-Snick ($153.96 in chips) 
Seat 5: B1GBankroll ($189.21 in chips) 
Seat 6: 50CandyJoe ($248.69 in chips) 
Quadsfordayz: posts small blind $0.50
sutata: posts big blind $1
*** HOLE CARDS ***
b2k-Snick: folds 
RT RT960 is disconnected 
b2k-Snick leaves the table
B1GBankroll: folds 
50CandyJoe: folds 
Quadsfordayz: calls $0.50
sutata: checks 
*** FLOP *** [Ks Jd 5c]
Quadsfordayz: checks 
sutata: checks 
*** TURN *** [Ks Jd 5c] [7d]
Quadsfordayz: checks 
sutata: checks 
*** RIVER *** [Ks Jd 5c 7d] [6d]
Quadsfordayz: checks 
sutata: bets $1.50
Quadsfordayz: folds 
Uncalled bet ($1.50) returned to sutata
sutata collected $1.90 from pot
sutata: doesn't show hand 
*** SUMMARY ***
Total pot $2 | Rake $0.10 
Board [Ks Jd 5c 7d 6d]
Seat 1: RT RT960
Seat 2: Quadsfordayz (small blind) folded on the River
Seat 3: sutata (big blind) collected ($1.90)
Seat 4: b2k-Snick folded before Flop (didn't bet)
Seat 5: B1GBankroll folded before Flop (didn't bet)
Seat 6: 50CandyJoe (button) folded before Flop (didn't bet)



PokerStars Hand #254184828658:  Hold'em No Limit ($0.50/$1.00 USD) - 2025/01/04 4:54:48 WET [2025/01/03 23:54:48 ET]
Table 'Irene' 6-max Seat #2 is the button
Seat 1: RT RT960 ($0 in chips) is sitting out
Seat 5: B1GBankroll ($189.21 in chips) is sitting out
Seat 2: Quadsfordayz ($52.16 in chips) 
Seat 3: sutata ($109.25 in chips) 
Seat 6: 50CandyJoe ($248.69 in chips) 
sutata: posts small blind $0.50
B1GBankroll: is sitting out 
50CandyJoe: posts big blind $1
*** HOLE CARDS ***
B1GBankroll leaves the table
Quadsfordayz: raises $2.50 to $3.50
sutata: folds 
50CandyJoe: calls $2.50
*** FLOP *** [2d Tc 8h]
50CandyJoe: checks 
Quadsfordayz: bets $3.56
50CandyJoe: folds 
Uncalled bet ($3.56) returned to Quadsfordayz
Quadsfordayz collected $7.12 from pot
Quadsfordayz: doesn't show hand 
*** SUMMARY ***
Total pot $7.50 | Rake $0.38 
Board [2d Tc 8h]
Seat 1: RT RT960
Seat 5: B1GBankroll
Seat 2: Quadsfordayz (button) collected ($7.12)
Seat 3: sutata (small blind) folded before Flop
Seat 6: 50CandyJoe (big blind) folded on the Flop



PokerStars Hand #254184831752:  Hold'em No Limit ($0.50/$1.00 USD) - 2025/01/04 4:55:18 WET [2025/01/03 23:55:18 ET]
Table 'Irene' 6-max Seat #3 is the button
Seat 1: RT RT960 ($0 in chips) is sitting out
Seat 2: Quadsfordayz ($55.78 in chips) 
Seat 3: sutata ($108.75 in chips) 
Seat 6: 50CandyJoe ($245.19 in chips) 
50CandyJoe: posts small blind $0.50
Quadsfordayz: posts big blind $1
*** HOLE CARDS ***
sutata: raises $2 to $3
50CandyJoe: folds 
Quadsfordayz: folds 
Uncalled bet ($2) returned to sutata
sutata collected $2.50 from pot
sutata: doesn't show hand 
*** SUMMARY ***
Total pot $2.50 | Rake $0 
Seat 1: RT RT960
Seat 2: Quadsfordayz (big blind) folded before Flop
Seat 3: sutata (button) collected ($2.50)
Seat 6: 50CandyJoe (small blind) folded before Flop



PokerStars Hand #254184832694:  Hold'em No Limit ($0.50/$1.00 USD) - 2025/01/04 4:55:28 WET [2025/01/03 23:55:28 ET]
Table 'Irene' 6-max Seat #6 is the button
Seat 1: RT RT960 ($0 in chips) is sitting out
Seat 2: Quadsfordayz ($54.78 in chips) 
Seat 3: sutata ($110.25 in chips) 
Seat 6: 50CandyJoe ($244.69 in chips) 
Quadsfordayz: posts small blind $0.50
sutata: posts big blind $1
*** HOLE CARDS ***
50CandyJoe: folds 
Quadsfordayz: folds 
Uncalled bet ($0.50) returned to sutata
sutata collected $1 from pot
sutata: doesn't show hand 
*** SUMMARY ***
Total pot $1 | Rake $0 
Seat 1: RT RT960
Seat 2: Quadsfordayz (small blind) folded before Flop
Seat 3: sutata (big blind) collected ($1)
Seat 6: 50CandyJoe (button) folded before Flop (didn't bet)



PokerStars Hand #254184833663:  Hold'em No Limit ($0.50/$1.00 USD) - 2025/01/04 4:55:40 WET [2025/01/03 23:55:40 ET]
Table 'Irene' 6-max Seat #2 is the button
Seat 1: RT RT960 ($0 in chips) is sitting out
Seat 2: Quadsfordayz ($54.28 in chips) 
Seat 3: sutata ($110.75 in chips) 
Seat 6: 50CandyJoe ($244.69 in chips) 
sutata: posts small blind $0.50
50CandyJoe: posts big blind $1
*** HOLE CARDS ***
Quadsfordayz: raises $2.50 to $3.50
sutata: folds 
50CandyJoe: folds 
Uncalled bet ($2.50) returned to Quadsfordayz
Quadsfordayz collected $2.50 from pot
Quadsfordayz: doesn't show hand 
*** SUMMARY ***
Total pot $2.50 | Rake $0 
Seat 1: RT RT960
Seat 2: Quadsfordayz (button) collected ($2.50)
Seat 3: sutata (small blind) folded before Flop
Seat 6: 50CandyJoe (big blind) folded before Flop



PokerStars Hand #254184329847:  Hold'em No Limit ($0.50/$1.00 USD) - 2025/01/04 3:46:39 WET [2025/01/03 22:46:39 ET]
Table 'Irene' 6-max Seat #3 is the button
Seat 2: Quadsfordayz ($103.82 in chips) 
Seat 3: GERAKLmeat ($38.94 in chips) 
Seat 4: fabinhobife2101 ($28.69 in chips) 
Seat 5: dindanio10 ($77.30 in chips) 
Seat 6: 50CandyJoe ($112.48 in chips) 
fabinhobife2101: posts small blind $0.50
dindanio10: posts big blind $1
*** HOLE CARDS ***
50CandyJoe: raises $1.20 to $2.20
Quadsfordayz: folds 
GERAKLmeat: folds 
fabinhobife2101: calls $1.70
dindanio10: calls $1.20
*** FLOP *** [Qh 5h Ah]
fabinhobife2101: checks 
dindanio10: checks 
50CandyJoe: checks 
*** TURN *** [Qh 5h Ah] [3c]
fabinhobife2101: checks 
dindanio10: checks 
50CandyJoe: checks 
*** RIVER *** [Qh 5h Ah 3c] [4h]
fabinhobife2101: checks 
dindanio10: bets $3.14
50CandyJoe: folds 
fabinhobife2101: folds 
Uncalled bet ($3.14) returned to dindanio10
dindanio10 collected $6.27 from pot
*** SUMMARY ***
Total pot $6.60 | Rake $0.33 
Board [Qh 5h Ah 3c 4h]
Seat 2: Quadsfordayz folded before Flop (didn't bet)
Seat 3: GERAKLmeat (button) folded before Flop (didn't bet)
Seat 4: fabinhobife2101 (small blind) folded on the River
Seat 5: dindanio10 (big blind) collected ($6.27)
Seat 6: 50CandyJoe folded on the River



PokerStars Hand #254184338971:  Hold'em No Limit ($0.50/$1.00 USD) - 2025/01/04 3:47:44 WET [2025/01/03 22:47:44 ET]
Table 'Irene' 6-max Seat #4 is the button
Seat 2: Quadsfordayz ($103.82 in chips) 
Seat 3: GERAKLmeat ($38.94 in chips) 
Seat 4: fabinhobife2101 ($26.49 in chips) 
Seat 5: dindanio10 ($81.37 in chips) 
Seat 6: 50CandyJoe ($110.28 in chips) 
dindanio10: posts small blind $0.50
50CandyJoe: posts big blind $1
*** HOLE CARDS ***
Quadsfordayz: folds 
GERAKLmeat: folds 
fabinhobife2101: raises $1 to $2
dindanio10: folds 
50CandyJoe: folds 
Uncalled bet ($1) returned to fabinhobife2101
fabinhobife2101 collected $2.50 from pot
Lago Madjore joins the table at seat #1 
*** SUMMARY ***
Total pot $2.50 | Rake $0 
Seat 2: Quadsfordayz folded before Flop (didn't bet)
Seat 3: GERAKLmeat folded before Flop (didn't bet)
Seat 4: fabinhobife2101 (button) collected ($2.50)
Seat 5: dindanio10 (small blind) folded before Flop
Seat 6: 50CandyJoe (big blind) folded before Flop



PokerStars Hand #254184341409:  Hold'em No Limit ($0.50/$1.00 USD) - 2025/01/04 3:48:01 WET [2025/01/03 22:48:01 ET]
Table 'Irene' 6-max Seat #5 is the button
Seat 1: Lago Madjore ($10 in chips) 
Seat 2: Quadsfordayz ($103.82 in chips) 
Seat 3: GERAKLmeat ($38.94 in chips) 
Seat 4: fabinhobife2101 ($27.99 in chips) 
Seat 5: dindanio10 ($80.87 in chips) 
Seat 6: 50CandyJoe ($109.28 in chips) 
50CandyJoe: posts small blind $0.50
Lago Madjore: posts big blind $1
*** HOLE CARDS ***
Quadsfordayz: folds 
GERAKLmeat: folds 
fabinhobife2101: folds 
dindanio10: raises $1.50 to $2.50
50CandyJoe: folds 
Lago Madjore: folds 
Uncalled bet ($1.50) returned to dindanio10
dindanio10 collected $2.50 from pot
*** SUMMARY ***
Total pot $2.50 | Rake $0 
Seat 1: Lago Madjore (big blind) folded before Flop
Seat 2: Quadsfordayz folded before Flop (didn't bet)
Seat 3: GERAKLmeat folded before Flop (didn't bet)
Seat 4: fabinhobife2101 folded before Flop (didn't bet)
Seat 5: dindanio10 (button) collected ($2.50)
Seat 6: 50CandyJoe (small blind) folded before Flop



PokerStars Hand #254184343607:  Hold'em No Limit ($0.50/$1.00 USD) - 2025/01/04 3:48:17 WET [2025/01/03 22:48:17 ET]
Table 'Irene' 6-max Seat #6 is the button
Seat 1: Lago Madjore ($100 in chips) 
Seat 2: Quadsfordayz ($103.82 in chips) 
Seat 3: GERAKLmeat ($38.94 in chips) 
Seat 4: fabinhobife2101 ($27.99 in chips) 
Seat 5: dindanio10 ($82.37 in chips) 
Seat 6: 50CandyJoe ($108.78 in chips) 
Lago Madjore: posts small blind $0.50
Quadsfordayz: posts big blind $1
*** HOLE CARDS ***
GERAKLmeat: folds 
fabinhobife2101: folds 
dindanio10: folds 
50CandyJoe: raises $1.50 to $2.50
Lago Madjore: folds 
Quadsfordayz: folds 
Uncalled bet ($1.50) returned to 50CandyJoe
50CandyJoe collected $2.50 from pot
50CandyJoe: doesn't show hand 
*** SUMMARY ***
Total pot $2.50 | Rake $0 
Seat 1: Lago Madjore (small blind) folded before Flop
Seat 2: Quadsfordayz (big blind) folded before Flop
Seat 3: GERAKLmeat folded before Flop (didn't bet)
Seat 4: fabinhobife2101 folded before Flop (didn't bet)
Seat 5: dindanio10 folded before Flop (didn't bet)
Seat 6: 50CandyJoe (button) collected ($2.50)



PokerStars Hand #254184345536:  Hold'em No Limit ($0.50/$1.00 USD) - 2025/01/04 3:48:31 WET [2025/01/03 22:48:31 ET]
Table 'Irene' 6-max Seat #1 is the button
Seat 1: Lago Madjore ($100 in chips) 
Seat 2: Quadsfordayz ($102.82 in chips) 
Seat 3: GERAKLmeat ($38.94 in chips) 
Seat 4: fabinhobife2101 ($27.99 in chips) 
Seat 5: dindanio10 ($82.37 in chips) 
Seat 6: 50CandyJoe ($110.28 in chips) 
Quadsfordayz: posts small blind $0.50
GERAKLmeat: posts big blind $1
*** HOLE CARDS ***
fabinhobife2101: folds 
dindanio10: folds 
50CandyJoe: raises $1.20 to $2.20
Lago Madjore: folds 
Quadsfordayz: folds 
GERAKLmeat: folds 
Uncalled bet ($1.20) returned to 50CandyJoe
50CandyJoe collected $2.50 from pot
50CandyJoe: doesn't show hand 
*** SUMMARY ***
Total pot $2.50 | Rake $0 
Seat 1: Lago Madjore (button) folded before Flop (didn't bet)
Seat 2: Quadsfordayz (small blind) folded before Flop
Seat 3: GERAKLmeat (big blind) folded before Flop
Seat 4: fabinhobife2101 folded before Flop (didn't bet)
Seat 5: dindanio10 folded before Flop (didn't bet)
Seat 6: 50CandyJoe collected ($2.50)



PokerStars Hand #254184347296:  Hold'em No Limit ($0.50/$1.00 USD) - 2025/01/04 3:48:43 WET [2025/01/03 22:48:43 ET]
Table 'Irene' 6-max Seat #2 is the button
Seat 1: Lago Madjore ($100 in chips) 
Seat 2: Quadsfordayz ($102.32 in chips) 
Seat 3: GERAKLmeat ($37.94 in chips) 
Seat 4: fabinhobife2101 ($27.99 in chips) 
Seat 5: dindanio10 ($82.37 in chips) 
Seat 6: 50CandyJoe ($111.78 in chips) 
GERAKLmeat: posts small blind $0.50
fabinhobife2101: posts big blind $1
*** HOLE CARDS ***
dindanio10: folds 
50CandyJoe: raises $1.20 to $2.20
Lago Madjore: folds 
Quadsfordayz: folds 
GERAKLmeat: folds 
fabinhobife2101: calls $1.20
*** FLOP *** [6d 7d 4s]
fabinhobife2101: checks 
50CandyJoe: checks 
*** TURN *** [6d 7d 4s] [Th]
fabinhobife2101: bets $3
50CandyJoe: folds 
Uncalled bet ($3) returned to fabinhobife2101
fabinhobife2101 collected $4.66 from pot
*** SUMMARY ***
Total pot $4.90 | Rake $0.24 
Board [6d 7d 4s Th]
Seat 1: Lago Madjore folded before Flop (didn't bet)
Seat 2: Quadsfordayz (button) folded before Flop (didn't bet)
Seat 3: GERAKLmeat (small blind) folded before Flop
Seat 4: fabinhobife2101 (big blind) collected ($4.66)
Seat 5: dindanio10 folded before Flop (didn't bet)
Seat 6: 50CandyJoe folded on the Turn



PokerStars Hand #254184352422:  Hold'em No Limit ($0.50/$1.00 USD) - 2025/01/04 3:49:20 WET [2025/01/03 22:49:20 ET]
Table 'Irene' 6-max Seat #3 is the button
Seat 1: Lago Madjore ($100 in chips) 
Seat 2: Quadsfordayz ($102.32 in chips) 
Seat 3: GERAKLmeat ($37.44 in chips) 
Seat 4: fabinhobife2101 ($30.45 in chips) 
Seat 5: dindanio10 ($82.37 in chips) 
Seat 6: 50CandyJoe ($109.58 in chips) 
fabinhobife2101: posts small blind $0.50
dindanio10: posts big blind $1
*** HOLE CARDS ***
50CandyJoe: folds 
Lago Madjore: folds 
Quadsfordayz: raises $2 to $3
GERAKLmeat: raises $2 to $5
fabinhobife2101: folds 
dindanio10: folds 
Quadsfordayz: raises $10.50 to $15.50
GERAKLmeat: folds 
Uncalled bet ($10.50) returned to Quadsfordayz
Quadsfordayz collected $11.50 from pot
Quadsfordayz: doesn't show hand 
*** SUMMARY ***
Total pot $11.50 | Rake $0 
Seat 1: Lago Madjore folded before Flop (didn't bet)
Seat 2: Quadsfordayz collected ($11.50)
Seat 3: GERAKLmeat (button) folded before Flop
Seat 4: fabinhobife2101 (small blind) folded before Flop
Seat 5: dindanio10 (big blind) folded before Flop
Seat 6: 50CandyJoe folded before Flop (didn't bet)



PokerStars Hand #254184357667:  Hold'em No Limit ($0.50/$1.00 USD) - 2025/01/04 3:49:58 WET [2025/01/03 22:49:58 ET]
Table 'Irene' 6-max Seat #4 is the button
Seat 1: Lago Madjore ($100 in chips) 
Seat 2: Quadsfordayz ($108.82 in chips) 
Seat 3: GERAKLmeat ($32.44 in chips) 
Seat 4: fabinhobife2101 ($29.95 in chips) 
Seat 5: dindanio10 ($81.37 in chips) 
Seat 6: 50CandyJoe ($109.58 in chips) 
dindanio10: posts small blind $0.50
50CandyJoe: posts big blind $1
*** HOLE CARDS ***
Lago Madjore: folds 
Quadsfordayz: raises $2 to $3
GERAKLmeat: folds 
fabinhobife2101: folds 
dindanio10: raises $6 to $9
50CandyJoe: folds 
Quadsfordayz: calls $6
*** FLOP *** [Js 4d Ac]
dindanio10: checks 
Quadsfordayz: checks 
*** TURN *** [Js 4d Ac] [2c]
dindanio10: checks 
Quadsfordayz: checks 
*** RIVER *** [Js 4d Ac 2c] [Qd]
dindanio10: bets $9.03
Quadsfordayz: folds 
Uncalled bet ($9.03) returned to dindanio10
dindanio10 collected $18.05 from pot
*** SUMMARY ***
Total pot $19 | Rake $0.95 
Board [Js 4d Ac 2c Qd]
Seat 1: Lago Madjore folded before Flop (didn't bet)
Seat 2: Quadsfordayz folded on the River
Seat 3: GERAKLmeat folded before Flop (didn't bet)
Seat 4: fabinhobife2101 (button) folded before Flop (didn't bet)
Seat 5: dindanio10 (small blind) collected ($18.05)
Seat 6: 50CandyJoe (big blind) folded before Flop



PokerStars Hand #254184367076:  Hold'em No Limit ($0.50/$1.00 USD) - 2025/01/04 3:51:07 WET [2025/01/03 22:51:07 ET]
Table 'Irene' 6-max Seat #5 is the button
Seat 1: Lago Madjore ($100 in chips) is sitting out
Seat 2: Quadsfordayz ($99.82 in chips) 
Seat 3: GERAKLmeat ($32.44 in chips) 
Seat 4: fabinhobife2101 ($29.95 in chips) 
Seat 5: dindanio10 ($90.42 in chips) 
Seat 6: 50CandyJoe ($108.58 in chips) 
50CandyJoe: posts small blind $0.50
Lago Madjore: is sitting out 
Quadsfordayz: posts big blind $1
*** HOLE CARDS ***
GERAKLmeat: raises $1 to $2
fabinhobife2101: calls $2
Lago Madjore leaves the table
dindanio10: folds 
50CandyJoe: folds 
Quadsfordayz: calls $1
*** FLOP *** [4c 3h 2h]
Quadsfordayz: checks 
GERAKLmeat: checks 
fabinhobife2101: checks 
*** TURN *** [4c 3h 2h] [Jc]
Quadsfordayz: checks 
GERAKLmeat: bets $3.09
fabinhobife2101: calls $3.09
Quadsfordayz: folds 
*** RIVER *** [4c 3h 2h Jc] [8d]
GERAKLmeat: checks 
fabinhobife2101: checks 
*** SHOW DOWN ***
GERAKLmeat: shows [Qs Js] (a pair of Jacks)
fabinhobife2101: shows [Qc Jd] (a pair of Jacks)
GERAKLmeat collected $6.03 from pot
fabinhobife2101 collected $6.02 from pot
*** SUMMARY ***
Total pot $12.68 | Rake $0.63 
Board [4c 3h 2h Jc 8d]
Seat 1: Lago Madjore
Seat 2: Quadsfordayz (big blind) folded on the Turn
Seat 3: GERAKLmeat showed [Qs Js] and won ($6.03) with a pair of Jacks
Seat 4: fabinhobife2101 showed [Qc Jd] and won ($6.02) with a pair of Jacks
Seat 5: dindanio10 (button) folded before Flop (didn't bet)
Seat 6: 50CandyJoe (small blind) folded before Flop



PokerStars Hand #254184376047:  Hold'em No Limit ($0.50/$1.00 USD) - 2025/01/04 3:52:11 WET [2025/01/03 22:52:11 ET]
Table 'Irene' 6-max Seat #6 is the button
Seat 2: Quadsfordayz ($97.82 in chips) 
Seat 3: GERAKLmeat ($33.38 in chips) 
Seat 4: fabinhobife2101 ($30.88 in chips) 
Seat 5: dindanio10 ($90.42 in chips) 
Seat 6: 50CandyJoe ($108.08 in chips) 
Quadsfordayz: posts small blind $0.50
GERAKLmeat: posts big blind $1
*** HOLE CARDS ***
fabinhobife2101: folds 
dindanio10: folds 
50CandyJoe: raises $1.50 to $2.50
Quadsfordayz: folds 
GERAKLmeat: raises $5.50 to $8
50CandyJoe: folds 
Uncalled bet ($5.50) returned to GERAKLmeat
GERAKLmeat collected $5.50 from pot
GERAKLmeat: doesn't show hand 
*** SUMMARY ***
Total pot $5.50 | Rake $0 
Seat 2: Quadsfordayz (small blind) folded before Flop
Seat 3: GERAKLmeat (big blind) collected ($5.50)
Seat 4: fabinhobife2101 folded before Flop (didn't bet)
Seat 5: dindanio10 folded before Flop (didn't bet)
Seat 6: 50CandyJoe (button) folded before Flop



PokerStars Hand #254184378755:  Hold'em No Limit ($0.50/$1.00 USD) - 2025/01/04 3:52:31 WET [2025/01/03 22:52:31 ET]
Table 'Irene' 6-max Seat #2 is the button
Seat 2: Quadsfordayz ($97.32 in chips) 
Seat 3: GERAKLmeat ($36.38 in chips) 
Seat 4: fabinhobife2101 ($30.88 in chips) 
Seat 5: dindanio10 ($90.42 in chips) 
Seat 6: 50CandyJoe ($105.58 in chips) 
GERAKLmeat: posts small blind $0.50
fabinhobife2101: posts big blind $1
*** HOLE CARDS ***
dindanio10: raises $1.50 to $2.50
50CandyJoe: folds 
Quadsfordayz: folds 
GERAKLmeat: folds 
fabinhobife2101: folds 
Uncalled bet ($1.50) returned to dindanio10
dindanio10 collected $2.50 from pot
*** SUMMARY ***
Total pot $2.50 | Rake $0 
Seat 2: Quadsfordayz (button) folded before Flop (didn't bet)
Seat 3: GERAKLmeat (small blind) folded before Flop
Seat 4: fabinhobife2101 (big blind) folded before Flop
Seat 5: dindanio10 collected ($2.50)
Seat 6: 50CandyJoe folded before Flop (didn't bet)



PokerStars Hand #254184381768:  Hold'em No Limit ($0.50/$1.00 USD) - 2025/01/04 3:52:53 WET [2025/01/03 22:52:53 ET]
Table 'Irene' 6-max Seat #3 is the button
Seat 2: Quadsfordayz ($97.32 in chips) 
Seat 3: GERAKLmeat ($35.88 in chips) 
Seat 4: fabinhobife2101 ($29.88 in chips) 
Seat 5: dindanio10 ($91.92 in chips) 
Seat 6: 50CandyJoe ($105.58 in chips) 
fabinhobife2101: posts small blind $0.50
dindanio10: posts big blind $1
*** HOLE CARDS ***
50CandyJoe: folds 
Quadsfordayz: raises $2 to $3
GERAKLmeat: folds 
fabinhobife2101: folds 
dindanio10: folds 
Uncalled bet ($2) returned to Quadsfordayz
Quadsfordayz collected $2.50 from pot
Quadsfordayz: doesn't show hand 
*** SUMMARY ***
Total pot $2.50 | Rake $0 
Seat 2: Quadsfordayz collected ($2.50)
Seat 3: GERAKLmeat (button) folded before Flop (didn't bet)
Seat 4: fabinhobife2101 (small blind) folded before Flop
Seat 5: dindanio10 (big blind) folded before Flop
Seat 6: 50CandyJoe folded before Flop (didn't bet)



PokerStars Hand #254184385075:  Hold'em No Limit ($0.50/$1.00 USD) - 2025/01/04 3:53:17 WET [2025/01/03 22:53:17 ET]
Table 'Irene' 6-max Seat #4 is the button
Seat 2: Quadsfordayz ($98.82 in chips) 
Seat 3: GERAKLmeat ($35.88 in chips) 
Seat 4: fabinhobife2101 ($29.38 in chips) 
Seat 5: dindanio10 ($90.92 in chips) 
Seat 6: 50CandyJoe ($105.58 in chips) 
dindanio10: posts small blind $0.50
50CandyJoe: posts big blind $1
*** HOLE CARDS ***
Quadsfordayz: raises $2 to $3
GERAKLmeat: folds 
fabinhobife2101: calls $3
dindanio10: calls $2.50
50CandyJoe: folds 
*** FLOP *** [As 7d Th]
dindanio10: checks 
Quadsfordayz: bets $3.14
fabinhobife2101: folds 
dindanio10: folds 
Uncalled bet ($3.14) returned to Quadsfordayz
Quadsfordayz collected $9.50 from pot
Quadsfordayz: doesn't show hand 
*** SUMMARY ***
Total pot $10 | Rake $0.50 
Board [As 7d Th]
Seat 2: Quadsfordayz collected ($9.50)
Seat 3: GERAKLmeat folded before Flop (didn't bet)
Seat 4: fabinhobife2101 (button) folded on the Flop
Seat 5: dindanio10 (small blind) folded on the Flop
Seat 6: 50CandyJoe (big blind) folded before Flop



PokerStars Hand #254184390407:  Hold'em No Limit ($0.50/$1.00 USD) - 2025/01/04 3:53:57 WET [2025/01/03 22:53:57 ET]
Table 'Irene' 6-max Seat #5 is the button
Seat 2: Quadsfordayz ($105.32 in chips) 
Seat 3: GERAKLmeat ($35.88 in chips) 
Seat 4: fabinhobife2101 ($26.38 in chips) 
Seat 5: dindanio10 ($87.92 in chips) 
Seat 6: 50CandyJoe ($104.58 in chips) 
50CandyJoe: posts small blind $0.50
Quadsfordayz: posts big blind $1
*** HOLE CARDS ***
GERAKLmeat: folds 
fabinhobife2101: raises $1 to $2
dindanio10: folds 
50CandyJoe: folds 
Quadsfordayz: calls $1
*** FLOP *** [Ks 8h 3h]
Quadsfordayz: checks 
fabinhobife2101: checks 
*** TURN *** [Ks 8h 3h] [Kc]
Quadsfordayz: checks 
fabinhobife2101: bets $3
Quadsfordayz: folds 
Uncalled bet ($3) returned to fabinhobife2101
fabinhobife2101 collected $4.28 from pot
DL1B joins the table at seat #1 
*** SUMMARY ***
Total pot $4.50 | Rake $0.22 
Board [Ks 8h 3h Kc]
Seat 2: Quadsfordayz (big blind) folded on the Turn
Seat 3: GERAKLmeat folded before Flop (didn't bet)
Seat 4: fabinhobife2101 collected ($4.28)
Seat 5: dindanio10 (button) folded before Flop (didn't bet)
Seat 6: 50CandyJoe (small blind) folded before Flop



PokerStars Hand #254184393826:  Hold'em No Limit ($0.50/$1.00 USD) - 2025/01/04 3:54:22 WET [2025/01/03 22:54:22 ET]
Table 'Irene' 6-max Seat #6 is the button
Seat 1: DL1B ($100 in chips) is sitting out
Seat 2: Quadsfordayz ($103.32 in chips) 
Seat 3: GERAKLmeat ($35.88 in chips) 
Seat 4: fabinhobife2101 ($28.66 in chips) 
Seat 5: dindanio10 ($87.92 in chips) 
Seat 6: 50CandyJoe ($104.08 in chips) 
Quadsfordayz: posts small blind $0.50
GERAKLmeat: posts big blind $1
*** HOLE CARDS ***
fabinhobife2101: folds 
dindanio10: folds 
50CandyJoe: folds 
Quadsfordayz: raises $2 to $3
GERAKLmeat: folds 
Uncalled bet ($2) returned to Quadsfordayz
Quadsfordayz collected $2 from pot
Quadsfordayz: doesn't show hand 
*** SUMMARY ***
Total pot $2 | Rake $0 
Seat 1: DL1B
Seat 2: Quadsfordayz (small blind) collected ($2)
Seat 3: GERAKLmeat (big blind) folded before Flop
Seat 4: fabinhobife2101 folded before Flop (didn't bet)
Seat 5: dindanio10 folded before Flop (didn't bet)
Seat 6: 50CandyJoe (button) folded before Flop (didn't bet)



PokerStars Hand #254184395871:  Hold'em No Limit ($0.50/$1.00 USD) - 2025/01/04 3:54:37 WET [2025/01/03 22:54:37 ET]
Table 'Irene' 6-max Seat #2 is the button
Seat 1: DL1B ($100 in chips) is sitting out
Seat 2: Quadsfordayz ($104.32 in chips) 
Seat 3: GERAKLmeat ($34.88 in chips) 
Seat 4: fabinhobife2101 ($28.66 in chips) 
Seat 5: dindanio10 ($87.92 in chips) 
Seat 6: 50CandyJoe ($104.08 in chips) 
GERAKLmeat: posts small blind $0.50
fabinhobife2101: posts big blind $1
DL1B: sits out 
*** HOLE CARDS ***
dindanio10: raises $1.50 to $2.50
50CandyJoe: raises $5 to $7.50
Quadsfordayz: folds 
GERAKLmeat: folds 
fabinhobife2101: folds 
dindanio10: folds 
Uncalled bet ($5) returned to 50CandyJoe
50CandyJoe collected $6.50 from pot
50CandyJoe: doesn't show hand 
*** SUMMARY ***
Total pot $6.50 | Rake $0 
Seat 1: DL1B
Seat 2: Quadsfordayz (button) folded before Flop (didn't bet)
Seat 3: GERAKLmeat (small blind) folded before Flop
Seat 4: fabinhobife2101 (big blind) folded before Flop
Seat 5: dindanio10 folded before Flop
Seat 6: 50CandyJoe collected ($6.50)



PokerStars Hand #254184398333:  Hold'em No Limit ($0.50/$1.00 USD) - 2025/01/04 3:54:56 WET [2025/01/03 22:54:56 ET]
Table 'Irene' 6-max Seat #3 is the button
Seat 1: DL1B ($100 in chips) is sitting out
Seat 2: Quadsfordayz ($104.32 in chips) 
Seat 3: GERAKLmeat ($34.38 in chips) 
Seat 4: fabinhobife2101 ($27.66 in chips) 
Seat 5: dindanio10 ($85.42 in chips) 
Seat 6: 50CandyJoe ($108.08 in chips) 
fabinhobife2101: posts small blind $0.50
dindanio10: posts big blind $1
DL1B: sits out 
*** HOLE CARDS ***
50CandyJoe: folds 
Quadsfordayz: folds 
GERAKLmeat: folds 
fabinhobife2101: folds 
Uncalled bet ($0.50) returned to dindanio10
dindanio10 collected $1 from pot
*** SUMMARY ***
Total pot $1 | Rake $0 
Seat 1: DL1B
Seat 2: Quadsfordayz folded before Flop (didn't bet)
Seat 3: GERAKLmeat (button) folded before Flop (didn't bet)
Seat 4: fabinhobife2101 (small blind) folded before Flop
Seat 5: dindanio10 (big blind) collected ($1)
Seat 6: 50CandyJoe folded before Flop (didn't bet)



PokerStars Hand #254184399996:  Hold'em No Limit ($0.50/$1.00 USD) - 2025/01/04 3:55:08 WET [2025/01/03 22:55:08 ET]
Table 'Irene' 6-max Seat #4 is the button
Seat 1: DL1B ($100 in chips) is sitting out
Seat 2: Quadsfordayz ($104.32 in chips) 
Seat 3: GERAKLmeat ($34.38 in chips) 
Seat 4: fabinhobife2101 ($27.16 in chips) 
Seat 5: dindanio10 ($85.92 in chips) 
Seat 6: 50CandyJoe ($108.08 in chips) 
dindanio10: posts small blind $0.50
50CandyJoe: posts big blind $1
DL1B: sits out 
*** HOLE CARDS ***
Quadsfordayz: folds 
GERAKLmeat: folds 
fabinhobife2101: folds 
dindanio10: raises $2 to $3
50CandyJoe: calls $2
*** FLOP *** [Kh 9h Qd]
dindanio10: bets $2.85
50CandyJoe: calls $2.85
*** TURN *** [Kh 9h Qd] [7h]
dindanio10: checks 
50CandyJoe: checks 
*** RIVER *** [Kh 9h Qd 7h] [4c]
dindanio10: bets $11.12
50CandyJoe: folds 
Uncalled bet ($11.12) returned to dindanio10
dindanio10 collected $11.12 from pot
*** SUMMARY ***
Total pot $11.70 | Rake $0.58 
Board [Kh 9h Qd 7h 4c]
Seat 1: DL1B
Seat 2: Quadsfordayz folded before Flop (didn't bet)
Seat 3: GERAKLmeat folded before Flop (didn't bet)
Seat 4: fabinhobife2101 (button) folded before Flop (didn't bet)
Seat 5: dindanio10 (small blind) collected ($11.12)
Seat 6: 50CandyJoe (big blind) folded on the River



PokerStars Hand #254184406429:  Hold'em No Limit ($0.50/$1.00 USD) - 2025/01/04 3:56:05 WET [2025/01/03 22:56:05 ET]
Table 'Irene' 6-max Seat #5 is the button
Seat 1: DL1B ($100 in chips) 
Seat 2: Quadsfordayz ($104.32 in chips) 
Seat 3: GERAKLmeat ($34.38 in chips) 
Seat 4: fabinhobife2101 ($27.16 in chips) 
Seat 5: dindanio10 ($91.19 in chips) 
Seat 6: 50CandyJoe ($102.23 in chips) 
50CandyJoe: posts small blind $0.50
DL1B: posts big blind $1
*** HOLE CARDS ***
Quadsfordayz: folds 
GERAKLmeat: folds 
fabinhobife2101: raises $1 to $2
dindanio10: folds 
50CandyJoe: folds 
DL1B: folds 
Uncalled bet ($1) returned to fabinhobife2101
fabinhobife2101 collected $2.50 from pot
*** SUMMARY ***
Total pot $2.50 | Rake $0 
Seat 1: DL1B (big blind) folded before Flop
Seat 2: Quadsfordayz folded before Flop (didn't bet)
Seat 3: GERAKLmeat folded before Flop (didn't bet)
Seat 4: fabinhobife2101 collected ($2.50)
Seat 5: dindanio10 (button) folded before Flop (didn't bet)
Seat 6: 50CandyJoe (small blind) folded before Flop



PokerStars Hand #254184408413:  Hold'em No Limit ($0.50/$1.00 USD) - 2025/01/04 3:56:22 WET [2025/01/03 22:56:22 ET]
Table 'Irene' 6-max Seat #6 is the button
Seat 1: DL1B ($100 in chips) 
Seat 2: Quadsfordayz ($104.32 in chips) 
Seat 3: GERAKLmeat ($34.38 in chips) 
Seat 4: fabinhobife2101 ($28.66 in chips) 
Seat 5: dindanio10 ($91.19 in chips) 
Seat 6: 50CandyJoe ($101.73 in chips) 
DL1B: posts small blind $0.50
Quadsfordayz: posts big blind $1
*** HOLE CARDS ***
GERAKLmeat: folds 
fabinhobife2101: folds 
dindanio10: raises $1.50 to $2.50
50CandyJoe: raises $5 to $7.50
DL1B: folds 
Quadsfordayz: folds 
dindanio10: folds 
Uncalled bet ($5) returned to 50CandyJoe
50CandyJoe collected $6.50 from pot
50CandyJoe: doesn't show hand 
*** SUMMARY ***
Total pot $6.50 | Rake $0 
Seat 1: DL1B (small blind) folded before Flop
Seat 2: Quadsfordayz (big blind) folded before Flop
Seat 3: GERAKLmeat folded before Flop (didn't bet)
Seat 4: fabinhobife2101 folded before Flop (didn't bet)
Seat 5: dindanio10 folded before Flop
Seat 6: 50CandyJoe (button) collected ($6.50)



PokerStars Hand #254184411235:  Hold'em No Limit ($0.50/$1.00 USD) - 2025/01/04 3:56:48 WET [2025/01/03 22:56:48 ET]
Table 'Irene' 6-max Seat #1 is the button
Seat 1: DL1B ($100 in chips) 
Seat 2: Quadsfordayz ($103.32 in chips) 
Seat 3: GERAKLmeat ($34.38 in chips) 
Seat 4: fabinhobife2101 ($28.66 in chips) 
Seat 5: dindanio10 ($88.69 in chips) 
Seat 6: 50CandyJoe ($105.73 in chips) 
Quadsfordayz: posts small blind $0.50
GERAKLmeat: posts big blind $1
*** HOLE CARDS ***
fabinhobife2101: raises $1 to $2
dindanio10: folds 
50CandyJoe: raises $3 to $5
DL1B: folds 
Quadsfordayz: calls $4.50
GERAKLmeat: folds 
fabinhobife2101: calls $3
*** FLOP *** [Jc 7s Qc]
Quadsfordayz: checks 
fabinhobife2101: checks 
50CandyJoe: bets $12.50
Quadsfordayz: calls $12.50
fabinhobife2101: folds 
*** TURN *** [Jc 7s Qc] [5s]
Quadsfordayz: checks 
50CandyJoe: bets $88.23 and is all-in
Quadsfordayz has timed out
Quadsfordayz: folds 
Uncalled bet ($88.23) returned to 50CandyJoe
50CandyJoe collected $38.95 from pot
50CandyJoe: doesn't show hand 
*** SUMMARY ***
Total pot $41 | Rake $2.05 
Board [Jc 7s Qc 5s]
Seat 1: DL1B (button) folded before Flop (didn't bet)
Seat 2: Quadsfordayz (small blind) folded on the Turn
Seat 3: GERAKLmeat (big blind) folded before Flop
Seat 4: fabinhobife2101 folded on the Flop
Seat 5: dindanio10 folded before Flop (didn't bet)
Seat 6: 50CandyJoe collected ($38.95)



PokerStars Hand #254184426270:  Hold'em No Limit ($0.50/$1.00 USD) - 2025/01/04 3:59:01 WET [2025/01/03 22:59:01 ET]
Table 'Irene' 6-max Seat #2 is the button
Seat 1: DL1B ($100 in chips) 
Seat 2: Quadsfordayz ($85.82 in chips) 
Seat 3: GERAKLmeat ($33.38 in chips) 
Seat 4: fabinhobife2101 ($23.66 in chips) 
Seat 5: dindanio10 ($88.69 in chips) 
Seat 6: 50CandyJoe ($127.18 in chips) 
GERAKLmeat: posts small blind $0.50
fabinhobife2101: posts big blind $1
*** HOLE CARDS ***
dindanio10: raises $1.50 to $2.50
50CandyJoe: folds 
DL1B: folds 
Quadsfordayz: folds 
GERAKLmeat: folds 
fabinhobife2101: raises $21.16 to $23.66 and is all-in
dindanio10: folds 
Uncalled bet ($21.16) returned to fabinhobife2101
fabinhobife2101 collected $5.50 from pot
*** SUMMARY ***
Total pot $5.50 | Rake $0 
Seat 1: DL1B folded before Flop (didn't bet)
Seat 2: Quadsfordayz (button) folded before Flop (didn't bet)
Seat 3: GERAKLmeat (small blind) folded before Flop
Seat 4: fabinhobife2101 (big blind) collected ($5.50)
Seat 5: dindanio10 folded before Flop
Seat 6: 50CandyJoe folded before Flop (didn't bet)



PokerStars Hand #254184430964:  Hold'em No Limit ($0.50/$1.00 USD) - 2025/01/04 3:59:42 WET [2025/01/03 22:59:42 ET]
Table 'Irene' 6-max Seat #3 is the button
Seat 1: DL1B ($100 in chips) 
Seat 2: Quadsfordayz ($85.82 in chips) 
Seat 3: GERAKLmeat ($32.88 in chips) 
Seat 4: fabinhobife2101 ($26.66 in chips) 
Seat 5: dindanio10 ($86.19 in chips) 
Seat 6: 50CandyJoe ($127.18 in chips) 
fabinhobife2101: posts small blind $0.50
dindanio10: posts big blind $1
*** HOLE CARDS ***
50CandyJoe: raises $1.20 to $2.20
DL1B: folds 
Quadsfordayz: calls $2.20
GERAKLmeat: folds 
fabinhobife2101: folds 
dindanio10: calls $1.20
*** FLOP *** [Ac Ks Ts]
dindanio10: checks 
50CandyJoe: bets $5
Quadsfordayz: calls $5
dindanio10: folds 
*** TURN *** [Ac Ks Ts] [7h]
50CandyJoe: checks 
Quadsfordayz: bets $7.12
50CandyJoe: raises $19.88 to $27
Quadsfordayz: folds 
Uncalled bet ($19.88) returned to 50CandyJoe
50CandyJoe collected $29.77 from pot
50CandyJoe: doesn't show hand 
*** SUMMARY ***
Total pot $31.34 | Rake $1.57 
Board [Ac Ks Ts 7h]
Seat 1: DL1B folded before Flop (didn't bet)
Seat 2: Quadsfordayz folded on the Turn
Seat 3: GERAKLmeat (button) folded before Flop (didn't bet)
Seat 4: fabinhobife2101 (small blind) folded before Flop
Seat 5: dindanio10 (big blind) folded on the Flop
Seat 6: 50CandyJoe collected ($29.77)



PokerStars Hand #254184436791:  Hold'em No Limit ($0.50/$1.00 USD) - 2025/01/04 4:00:33 WET [2025/01/03 23:00:33 ET]
Table 'Irene' 6-max Seat #4 is the button
Seat 1: DL1B ($100 in chips) 
Seat 2: Quadsfordayz ($71.50 in chips) 
Seat 3: GERAKLmeat ($32.88 in chips) 
Seat 4: fabinhobife2101 ($26.16 in chips) 
Seat 5: dindanio10 ($83.99 in chips) 
Seat 6: 50CandyJoe ($142.63 in chips) 
dindanio10: posts small blind $0.50
50CandyJoe: posts big blind $1
*** HOLE CARDS ***
DL1B: folds 
Quadsfordayz: raises $2 to $3
GERAKLmeat: folds 
fabinhobife2101: folds 
dindanio10: folds 
50CandyJoe: calls $2
*** FLOP *** [Ac Qh 6c]
50CandyJoe: checks 
Quadsfordayz: checks 
*** TURN *** [Ac Qh 6c] [4d]
50CandyJoe: checks 
Quadsfordayz: checks 
*** RIVER *** [Ac Qh 6c 4d] [3d]
50CandyJoe: bets $3.09
Quadsfordayz: folds 
Uncalled bet ($3.09) returned to 50CandyJoe
50CandyJoe collected $6.18 from pot
50CandyJoe: doesn't show hand 
*** SUMMARY ***
Total pot $6.50 | Rake $0.32 
Board [Ac Qh 6c 4d 3d]
Seat 1: DL1B folded before Flop (didn't bet)
Seat 2: Quadsfordayz folded on the River
Seat 3: GERAKLmeat folded before Flop (didn't bet)
Seat 4: fabinhobife2101 (button) folded before Flop (didn't bet)
Seat 5: dindanio10 (small blind) folded before Flop
Seat 6: 50CandyJoe (big blind) collected ($6.18)



PokerStars Hand #254184442905:  Hold'em No Limit ($0.50/$1.00 USD) - 2025/01/04 4:01:21 WET [2025/01/03 23:01:21 ET]
Table 'Irene' 6-max Seat #5 is the button
Seat 1: DL1B ($100 in chips) 
Seat 2: Quadsfordayz ($68.50 in chips) 
Seat 3: GERAKLmeat ($32.88 in chips) 
Seat 4: fabinhobife2101 ($26.16 in chips) 
Seat 5: dindanio10 ($83.49 in chips) 
Seat 6: 50CandyJoe ($145.81 in chips) 
50CandyJoe: posts small blind $0.50
DL1B: posts big blind $1
*** HOLE CARDS ***
Quadsfordayz: folds 
GERAKLmeat: raises $1 to $2
fabinhobife2101: folds 
dindanio10: raises $4 to $6
50CandyJoe: folds 
DL1B: folds 
GERAKLmeat: folds 
Uncalled bet ($4) returned to dindanio10
dindanio10 collected $5.50 from pot
*** SUMMARY ***
Total pot $5.50 | Rake $0 
Seat 1: DL1B (big blind) folded before Flop
Seat 2: Quadsfordayz folded before Flop (didn't bet)
Seat 3: GERAKLmeat folded before Flop
Seat 4: fabinhobife2101 folded before Flop (didn't bet)
Seat 5: dindanio10 (button) collected ($5.50)
Seat 6: 50CandyJoe (small blind) folded before Flop



PokerStars Hand #254184446465:  Hold'em No Limit ($0.50/$1.00 USD) - 2025/01/04 4:01:49 WET [2025/01/03 23:01:49 ET]
Table 'Irene' 6-max Seat #6 is the button
Seat 1: DL1B ($100 in chips) 
Seat 2: Quadsfordayz ($68.50 in chips) 
Seat 3: GERAKLmeat ($30.88 in chips) 
Seat 4: fabinhobife2101 ($26.16 in chips) 
Seat 5: dindanio10 ($86.99 in chips) 
Seat 6: 50CandyJoe ($145.31 in chips) 
DL1B: posts small blind $0.50
Quadsfordayz: posts big blind $1
*** HOLE CARDS ***
GERAKLmeat: raises $1 to $2
fabinhobife2101: calls $2
dindanio10: folds 
50CandyJoe: calls $2
DL1B: folds 
Quadsfordayz: folds 
*** FLOP *** [6s Ad 2s]
GERAKLmeat: bets $4
fabinhobife2101: calls $4
50CandyJoe: folds 
*** TURN *** [6s Ad 2s] [3d]
GERAKLmeat: checks 
fabinhobife2101: bets $7.36
GERAKLmeat: folds 
Uncalled bet ($7.36) returned to fabinhobife2101
fabinhobife2101 collected $14.72 from pot
*** SUMMARY ***
Total pot $15.50 | Rake $0.78 
Board [6s Ad 2s 3d]
Seat 1: DL1B (small blind) folded before Flop
Seat 2: Quadsfordayz (big blind) folded before Flop
Seat 3: GERAKLmeat folded on the Turn
Seat 4: fabinhobife2101 collected ($14.72)
Seat 5: dindanio10 folded before Flop (didn't bet)
Seat 6: 50CandyJoe (button) folded on the Flop



PokerStars Hand #254184453599:  Hold'em No Limit ($0.50/$1.00 USD) - 2025/01/04 4:02:44 WET [2025/01/03 23:02:44 ET]
Table 'Irene' 6-max Seat #1 is the button
Seat 1: DL1B ($100 in chips) 
Seat 2: Quadsfordayz ($67.50 in chips) 
Seat 3: GERAKLmeat ($24.88 in chips) 
Seat 4: fabinhobife2101 ($34.88 in chips) 
Seat 5: dindanio10 ($86.99 in chips) 
Seat 6: 50CandyJoe ($143.31 in chips) 
Quadsfordayz: posts small blind $0.50
GERAKLmeat: posts big blind $1
*** HOLE CARDS ***
fabinhobife2101: folds 
dindanio10: folds 
50CandyJoe: folds 
DL1B: folds 
Quadsfordayz: folds 
Uncalled bet ($0.50) returned to GERAKLmeat
GERAKLmeat collected $1 from pot
GERAKLmeat: doesn't show hand 
*** SUMMARY ***
Total pot $1 | Rake $0 
Seat 1: DL1B (button) folded before Flop (didn't bet)
Seat 2: Quadsfordayz (small blind) folded before Flop
Seat 3: GERAKLmeat (big blind) collected ($1)
Seat 4: fabinhobife2101 folded before Flop (didn't bet)
Seat 5: dindanio10 folded before Flop (didn't bet)
Seat 6: 50CandyJoe folded before Flop (didn't bet)



PokerStars Hand #254184455754:  Hold'em No Limit ($0.50/$1.00 USD) - 2025/01/04 4:03:01 WET [2025/01/03 23:03:01 ET]
Table 'Irene' 6-max Seat #2 is the button
Seat 1: DL1B ($100 in chips) 
Seat 2: Quadsfordayz ($67 in chips) 
Seat 3: GERAKLmeat ($25.38 in chips) 
Seat 4: fabinhobife2101 ($34.88 in chips) 
Seat 5: dindanio10 ($86.99 in chips) 
Seat 6: 50CandyJoe ($143.31 in chips) 
GERAKLmeat: posts small blind $0.50
fabinhobife2101: posts big blind $1
*** HOLE CARDS ***
dindanio10: folds 
50CandyJoe: folds 
DL1B: folds 
Quadsfordayz: folds 
GERAKLmeat: raises $1 to $2
fabinhobife2101: calls $1
*** FLOP *** [Js 8h 7c]
GERAKLmeat: bets $1.14
fabinhobife2101: raises $3.04 to $4.18
GERAKLmeat: folds 
Uncalled bet ($3.04) returned to fabinhobife2101
fabinhobife2101 collected $5.97 from pot
*** SUMMARY ***
Total pot $6.28 | Rake $0.31 
Board [Js 8h 7c]
Seat 1: DL1B folded before Flop (didn't bet)
Seat 2: Quadsfordayz (button) folded before Flop (didn't bet)
Seat 3: GERAKLmeat (small blind) folded on the Flop
Seat 4: fabinhobife2101 (big blind) collected ($5.97)
Seat 5: dindanio10 folded before Flop (didn't bet)
Seat 6: 50CandyJoe folded before Flop (didn't bet)



PokerStars Hand #254184460418:  Hold'em No Limit ($0.50/$1.00 USD) - 2025/01/04 4:03:37 WET [2025/01/03 23:03:37 ET]
Table 'Irene' 6-max Seat #3 is the button
Seat 1: DL1B ($100 in chips) 
Seat 2: Quadsfordayz ($67 in chips) 
Seat 3: GERAKLmeat ($22.24 in chips) 
Seat 4: fabinhobife2101 ($37.71 in chips) 
Seat 5: dindanio10 ($86.99 in chips) 
Seat 6: 50CandyJoe ($143.31 in chips) 
fabinhobife2101: posts small blind $0.50
dindanio10: posts big blind $1
*** HOLE CARDS ***
50CandyJoe: folds 
DL1B: folds 
Quadsfordayz: folds 
GERAKLmeat: folds 
fabinhobife2101: calls $0.50
dindanio10: checks 
*** FLOP *** [Kc 9s 8c]
fabinhobife2101: bets $1
dindanio10: calls $1
*** TURN *** [Kc 9s 8c] [6s]
fabinhobife2101: bets $2
dindanio10: calls $2
*** RIVER *** [Kc 9s 8c 6s] [7d]
fabinhobife2101: checks 
dindanio10: bets $7.60
fabinhobife2101: folds 
Uncalled bet ($7.60) returned to dindanio10
dindanio10 collected $7.60 from pot
*** SUMMARY ***
Total pot $8 | Rake $0.40 
Board [Kc 9s 8c 6s 7d]
Seat 1: DL1B folded before Flop (didn't bet)
Seat 2: Quadsfordayz folded before Flop (didn't bet)
Seat 3: GERAKLmeat (button) folded before Flop (didn't bet)
Seat 4: fabinhobife2101 (small blind) folded on the River
Seat 5: dindanio10 (big blind) collected ($7.60)
Seat 6: 50CandyJoe folded before Flop (didn't bet)



PokerStars Hand #254184470333:  Hold'em No Limit ($0.50/$1.00 USD) - 2025/01/04 4:04:53 WET [2025/01/03 23:04:53 ET]
Table 'Irene' 6-max Seat #4 is the button
Seat 1: DL1B ($100 in chips) 
Seat 2: Quadsfordayz ($67 in chips) 
Seat 3: GERAKLmeat ($22.24 in chips) 
Seat 4: fabinhobife2101 ($33.71 in chips) 
Seat 5: dindanio10 ($90.59 in chips) 
Seat 6: 50CandyJoe ($143.31 in chips) 
dindanio10: posts small blind $0.50
50CandyJoe: posts big blind $1
*** HOLE CARDS ***
DL1B: folds 
Quadsfordayz: folds 
GERAKLmeat: folds 
fabinhobife2101: folds 
dindanio10: folds 
Uncalled bet ($0.50) returned to 50CandyJoe
50CandyJoe collected $1 from pot
50CandyJoe: doesn't show hand 
*** SUMMARY ***
Total pot $1 | Rake $0 
Seat 1: DL1B folded before Flop (didn't bet)
Seat 2: Quadsfordayz folded before Flop (didn't bet)
Seat 3: GERAKLmeat folded before Flop (didn't bet)
Seat 4: fabinhobife2101 (button) folded before Flop (didn't bet)
Seat 5: dindanio10 (small blind) folded before Flop
Seat 6: 50CandyJoe (big blind) collected ($1)



PokerStars Hand #254184473776:  Hold'em No Limit ($0.50/$1.00 USD) - 2025/01/04 4:05:20 WET [2025/01/03 23:05:20 ET]
Table 'Irene' 6-max Seat #5 is the button
Seat 1: DL1B ($100 in chips) 
Seat 2: Quadsfordayz ($67 in chips) 
Seat 3: GERAKLmeat ($22.24 in chips) 
Seat 4: fabinhobife2101 ($33.71 in chips) 
Seat 5: dindanio10 ($90.09 in chips) 
Seat 6: 50CandyJoe ($143.81 in chips) 
50CandyJoe: posts small blind $0.50
DL1B: posts big blind $1
*** HOLE CARDS ***
Quadsfordayz: raises $2 to $3
GERAKLmeat: folds 
fabinhobife2101: calls $3
dindanio10: calls $3
50CandyJoe: folds 
DL1B: folds 
*** FLOP *** [6d 9d 8h]
Quadsfordayz: checks 
fabinhobife2101: checks 
dindanio10: checks 
*** TURN *** [6d 9d 8h] [As]
Quadsfordayz: checks 
fabinhobife2101: bets $5.99
dindanio10: folds 
Quadsfordayz: folds 
Uncalled bet ($5.99) returned to fabinhobife2101
fabinhobife2101 collected $9.98 from pot
*** SUMMARY ***
Total pot $10.50 | Rake $0.52 
Board [6d 9d 8h As]
Seat 1: DL1B (big blind) folded before Flop
Seat 2: Quadsfordayz folded on the Turn
Seat 3: GERAKLmeat folded before Flop (didn't bet)
Seat 4: fabinhobife2101 collected ($9.98)
Seat 5: dindanio10 (button) folded on the Turn
Seat 6: 50CandyJoe (small blind) folded before Flop



PokerStars Hand #254184481065:  Hold'em No Limit ($0.50/$1.00 USD) - 2025/01/04 4:06:17 WET [2025/01/03 23:06:17 ET]
Table 'Irene' 6-max Seat #6 is the button
Seat 1: DL1B ($100 in chips) 
Seat 2: Quadsfordayz ($64 in chips) 
Seat 3: GERAKLmeat ($22.24 in chips) 
Seat 4: fabinhobife2101 ($40.69 in chips) 
Seat 5: dindanio10 ($87.09 in chips) 
Seat 6: 50CandyJoe ($143.31 in chips) 
DL1B: posts small blind $0.50
Quadsfordayz: posts big blind $1
*** HOLE CARDS ***
GERAKLmeat: raises $1 to $2
fabinhobife2101: folds 
dindanio10: folds 
50CandyJoe: folds 
DL1B: folds 
Quadsfordayz: folds 
Uncalled bet ($1) returned to GERAKLmeat
GERAKLmeat collected $2.50 from pot
GERAKLmeat: doesn't show hand 
*** SUMMARY ***
Total pot $2.50 | Rake $0 
Seat 1: DL1B (small blind) folded before Flop
Seat 2: Quadsfordayz (big blind) folded before Flop
Seat 3: GERAKLmeat collected ($2.50)
Seat 4: fabinhobife2101 folded before Flop (didn't bet)
Seat 5: dindanio10 folded before Flop (didn't bet)
Seat 6: 50CandyJoe (button) folded before Flop (didn't bet)



PokerStars Hand #254184483579:  Hold'em No Limit ($0.50/$1.00 USD) - 2025/01/04 4:06:36 WET [2025/01/03 23:06:36 ET]
Table 'Irene' 6-max Seat #1 is the button
Seat 1: DL1B ($100 in chips) 
Seat 2: Quadsfordayz ($63 in chips) 
Seat 3: GERAKLmeat ($23.74 in chips) 
Seat 4: fabinhobife2101 ($40.69 in chips) 
Seat 5: dindanio10 ($87.09 in chips) 
Seat 6: 50CandyJoe ($143.31 in chips) 
Quadsfordayz: posts small blind $0.50
GERAKLmeat: posts big blind $1
*** HOLE CARDS ***
fabinhobife2101: folds 
dindanio10: folds 
50CandyJoe: folds 
DL1B: folds 
Quadsfordayz: folds 
Uncalled bet ($0.50) returned to GERAKLmeat
GERAKLmeat collected $1 from pot
GERAKLmeat: doesn't show hand 
*** SUMMARY ***
Total pot $1 | Rake $0 
Seat 1: DL1B (button) folded before Flop (didn't bet)
Seat 2: Quadsfordayz (small blind) folded before Flop
Seat 3: GERAKLmeat (big blind) collected ($1)
Seat 4: fabinhobife2101 folded before Flop (didn't bet)
Seat 5: dindanio10 folded before Flop (didn't bet)
Seat 6: 50CandyJoe folded before Flop (didn't bet)



PokerStars Hand #254184485744:  Hold'em No Limit ($0.50/$1.00 USD) - 2025/01/04 4:06:53 WET [2025/01/03 23:06:53 ET]
Table 'Irene' 6-max Seat #2 is the button
Seat 1: DL1B ($100 in chips) 
Seat 2: Quadsfordayz ($62.50 in chips) 
Seat 3: GERAKLmeat ($24.24 in chips) 
Seat 4: fabinhobife2101 ($40.69 in chips) 
Seat 5: dindanio10 ($87.09 in chips) 
Seat 6: 50CandyJoe ($143.31 in chips) 
GERAKLmeat: posts small blind $0.50
fabinhobife2101: posts big blind $1
*** HOLE CARDS ***
dindanio10: folds 
50CandyJoe: raises $1.20 to $2.20
DL1B: folds 
Quadsfordayz: folds 
GERAKLmeat: folds 
fabinhobife2101: calls $1.20
*** FLOP *** [3c Qc 6d]
fabinhobife2101: checks 
50CandyJoe: bets $1.54
fabinhobife2101: calls $1.54
*** TURN *** [3c Qc 6d] [Ac]
fabinhobife2101: checks 
50CandyJoe: bets $5
fabinhobife2101: folds 
Uncalled bet ($5) returned to 50CandyJoe
50CandyJoe collected $7.58 from pot
50CandyJoe: doesn't show hand 
*** SUMMARY ***
Total pot $7.98 | Rake $0.40 
Board [3c Qc 6d Ac]
Seat 1: DL1B folded before Flop (didn't bet)
Seat 2: Quadsfordayz (button) folded before Flop (didn't bet)
Seat 3: GERAKLmeat (small blind) folded before Flop
Seat 4: fabinhobife2101 (big blind) folded on the Turn
Seat 5: dindanio10 folded before Flop (didn't bet)
Seat 6: 50CandyJoe collected ($7.58)



PokerStars Hand #254184490683:  Hold'em No Limit ($0.50/$1.00 USD) - 2025/01/04 4:07:31 WET [2025/01/03 23:07:31 ET]
Table 'Irene' 6-max Seat #3 is the button
Seat 1: DL1B ($100 in chips) 
Seat 2: Quadsfordayz ($62.50 in chips) 
Seat 3: GERAKLmeat ($23.74 in chips) 
Seat 4: fabinhobife2101 ($36.95 in chips) 
Seat 5: dindanio10 ($87.09 in chips) 
Seat 6: 50CandyJoe ($147.15 in chips) 
fabinhobife2101: posts small blind $0.50
dindanio10: posts big blind $1
*** HOLE CARDS ***
50CandyJoe: raises $1.20 to $2.20
DL1B: folds 
Quadsfordayz: folds 
GERAKLmeat: folds 
fabinhobife2101: folds 
dindanio10: calls $1.20
*** FLOP *** [4d 9d 3h]
dindanio10: checks 
50CandyJoe: bets $2.33
dindanio10: calls $2.33
*** TURN *** [4d 9d 3h] [8s]
dindanio10: checks 
50CandyJoe: checks 
*** RIVER *** [4d 9d 3h 8s] [6c]
dindanio10: bets $4.54
50CandyJoe: folds 
Uncalled bet ($4.54) returned to dindanio10
dindanio10 collected $9.08 from pot
*** SUMMARY ***
Total pot $9.56 | Rake $0.48 
Board [4d 9d 3h 8s 6c]
Seat 1: DL1B folded before Flop (didn't bet)
Seat 2: Quadsfordayz folded before Flop (didn't bet)
Seat 3: GERAKLmeat (button) folded before Flop (didn't bet)
Seat 4: fabinhobife2101 (small blind) folded before Flop
Seat 5: dindanio10 (big blind) collected ($9.08)
Seat 6: 50CandyJoe folded on the River



PokerStars Hand #254184498431:  Hold'em No Limit ($0.50/$1.00 USD) - 2025/01/04 4:08:32 WET [2025/01/03 23:08:32 ET]
Table 'Irene' 6-max Seat #4 is the button
Seat 1: DL1B ($100 in chips) 
Seat 2: Quadsfordayz ($62.50 in chips) 
Seat 3: GERAKLmeat ($23.74 in chips) 
Seat 4: fabinhobife2101 ($36.45 in chips) 
Seat 5: dindanio10 ($91.64 in chips) 
Seat 6: 50CandyJoe ($142.62 in chips) 
dindanio10: posts small blind $0.50
50CandyJoe: posts big blind $1
*** HOLE CARDS ***
DL1B: folds 
Quadsfordayz: folds 
GERAKLmeat: folds 
fabinhobife2101: raises $1 to $2
dindanio10: calls $1.50
50CandyJoe: calls $1
*** FLOP *** [3d 4s 9d]
dindanio10: bets $2.85
50CandyJoe: folds 
fabinhobife2101: calls $2.85
*** TURN *** [3d 4s 9d] [7s]
dindanio10: checks 
fabinhobife2101: bets $5.56
dindanio10: calls $5.56
*** RIVER *** [3d 4s 9d 7s] [6d]
dindanio10: bets $9.84
fabinhobife2101: calls $9.84
*** SHOW DOWN ***
dindanio10: shows [Ad Kd] (a flush, Ace high)
fabinhobife2101: mucks hand 
dindanio10 collected $40.38 from pot
*** SUMMARY ***
Total pot $42.50 | Rake $2.12 
Board [3d 4s 9d 7s 6d]
Seat 1: DL1B folded before Flop (didn't bet)
Seat 2: Quadsfordayz folded before Flop (didn't bet)
Seat 3: GERAKLmeat folded before Flop (didn't bet)
Seat 4: fabinhobife2101 (button) mucked
Seat 5: dindanio10 (small blind) showed [Ad Kd] and won ($40.38) with a flush, Ace high
Seat 6: 50CandyJoe (big blind) folded on the Flop



PokerStars Hand #254184509394:  Hold'em No Limit ($0.50/$1.00 USD) - 2025/01/04 4:09:58 WET [2025/01/03 23:09:58 ET]
Table 'Irene' 6-max Seat #5 is the button
Seat 1: DL1B ($100 in chips) 
Seat 2: Quadsfordayz ($62.50 in chips) 
Seat 3: GERAKLmeat ($23.74 in chips) 
Seat 4: fabinhobife2101 ($16.20 in chips) 
Seat 5: dindanio10 ($111.77 in chips) 
Seat 6: 50CandyJoe ($140.62 in chips) 
50CandyJoe: posts small blind $0.50
DL1B: posts big blind $1
*** HOLE CARDS ***
Quadsfordayz: raises $2 to $3
GERAKLmeat: folds 
fabinhobife2101: calls $3
dindanio10: calls $3
50CandyJoe: folds 
DL1B: folds 
*** FLOP *** [Th 7h Kd]
Quadsfordayz: bets $4.99
fabinhobife2101: folds 
dindanio10: calls $4.99
*** TURN *** [Th 7h Kd] [6d]
Quadsfordayz: checks 
dindanio10: checks 
*** RIVER *** [Th 7h Kd 6d] [5c]
Quadsfordayz: checks 
dindanio10: bets $9.73
Quadsfordayz: folds 
Uncalled bet ($9.73) returned to dindanio10
dindanio10 collected $19.46 from pot
*** SUMMARY ***
Total pot $20.48 | Rake $1.02 
Board [Th 7h Kd 6d 5c]
Seat 1: DL1B (big blind) folded before Flop
Seat 2: Quadsfordayz folded on the River
Seat 3: GERAKLmeat folded before Flop (didn't bet)
Seat 4: fabinhobife2101 folded on the Flop
Seat 5: dindanio10 (button) collected ($19.46)
Seat 6: 50CandyJoe (small blind) folded before Flop



PokerStars Hand #254184519938:  Hold'em No Limit ($0.50/$1.00 USD) - 2025/01/04 4:11:22 WET [2025/01/03 23:11:22 ET]
Table 'Irene' 6-max Seat #6 is the button
Seat 1: DL1B ($100 in chips) 
Seat 2: Quadsfordayz ($54.51 in chips) 
Seat 3: GERAKLmeat ($23.74 in chips) 
Seat 4: fabinhobife2101 ($13.20 in chips) 
Seat 5: dindanio10 ($123.24 in chips) 
Seat 6: 50CandyJoe ($140.12 in chips) 
DL1B: posts small blind $0.50
Quadsfordayz: posts big blind $1
*** HOLE CARDS ***
GERAKLmeat: folds 
fabinhobife2101: folds 
dindanio10: raises $1.50 to $2.50
50CandyJoe: folds 
DL1B: folds 
Quadsfordayz: folds 
Uncalled bet ($1.50) returned to dindanio10
dindanio10 collected $2.50 from pot
*** SUMMARY ***
Total pot $2.50 | Rake $0 
Seat 1: DL1B (small blind) folded before Flop
Seat 2: Quadsfordayz (big blind) folded before Flop
Seat 3: GERAKLmeat folded before Flop (didn't bet)
Seat 4: fabinhobife2101 folded before Flop (didn't bet)
Seat 5: dindanio10 collected ($2.50)
Seat 6: 50CandyJoe (button) folded before Flop (didn't bet)



PokerStars Hand #254184522305:  Hold'em No Limit ($0.50/$1.00 USD) - 2025/01/04 4:11:41 WET [2025/01/03 23:11:41 ET]
Table 'Irene' 6-max Seat #1 is the button
Seat 1: DL1B ($100 in chips) 
Seat 2: Quadsfordayz ($53.51 in chips) 
Seat 3: GERAKLmeat ($23.74 in chips) 
Seat 4: fabinhobife2101 ($13.20 in chips) 
Seat 5: dindanio10 ($124.74 in chips) 
Seat 6: 50CandyJoe ($140.12 in chips) 
Quadsfordayz: posts small blind $0.50
GERAKLmeat: posts big blind $1
*** HOLE CARDS ***
fabinhobife2101: folds 
dindanio10: folds 
50CandyJoe: raises $1.20 to $2.20
DL1B: folds 
Quadsfordayz: raises $5.40 to $7.60
GERAKLmeat: folds 
50CandyJoe: folds 
Uncalled bet ($5.40) returned to Quadsfordayz
Quadsfordayz collected $5.40 from pot
Quadsfordayz: doesn't show hand 
*** SUMMARY ***
Total pot $5.40 | Rake $0 
Seat 1: DL1B (button) folded before Flop (didn't bet)
Seat 2: Quadsfordayz (small blind) collected ($5.40)
Seat 3: GERAKLmeat (big blind) folded before Flop
Seat 4: fabinhobife2101 folded before Flop (didn't bet)
Seat 5: dindanio10 folded before Flop (didn't bet)
Seat 6: 50CandyJoe folded before Flop



PokerStars Hand #254184526751:  Hold'em No Limit ($0.50/$1.00 USD) - 2025/01/04 4:12:17 WET [2025/01/03 23:12:17 ET]
Table 'Irene' 6-max Seat #2 is the button
Seat 1: DL1B ($100 in chips) 
Seat 2: Quadsfordayz ($56.71 in chips) 
Seat 3: GERAKLmeat ($22.74 in chips) 
Seat 4: fabinhobife2101 ($13.20 in chips) 
Seat 5: dindanio10 ($124.74 in chips) 
Seat 6: 50CandyJoe ($137.92 in chips) 
GERAKLmeat: posts small blind $0.50
fabinhobife2101: posts big blind $1
*** HOLE CARDS ***
dindanio10: folds 
dindanio10 leaves the table
50CandyJoe: folds 
DL1B: folds 
Quadsfordayz: folds 
GERAKLmeat: folds 
Uncalled bet ($0.50) returned to fabinhobife2101
fabinhobife2101 collected $1 from pot
*** SUMMARY ***
Total pot $1 | Rake $0 
Seat 1: DL1B folded before Flop (didn't bet)
Seat 2: Quadsfordayz (button) folded before Flop (didn't bet)
Seat 3: GERAKLmeat (small blind) folded before Flop
Seat 4: fabinhobife2101 (big blind) collected ($1)
Seat 5: dindanio10 folded before Flop (didn't bet)
Seat 6: 50CandyJoe folded before Flop (didn't bet)



PokerStars Hand #254184529241:  Hold'em No Limit ($0.50/$1.00 USD) - 2025/01/04 4:12:36 WET [2025/01/03 23:12:36 ET]
Table 'Irene' 6-max Seat #3 is the button
Seat 1: DL1B ($100 in chips) 
Seat 2: Quadsfordayz ($56.71 in chips) 
Seat 3: GERAKLmeat ($22.24 in chips) 
Seat 4: fabinhobife2101 ($13.70 in chips) 
Seat 6: 50CandyJoe ($137.92 in chips) 
fabinhobife2101: posts small blind $0.50
50CandyJoe: posts big blind $1
*** HOLE CARDS ***
DL1B: folds 
Quadsfordayz: folds 
GERAKLmeat: folds 
fabinhobife2101: folds 
Uncalled bet ($0.50) returned to 50CandyJoe
50CandyJoe collected $1 from pot
50CandyJoe: doesn't show hand 
*** SUMMARY ***
Total pot $1 | Rake $0 
Seat 1: DL1B folded before Flop (didn't bet)
Seat 2: Quadsfordayz folded before Flop (didn't bet)
Seat 3: GERAKLmeat (button) folded before Flop (didn't bet)
Seat 4: fabinhobife2101 (small blind) folded before Flop
Seat 6: 50CandyJoe (big blind) collected ($1)



PokerStars Hand #254184530655:  Hold'em No Limit ($0.50/$1.00 USD) - 2025/01/04 4:12:47 WET [2025/01/03 23:12:47 ET]
Table 'Irene' 6-max Seat #4 is the button
Seat 1: DL1B ($100 in chips) is sitting out
Seat 2: Quadsfordayz ($56.71 in chips) 
Seat 3: GERAKLmeat ($22.24 in chips) 
Seat 4: fabinhobife2101 ($13.20 in chips) 
Seat 6: 50CandyJoe ($138.42 in chips) 
50CandyJoe: posts small blind $0.50
DL1B: is sitting out 
Quadsfordayz: posts big blind $1
*** HOLE CARDS ***
sutata joins the table at seat #5 
DL1B leaves the table
GERAKLmeat: raises $1 to $2
fabinhobife2101: folds 
50CandyJoe: folds 
Quadsfordayz: folds 
Uncalled bet ($1) returned to GERAKLmeat
GERAKLmeat collected $2.50 from pot
GERAKLmeat: doesn't show hand 
*** SUMMARY ***
Total pot $2.50 | Rake $0 
Seat 1: DL1B
Seat 2: Quadsfordayz (big blind) folded before Flop
Seat 3: GERAKLmeat collected ($2.50)
Seat 4: fabinhobife2101 (button) folded before Flop (didn't bet)
Seat 6: 50CandyJoe (small blind) folded before Flop



PokerStars Hand #254184532340:  Hold'em No Limit ($0.50/$1.00 USD) - 2025/01/04 4:13:01 WET [2025/01/03 23:13:01 ET]
Table 'Irene' 6-max Seat #6 is the button
Seat 5: sutata ($100 in chips) is sitting out
Seat 2: Quadsfordayz ($55.71 in chips) 
Seat 3: GERAKLmeat ($23.74 in chips) 
Seat 4: fabinhobife2101 ($13.20 in chips) 
Seat 6: 50CandyJoe ($137.92 in chips) 
Quadsfordayz: posts small blind $0.50
GERAKLmeat: posts big blind $1
sutata: sits out 
*** HOLE CARDS ***
fabinhobife2101: folds 
50CandyJoe: raises $1.50 to $2.50
Quadsfordayz: folds 
GERAKLmeat: raises $21.24 to $23.74 and is all-in
50CandyJoe: calls $21.24
*** FLOP *** [Kh 4c Ad]
*** TURN *** [Kh 4c Ad] [Td]
*** RIVER *** [Kh 4c Ad Td] [7c]
*** SHOW DOWN ***
GERAKLmeat: shows [Qs 9s] (high card Ace)
50CandyJoe: shows [As Qh] (a pair of Aces)
50CandyJoe collected $46.98 from pot
*** SUMMARY ***
Total pot $47.98 | Rake $1 
Board [Kh 4c Ad Td 7c]
Seat 5: sutata
Seat 2: Quadsfordayz (small blind) folded before Flop
Seat 3: GERAKLmeat (big blind) showed [Qs 9s] and lost with high card Ace
Seat 4: fabinhobife2101 folded before Flop (didn't bet)
Seat 6: 50CandyJoe (button) showed [As Qh] and won ($46.98) with a pair of Aces



PokerStars Hand #254184535748:  Hold'em No Limit ($0.50/$1.00 USD) - 2025/01/04 4:13:28 WET [2025/01/03 23:13:28 ET]
Table 'Irene' 6-max Seat #2 is the button
Seat 5: sutata ($100 in chips) is sitting out
Seat 2: Quadsfordayz ($55.21 in chips) 
Seat 3: GERAKLmeat ($10 in chips) 
Seat 4: fabinhobife2101 ($13.20 in chips) 
Seat 6: 50CandyJoe ($161.16 in chips) 
GERAKLmeat: posts small blind $0.50
fabinhobife2101: posts big blind $1
sutata: sits out 
*** HOLE CARDS ***
50CandyJoe: raises $1.20 to $2.20
MrVern9177 joins the table at seat #1 
MrVern9177 is disconnected 
Quadsfordayz: folds 
GERAKLmeat: folds 
fabinhobife2101: folds 
Uncalled bet ($1.20) returned to 50CandyJoe
50CandyJoe collected $2.50 from pot
50CandyJoe: doesn't show hand 
*** SUMMARY ***
Total pot $2.50 | Rake $0 
Seat 5: sutata
Seat 2: Quadsfordayz (button) folded before Flop (didn't bet)
Seat 3: GERAKLmeat (small blind) folded before Flop
Seat 4: fabinhobife2101 (big blind) folded before Flop
Seat 6: 50CandyJoe collected ($2.50)



PokerStars Hand #254184537336:  Hold'em No Limit ($0.50/$1.00 USD) - 2025/01/04 4:13:40 WET [2025/01/03 23:13:40 ET]
Table 'Irene' 6-max Seat #3 is the button
Seat 1: MrVern9177 ($31.01 in chips) is sitting out
Seat 2: Quadsfordayz ($55.21 in chips) 
Seat 3: GERAKLmeat ($9.50 in chips) 
Seat 4: fabinhobife2101 ($12.20 in chips) 
Seat 5: sutata ($100 in chips) 
Seat 6: 50CandyJoe ($162.66 in chips) 
fabinhobife2101: posts small blind $0.50
sutata: posts big blind $1
MrVern9177: sits out 
*** HOLE CARDS ***
50CandyJoe: folds 
Quadsfordayz: folds 
GERAKLmeat: folds 
fabinhobife2101: folds 
Uncalled bet ($0.50) returned to sutata
sutata collected $1 from pot
sutata: doesn't show hand 
*** SUMMARY ***
Total pot $1 | Rake $0 
Seat 1: MrVern9177
Seat 2: Quadsfordayz folded before Flop (didn't bet)
Seat 3: GERAKLmeat (button) folded before Flop (didn't bet)
Seat 4: fabinhobife2101 (small blind) folded before Flop
Seat 5: sutata (big blind) collected ($1)
Seat 6: 50CandyJoe folded before Flop (didn't bet)



PokerStars Hand #254184539907:  Hold'em No Limit ($0.50/$1.00 USD) - 2025/01/04 4:14:00 WET [2025/01/03 23:14:00 ET]
Table 'Irene' 6-max Seat #4 is the button
Seat 1: MrVern9177 ($31.01 in chips) is sitting out
Seat 2: Quadsfordayz ($55.21 in chips) 
Seat 3: GERAKLmeat ($9.50 in chips) 
Seat 4: fabinhobife2101 ($11.70 in chips) 
Seat 5: sutata ($100.50 in chips) 
Seat 6: 50CandyJoe ($162.66 in chips) 
sutata: posts small blind $0.50
50CandyJoe: posts big blind $1
MrVern9177: sits out 
*** HOLE CARDS ***
Quadsfordayz: raises $2 to $3
GERAKLmeat: folds 
fabinhobife2101: folds 
sutata: folds 
50CandyJoe: folds 
Uncalled bet ($2) returned to Quadsfordayz
Quadsfordayz collected $2.50 from pot
*** SUMMARY ***
Total pot $2.50 | Rake $0 
Seat 1: MrVern9177
Seat 2: Quadsfordayz collected ($2.50)
Seat 3: GERAKLmeat folded before Flop (didn't bet)
Seat 4: fabinhobife2101 (button) folded before Flop (didn't bet)
Seat 5: sutata (small blind) folded before Flop
Seat 6: 50CandyJoe (big blind) folded before Flop



PokerStars Hand #254184543105:  Hold'em No Limit ($0.50/$1.00 USD) - 2025/01/04 4:14:26 WET [2025/01/03 23:14:26 ET]
Table 'Irene' 6-max Seat #5 is the button
Seat 1: MrVern9177 ($31.01 in chips) 
Seat 2: Quadsfordayz ($56.71 in chips) 
Seat 3: GERAKLmeat ($9.50 in chips) 
Seat 4: fabinhobife2101 ($11.70 in chips) 
Seat 5: sutata ($100 in chips) 
Seat 6: 50CandyJoe ($161.66 in chips) 
50CandyJoe: posts small blind $0.50
MrVern9177: posts big blind $1
*** HOLE CARDS ***
Quadsfordayz: folds 
GERAKLmeat: folds 
fabinhobife2101: raises $2 to $3
sutata: folds 
50CandyJoe: folds 
MrVern9177: calls $2
*** FLOP *** [Qd Jh Ah]
MrVern9177: checks 
fabinhobife2101: bets $3
MrVern9177: folds 
Uncalled bet ($3) returned to fabinhobife2101
fabinhobife2101 collected $6.18 from pot
*** SUMMARY ***
Total pot $6.50 | Rake $0.32 
Board [Qd Jh Ah]
Seat 1: MrVern9177 (big blind) folded on the Flop
Seat 2: Quadsfordayz folded before Flop (didn't bet)
Seat 3: GERAKLmeat folded before Flop (didn't bet)
Seat 4: fabinhobife2101 collected ($6.18)
Seat 5: sutata (button) folded before Flop (didn't bet)
Seat 6: 50CandyJoe (small blind) folded before Flop



PokerStars Hand #254184547018:  Hold'em No Limit ($0.50/$1.00 USD) - 2025/01/04 4:14:58 WET [2025/01/03 23:14:58 ET]
Table 'Irene' 6-max Seat #6 is the button
Seat 1: MrVern9177 ($28.01 in chips) 
Seat 2: Quadsfordayz ($56.71 in chips) 
Seat 3: GERAKLmeat ($9.50 in chips) 
Seat 4: fabinhobife2101 ($14.88 in chips) 
Seat 5: sutata ($100 in chips) 
Seat 6: 50CandyJoe ($161.16 in chips) 
MrVern9177: posts small blind $0.50
Quadsfordayz: posts big blind $1
*** HOLE CARDS ***
GERAKLmeat: folds 
fabinhobife2101: folds 
sutata: raises $1.50 to $2.50
50CandyJoe: folds 
MrVern9177: folds 
Quadsfordayz: folds 
Uncalled bet ($1.50) returned to sutata
sutata collected $2.50 from pot
sutata: doesn't show hand 
*** SUMMARY ***
Total pot $2.50 | Rake $0 
Seat 1: MrVern9177 (small blind) folded before Flop
Seat 2: Quadsfordayz (big blind) folded before Flop
Seat 3: GERAKLmeat folded before Flop (didn't bet)
Seat 4: fabinhobife2101 folded before Flop (didn't bet)
Seat 5: sutata collected ($2.50)
Seat 6: 50CandyJoe (button) folded before Flop (didn't bet)



PokerStars Hand #254184548400:  Hold'em No Limit ($0.50/$1.00 USD) - 2025/01/04 4:15:09 WET [2025/01/03 23:15:09 ET]
Table 'Irene' 6-max Seat #1 is the button
Seat 1: MrVern9177 ($27.51 in chips) 
Seat 2: Quadsfordayz ($55.71 in chips) 
Seat 3: GERAKLmeat ($9.50 in chips) 
Seat 4: fabinhobife2101 ($14.88 in chips) 
Seat 5: sutata ($101.50 in chips) 
Seat 6: 50CandyJoe ($161.16 in chips) 
Quadsfordayz: posts small blind $0.50
GERAKLmeat: posts big blind $1
*** HOLE CARDS ***
fabinhobife2101: folds 
sutata: raises $1.50 to $2.50
50CandyJoe: folds 
MrVern9177: folds 
Quadsfordayz: folds 
GERAKLmeat: folds 
Uncalled bet ($1.50) returned to sutata
sutata collected $2.50 from pot
sutata: doesn't show hand 
*** SUMMARY ***
Total pot $2.50 | Rake $0 
Seat 1: MrVern9177 (button) folded before Flop (didn't bet)
Seat 2: Quadsfordayz (small blind) folded before Flop
Seat 3: GERAKLmeat (big blind) folded before Flop
Seat 4: fabinhobife2101 folded before Flop (didn't bet)
Seat 5: sutata collected ($2.50)
Seat 6: 50CandyJoe folded before Flop (didn't bet)



PokerStars Hand #254184551063:  Hold'em No Limit ($0.50/$1.00 USD) - 2025/01/04 4:15:30 WET [2025/01/03 23:15:30 ET]
Table 'Irene' 6-max Seat #2 is the button
Seat 1: MrVern9177 ($27.51 in chips) 
Seat 2: Quadsfordayz ($55.21 in chips) 
Seat 3: GERAKLmeat ($8.50 in chips) 
Seat 4: fabinhobife2101 ($14.88 in chips) 
Seat 5: sutata ($103 in chips) 
Seat 6: 50CandyJoe ($161.16 in chips) 
GERAKLmeat: posts small blind $0.50
fabinhobife2101: posts big blind $1
*** HOLE CARDS ***
sutata: folds 
50CandyJoe: folds 
MrVern9177: calls $1
Quadsfordayz: folds 
GERAKLmeat: folds 
fabinhobife2101: raises $13.88 to $14.88 and is all-in
MrVern9177: folds 
Uncalled bet ($13.88) returned to fabinhobife2101
fabinhobife2101 collected $2.50 from pot
*** SUMMARY ***
Total pot $2.50 | Rake $0 
Seat 1: MrVern9177 folded before Flop
Seat 2: Quadsfordayz (button) folded before Flop (didn't bet)
Seat 3: GERAKLmeat (small blind) folded before Flop
Seat 4: fabinhobife2101 (big blind) collected ($2.50)
Seat 5: sutata folded before Flop (didn't bet)
Seat 6: 50CandyJoe folded before Flop (didn't bet)



PokerStars Hand #254184554163:  Hold'em No Limit ($0.50/$1.00 USD) - 2025/01/04 4:15:56 WET [2025/01/03 23:15:56 ET]
Table 'Irene' 6-max Seat #3 is the button
Seat 1: MrVern9177 ($26.51 in chips) 
Seat 2: Quadsfordayz ($55.21 in chips) 
Seat 3: GERAKLmeat ($8 in chips) 
Seat 4: fabinhobife2101 ($16.38 in chips) 
Seat 5: sutata ($103 in chips) 
Seat 6: 50CandyJoe ($161.16 in chips) 
fabinhobife2101: posts small blind $0.50
sutata: posts big blind $1
*** HOLE CARDS ***
50CandyJoe: folds 
MrVern9177: calls $1
Quadsfordayz: folds 
GERAKLmeat: raises $7 to $8 and is all-in
fabinhobife2101: folds 
sutata: folds 
MrVern9177: calls $7
*** FLOP *** [6s Ks Qd]
*** TURN *** [6s Ks Qd] [4d]
*** RIVER *** [6s Ks Qd 4d] [Th]
*** SHOW DOWN ***
MrVern9177: shows [Ac Js] (a straight, Ten to Ace)
GERAKLmeat: shows [Qh Kd] (two pair, Kings and Queens)
MrVern9177 collected $16.62 from pot
*** SUMMARY ***
Total pot $17.50 | Rake $0.88 
Board [6s Ks Qd 4d Th]
Seat 1: MrVern9177 showed [Ac Js] and won ($16.62) with a straight, Ten to Ace
Seat 2: Quadsfordayz folded before Flop (didn't bet)
Seat 3: GERAKLmeat (button) showed [Qh Kd] and lost with two pair, Kings and Queens
Seat 4: fabinhobife2101 (small blind) folded before Flop
Seat 5: sutata (big blind) folded before Flop
Seat 6: 50CandyJoe folded before Flop (didn't bet)



PokerStars Hand #254184558322:  Hold'em No Limit ($0.50/$1.00 USD) - 2025/01/04 4:16:30 WET [2025/01/03 23:16:30 ET]
Table 'Irene' 6-max Seat #4 is the button
Seat 1: MrVern9177 ($35.13 in chips) 
Seat 2: Quadsfordayz ($55.21 in chips) 
Seat 3: GERAKLmeat ($10 in chips) 
Seat 4: fabinhobife2101 ($15.88 in chips) 
Seat 5: sutata ($102 in chips) 
Seat 6: 50CandyJoe ($161.16 in chips) 
sutata: posts small blind $0.50
50CandyJoe: posts big blind $1
*** HOLE CARDS ***
MrVern9177: calls $1
Quadsfordayz: folds 
GERAKLmeat: folds 
fabinhobife2101: folds 
sutata: folds 
50CandyJoe: checks 
*** FLOP *** [8d 6h Jc]
50CandyJoe: checks 
MrVern9177: checks 
*** TURN *** [8d 6h Jc] [2h]
50CandyJoe: checks 
MrVern9177: bets $2
50CandyJoe: folds 
Uncalled bet ($2) returned to MrVern9177
MrVern9177 collected $2.38 from pot
*** SUMMARY ***
Total pot $2.50 | Rake $0.12 
Board [8d 6h Jc 2h]
Seat 1: MrVern9177 collected ($2.38)
Seat 2: Quadsfordayz folded before Flop (didn't bet)
Seat 3: GERAKLmeat folded before Flop (didn't bet)
Seat 4: fabinhobife2101 (button) folded before Flop (didn't bet)
Seat 5: sutata (small blind) folded before Flop
Seat 6: 50CandyJoe (big blind) folded on the Turn



PokerStars Hand #254184564650:  Hold'em No Limit ($0.50/$1.00 USD) - 2025/01/04 4:17:20 WET [2025/01/03 23:17:20 ET]
Table 'Irene' 6-max Seat #5 is the button
Seat 1: MrVern9177 ($36.51 in chips) 
Seat 2: Quadsfordayz ($55.21 in chips) 
Seat 3: GERAKLmeat ($10 in chips) 
Seat 4: fabinhobife2101 ($15.88 in chips) 
Seat 5: sutata ($101.50 in chips) 
Seat 6: 50CandyJoe ($160.16 in chips) 
50CandyJoe: posts small blind $0.50
MrVern9177: posts big blind $1
*** HOLE CARDS ***
Quadsfordayz: folds 
GERAKLmeat: folds 
fabinhobife2101: folds 
sutata: folds 
50CandyJoe: folds 
Uncalled bet ($0.50) returned to MrVern9177
MrVern9177 collected $1 from pot
*** SUMMARY ***
Total pot $1 | Rake $0 
Seat 1: MrVern9177 (big blind) collected ($1)
Seat 2: Quadsfordayz folded before Flop (didn't bet)
Seat 3: GERAKLmeat folded before Flop (didn't bet)
Seat 4: fabinhobife2101 folded before Flop (didn't bet)
Seat 5: sutata (button) folded before Flop (didn't bet)
Seat 6: 50CandyJoe (small blind) folded before Flop



PokerStars Hand #254184567775:  Hold'em No Limit ($0.50/$1.00 USD) - 2025/01/04 4:17:46 WET [2025/01/03 23:17:46 ET]
Table 'Irene' 6-max Seat #6 is the button
Seat 1: MrVern9177 ($37.01 in chips) 
Seat 2: Quadsfordayz ($55.21 in chips) 
Seat 3: GERAKLmeat ($10 in chips) 
Seat 4: fabinhobife2101 ($15.88 in chips) 
Seat 5: sutata ($101.50 in chips) 
Seat 6: 50CandyJoe ($159.66 in chips) 
MrVern9177: posts small blind $0.50
Quadsfordayz: posts big blind $1
*** HOLE CARDS ***
GERAKLmeat: raises $1 to $2
fabinhobife2101: folds 
sutata: calls $2
50CandyJoe: calls $2
MrVern9177: folds 
Quadsfordayz: folds 
*** FLOP *** [2d 4d Jd]
GERAKLmeat: checks 
sutata: checks 
50CandyJoe: bets $1.78
GERAKLmeat: calls $1.78
sutata: folds 
*** TURN *** [2d 4d Jd] [2h]
GERAKLmeat: checks 
50CandyJoe: bets $2.63
GERAKLmeat: raises $3.59 to $6.22 and is all-in
50CandyJoe: calls $3.59
*** RIVER *** [2d 4d Jd 2h] [7h]
*** SHOW DOWN ***
GERAKLmeat: shows [Ad Qd] (a flush, Ace high)
50CandyJoe: shows [8d Td] (a flush, Jack high)
GERAKLmeat collected $22.32 from pot
*** SUMMARY ***
Total pot $23.50 | Rake $1.18 
Board [2d 4d Jd 2h 7h]
Seat 1: MrVern9177 (small blind) folded before Flop
Seat 2: Quadsfordayz (big blind) folded before Flop
Seat 3: GERAKLmeat showed [Ad Qd] and won ($22.32) with a flush, Ace high
Seat 4: fabinhobife2101 folded before Flop (didn't bet)
Seat 5: sutata folded on the Flop
Seat 6: 50CandyJoe (button) showed [8d Td] and lost with a flush, Jack high



PokerStars Hand #254184577377:  Hold'em No Limit ($0.50/$1.00 USD) - 2025/01/04 4:19:03 WET [2025/01/03 23:19:03 ET]
Table 'Irene' 6-max Seat #1 is the button
Seat 1: MrVern9177 ($36.51 in chips) 
Seat 2: Quadsfordayz ($54.21 in chips) 
Seat 3: GERAKLmeat ($22.32 in chips) 
Seat 4: fabinhobife2101 ($15.88 in chips) 
Seat 5: sutata ($100 in chips) 
Seat 6: 50CandyJoe ($149.66 in chips) 
Quadsfordayz: posts small blind $0.50
GERAKLmeat: posts big blind $1
*** HOLE CARDS ***
fabinhobife2101: folds 
sutata: folds 
50CandyJoe: folds 
MrVern9177: calls $1
Quadsfordayz: raises $3 to $4
GERAKLmeat: folds 
MrVern9177: folds 
Uncalled bet ($3) returned to Quadsfordayz
Quadsfordayz collected $3 from pot
Quadsfordayz: doesn't show hand 
*** SUMMARY ***
Total pot $3 | Rake $0 
Seat 1: MrVern9177 (button) folded before Flop
Seat 2: Quadsfordayz (small blind) collected ($3)
Seat 3: GERAKLmeat (big blind) folded before Flop
Seat 4: fabinhobife2101 folded before Flop (didn't bet)
Seat 5: sutata folded before Flop (didn't bet)
Seat 6: 50CandyJoe folded before Flop (didn't bet)



PokerStars Hand #254184580767:  Hold'em No Limit ($0.50/$1.00 USD) - 2025/01/04 4:19:31 WET [2025/01/03 23:19:31 ET]
Table 'Irene' 6-max Seat #2 is the button
Seat 1: MrVern9177 ($35.51 in chips) 
Seat 2: Quadsfordayz ($56.21 in chips) 
Seat 3: GERAKLmeat ($21.32 in chips) 
Seat 4: fabinhobife2101 ($15.88 in chips) 
Seat 5: sutata ($100 in chips) 
Seat 6: 50CandyJoe ($149.66 in chips) 
GERAKLmeat: posts small blind $0.50
fabinhobife2101: posts big blind $1
*** HOLE CARDS ***
sutata: folds 
50CandyJoe: folds 
MrVern9177: calls $1
Quadsfordayz: raises $2.40 to $3.40
GERAKLmeat: folds 
fabinhobife2101: folds 
MrVern9177: folds 
Uncalled bet ($2.40) returned to Quadsfordayz
Quadsfordayz collected $3.50 from pot
Quadsfordayz: doesn't show hand 
*** SUMMARY ***
Total pot $3.50 | Rake $0 
Seat 1: MrVern9177 folded before Flop
Seat 2: Quadsfordayz (button) collected ($3.50)
Seat 3: GERAKLmeat (small blind) folded before Flop
Seat 4: fabinhobife2101 (big blind) folded before Flop
Seat 5: sutata folded before Flop (didn't bet)
Seat 6: 50CandyJoe folded before Flop (didn't bet)



PokerStars Hand #254184583115:  Hold'em No Limit ($0.50/$1.00 USD) - 2025/01/04 4:19:50 WET [2025/01/03 23:19:50 ET]
Table 'Irene' 6-max Seat #3 is the button
Seat 1: MrVern9177 ($34.51 in chips) 
Seat 2: Quadsfordayz ($58.71 in chips) 
Seat 3: GERAKLmeat ($20.82 in chips) 
Seat 4: fabinhobife2101 ($14.88 in chips) 
Seat 5: sutata ($100 in chips) 
Seat 6: 50CandyJoe ($149.66 in chips) 
fabinhobife2101: posts small blind $0.50
sutata: posts big blind $1
*** HOLE CARDS ***
50CandyJoe: folds 
MrVern9177: folds 
Quadsfordayz: raises $2 to $3
GERAKLmeat: folds 
fabinhobife2101: calls $2.50
sutata: folds 
*** FLOP *** [Qh Ac 8c]
fabinhobife2101: checks 
Quadsfordayz: bets $2.19
fabinhobife2101: folds 
Uncalled bet ($2.19) returned to Quadsfordayz
Quadsfordayz collected $6.65 from pot
Quadsfordayz: doesn't show hand 
*** SUMMARY ***
Total pot $7 | Rake $0.35 
Board [Qh Ac 8c]
Seat 1: MrVern9177 folded before Flop (didn't bet)
Seat 2: Quadsfordayz collected ($6.65)
Seat 3: GERAKLmeat (button) folded before Flop (didn't bet)
Seat 4: fabinhobife2101 (small blind) folded on the Flop
Seat 5: sutata (big blind) folded before Flop
Seat 6: 50CandyJoe folded before Flop (didn't bet)



PokerStars Hand #254184586248:  Hold'em No Limit ($0.50/$1.00 USD) - 2025/01/04 4:20:16 WET [2025/01/03 23:20:16 ET]
Table 'Irene' 6-max Seat #4 is the button
Seat 1: MrVern9177 ($34.51 in chips) 
Seat 2: Quadsfordayz ($62.36 in chips) 
Seat 3: GERAKLmeat ($20.82 in chips) 
Seat 4: fabinhobife2101 ($11.88 in chips) 
Seat 5: sutata ($100 in chips) 
Seat 6: 50CandyJoe ($149.66 in chips) 
sutata: posts small blind $0.50
50CandyJoe: posts big blind $1
*** HOLE CARDS ***
MrVern9177: folds 
Quadsfordayz: folds 
GERAKLmeat: folds 
fabinhobife2101: folds 
sutata: raises $2 to $3
50CandyJoe: folds 
Uncalled bet ($2) returned to sutata
sutata collected $2 from pot
sutata: doesn't show hand 
*** SUMMARY ***
Total pot $2 | Rake $0 
Seat 1: MrVern9177 folded before Flop (didn't bet)
Seat 2: Quadsfordayz folded before Flop (didn't bet)
Seat 3: GERAKLmeat folded before Flop (didn't bet)
Seat 4: fabinhobife2101 (button) folded before Flop (didn't bet)
Seat 5: sutata (small blind) collected ($2)
Seat 6: 50CandyJoe (big blind) folded before Flop



PokerStars Hand #254184588579:  Hold'em No Limit ($0.50/$1.00 USD) - 2025/01/04 4:20:34 WET [2025/01/03 23:20:34 ET]
Table 'Irene' 6-max Seat #5 is the button
Seat 1: MrVern9177 ($34.51 in chips) 
Seat 2: Quadsfordayz ($62.36 in chips) 
Seat 3: GERAKLmeat ($20.82 in chips) 
Seat 4: fabinhobife2101 ($11.88 in chips) 
Seat 5: sutata ($101 in chips) 
Seat 6: 50CandyJoe ($148.66 in chips) 
50CandyJoe: posts small blind $0.50
MrVern9177: posts big blind $1
*** HOLE CARDS ***
Quadsfordayz: raises $2.50 to $3.50
GERAKLmeat: folds 
fabinhobife2101: folds 
sutata: folds 
50CandyJoe: folds 
MrVern9177: calls $2.50
*** FLOP *** [Qs 8h 6c]
MrVern9177: bets $1
Quadsfordayz: raises $4.56 to $5.56
MrVern9177: folds 
Uncalled bet ($4.56) returned to Quadsfordayz
Quadsfordayz collected $9.02 from pot
Quadsfordayz: doesn't show hand 
*** SUMMARY ***
Total pot $9.50 | Rake $0.48 
Board [Qs 8h 6c]
Seat 1: MrVern9177 (big blind) folded on the Flop
Seat 2: Quadsfordayz collected ($9.02)
Seat 3: GERAKLmeat folded before Flop (didn't bet)
Seat 4: fabinhobife2101 folded before Flop (didn't bet)
Seat 5: sutata (button) folded before Flop (didn't bet)
Seat 6: 50CandyJoe (small blind) folded before Flop



PokerStars Hand #254184593414:  Hold'em No Limit ($0.50/$1.00 USD) - 2025/01/04 4:21:13 WET [2025/01/03 23:21:13 ET]
Table 'Irene' 6-max Seat #6 is the button
Seat 1: MrVern9177 ($30.01 in chips) 
Seat 2: Quadsfordayz ($66.88 in chips) 
Seat 3: GERAKLmeat ($20.82 in chips) 
Seat 4: fabinhobife2101 ($11.88 in chips) 
Seat 5: sutata ($101 in chips) 
Seat 6: 50CandyJoe ($148.16 in chips) 
MrVern9177: posts small blind $0.50
Quadsfordayz: posts big blind $1
*** HOLE CARDS ***
GERAKLmeat: raises $1 to $2
fabinhobife2101: folds 
sutata: folds 
50CandyJoe: folds 
MrVern9177: folds 
Quadsfordayz: calls $1
*** FLOP *** [9h 2s Jd]
Quadsfordayz: checks 
GERAKLmeat: checks 
*** TURN *** [9h 2s Jd] [Th]
Quadsfordayz: checks 
GERAKLmeat: bets $2.14
Quadsfordayz: folds 
Uncalled bet ($2.14) returned to GERAKLmeat
GERAKLmeat collected $4.28 from pot
GERAKLmeat: doesn't show hand 
*** SUMMARY ***
Total pot $4.50 | Rake $0.22 
Board [9h 2s Jd Th]
Seat 1: MrVern9177 (small blind) folded before Flop
Seat 2: Quadsfordayz (big blind) folded on the Turn
Seat 3: GERAKLmeat collected ($4.28)
Seat 4: fabinhobife2101 folded before Flop (didn't bet)
Seat 5: sutata folded before Flop (didn't bet)
Seat 6: 50CandyJoe (button) folded before Flop (didn't bet)



PokerStars Hand #254184599753:  Hold'em No Limit ($0.50/$1.00 USD) - 2025/01/04 4:22:04 WET [2025/01/03 23:22:04 ET]
Table 'Irene' 6-max Seat #1 is the button
Seat 1: MrVern9177 ($29.51 in chips) 
Seat 2: Quadsfordayz ($64.88 in chips) 
Seat 3: GERAKLmeat ($23.10 in chips) 
Seat 4: fabinhobife2101 ($11.88 in chips) 
Seat 5: sutata ($101 in chips) 
Seat 6: 50CandyJoe ($148.16 in chips) 
Quadsfordayz: posts small blind $0.50
GERAKLmeat: posts big blind $1
*** HOLE CARDS ***
fabinhobife2101: folds 
sutata: folds 
50CandyJoe: folds 
MrVern9177: folds 
Quadsfordayz: folds 
Uncalled bet ($0.50) returned to GERAKLmeat
GERAKLmeat collected $1 from pot
GERAKLmeat: doesn't show hand 
*** SUMMARY ***
Total pot $1 | Rake $0 
Seat 1: MrVern9177 (button) folded before Flop (didn't bet)
Seat 2: Quadsfordayz (small blind) folded before Flop
Seat 3: GERAKLmeat (big blind) collected ($1)
Seat 4: fabinhobife2101 folded before Flop (didn't bet)
Seat 5: sutata folded before Flop (didn't bet)
Seat 6: 50CandyJoe folded before Flop (didn't bet)



PokerStars Hand #254184601495:  Hold'em No Limit ($0.50/$1.00 USD) - 2025/01/04 4:22:18 WET [2025/01/03 23:22:18 ET]
Table 'Irene' 6-max Seat #2 is the button
Seat 1: MrVern9177 ($29.51 in chips) 
Seat 2: Quadsfordayz ($64.38 in chips) 
Seat 3: GERAKLmeat ($23.60 in chips) 
Seat 4: fabinhobife2101 ($11.88 in chips) 
Seat 5: sutata ($101 in chips) 
Seat 6: 50CandyJoe ($148.16 in chips) 
GERAKLmeat: posts small blind $0.50
fabinhobife2101: posts big blind $1
*** HOLE CARDS ***
sutata: folds 
50CandyJoe: raises $1.20 to $2.20
MrVern9177: folds 
Quadsfordayz: folds 
GERAKLmeat: folds 
fabinhobife2101: calls $1.20
*** FLOP *** [8c Kd 8h]
MrVern9177 leaves the table
fabinhobife2101: checks 
50CandyJoe: bets $1.54
fabinhobife2101: raises $3.87 to $5.41
50CandyJoe: calls $3.87
*** TURN *** [8c Kd 8h] [5h]
fabinhobife2101: bets $4.27 and is all-in
50CandyJoe: calls $4.27
*** RIVER *** [8c Kd 8h 5h] [7d]
*** SHOW DOWN ***
fabinhobife2101: shows [Ks 9d] (two pair, Kings and Eights)
50CandyJoe: shows [Ac As] (two pair, Aces and Eights)
50CandyJoe collected $23.05 from pot
RT RT960 joins the table at seat #1 
fabinhobife2101 cashed out the hand for $1.03 | Cash Out Fee $0.02
*** SUMMARY ***
Total pot $24.26 | Rake $1.21 
Board [8c Kd 8h 5h 7d]
Seat 1: MrVern9177 folded before Flop (didn't bet)
Seat 2: Quadsfordayz (button) folded before Flop (didn't bet)
Seat 3: GERAKLmeat (small blind) folded before Flop
Seat 4: fabinhobife2101 (big blind) showed [Ks 9d] and lost with two pair, Kings and Eights (cashed out).
Seat 5: sutata folded before Flop (didn't bet)
Seat 6: 50CandyJoe showed [Ac As] and won ($23.05) with two pair, Aces and Eights



PokerStars Hand #254184608482:  Hold'em No Limit ($0.50/$1.00 USD) - 2025/01/04 4:23:15 WET [2025/01/03 23:23:15 ET]
Table 'Irene' 6-max Seat #3 is the button
Seat 1: RT RT960 ($33.60 in chips) 
Seat 2: Quadsfordayz ($64.38 in chips) 
Seat 3: GERAKLmeat ($23.10 in chips) 
Seat 4: fabinhobife2101 ($1.03 in chips) 
Seat 5: sutata ($101 in chips) 
Seat 6: 50CandyJoe ($159.33 in chips) 
RT RT960 is disconnected 
fabinhobife2101: posts small blind $0.50
sutata: posts big blind $1
RT RT960 is connected 
RT RT960: posts big blind $1
*** HOLE CARDS ***
50CandyJoe: folds 
RT RT960: checks 
Quadsfordayz: raises $2 to $3
GERAKLmeat: folds 
fabinhobife2101: calls $0.53 and is all-in
sutata: folds 
RT RT960: folds 
Uncalled bet ($1.97) returned to Quadsfordayz
*** FLOP *** [8c 6d Kh]
*** TURN *** [8c 6d Kh] [Ah]
*** RIVER *** [8c 6d Kh Ah] [7h]
*** SHOW DOWN ***
fabinhobife2101: shows [Jh Js] (a pair of Jacks)
Quadsfordayz: shows [3c 4c] (high card Ace)
fabinhobife2101 collected $3.86 from pot
*** SUMMARY ***
Total pot $4.06 | Rake $0.20 
Board [8c 6d Kh Ah 7h]
Seat 1: RT RT960 folded before Flop (didn't bet)
Seat 2: Quadsfordayz showed [3c 4c] and lost with high card Ace
Seat 3: GERAKLmeat (button) folded before Flop (didn't bet)
Seat 4: fabinhobife2101 (small blind) showed [Jh Js] and won ($3.86) with a pair of Jacks
Seat 5: sutata (big blind) folded before Flop
Seat 6: 50CandyJoe folded before Flop (didn't bet)



PokerStars Hand #254184612335:  Hold'em No Limit ($0.50/$1.00 USD) - 2025/01/04 4:23:46 WET [2025/01/03 23:23:46 ET]
Table 'Irene' 6-max Seat #4 is the button
Seat 1: RT RT960 ($32.60 in chips) 
Seat 2: Quadsfordayz ($63.35 in chips) 
Seat 3: GERAKLmeat ($23.10 in chips) 
Seat 4: fabinhobife2101 ($3.86 in chips) 
Seat 5: sutata ($100 in chips) 
Seat 6: 50CandyJoe ($159.33 in chips) 
sutata: posts small blind $0.50
50CandyJoe: posts big blind $1
*** HOLE CARDS ***
RT RT960: folds 
Quadsfordayz: folds 
GERAKLmeat: folds 
fabinhobife2101: raises $2.86 to $3.86 and is all-in
sutata: folds 
50CandyJoe: folds 
Uncalled bet ($2.86) returned to fabinhobife2101
fabinhobife2101 collected $2.50 from pot
*** SUMMARY ***
Total pot $2.50 | Rake $0 
Seat 1: RT RT960 folded before Flop (didn't bet)
Seat 2: Quadsfordayz folded before Flop (didn't bet)
Seat 3: GERAKLmeat folded before Flop (didn't bet)
Seat 4: fabinhobife2101 (button) collected ($2.50)
Seat 5: sutata (small blind) folded before Flop
Seat 6: 50CandyJoe (big blind) folded before Flop



PokerStars Hand #254184614505:  Hold'em No Limit ($0.50/$1.00 USD) - 2025/01/04 4:24:04 WET [2025/01/03 23:24:04 ET]
Table 'Irene' 6-max Seat #5 is the button
Seat 1: RT RT960 ($32.60 in chips) 
Seat 2: Quadsfordayz ($63.35 in chips) 
Seat 3: GERAKLmeat ($23.10 in chips) 
Seat 4: fabinhobife2101 ($5.36 in chips) 
Seat 5: sutata ($100 in chips) 
Seat 6: 50CandyJoe ($158.33 in chips) 
50CandyJoe: posts small blind $0.50
RT RT960: posts big blind $1
*** HOLE CARDS ***
Quadsfordayz: folds 
GERAKLmeat: raises $1 to $2
fabinhobife2101: raises $3.36 to $5.36 and is all-in
sutata: folds 
50CandyJoe: folds 
RT RT960: folds 
GERAKLmeat: calls $3.36
*** FLOP *** [Ts 8c 9c]
*** TURN *** [Ts 8c 9c] [2h]
*** RIVER *** [Ts 8c 9c 2h] [Ad]
*** SHOW DOWN ***
GERAKLmeat: shows [5h 5d] (a pair of Fives)
fabinhobife2101: shows [Qc Jc] (a straight, Eight to Queen)
fabinhobife2101 collected $11.61 from pot
*** SUMMARY ***
Total pot $12.22 | Rake $0.61 
Board [Ts 8c 9c 2h Ad]
Seat 1: RT RT960 (big blind) folded before Flop
Seat 2: Quadsfordayz folded before Flop (didn't bet)
Seat 3: GERAKLmeat showed [5h 5d] and lost with a pair of Fives
Seat 4: fabinhobife2101 showed [Qc Jc] and won ($11.61) with a straight, Eight to Queen
Seat 5: sutata (button) folded before Flop (didn't bet)
Seat 6: 50CandyJoe (small blind) folded before Flop



PokerStars Hand #254184618865:  Hold'em No Limit ($0.50/$1.00 USD) - 2025/01/04 4:24:39 WET [2025/01/03 23:24:39 ET]
Table 'Irene' 6-max Seat #6 is the button
Seat 1: RT RT960 ($31.60 in chips) 
Seat 2: Quadsfordayz ($63.35 in chips) 
Seat 3: GERAKLmeat ($17.74 in chips) 
Seat 4: fabinhobife2101 ($11.61 in chips) 
Seat 5: sutata ($100 in chips) 
Seat 6: 50CandyJoe ($157.83 in chips) 
RT RT960: posts small blind $0.50
Quadsfordayz: posts big blind $1
*** HOLE CARDS ***
GERAKLmeat: folds 
fabinhobife2101: folds 
sutata: folds 
50CandyJoe: raises $1.50 to $2.50
RT RT960: folds 
Quadsfordayz: folds 
Uncalled bet ($1.50) returned to 50CandyJoe
50CandyJoe collected $2.50 from pot
50CandyJoe: doesn't show hand 
*** SUMMARY ***
Total pot $2.50 | Rake $0 
Seat 1: RT RT960 (small blind) folded before Flop
Seat 2: Quadsfordayz (big blind) folded before Flop
Seat 3: GERAKLmeat folded before Flop (didn't bet)
Seat 4: fabinhobife2101 folded before Flop (didn't bet)
Seat 5: sutata folded before Flop (didn't bet)
Seat 6: 50CandyJoe (button) collected ($2.50)



PokerStars Hand #254184621407:  Hold'em No Limit ($0.50/$1.00 USD) - 2025/01/04 4:25:00 WET [2025/01/03 23:25:00 ET]
Table 'Irene' 6-max Seat #1 is the button
Seat 1: RT RT960 ($31.10 in chips) 
Seat 2: Quadsfordayz ($62.35 in chips) 
Seat 3: GERAKLmeat ($17.74 in chips) 
Seat 4: fabinhobife2101 ($11.61 in chips) 
Seat 5: sutata ($100 in chips) 
Seat 6: 50CandyJoe ($159.33 in chips) 
Quadsfordayz: posts small blind $0.50
GERAKLmeat: posts big blind $1
*** HOLE CARDS ***
fabinhobife2101: folds 
sutata: folds 
50CandyJoe: raises $1.20 to $2.20
RT RT960: folds 
Quadsfordayz: raises $5.40 to $7.60
GERAKLmeat: raises $10.14 to $17.74 and is all-in
50CandyJoe: folds 
Quadsfordayz: calls $10.14
*** FLOP *** [Jd 3s Ts]
*** TURN *** [Jd 3s Ts] [Kd]
*** RIVER *** [Jd 3s Ts Kd] [2d]
*** SHOW DOWN ***
Quadsfordayz: shows [Jc Js] (three of a kind, Jacks)
GERAKLmeat: shows [Ad Ac] (a pair of Aces)
Quadsfordayz collected $35.80 from pot
*** SUMMARY ***
Total pot $37.68 | Rake $1.88 
Board [Jd 3s Ts Kd 2d]
Seat 1: RT RT960 (button) folded before Flop (didn't bet)
Seat 2: Quadsfordayz (small blind) showed [Jc Js] and won ($35.80) with three of a kind, Jacks
Seat 3: GERAKLmeat (big blind) showed [Ad Ac] and lost with a pair of Aces
Seat 4: fabinhobife2101 folded before Flop (didn't bet)
Seat 5: sutata folded before Flop (didn't bet)
Seat 6: 50CandyJoe folded before Flop



PokerStars Hand #254184625841:  Hold'em No Limit ($0.50/$1.00 USD) - 2025/01/04 4:25:36 WET [2025/01/03 23:25:36 ET]
Table 'Irene' 6-max Seat #2 is the button
Seat 1: RT RT960 ($31.10 in chips) 
Seat 2: Quadsfordayz ($80.41 in chips) 
Seat 3: GERAKLmeat ($10 in chips) 
Seat 4: fabinhobife2101 ($11.61 in chips) 
Seat 5: sutata ($100 in chips) 
Seat 6: 50CandyJoe ($157.13 in chips) 
GERAKLmeat: posts small blind $0.50
fabinhobife2101: posts big blind $1
*** HOLE CARDS ***
sutata: folds 
50CandyJoe: folds 
RT RT960: raises $1 to $2
Quadsfordayz: folds 
GERAKLmeat: folds 
fabinhobife2101: folds 
Uncalled bet ($1) returned to RT RT960
RT RT960 collected $2.50 from pot
*** SUMMARY ***
Total pot $2.50 | Rake $0 
Seat 1: RT RT960 collected ($2.50)
Seat 2: Quadsfordayz (button) folded before Flop (didn't bet)
Seat 3: GERAKLmeat (small blind) folded before Flop
Seat 4: fabinhobife2101 (big blind) folded before Flop
Seat 5: sutata folded before Flop (didn't bet)
Seat 6: 50CandyJoe folded before Flop (didn't bet)



PokerStars Hand #254184628700:  Hold'em No Limit ($0.50/$1.00 USD) - 2025/01/04 4:26:00 WET [2025/01/03 23:26:00 ET]
Table 'Irene' 6-max Seat #3 is the button
Seat 1: RT RT960 ($32.60 in chips) 
Seat 2: Quadsfordayz ($80.41 in chips) 
Seat 3: GERAKLmeat ($9.50 in chips) 
Seat 4: fabinhobife2101 ($10.61 in chips) 
Seat 5: sutata ($100 in chips) 
Seat 6: 50CandyJoe ($157.13 in chips) 
fabinhobife2101: posts small blind $0.50
sutata: posts big blind $1
*** HOLE CARDS ***
50CandyJoe: raises $1.20 to $2.20
RT RT960: folds 
Quadsfordayz: calls $2.20
GERAKLmeat: folds 
fabinhobife2101: folds 
sutata: folds 
*** FLOP *** [4d Kd 8h]
50CandyJoe: checks 
Quadsfordayz: checks 
*** TURN *** [4d Kd 8h] [4s]
50CandyJoe: checks 
Quadsfordayz: checks 
*** RIVER *** [4d Kd 8h 4s] [3h]
50CandyJoe: bets $1.40
Quadsfordayz: folds 
Uncalled bet ($1.40) returned to 50CandyJoe
50CandyJoe collected $5.60 from pot
50CandyJoe: doesn't show hand 
*** SUMMARY ***
Total pot $5.90 | Rake $0.30 
Board [4d Kd 8h 4s 3h]
Seat 1: RT RT960 folded before Flop (didn't bet)
Seat 2: Quadsfordayz folded on the River
Seat 3: GERAKLmeat (button) folded before Flop (didn't bet)
Seat 4: fabinhobife2101 (small blind) folded before Flop
Seat 5: sutata (big blind) folded before Flop
Seat 6: 50CandyJoe collected ($5.60)



PokerStars Hand #254184632260:  Hold'em No Limit ($0.50/$1.00 USD) - 2025/01/04 4:26:29 WET [2025/01/03 23:26:29 ET]
Table 'Irene' 6-max Seat #4 is the button
Seat 1: RT RT960 ($32.60 in chips) 
Seat 2: Quadsfordayz ($78.21 in chips) 
Seat 3: GERAKLmeat ($9.50 in chips) 
Seat 4: fabinhobife2101 ($10.11 in chips) 
Seat 5: sutata ($100 in chips) 
Seat 6: 50CandyJoe ($160.53 in chips) 
sutata: posts small blind $0.50
50CandyJoe: posts big blind $1
*** HOLE CARDS ***
RT RT960: raises $2 to $3
Quadsfordayz: folds 
GERAKLmeat: folds 
fabinhobife2101: folds 
sutata: folds 
50CandyJoe: raises $157.53 to $160.53 and is all-in
RT RT960: folds 
Uncalled bet ($157.53) returned to 50CandyJoe
50CandyJoe collected $6.50 from pot
50CandyJoe: doesn't show hand 
*** SUMMARY ***
Total pot $6.50 | Rake $0 
Seat 1: RT RT960 folded before Flop
Seat 2: Quadsfordayz folded before Flop (didn't bet)
Seat 3: GERAKLmeat folded before Flop (didn't bet)
Seat 4: fabinhobife2101 (button) folded before Flop (didn't bet)
Seat 5: sutata (small blind) folded before Flop
Seat 6: 50CandyJoe (big blind) collected ($6.50)



PokerStars Hand #254184636280:  Hold'em No Limit ($0.50/$1.00 USD) - 2025/01/04 4:27:01 WET [2025/01/03 23:27:01 ET]
Table 'Irene' 6-max Seat #5 is the button
Seat 1: RT RT960 ($29.60 in chips) 
Seat 2: Quadsfordayz ($78.21 in chips) 
Seat 3: GERAKLmeat ($9.50 in chips) 
Seat 4: fabinhobife2101 ($10.11 in chips) 
Seat 5: sutata ($100 in chips) 
Seat 6: 50CandyJoe ($164.03 in chips) 
50CandyJoe: posts small blind $0.50
RT RT960: posts big blind $1
*** HOLE CARDS ***
Quadsfordayz: folds 
GERAKLmeat: folds 
fabinhobife2101: folds 
sutata: folds 
50CandyJoe: calls $0.50
RT RT960: raises $2 to $3
50CandyJoe: folds 
Uncalled bet ($2) returned to RT RT960
RT RT960 collected $2 from pot
*** SUMMARY ***
Total pot $2 | Rake $0 
Seat 1: RT RT960 (big blind) collected ($2)
Seat 2: Quadsfordayz folded before Flop (didn't bet)
Seat 3: GERAKLmeat folded before Flop (didn't bet)
Seat 4: fabinhobife2101 folded before Flop (didn't bet)
Seat 5: sutata (button) folded before Flop (didn't bet)
Seat 6: 50CandyJoe (small blind) folded before Flop



PokerStars Hand #254184639286:  Hold'em No Limit ($0.50/$1.00 USD) - 2025/01/04 4:27:26 WET [2025/01/03 23:27:26 ET]
Table 'Irene' 6-max Seat #6 is the button
Seat 1: RT RT960 ($30.60 in chips) 
Seat 2: Quadsfordayz ($78.21 in chips) 
Seat 3: GERAKLmeat ($9.50 in chips) 
Seat 4: fabinhobife2101 ($10.11 in chips) 
Seat 5: sutata ($100 in chips) 
Seat 6: 50CandyJoe ($163.03 in chips) 
RT RT960: posts small blind $0.50
Quadsfordayz: posts big blind $1
*** HOLE CARDS ***
GERAKLmeat: folds 
fabinhobife2101: folds 
sutata: raises $1.50 to $2.50
50CandyJoe: folds 
RT RT960: folds 
Quadsfordayz: calls $1.50
*** FLOP *** [2s 3s 5c]
Quadsfordayz: checks 
sutata: checks 
*** TURN *** [2s 3s 5c] [Th]
Quadsfordayz: checks 
sutata: checks 
*** RIVER *** [2s 3s 5c Th] [Td]
Quadsfordayz: checks 
sutata: checks 
*** SHOW DOWN ***
Quadsfordayz: shows [7h Ad] (a pair of Tens)
sutata: mucks hand 
Quadsfordayz collected $5.22 from pot
*** SUMMARY ***
Total pot $5.50 | Rake $0.28 
Board [2s 3s 5c Th Td]
Seat 1: RT RT960 (small blind) folded before Flop
Seat 2: Quadsfordayz (big blind) showed [7h Ad] and won ($5.22) with a pair of Tens
Seat 3: GERAKLmeat folded before Flop (didn't bet)
Seat 4: fabinhobife2101 folded before Flop (didn't bet)
Seat 5: sutata mucked
Seat 6: 50CandyJoe (button) folded before Flop (didn't bet)



PokerStars Hand #254184643370:  Hold'em No Limit ($0.50/$1.00 USD) - 2025/01/04 4:27:59 WET [2025/01/03 23:27:59 ET]
Table 'Irene' 6-max Seat #1 is the button
Seat 1: RT RT960 ($30.10 in chips) 
Seat 2: Quadsfordayz ($80.93 in chips) 
Seat 3: GERAKLmeat ($9.50 in chips) 
Seat 4: fabinhobife2101 ($10.11 in chips) 
Seat 5: sutata ($100 in chips) 
Seat 6: 50CandyJoe ($163.03 in chips) 
Quadsfordayz: posts small blind $0.50
GERAKLmeat: posts big blind $1
*** HOLE CARDS ***
fabinhobife2101: folds 
sutata: folds 
50CandyJoe: raises $1.20 to $2.20
RT RT960: raises $5.90 to $8.10
Quadsfordayz: folds 
GERAKLmeat: folds 
50CandyJoe: calls $5.90
*** FLOP *** [Js 8d 2c]
50CandyJoe: checks 
RT RT960: checks 
*** TURN *** [Js 8d 2c] [6d]
50CandyJoe: checks 
RT RT960: bets $8.41
50CandyJoe: raises $15.59 to $24
RT RT960: calls $13.59 and is all-in
Uncalled bet ($2) returned to 50CandyJoe
*** RIVER *** [Js 8d 2c 6d] [4h]
*** SHOW DOWN ***
50CandyJoe: shows [Ac Ad] (a pair of Aces)
RT RT960: shows [Kd Ts] (high card King)
50CandyJoe collected $59.20 from pot
*** SUMMARY ***
Total pot $61.70 | Rake $2.50 
Board [Js 8d 2c 6d 4h]
Seat 1: RT RT960 (button) showed [Kd Ts] and lost with high card King
Seat 2: Quadsfordayz (small blind) folded before Flop
Seat 3: GERAKLmeat (big blind) folded before Flop
Seat 4: fabinhobife2101 folded before Flop (didn't bet)
Seat 5: sutata folded before Flop (didn't bet)
Seat 6: 50CandyJoe showed [Ac Ad] and won ($59.20) with a pair of Aces



PokerStars Hand #254184648173:  Hold'em No Limit ($0.50/$1.00 USD) - 2025/01/04 4:28:39 WET [2025/01/03 23:28:39 ET]
Table 'Irene' 6-max Seat #2 is the button
Seat 1: RT RT960 ($0 in chips) is sitting out
Seat 2: Quadsfordayz ($80.43 in chips) 
Seat 3: GERAKLmeat ($8.50 in chips) 
Seat 4: fabinhobife2101 ($10.11 in chips) 
Seat 5: sutata ($100 in chips) 
Seat 6: 50CandyJoe ($192.13 in chips) 
GERAKLmeat: posts small blind $0.50
fabinhobife2101: posts big blind $1
*** HOLE CARDS ***
sutata: folds 
50CandyJoe: folds 
Quadsfordayz: folds 
GERAKLmeat: raises $7.50 to $8.50 and is all-in
fabinhobife2101: folds 
Uncalled bet ($7.50) returned to GERAKLmeat
GERAKLmeat collected $2 from pot
GERAKLmeat: doesn't show hand 
*** SUMMARY ***
Total pot $2 | Rake $0 
Seat 1: RT RT960
Seat 2: Quadsfordayz (button) folded before Flop (didn't bet)
Seat 3: GERAKLmeat (small blind) collected ($2)
Seat 4: fabinhobife2101 (big blind) folded before Flop
Seat 5: sutata folded before Flop (didn't bet)
Seat 6: 50CandyJoe folded before Flop (didn't bet)



PokerStars Hand #254184650346:  Hold'em No Limit ($0.50/$1.00 USD) - 2025/01/04 4:28:57 WET [2025/01/03 23:28:57 ET]
Table 'Irene' 6-max Seat #3 is the button
Seat 1: RT RT960 ($0 in chips) is sitting out
Seat 5: sutata ($100 in chips) is sitting out
Seat 2: Quadsfordayz ($80.43 in chips) 
Seat 3: GERAKLmeat ($9.50 in chips) 
Seat 4: fabinhobife2101 ($9.11 in chips) 
Seat 6: 50CandyJoe ($192.13 in chips) 
fabinhobife2101: posts small blind $0.50
sutata: is sitting out 
50CandyJoe: posts big blind $1
*** HOLE CARDS ***
sutata leaves the table
Quadsfordayz: raises $2 to $3
GERAKLmeat: folds 
fabinhobife2101: folds 
50CandyJoe: folds 
Uncalled bet ($2) returned to Quadsfordayz
Quadsfordayz collected $2.50 from pot
Quadsfordayz: doesn't show hand 
*** SUMMARY ***
Total pot $2.50 | Rake $0 
Seat 1: RT RT960
Seat 5: sutata
Seat 2: Quadsfordayz collected ($2.50)
Seat 3: GERAKLmeat (button) folded before Flop (didn't bet)
Seat 4: fabinhobife2101 (small blind) folded before Flop
Seat 6: 50CandyJoe (big blind) folded before Flop



