PokerStars Hand #254283835905:  Hold'em No Limit ($0.50/$1.00 USD) - 2025/01/09 20:45:35 WET [2025/01/09 15:45:35 ET]
Table 'Lagrangea III' 6-max Seat #1 is the button
Seat 1: Alinyr ($100 in chips) 
Seat 2: ReVeu710 ($100.50 in chips) 
Seat 3: YeeesMan ($100 in chips) 
Seat 4: JasperJase01 ($80.28 in chips) 
Seat 5: tintin641 ($100 in chips) 
Seat 6: maroung ($16.52 in chips) 
ReVeu710: posts small blind $0.50
YeeesMan: posts big blind $1
*** HOLE CARDS ***
JasperJase01: raises $1 to $2
tintin641: folds 
maroung: calls $2
Alinyr: calls $2
ReVeu710: folds 
YeeesMan: folds 
*** FLOP *** [6c Qh 2d]
JasperJase01: checks 
maroung: checks 
Alinyr: checks 
*** TURN *** [6c Qh 2d] [3d]
JasperJase01: bets $3
maroung: calls $3
Alinyr: folds 
*** RIVER *** [6c Qh 2d 3d] [5s]
JasperJase01: bets $5
maroung: folds 
Uncalled bet ($5) returned to JasperJase01
JasperJase01 collected $12.82 from pot
*** SUMMARY ***
Total pot $13.50 | Rake $0.68 
Board [6c Qh 2d 3d 5s]
Seat 1: Alinyr (button) folded on the Turn
Seat 2: ReVeu710 (small blind) folded before Flop
Seat 3: YeeesMan (big blind) folded before Flop
Seat 4: JasperJase01 collected ($12.82)
Seat 5: tintin641 folded before Flop (didn't bet)
Seat 6: maroung folded on the River



PokerStars Hand #254283856307:  Hold'em No Limit ($0.50/$1.00 USD) - 2025/01/09 20:46:36 WET [2025/01/09 15:46:36 ET]
Table 'Lagrangea III' 6-max Seat #2 is the button
Seat 1: Alinyr ($100 in chips) 
Seat 2: ReVeu710 ($100 in chips) 
Seat 3: YeeesMan ($100 in chips) 
Seat 4: JasperJase01 ($88.10 in chips) 
Seat 5: tintin641 ($100 in chips) 
Seat 6: maroung ($11.52 in chips) 
YeeesMan: posts small blind $0.50
JasperJase01: posts big blind $1
*** HOLE CARDS ***
tintin641: raises $1.50 to $2.50
maroung: folds 
Alinyr: folds 
ReVeu710: folds 
YeeesMan: folds 
JasperJase01: folds 
Uncalled bet ($1.50) returned to tintin641
tintin641 collected $2.50 from pot
tintin641: doesn't show hand 
*** SUMMARY ***
Total pot $2.50 | Rake $0 
Seat 1: Alinyr folded before Flop (didn't bet)
Seat 2: ReVeu710 (button) folded before Flop (didn't bet)
Seat 3: YeeesMan (small blind) folded before Flop
Seat 4: JasperJase01 (big blind) folded before Flop
Seat 5: tintin641 collected ($2.50)
Seat 6: maroung folded before Flop (didn't bet)



PokerStars Hand #254283865497:  Hold'em No Limit ($0.50/$1.00 USD) - 2025/01/09 20:47:03 WET [2025/01/09 15:47:03 ET]
Table 'Lagrangea III' 6-max Seat #3 is the button
Seat 1: Alinyr ($100 in chips) 
Seat 2: ReVeu710 ($100 in chips) 
Seat 3: YeeesMan ($100 in chips) 
Seat 4: JasperJase01 ($87.10 in chips) 
Seat 5: tintin641 ($101.50 in chips) 
Seat 6: maroung ($11.52 in chips) 
JasperJase01: posts small blind $0.50
tintin641: posts big blind $1
*** HOLE CARDS ***
maroung: raises $1 to $2
Alinyr: folds 
ReVeu710: folds 
YeeesMan: folds 
JasperJase01: folds 
tintin641: folds 
Uncalled bet ($1) returned to maroung
maroung collected $2.50 from pot
*** SUMMARY ***
Total pot $2.50 | Rake $0 
Seat 1: Alinyr folded before Flop (didn't bet)
Seat 2: ReVeu710 folded before Flop (didn't bet)
Seat 3: YeeesMan (button) folded before Flop (didn't bet)
Seat 4: JasperJase01 (small blind) folded before Flop
Seat 5: tintin641 (big blind) folded before Flop
Seat 6: maroung collected ($2.50)



PokerStars Hand #254283869664:  Hold'em No Limit ($0.50/$1.00 USD) - 2025/01/09 20:47:16 WET [2025/01/09 15:47:16 ET]
Table 'Lagrangea III' 6-max Seat #4 is the button
Seat 1: Alinyr ($100 in chips) 
Seat 2: ReVeu710 ($100 in chips) 
Seat 3: YeeesMan ($100 in chips) 
Seat 4: JasperJase01 ($86.60 in chips) 
Seat 5: tintin641 ($100.50 in chips) 
Seat 6: maroung ($13.02 in chips) 
tintin641: posts small blind $0.50
maroung: posts big blind $1
*** HOLE CARDS ***
Alinyr: folds 
ReVeu710: raises $1 to $2
YeeesMan: folds 
JasperJase01: folds 
tintin641: raises $8 to $10
maroung: raises $3.02 to $13.02 and is all-in
ReVeu710: folds 
tintin641: calls $3.02
*** FLOP *** [2s Th 8d]
*** TURN *** [2s Th 8d] [Jd]
*** RIVER *** [2s Th 8d Jd] [2c]
*** SHOW DOWN ***
tintin641: shows [5h Ah] (a pair of Deuces)
maroung: shows [Tc Ts] (a full house, Tens full of Deuces)
maroung collected $26.64 from pot
*** SUMMARY ***
Total pot $28.04 | Rake $1.40 
Board [2s Th 8d Jd 2c]
Seat 1: Alinyr folded before Flop (didn't bet)
Seat 2: ReVeu710 folded before Flop
Seat 3: YeeesMan folded before Flop (didn't bet)
Seat 4: JasperJase01 (button) folded before Flop (didn't bet)
Seat 5: tintin641 (small blind) showed [5h Ah] and lost with a pair of Deuces
Seat 6: maroung (big blind) showed [Tc Ts] and won ($26.64) with a full house, Tens full of Deuces



PokerStars Hand #254283883702:  Hold'em No Limit ($0.50/$1.00 USD) - 2025/01/09 20:47:58 WET [2025/01/09 15:47:58 ET]
Table 'Lagrangea III' 6-max Seat #5 is the button
Seat 1: Alinyr ($100 in chips) 
Seat 2: ReVeu710 ($100 in chips) 
Seat 3: YeeesMan ($100 in chips) 
Seat 4: JasperJase01 ($86.60 in chips) 
Seat 5: tintin641 ($100 in chips) 
Seat 6: maroung ($26.64 in chips) 
maroung: posts small blind $0.50
Alinyr: posts big blind $1
*** HOLE CARDS ***
ReVeu710: folds 
YeeesMan: folds 
JasperJase01: calls $1
tintin641: folds 
maroung: calls $0.50
Alinyr: checks 
*** FLOP *** [9s Qc 2d]
maroung: checks 
Alinyr: checks 
JasperJase01: bets $2
maroung: folds 
Alinyr: folds 
Uncalled bet ($2) returned to JasperJase01
JasperJase01 collected $2.85 from pot
*** SUMMARY ***
Total pot $3 | Rake $0.15 
Board [9s Qc 2d]
Seat 1: Alinyr (big blind) folded on the Flop
Seat 2: ReVeu710 folded before Flop (didn't bet)
Seat 3: YeeesMan folded before Flop (didn't bet)
Seat 4: JasperJase01 collected ($2.85)
Seat 5: tintin641 (button) folded before Flop (didn't bet)
Seat 6: maroung (small blind) folded on the Flop



PokerStars Hand #254283891415:  Hold'em No Limit ($0.50/$1.00 USD) - 2025/01/09 20:48:21 WET [2025/01/09 15:48:21 ET]
Table 'Lagrangea III' 6-max Seat #6 is the button
Seat 1: Alinyr ($100 in chips) 
Seat 2: ReVeu710 ($100 in chips) 
Seat 3: YeeesMan ($100 in chips) 
Seat 4: JasperJase01 ($88.45 in chips) 
Seat 5: tintin641 ($100 in chips) 
Seat 6: maroung ($25.64 in chips) 
Alinyr: posts small blind $0.50
ReVeu710: posts big blind $1
*** HOLE CARDS ***
YeeesMan: folds 
JasperJase01: raises $1 to $2
tintin641: folds 
maroung: calls $2
Alinyr: folds 
ReVeu710: calls $1
*** FLOP *** [8s 4h 9d]
ReVeu710: checks 
JasperJase01: bets $3
maroung: folds 
ReVeu710: calls $3
*** TURN *** [8s 4h 9d] [As]
ReVeu710: checks 
JasperJase01: checks 
*** RIVER *** [8s 4h 9d As] [Td]
ReVeu710: bets $9.15
JasperJase01: calls $9.15
*** SHOW DOWN ***
ReVeu710: shows [7d 5d] (high card Ace)
JasperJase01: shows [8c Tc] (two pair, Tens and Eights)
JasperJase01 collected $29.26 from pot
*** SUMMARY ***
Total pot $30.80 | Rake $1.54 
Board [8s 4h 9d As Td]
Seat 1: Alinyr (small blind) folded before Flop
Seat 2: ReVeu710 (big blind) showed [7d 5d] and lost with high card Ace
Seat 3: YeeesMan folded before Flop (didn't bet)
Seat 4: JasperJase01 showed [8c Tc] and won ($29.26) with two pair, Tens and Eights
Seat 5: tintin641 folded before Flop (didn't bet)
Seat 6: maroung (button) folded on the Flop



PokerStars Hand #254283909341:  Hold'em No Limit ($0.50/$1.00 USD) - 2025/01/09 20:49:15 WET [2025/01/09 15:49:15 ET]
Table 'Lagrangea III' 6-max Seat #1 is the button
Seat 1: Alinyr ($100 in chips) 
Seat 2: ReVeu710 ($100 in chips) 
Seat 3: YeeesMan ($100 in chips) 
Seat 4: JasperJase01 ($103.56 in chips) 
Seat 5: tintin641 ($100 in chips) 
Seat 6: maroung ($23.64 in chips) 
ReVeu710: posts small blind $0.50
YeeesMan: posts big blind $1
*** HOLE CARDS ***
JasperJase01: raises $1 to $2
tintin641: folds 
maroung: calls $2
Alinyr: calls $2
ReVeu710: calls $1.50
YeeesMan: folds 
*** FLOP *** [2h 7d 2s]
ReVeu710: checks 
JasperJase01: checks 
maroung: bets $21.64 and is all-in
Alinyr: folds 
ReVeu710: folds 
JasperJase01: folds 
Uncalled bet ($21.64) returned to maroung
maroung collected $8.55 from pot
*** SUMMARY ***
Total pot $9 | Rake $0.45 
Board [2h 7d 2s]
Seat 1: Alinyr (button) folded on the Flop
Seat 2: ReVeu710 (small blind) folded on the Flop
Seat 3: YeeesMan (big blind) folded before Flop
Seat 4: JasperJase01 folded on the Flop
Seat 5: tintin641 folded before Flop (didn't bet)
Seat 6: maroung collected ($8.55)



PokerStars Hand #254283921991:  Hold'em No Limit ($0.50/$1.00 USD) - 2025/01/09 20:49:52 WET [2025/01/09 15:49:52 ET]
Table 'Lagrangea III' 6-max Seat #2 is the button
Seat 1: Alinyr ($100 in chips) 
Seat 2: ReVeu710 ($100 in chips) 
Seat 3: YeeesMan ($100 in chips) 
Seat 4: JasperJase01 ($101.56 in chips) 
Seat 5: tintin641 ($100 in chips) 
Seat 6: maroung ($30.19 in chips) 
YeeesMan: posts small blind $0.50
JasperJase01: posts big blind $1
*** HOLE CARDS ***
tintin641: folds 
maroung: calls $1
Alinyr: folds 
ReVeu710: folds 
YeeesMan: folds 
JasperJase01: checks 
*** FLOP *** [4c 5d Th]
JasperJase01: checks 
maroung: checks 
*** TURN *** [4c 5d Th] [Tc]
JasperJase01: bets $1
maroung: folds 
Uncalled bet ($1) returned to JasperJase01
JasperJase01 collected $2.38 from pot
*** SUMMARY ***
Total pot $2.50 | Rake $0.12 
Board [4c 5d Th Tc]
Seat 1: Alinyr folded before Flop (didn't bet)
Seat 2: ReVeu710 (button) folded before Flop (didn't bet)
Seat 3: YeeesMan (small blind) folded before Flop
Seat 4: JasperJase01 (big blind) collected ($2.38)
Seat 5: tintin641 folded before Flop (didn't bet)
Seat 6: maroung folded on the Turn



PokerStars Hand #254283929473:  Hold'em No Limit ($0.50/$1.00 USD) - 2025/01/09 20:50:15 WET [2025/01/09 15:50:15 ET]
Table 'Lagrangea III' 6-max Seat #3 is the button
Seat 1: Alinyr ($100 in chips) 
Seat 2: ReVeu710 ($100 in chips) 
Seat 3: YeeesMan ($100 in chips) 
Seat 4: JasperJase01 ($102.94 in chips) 
Seat 5: tintin641 ($100 in chips) 
Seat 6: maroung ($29.19 in chips) 
JasperJase01: posts small blind $0.50
tintin641: posts big blind $1
*** HOLE CARDS ***
maroung: calls $1
Alinyr: folds 
ReVeu710: folds 
YeeesMan: raises $2.50 to $3.50
JasperJase01: calls $3
tintin641: folds 
maroung: folds 
*** FLOP *** [5s Kh 4h]
JasperJase01: checks 
YeeesMan: checks 
*** TURN *** [5s Kh 4h] [Ad]
JasperJase01: checks 
YeeesMan: checks 
*** RIVER *** [5s Kh 4h Ad] [6s]
JasperJase01: bets $4.28
YeeesMan: calls $4.28
*** SHOW DOWN ***
JasperJase01: shows [Ah 8c] (a pair of Aces)
YeeesMan: mucks hand 
JasperJase01 collected $16.68 from pot
*** SUMMARY ***
Total pot $17.56 | Rake $0.88 
Board [5s Kh 4h Ad 6s]
Seat 1: Alinyr folded before Flop (didn't bet)
Seat 2: ReVeu710 folded before Flop (didn't bet)
Seat 3: YeeesMan (button) mucked
Seat 4: JasperJase01 (small blind) showed [Ah 8c] and won ($16.68) with a pair of Aces
Seat 5: tintin641 (big blind) folded before Flop
Seat 6: maroung folded before Flop



PokerStars Hand #254283941995:  Hold'em No Limit ($0.50/$1.00 USD) - 2025/01/09 20:50:52 WET [2025/01/09 15:50:52 ET]
Table 'Lagrangea III' 6-max Seat #4 is the button
Seat 1: Alinyr ($100 in chips) 
Seat 2: ReVeu710 ($100 in chips) 
Seat 3: YeeesMan ($100 in chips) 
Seat 4: JasperJase01 ($111.84 in chips) 
Seat 5: tintin641 ($100 in chips) 
Seat 6: maroung ($28.19 in chips) 
tintin641: posts small blind $0.50
maroung: posts big blind $1
*** HOLE CARDS ***
Alinyr: folds 
ReVeu710: folds 
YeeesMan: folds 
JasperJase01: folds 
tintin641: raises $1.50 to $2.50
maroung: folds 
Uncalled bet ($1.50) returned to tintin641
tintin641 collected $2 from pot
tintin641: doesn't show hand 
*** SUMMARY ***
Total pot $2 | Rake $0 
Seat 1: Alinyr folded before Flop (didn't bet)
Seat 2: ReVeu710 folded before Flop (didn't bet)
Seat 3: YeeesMan folded before Flop (didn't bet)
Seat 4: JasperJase01 (button) folded before Flop (didn't bet)
Seat 5: tintin641 (small blind) collected ($2)
Seat 6: maroung (big blind) folded before Flop



PokerStars Hand #254283947144:  Hold'em No Limit ($0.50/$1.00 USD) - 2025/01/09 20:51:07 WET [2025/01/09 15:51:07 ET]
Table 'Lagrangea III' 6-max Seat #5 is the button
Seat 1: Alinyr ($100 in chips) 
Seat 2: ReVeu710 ($100 in chips) 
Seat 3: YeeesMan ($100 in chips) 
Seat 4: JasperJase01 ($111.84 in chips) 
Seat 5: tintin641 ($101 in chips) 
Seat 6: maroung ($27.19 in chips) 
maroung: posts small blind $0.50
Alinyr: posts big blind $1
*** HOLE CARDS ***
ReVeu710: folds 
YeeesMan: folds 
JasperJase01: folds 
tintin641: folds 
maroung: calls $0.50
Alinyr: checks 
*** FLOP *** [Td Kh Qs]
maroung: checks 
Alinyr: checks 
*** TURN *** [Td Kh Qs] [Ac]
maroung: checks 
Alinyr: checks 
*** RIVER *** [Td Kh Qs Ac] [Qd]
maroung: checks 
Alinyr: checks 
*** SHOW DOWN ***
maroung: shows [5c 8c] (a pair of Queens)
Alinyr: shows [Tc 7h] (two pair, Queens and Tens)
Alinyr collected $1.90 from pot
*** SUMMARY ***
Total pot $2 | Rake $0.10 
Board [Td Kh Qs Ac Qd]
Seat 1: Alinyr (big blind) showed [Tc 7h] and won ($1.90) with two pair, Queens and Tens
Seat 2: ReVeu710 folded before Flop (didn't bet)
Seat 3: YeeesMan folded before Flop (didn't bet)
Seat 4: JasperJase01 folded before Flop (didn't bet)
Seat 5: tintin641 (button) folded before Flop (didn't bet)
Seat 6: maroung (small blind) showed [5c 8c] and lost with a pair of Queens



PokerStars Hand #254283959283:  Hold'em No Limit ($0.50/$1.00 USD) - 2025/01/09 20:51:43 WET [2025/01/09 15:51:43 ET]
Table 'Lagrangea III' 6-max Seat #6 is the button
Seat 1: Alinyr ($100.90 in chips) 
Seat 2: ReVeu710 ($100 in chips) 
Seat 3: YeeesMan ($100 in chips) 
Seat 4: JasperJase01 ($111.84 in chips) 
Seat 5: tintin641 ($101 in chips) 
Seat 6: maroung ($26.19 in chips) 
Alinyr: posts small blind $0.50
ReVeu710: posts big blind $1
*** HOLE CARDS ***
YeeesMan: folds 
JasperJase01: folds 
tintin641: folds 
maroung: calls $1
Alinyr: folds 
ReVeu710: raises $3 to $4
maroung: calls $3
*** FLOP *** [4s Qd 8s]
ReVeu710: checks 
maroung: bets $22.19 and is all-in
ReVeu710: folds 
Uncalled bet ($22.19) returned to maroung
maroung collected $8.08 from pot
*** SUMMARY ***
Total pot $8.50 | Rake $0.42 
Board [4s Qd 8s]
Seat 1: Alinyr (small blind) folded before Flop
Seat 2: ReVeu710 (big blind) folded on the Flop
Seat 3: YeeesMan folded before Flop (didn't bet)
Seat 4: JasperJase01 folded before Flop (didn't bet)
Seat 5: tintin641 folded before Flop (didn't bet)
Seat 6: maroung (button) collected ($8.08)



PokerStars Hand #254283968532:  Hold'em No Limit ($0.50/$1.00 USD) - 2025/01/09 20:52:11 WET [2025/01/09 15:52:11 ET]
Table 'Lagrangea III' 6-max Seat #1 is the button
Seat 1: Alinyr ($100.40 in chips) 
Seat 2: ReVeu710 ($100 in chips) 
Seat 3: YeeesMan ($100 in chips) 
Seat 4: JasperJase01 ($111.84 in chips) 
Seat 5: tintin641 ($101 in chips) 
Seat 6: maroung ($30.27 in chips) 
ReVeu710: posts small blind $0.50
YeeesMan: posts big blind $1
*** HOLE CARDS ***
JasperJase01: folds 
tintin641: folds 
maroung: calls $1
Alinyr: raises $3 to $4
ReVeu710: folds 
YeeesMan: folds 
maroung: calls $3
*** FLOP *** [3c 8s 3h]
maroung: bets $1
Alinyr: calls $1
*** TURN *** [3c 8s 3h] [6h]
maroung: checks 
Alinyr: checks 
*** RIVER *** [3c 8s 3h 6h] [3d]
maroung: bets $25.27 and is all-in
Alinyr: folds 
Uncalled bet ($25.27) returned to maroung
maroung collected $10.92 from pot
*** SUMMARY ***
Total pot $11.50 | Rake $0.58 
Board [3c 8s 3h 6h 3d]
Seat 1: Alinyr (button) folded on the River
Seat 2: ReVeu710 (small blind) folded before Flop
Seat 3: YeeesMan (big blind) folded before Flop
Seat 4: JasperJase01 folded before Flop (didn't bet)
Seat 5: tintin641 folded before Flop (didn't bet)
Seat 6: maroung collected ($10.92)



PokerStars Hand #254283981850:  Hold'em No Limit ($0.50/$1.00 USD) - 2025/01/09 20:52:51 WET [2025/01/09 15:52:51 ET]
Table 'Lagrangea III' 6-max Seat #2 is the button
Seat 1: Alinyr ($100 in chips) 
Seat 2: ReVeu710 ($100 in chips) 
Seat 3: YeeesMan ($100 in chips) 
Seat 4: JasperJase01 ($111.84 in chips) 
Seat 5: tintin641 ($101 in chips) 
Seat 6: maroung ($36.19 in chips) 
YeeesMan: posts small blind $0.50
JasperJase01: posts big blind $1
*** HOLE CARDS ***
tintin641: raises $1.50 to $2.50
maroung: folds 
Alinyr: raises $5.50 to $8
ReVeu710: folds 
YeeesMan: folds 
JasperJase01: folds 
tintin641: folds 
Uncalled bet ($5.50) returned to Alinyr
Alinyr collected $6.50 from pot
Alinyr: doesn't show hand 
*** SUMMARY ***
Total pot $6.50 | Rake $0 
Seat 1: Alinyr collected ($6.50)
Seat 2: ReVeu710 (button) folded before Flop (didn't bet)
Seat 3: YeeesMan (small blind) folded before Flop
Seat 4: JasperJase01 (big blind) folded before Flop
Seat 5: tintin641 folded before Flop
Seat 6: maroung folded before Flop (didn't bet)



PokerStars Hand #254283989337:  Hold'em No Limit ($0.50/$1.00 USD) - 2025/01/09 20:53:14 WET [2025/01/09 15:53:14 ET]
Table 'Lagrangea III' 6-max Seat #3 is the button
Seat 1: Alinyr ($104 in chips) 
Seat 2: ReVeu710 ($100 in chips) 
Seat 3: YeeesMan ($100 in chips) 
Seat 4: JasperJase01 ($110.84 in chips) 
Seat 5: tintin641 ($100 in chips) 
Seat 6: maroung ($36.19 in chips) 
JasperJase01: posts small blind $0.50
tintin641: posts big blind $1
*** HOLE CARDS ***
maroung: calls $1
Alinyr: folds 
ReVeu710: folds 
YeeesMan: folds 
JasperJase01: folds 
tintin641: checks 
*** FLOP *** [Jh Ad 7d]
tintin641: checks 
maroung: checks 
*** TURN *** [Jh Ad 7d] [9d]
tintin641: checks 
maroung: checks 
*** RIVER *** [Jh Ad 7d 9d] [Kh]
tintin641: bets $1.79
maroung: folds 
Uncalled bet ($1.79) returned to tintin641
tintin641 collected $2.38 from pot
tintin641: doesn't show hand 
*** SUMMARY ***
Total pot $2.50 | Rake $0.12 
Board [Jh Ad 7d 9d Kh]
Seat 1: Alinyr folded before Flop (didn't bet)
Seat 2: ReVeu710 folded before Flop (didn't bet)
Seat 3: YeeesMan (button) folded before Flop (didn't bet)
Seat 4: JasperJase01 (small blind) folded before Flop
Seat 5: tintin641 (big blind) collected ($2.38)
Seat 6: maroung folded on the River



PokerStars Hand #254284002789:  Hold'em No Limit ($0.50/$1.00 USD) - 2025/01/09 20:53:54 WET [2025/01/09 15:53:54 ET]
Table 'Lagrangea III' 6-max Seat #4 is the button
Seat 1: Alinyr ($104 in chips) 
Seat 2: ReVeu710 ($100 in chips) 
Seat 3: YeeesMan ($100 in chips) 
Seat 4: JasperJase01 ($110.34 in chips) 
Seat 5: tintin641 ($101.38 in chips) 
Seat 6: maroung ($35.19 in chips) 
tintin641: posts small blind $0.50
maroung: posts big blind $1
*** HOLE CARDS ***
Alinyr: raises $1.05 to $2.05
ReVeu710: folds 
YeeesMan: folds 
JasperJase01: calls $2.05
tintin641: folds 
maroung: calls $1.05
*** FLOP *** [4s 5s 6d]
maroung: checks 
Alinyr: checks 
JasperJase01: checks 
*** TURN *** [4s 5s 6d] [7h]
maroung: checks 
Alinyr: checks 
JasperJase01: bets $3.16
maroung: folds 
Alinyr: folds 
Uncalled bet ($3.16) returned to JasperJase01
JasperJase01 collected $6.32 from pot
*** SUMMARY ***
Total pot $6.65 | Rake $0.33 
Board [4s 5s 6d 7h]
Seat 1: Alinyr folded on the Turn
Seat 2: ReVeu710 folded before Flop (didn't bet)
Seat 3: YeeesMan folded before Flop (didn't bet)
Seat 4: JasperJase01 (button) collected ($6.32)
Seat 5: tintin641 (small blind) folded before Flop
Seat 6: maroung (big blind) folded on the Turn



PokerStars Hand #254284017118:  Hold'em No Limit ($0.50/$1.00 USD) - 2025/01/09 20:54:37 WET [2025/01/09 15:54:37 ET]
Table 'Lagrangea III' 6-max Seat #5 is the button
Seat 1: Alinyr ($101.95 in chips) 
Seat 2: ReVeu710 ($100 in chips) 
Seat 3: YeeesMan ($100 in chips) 
Seat 4: JasperJase01 ($114.61 in chips) 
Seat 5: tintin641 ($100.88 in chips) 
Seat 6: maroung ($33.14 in chips) 
maroung: posts small blind $0.50
Alinyr: posts big blind $1
*** HOLE CARDS ***
ReVeu710: folds 
YeeesMan: folds 
JasperJase01: folds 
tintin641: folds 
maroung: calls $0.50
Alinyr: raises $3 to $4
maroung: folds 
Uncalled bet ($3) returned to Alinyr
Alinyr collected $2 from pot
Alinyr: doesn't show hand 
*** SUMMARY ***
Total pot $2 | Rake $0 
Seat 1: Alinyr (big blind) collected ($2)
Seat 2: ReVeu710 folded before Flop (didn't bet)
Seat 3: YeeesMan folded before Flop (didn't bet)
Seat 4: JasperJase01 folded before Flop (didn't bet)
Seat 5: tintin641 (button) folded before Flop (didn't bet)
Seat 6: maroung (small blind) folded before Flop



PokerStars Hand #254284022691:  Hold'em No Limit ($0.50/$1.00 USD) - 2025/01/09 20:54:54 WET [2025/01/09 15:54:54 ET]
Table 'Lagrangea III' 6-max Seat #6 is the button
Seat 1: Alinyr ($102.95 in chips) 
Seat 2: ReVeu710 ($100 in chips) 
Seat 3: YeeesMan ($100 in chips) 
Seat 4: JasperJase01 ($114.61 in chips) 
Seat 5: tintin641 ($100.88 in chips) 
Seat 6: maroung ($32.14 in chips) 
Alinyr: posts small blind $0.50
ReVeu710: posts big blind $1
*** HOLE CARDS ***
YeeesMan: folds 
JasperJase01: raises $1 to $2
tintin641: folds 
maroung: folds 
Alinyr: folds 
ReVeu710: folds 
Uncalled bet ($1) returned to JasperJase01
JasperJase01 collected $2.50 from pot
*** SUMMARY ***
Total pot $2.50 | Rake $0 
Seat 1: Alinyr (small blind) folded before Flop
Seat 2: ReVeu710 (big blind) folded before Flop
Seat 3: YeeesMan folded before Flop (didn't bet)
Seat 4: JasperJase01 collected ($2.50)
Seat 5: tintin641 folded before Flop (didn't bet)
Seat 6: maroung (button) folded before Flop (didn't bet)



PokerStars Hand #254284027044:  Hold'em No Limit ($0.50/$1.00 USD) - 2025/01/09 20:55:07 WET [2025/01/09 15:55:07 ET]
Table 'Lagrangea III' 6-max Seat #1 is the button
Seat 1: Alinyr ($102.45 in chips) 
Seat 2: ReVeu710 ($100 in chips) 
Seat 3: YeeesMan ($100 in chips) 
Seat 4: JasperJase01 ($116.11 in chips) 
Seat 5: tintin641 ($100.88 in chips) 
Seat 6: maroung ($32.14 in chips) 
ReVeu710: posts small blind $0.50
YeeesMan: posts big blind $1
*** HOLE CARDS ***
JasperJase01: folds 
tintin641: folds 
maroung: folds 
Alinyr: folds 
ReVeu710: raises $2 to $3
YeeesMan: calls $2
*** FLOP *** [Ad Ah Jc]
ReVeu710: bets $1.43
YeeesMan: folds 
Uncalled bet ($1.43) returned to ReVeu710
ReVeu710 collected $5.70 from pot
ReVeu710: doesn't show hand 
*** SUMMARY ***
Total pot $6 | Rake $0.30 
Board [Ad Ah Jc]
Seat 1: Alinyr (button) folded before Flop (didn't bet)
Seat 2: ReVeu710 (small blind) collected ($5.70)
Seat 3: YeeesMan (big blind) folded on the Flop
Seat 4: JasperJase01 folded before Flop (didn't bet)
Seat 5: tintin641 folded before Flop (didn't bet)
Seat 6: maroung folded before Flop (didn't bet)



PokerStars Hand #254284035379:  Hold'em No Limit ($0.50/$1.00 USD) - 2025/01/09 20:55:43 WET [2025/01/09 15:55:43 ET]
Table 'Lagrangea III' 6-max Seat #2 is the button
Seat 1: Alinyr ($102.45 in chips) 
Seat 2: ReVeu710 ($102.70 in chips) 
Seat 3: YeeesMan ($100 in chips) 
Seat 4: JasperJase01 ($116.11 in chips) 
Seat 5: tintin641 ($100.88 in chips) 
Seat 6: maroung ($32.14 in chips) 
YeeesMan: posts small blind $0.50
JasperJase01: posts big blind $1
*** HOLE CARDS ***
tintin641: folds 
maroung: folds 
Alinyr: folds 
ReVeu710: folds 
YeeesMan: folds 
Uncalled bet ($0.50) returned to JasperJase01
JasperJase01 collected $1 from pot
*** SUMMARY ***
Total pot $1 | Rake $0 
Seat 1: Alinyr folded before Flop (didn't bet)
Seat 2: ReVeu710 (button) folded before Flop (didn't bet)
Seat 3: YeeesMan (small blind) folded before Flop
Seat 4: JasperJase01 (big blind) collected ($1)
Seat 5: tintin641 folded before Flop (didn't bet)
Seat 6: maroung folded before Flop (didn't bet)



PokerStars Hand #254284038710:  Hold'em No Limit ($0.50/$1.00 USD) - 2025/01/09 20:55:58 WET [2025/01/09 15:55:58 ET]
Table 'Lagrangea III' 6-max Seat #3 is the button
Seat 1: Alinyr ($102.45 in chips) 
Seat 2: ReVeu710 ($102.70 in chips) 
Seat 3: YeeesMan ($100 in chips) 
Seat 4: JasperJase01 ($116.61 in chips) 
Seat 5: tintin641 ($100.88 in chips) 
Seat 6: maroung ($32.14 in chips) 
JasperJase01: posts small blind $0.50
tintin641: posts big blind $1
*** HOLE CARDS ***
maroung: calls $1
Alinyr: folds 
ReVeu710: folds 
YeeesMan: folds 
JasperJase01: raises $1 to $2
tintin641: folds 
maroung: raises $30.14 to $32.14 and is all-in
JasperJase01: folds 
Uncalled bet ($30.14) returned to maroung
maroung collected $5 from pot
*** SUMMARY ***
Total pot $5 | Rake $0 
Seat 1: Alinyr folded before Flop (didn't bet)
Seat 2: ReVeu710 folded before Flop (didn't bet)
Seat 3: YeeesMan (button) folded before Flop (didn't bet)
Seat 4: JasperJase01 (small blind) folded before Flop
Seat 5: tintin641 (big blind) folded before Flop
Seat 6: maroung collected ($5)



PokerStars Hand #254284044184:  Hold'em No Limit ($0.50/$1.00 USD) - 2025/01/09 20:56:21 WET [2025/01/09 15:56:21 ET]
Table 'Lagrangea III' 6-max Seat #4 is the button
Seat 1: Alinyr ($102.45 in chips) 
Seat 2: ReVeu710 ($102.70 in chips) 
Seat 3: YeeesMan ($100 in chips) 
Seat 4: JasperJase01 ($114.61 in chips) 
Seat 5: tintin641 ($100 in chips) 
Seat 6: maroung ($35.14 in chips) 
tintin641: posts small blind $0.50
maroung: posts big blind $1
*** HOLE CARDS ***
Alinyr: folds 
ReVeu710: folds 
YeeesMan: folds 
JasperJase01: folds 
tintin641: folds 
Uncalled bet ($0.50) returned to maroung
maroung collected $1 from pot
*** SUMMARY ***
Total pot $1 | Rake $0 
Seat 1: Alinyr folded before Flop (didn't bet)
Seat 2: ReVeu710 folded before Flop (didn't bet)
Seat 3: YeeesMan folded before Flop (didn't bet)
Seat 4: JasperJase01 (button) folded before Flop (didn't bet)
Seat 5: tintin641 (small blind) folded before Flop
Seat 6: maroung (big blind) collected ($1)



PokerStars Hand #254284048612:  Hold'em No Limit ($0.50/$1.00 USD) - 2025/01/09 20:56:40 WET [2025/01/09 15:56:40 ET]
Table 'Lagrangea III' 6-max Seat #5 is the button
Seat 1: Alinyr ($102.45 in chips) 
Seat 2: ReVeu710 ($102.70 in chips) 
Seat 3: YeeesMan ($100 in chips) 
Seat 4: JasperJase01 ($114.61 in chips) 
Seat 5: tintin641 ($100 in chips) 
Seat 6: maroung ($35.64 in chips) 
maroung: posts small blind $0.50
Alinyr: posts big blind $1
*** HOLE CARDS ***
ReVeu710: raises $1 to $2
YeeesMan: folds 
JasperJase01: folds 
tintin641: folds 
maroung: folds 
Alinyr: calls $1
*** FLOP *** [6c 2h 8c]
Alinyr: checks 
ReVeu710: checks 
*** TURN *** [6c 2h 8c] [Td]
Alinyr: checks 
ReVeu710: bets $4.32
Alinyr: calls $4.32
*** RIVER *** [6c 2h 8c Td] [4h]
Alinyr: checks 
ReVeu710: bets $12.60
Alinyr: calls $12.60
*** SHOW DOWN ***
ReVeu710: shows [Jd Qh] (high card Queen)
Alinyr: shows [Ts Js] (a pair of Tens)
Alinyr collected $36.42 from pot
*** SUMMARY ***
Total pot $38.34 | Rake $1.92 
Board [6c 2h 8c Td 4h]
Seat 1: Alinyr (big blind) showed [Ts Js] and won ($36.42) with a pair of Tens
Seat 2: ReVeu710 showed [Jd Qh] and lost with high card Queen
Seat 3: YeeesMan folded before Flop (didn't bet)
Seat 4: JasperJase01 folded before Flop (didn't bet)
Seat 5: tintin641 (button) folded before Flop (didn't bet)
Seat 6: maroung (small blind) folded before Flop



PokerStars Hand #254284063349:  Hold'em No Limit ($0.50/$1.00 USD) - 2025/01/09 20:57:44 WET [2025/01/09 15:57:44 ET]
Table 'Lagrangea III' 6-max Seat #6 is the button
Seat 4: JasperJase01 ($114.61 in chips) is sitting out
Seat 1: Alinyr ($119.95 in chips) 
Seat 2: ReVeu710 ($100 in chips) 
Seat 3: YeeesMan ($100 in chips) 
Seat 5: tintin641 ($100 in chips) 
Seat 6: maroung ($35.14 in chips) 
Alinyr: posts small blind $0.50
ReVeu710: posts big blind $1
*** HOLE CARDS ***
YeeesMan: folds 
tintin641: folds 
maroung: folds 
JasperJase01 is disconnected 
Alinyr: folds 
Uncalled bet ($0.50) returned to ReVeu710
ReVeu710 collected $1 from pot
ReVeu710: doesn't show hand 
*** SUMMARY ***
Total pot $1 | Rake $0 
Seat 4: JasperJase01
Seat 1: Alinyr (small blind) folded before Flop
Seat 2: ReVeu710 (big blind) collected ($1)
Seat 3: YeeesMan folded before Flop (didn't bet)
Seat 5: tintin641 folded before Flop (didn't bet)
Seat 6: maroung (button) folded before Flop (didn't bet)



PokerStars Hand #254284067078:  Hold'em No Limit ($0.50/$1.00 USD) - 2025/01/09 20:58:00 WET [2025/01/09 15:58:00 ET]
Table 'Lagrangea III' 6-max Seat #1 is the button
Seat 4: JasperJase01 ($114.61 in chips) is sitting out
Seat 1: Alinyr ($119.45 in chips) 
Seat 2: ReVeu710 ($100.50 in chips) 
Seat 3: YeeesMan ($100 in chips) 
Seat 5: tintin641 ($100 in chips) 
Seat 6: maroung ($35.14 in chips) 
ReVeu710: posts small blind $0.50
YeeesMan: posts big blind $1
*** HOLE CARDS ***
tintin641: raises $1.50 to $2.50
maroung: calls $2.50
Alinyr: folds 
ReVeu710: raises $12.50 to $15
YeeesMan: folds 
tintin641: folds 
maroung: raises $20.14 to $35.14 and is all-in
ReVeu710: calls $20.14
*** FLOP *** [5s 8c 6h]
*** TURN *** [5s 8c 6h] [9d]
*** RIVER *** [5s 8c 6h 9d] [3s]
*** SHOW DOWN ***
ReVeu710: shows [Qs Ks] (high card King)
maroung: shows [Ac 5c] (a pair of Fives)
maroung collected $71.28 from pot
*** SUMMARY ***
Total pot $73.78 | Rake $2.50 
Board [5s 8c 6h 9d 3s]
Seat 4: JasperJase01
Seat 1: Alinyr (button) folded before Flop (didn't bet)
Seat 2: ReVeu710 (small blind) showed [Qs Ks] and lost with high card King
Seat 3: YeeesMan (big blind) folded before Flop
Seat 5: tintin641 folded before Flop
Seat 6: maroung showed [Ac 5c] and won ($71.28) with a pair of Fives



PokerStars Hand #254284075839:  Hold'em No Limit ($0.50/$1.00 USD) - 2025/01/09 20:58:37 WET [2025/01/09 15:58:37 ET]
Table 'Lagrangea III' 6-max Seat #2 is the button
Seat 4: JasperJase01 ($114.61 in chips) is sitting out
Seat 1: Alinyr ($119.45 in chips) 
Seat 2: ReVeu710 ($100 in chips) 
Seat 3: YeeesMan ($100 in chips) 
Seat 5: tintin641 ($100 in chips) 
Seat 6: maroung ($71.28 in chips) 
YeeesMan: posts small blind $0.50
tintin641: posts big blind $1
*** HOLE CARDS ***
maroung: calls $1
Alinyr: folds 
ReVeu710: folds 
YeeesMan: folds 
tintin641: checks 
*** FLOP *** [9s 5d 8s]
tintin641: checks 
maroung: checks 
*** TURN *** [9s 5d 8s] [7h]
tintin641: checks 
maroung: folds 
maroung leaves the table
tintin641 collected $2.38 from pot
tintin641: doesn't show hand 
*** SUMMARY ***
Total pot $2.50 | Rake $0.12 
Board [9s 5d 8s 7h]
Seat 4: JasperJase01
Seat 1: Alinyr folded before Flop (didn't bet)
Seat 2: ReVeu710 (button) folded before Flop (didn't bet)
Seat 3: YeeesMan (small blind) folded before Flop
Seat 5: tintin641 (big blind) collected ($2.38)
Seat 6: maroung folded on the Turn



PokerStars Hand #254284082665:  Hold'em No Limit ($0.50/$1.00 USD) - 2025/01/09 20:59:06 WET [2025/01/09 15:59:06 ET]
Table 'Lagrangea III' 6-max Seat #3 is the button
Seat 4: JasperJase01 ($114.61 in chips) is sitting out
Seat 1: Alinyr ($119.45 in chips) 
Seat 2: ReVeu710 ($100 in chips) 
Seat 3: YeeesMan ($100 in chips) 
Seat 5: tintin641 ($101.38 in chips) 
tintin641: posts small blind $0.50
Alinyr: posts big blind $1
*** HOLE CARDS ***
ReVeu710: raises $1.30 to $2.30
YeeesMan: folds 
tintin641: folds 
Alinyr: calls $1.30
*** FLOP *** [Ac 4d Qh]
Alinyr: checks 
ReVeu710: bets $6.63
Unipoker11 joins the table at seat #6 
Alinyr: calls $6.63
*** TURN *** [Ac 4d Qh] [6d]
Alinyr: checks 
ReVeu710: bets $23.89
Alinyr: folds 
Uncalled bet ($23.89) returned to ReVeu710
ReVeu710 collected $17.44 from pot
ReVeu710: doesn't show hand 
*** SUMMARY ***
Total pot $18.36 | Rake $0.92 
Board [Ac 4d Qh 6d]
Seat 4: JasperJase01
Seat 1: Alinyr (big blind) folded on the Turn
Seat 2: ReVeu710 collected ($17.44)
Seat 3: YeeesMan (button) folded before Flop (didn't bet)
Seat 5: tintin641 (small blind) folded before Flop



PokerStars Hand #254284101124:  Hold'em No Limit ($0.50/$1.00 USD) - 2025/01/09 21:00:21 WET [2025/01/09 16:00:21 ET]
Table 'Lagrangea III' 6-max Seat #1 is the button
Seat 2: ReVeu710 ($108.51 in chips) is sitting out
Seat 3: YeeesMan ($100 in chips) is sitting out
Seat 4: JasperJase01 ($114.61 in chips) is sitting out
Seat 6: Unipoker11 ($100 in chips) is sitting out
Seat 1: Alinyr ($110.52 in chips) 
Seat 5: tintin641 ($100.88 in chips) 
Alinyr: posts small blind $0.50
ReVeu710: is sitting out 
YeeesMan: is sitting out 
tintin641: posts big blind $1
*** HOLE CARDS ***
ReVeu710 leaves the table
Alinyr: raises $1.50 to $2.50
tintin641: folds 
Uncalled bet ($1.50) returned to Alinyr
YeeesMan leaves the table
Alinyr collected $2 from pot
Alinyr: doesn't show hand 
*** SUMMARY ***
Total pot $2 | Rake $0 
Seat 2: ReVeu710
Seat 3: YeeesMan
Seat 4: JasperJase01
Seat 6: Unipoker11
Seat 1: Alinyr (button) (small blind) collected ($2)
Seat 5: tintin641 (big blind) folded before Flop



PokerStars Hand #254284104250:  Hold'em No Limit ($0.50/$1.00 USD) - 2025/01/09 21:00:34 WET [2025/01/09 16:00:34 ET]
Table 'Lagrangea III' 6-max Seat #1 is the button
Seat 4: JasperJase01 ($114.61 in chips) is sitting out
Seat 1: Alinyr ($111.52 in chips) 
Seat 5: tintin641 ($100 in chips) 
Seat 6: Unipoker11 ($100 in chips) 
tintin641: posts small blind $0.50
Unipoker11: posts big blind $1
*** HOLE CARDS ***
Alinyr: raises $1.50 to $2.50
tintin641: folds 
Unipoker11: folds 
Uncalled bet ($1.50) returned to Alinyr
Alinyr collected $2.50 from pot
Alinyr: doesn't show hand 
*** SUMMARY ***
Total pot $2.50 | Rake $0 
Seat 4: JasperJase01
Seat 1: Alinyr (button) collected ($2.50)
Seat 5: tintin641 (small blind) folded before Flop
Seat 6: Unipoker11 (big blind) folded before Flop



PokerStars Hand #254284108307:  Hold'em No Limit ($0.50/$1.00 USD) - 2025/01/09 21:00:49 WET [2025/01/09 16:00:49 ET]
Table 'Lagrangea III' 6-max Seat #5 is the button
Seat 4: JasperJase01 ($114.61 in chips) is sitting out
Seat 1: Alinyr ($113.02 in chips) 
Seat 5: tintin641 ($100 in chips) 
Seat 6: Unipoker11 ($100 in chips) 
Unipoker11: posts small blind $0.50
Alinyr: posts big blind $1
*** HOLE CARDS ***
Nazareno1999 joins the table at seat #3 
tintin641: folds 
Unipoker11: folds 
Uncalled bet ($0.50) returned to Alinyr
Alinyr collected $1 from pot
Alinyr: doesn't show hand 
*** SUMMARY ***
Total pot $1 | Rake $0 
Seat 4: JasperJase01
Seat 1: Alinyr (big blind) collected ($1)
Seat 5: tintin641 (button) folded before Flop (didn't bet)
Seat 6: Unipoker11 (small blind) folded before Flop



PokerStars Hand #254284110055:  Hold'em No Limit ($0.50/$1.00 USD) - 2025/01/09 21:00:55 WET [2025/01/09 16:00:55 ET]
Table 'Lagrangea III' 6-max Seat #6 is the button
Seat 4: JasperJase01 ($114.61 in chips) is sitting out
Seat 1: Alinyr ($113.52 in chips) 
Seat 3: Nazareno1999 ($100 in chips) 
Seat 5: tintin641 ($100 in chips) 
Seat 6: Unipoker11 ($100 in chips) 
Alinyr: posts small blind $0.50
Nazareno1999: posts big blind $1
*** HOLE CARDS ***
tintin641: raises $1.50 to $2.50
Unipoker11: raises $5 to $7.50
Alinyr: folds 
Nazareno1999: folds 
tintin641: raises $12.50 to $20
Unipoker11: folds 
Uncalled bet ($12.50) returned to tintin641
tintin641 collected $16.50 from pot
tintin641: doesn't show hand 
*** SUMMARY ***
Total pot $16.50 | Rake $0 
Seat 4: JasperJase01
Seat 1: Alinyr (small blind) folded before Flop
Seat 3: Nazareno1999 (big blind) folded before Flop
Seat 5: tintin641 collected ($16.50)
Seat 6: Unipoker11 (button) folded before Flop



PokerStars Hand #254284122181:  Hold'em No Limit ($0.50/$1.00 USD) - 2025/01/09 21:01:37 WET [2025/01/09 16:01:37 ET]
Table 'Lagrangea III' 6-max Seat #1 is the button
Seat 4: JasperJase01 ($114.61 in chips) is sitting out
Seat 1: Alinyr ($113.02 in chips) 
Seat 3: Nazareno1999 ($100 in chips) 
Seat 5: tintin641 ($109 in chips) 
Seat 6: Unipoker11 ($100 in chips) 
Nazareno1999: posts small blind $0.50
tintin641: posts big blind $1
*** HOLE CARDS ***
Unipoker11: raises $1.30 to $2.30
Alinyr: folds 
Nazareno1999: folds 
tintin641: calls $1.30
*** FLOP *** [Jh 7c Td]
tintin641: checks 
Unipoker11: bets $1.21
BabyBrook05 joins the table at seat #2 
BabyBrook05 is disconnected 
tintin641: calls $1.21
*** TURN *** [Jh 7c Td] [4h]
tintin641: checks 
Unipoker11: checks 
*** RIVER *** [Jh 7c Td 4h] [6c]
tintin641: bets $5.36
Unipoker11: folds 
Uncalled bet ($5.36) returned to tintin641
tintin641 collected $7.14 from pot
tintin641: doesn't show hand 
*** SUMMARY ***
Total pot $7.52 | Rake $0.38 
Board [Jh 7c Td 4h 6c]
Seat 4: JasperJase01
Seat 1: Alinyr (button) folded before Flop (didn't bet)
Seat 3: Nazareno1999 (small blind) folded before Flop
Seat 5: tintin641 (big blind) collected ($7.14)
Seat 6: Unipoker11 folded on the River



PokerStars Hand #254284149231:  Hold'em No Limit ($0.50/$1.00 USD) - 2025/01/09 21:03:00 WET [2025/01/09 16:03:00 ET]
Table 'Lagrangea III' 6-max Seat #3 is the button
Seat 4: JasperJase01 ($114.61 in chips) is sitting out
Seat 1: Alinyr ($113.02 in chips) 
Seat 2: BabyBrook05 ($100 in chips) 
Seat 3: Nazareno1999 ($100 in chips) 
Seat 5: tintin641 ($112.63 in chips) 
Seat 6: Unipoker11 ($100 in chips) 
tintin641: posts small blind $0.50
Unipoker11: posts big blind $1
BabyBrook05: posts big blind $1
*** HOLE CARDS ***
Alinyr: folds 
BabyBrook05: raises $2 to $3
Nazareno1999: folds 
tintin641: folds 
Unipoker11: folds 
Uncalled bet ($2) returned to BabyBrook05
BabyBrook05 collected $2.50 from pot
*** SUMMARY ***
Total pot $2.50 | Rake $0 
Seat 4: JasperJase01
Seat 1: Alinyr folded before Flop (didn't bet)
Seat 2: BabyBrook05 collected ($2.50)
Seat 3: Nazareno1999 (button) folded before Flop (didn't bet)
Seat 5: tintin641 (small blind) folded before Flop
Seat 6: Unipoker11 (big blind) folded before Flop



PokerStars Hand #254284156302:  Hold'em No Limit ($0.50/$1.00 USD) - 2025/01/09 21:03:21 WET [2025/01/09 16:03:21 ET]
Table 'Lagrangea III' 6-max Seat #5 is the button
Seat 1: Alinyr ($113.02 in chips) is sitting out
Seat 4: JasperJase01 ($114.61 in chips) is sitting out
Seat 2: BabyBrook05 ($101.50 in chips) 
Seat 3: Nazareno1999 ($100 in chips) 
Seat 5: tintin641 ($112.13 in chips) 
Seat 6: Unipoker11 ($100 in chips) 
Unipoker11: posts small blind $0.50
Alinyr: is sitting out 
BabyBrook05: posts big blind $1
*** HOLE CARDS ***
Nazareno1999: folds 
tintin641: folds 
Unipoker11: raises $2 to $3
BabyBrook05: calls $2
*** FLOP *** [Js 8d Qd]
Unipoker11: checks 
BabyBrook05: bets $5.70
Unipoker11: calls $5.70
*** TURN *** [Js 8d Qd] [Jc]
Unipoker11: checks 
BabyBrook05: checks 
*** RIVER *** [Js 8d Qd Jc] [6d]
Unipoker11: checks 
BabyBrook05: checks 
*** SHOW DOWN ***
Unipoker11: shows [Ks As] (a pair of Jacks)
BabyBrook05: shows [5h 6s] (two pair, Jacks and Sixes)
BabyBrook05 collected $16.53 from pot
*** SUMMARY ***
Total pot $17.40 | Rake $0.87 
Board [Js 8d Qd Jc 6d]
Seat 1: Alinyr
Seat 4: JasperJase01
Seat 2: BabyBrook05 (big blind) showed [5h 6s] and won ($16.53) with two pair, Jacks and Sixes
Seat 3: Nazareno1999 folded before Flop (didn't bet)
Seat 5: tintin641 (button) folded before Flop (didn't bet)
Seat 6: Unipoker11 (small blind) showed [Ks As] and lost with a pair of Jacks



PokerStars Hand #254284170441:  Hold'em No Limit ($0.50/$1.00 USD) - 2025/01/09 21:04:02 WET [2025/01/09 16:04:02 ET]
Table 'Lagrangea III' 6-max Seat #6 is the button
Seat 1: Alinyr ($113.02 in chips) is sitting out
Seat 4: JasperJase01 ($114.61 in chips) is sitting out
Seat 2: BabyBrook05 ($109.33 in chips) 
Seat 3: Nazareno1999 ($100 in chips) 
Seat 5: tintin641 ($112.13 in chips) 
Seat 6: Unipoker11 ($100 in chips) 
BabyBrook05: posts small blind $0.50
Nazareno1999: posts big blind $1
*** HOLE CARDS ***
tintin641: raises $1.50 to $2.50
Unipoker11: folds 
BabyBrook05: folds 
Nazareno1999: calls $1.50
*** FLOP *** [8s Ah 4h]
Nazareno1999: checks 
tintin641: bets $1.72
Nazareno1999: raises $4.78 to $6.50
Alinyr leaves the table
tintin641: folds 
Uncalled bet ($4.78) returned to Nazareno1999
Nazareno1999 collected $8.49 from pot
Nazareno1999: doesn't show hand 
*** SUMMARY ***
Total pot $8.94 | Rake $0.45 
Board [8s Ah 4h]
Seat 1: Alinyr
Seat 4: JasperJase01
Seat 2: BabyBrook05 (small blind) folded before Flop
Seat 3: Nazareno1999 (big blind) collected ($8.49)
Seat 5: tintin641 folded on the Flop
Seat 6: Unipoker11 (button) folded before Flop (didn't bet)



PokerStars Hand #254284182741:  Hold'em No Limit ($0.50/$1.00 USD) - 2025/01/09 21:04:39 WET [2025/01/09 16:04:39 ET]
Table 'Lagrangea III' 6-max Seat #2 is the button
Seat 4: JasperJase01 ($114.61 in chips) is sitting out
Seat 2: BabyBrook05 ($108.83 in chips) 
Seat 3: Nazareno1999 ($104.27 in chips) 
Seat 5: tintin641 ($107.91 in chips) 
Seat 6: Unipoker11 ($100 in chips) 
Nazareno1999: posts small blind $0.50
tintin641: posts big blind $1
*** HOLE CARDS ***
Unipoker11: folds 
BabyBrook05: raises $2 to $3
Nazareno1999: raises $9 to $12
tintin641: folds 
BabyBrook05: folds 
Uncalled bet ($9) returned to Nazareno1999
Nazareno1999 collected $7 from pot
JasperJase01 leaves the table
Nazareno1999: doesn't show hand 
*** SUMMARY ***
Total pot $7 | Rake $0 
Seat 4: JasperJase01
Seat 2: BabyBrook05 (button) folded before Flop
Seat 3: Nazareno1999 (small blind) collected ($7)
Seat 5: tintin641 (big blind) folded before Flop
Seat 6: Unipoker11 folded before Flop (didn't bet)



PokerStars Hand #254284187731:  Hold'em No Limit ($0.50/$1.00 USD) - 2025/01/09 21:04:53 WET [2025/01/09 16:04:53 ET]
Table 'Lagrangea III' 6-max Seat #3 is the button
Seat 2: BabyBrook05 ($105.83 in chips) 
Seat 3: Nazareno1999 ($108.27 in chips) 
Seat 5: tintin641 ($106.91 in chips) 
Seat 6: Unipoker11 ($100 in chips) 
tintin641: posts small blind $0.50
Unipoker11: posts big blind $1
*** HOLE CARDS ***
BabyBrook05: folds 
Nazareno1999: raises $1.20 to $2.20
tintin641: folds 
Unipoker11: folds 
Uncalled bet ($1.20) returned to Nazareno1999
Nazareno1999 collected $2.50 from pot
Nazareno1999: doesn't show hand 
*** SUMMARY ***
Total pot $2.50 | Rake $0 
Seat 2: BabyBrook05 folded before Flop (didn't bet)
Seat 3: Nazareno1999 (button) collected ($2.50)
Seat 5: tintin641 (small blind) folded before Flop
Seat 6: Unipoker11 (big blind) folded before Flop



PokerStars Hand #254284195931:  Hold'em No Limit ($0.50/$1.00 USD) - 2025/01/09 21:05:17 WET [2025/01/09 16:05:17 ET]
Table 'Lagrangea III' 6-max Seat #5 is the button
Seat 2: BabyBrook05 ($105.83 in chips) 
Seat 5: tintin641 ($106.41 in chips) 
Seat 6: Unipoker11 ($100 in chips) 
Unipoker11: posts small blind $0.50
BabyBrook05: posts big blind $1
*** HOLE CARDS ***
tintin641: raises $1.50 to $2.50
Unipoker11: raises $8.50 to $11
BabyBrook05: folds 
tintin641: folds 
Uncalled bet ($8.50) returned to Unipoker11
Unipoker11 collected $6 from pot
Unipoker11: doesn't show hand 
*** SUMMARY ***
Total pot $6 | Rake $0 
Seat 2: BabyBrook05 (big blind) folded before Flop
Seat 5: tintin641 (button) folded before Flop
Seat 6: Unipoker11 (small blind) collected ($6)



PokerStars Hand #254284201396:  Hold'em No Limit ($0.50/$1.00 USD) - 2025/01/09 21:05:32 WET [2025/01/09 16:05:32 ET]
Table 'Lagrangea III' 6-max Seat #6 is the button
Seat 2: BabyBrook05 ($104.83 in chips) 
Seat 5: tintin641 ($103.91 in chips) 
Seat 6: Unipoker11 ($103.50 in chips) 
BabyBrook05: posts small blind $0.50
tintin641: posts big blind $1
*** HOLE CARDS ***
Unipoker11: raises $1.50 to $2.50
BabyBrook05: calls $2
tintin641: folds 
*** FLOP *** [6d 5d Ts]
BabyBrook05: checks 
Unipoker11: bets $1.43
BabyBrook05: calls $1.43
*** TURN *** [6d 5d Ts] [4d]
BabyBrook05: checks 
Unipoker11: checks 
*** RIVER *** [6d 5d Ts 4d] [Th]
BabyBrook05: checks 
Unipoker11: bets $2.78
BabyBrook05: calls $2.78
*** SHOW DOWN ***
Unipoker11: shows [5h 3h] (two pair, Tens and Fives)
BabyBrook05: mucks hand 
Unipoker11 collected $13.70 from pot
*** SUMMARY ***
Total pot $14.42 | Rake $0.72 
Board [6d 5d Ts 4d Th]
Seat 2: BabyBrook05 (small blind) mucked
Seat 5: tintin641 (big blind) folded before Flop
Seat 6: Unipoker11 (button) showed [5h 3h] and won ($13.70) with two pair, Tens and Fives



PokerStars Hand #254284218281:  Hold'em No Limit ($0.50/$1.00 USD) - 2025/01/09 21:06:21 WET [2025/01/09 16:06:21 ET]
Table 'Lagrangea III' 6-max Seat #2 is the button
Seat 2: BabyBrook05 ($98.12 in chips) 
Seat 5: tintin641 ($102.91 in chips) 
Seat 6: Unipoker11 ($110.49 in chips) 
tintin641: posts small blind $0.50
Unipoker11: posts big blind $1
*** HOLE CARDS ***
BabyBrook05: raises $2 to $3
tintin641: folds 
Unipoker11: folds 
Uncalled bet ($2) returned to BabyBrook05
BabyBrook05 collected $2.50 from pot
*** SUMMARY ***
Total pot $2.50 | Rake $0 
Seat 2: BabyBrook05 (button) collected ($2.50)
Seat 5: tintin641 (small blind) folded before Flop
Seat 6: Unipoker11 (big blind) folded before Flop



PokerStars Hand #254284224202:  Hold'em No Limit ($0.50/$1.00 USD) - 2025/01/09 21:06:38 WET [2025/01/09 16:06:38 ET]
Table 'Lagrangea III' 6-max Seat #5 is the button
Seat 2: BabyBrook05 ($99.62 in chips) 
Seat 5: tintin641 ($102.41 in chips) 
Seat 6: Unipoker11 ($109.49 in chips) 
Unipoker11: posts small blind $0.50
BabyBrook05: posts big blind $1
*** HOLE CARDS ***
tintin641: folds 
Unipoker11: folds 
Uncalled bet ($0.50) returned to BabyBrook05
BabyBrook05 collected $1 from pot
*** SUMMARY ***
Total pot $1 | Rake $0 
Seat 2: BabyBrook05 (big blind) collected ($1)
Seat 5: tintin641 (button) folded before Flop (didn't bet)
Seat 6: Unipoker11 (small blind) folded before Flop



PokerStars Hand #254284227857:  Hold'em No Limit ($0.50/$1.00 USD) - 2025/01/09 21:06:48 WET [2025/01/09 16:06:48 ET]
Table 'Lagrangea III' 6-max Seat #6 is the button
Seat 2: BabyBrook05 ($100.12 in chips) 
Seat 5: tintin641 ($102.41 in chips) 
Seat 6: Unipoker11 ($108.99 in chips) 
BabyBrook05: posts small blind $0.50
tintin641: posts big blind $1
*** HOLE CARDS ***
Unipoker11: folds 
BabyBrook05: raises $2 to $3
tintin641: folds 
Uncalled bet ($2) returned to BabyBrook05
BabyBrook05 collected $2 from pot
*** SUMMARY ***
Total pot $2 | Rake $0 
Seat 2: BabyBrook05 (small blind) collected ($2)
Seat 5: tintin641 (big blind) folded before Flop
Seat 6: Unipoker11 (button) folded before Flop (didn't bet)



PokerStars Hand #254284231188:  Hold'em No Limit ($0.50/$1.00 USD) - 2025/01/09 21:06:58 WET [2025/01/09 16:06:58 ET]
Table 'Lagrangea III' 6-max Seat #2 is the button
Seat 2: BabyBrook05 ($101.12 in chips) 
Seat 5: tintin641 ($101.41 in chips) 
Seat 6: Unipoker11 ($108.99 in chips) 
tintin641: posts small blind $0.50
Unipoker11: posts big blind $1
*** HOLE CARDS ***
BabyBrook05: raises $2 to $3
tintin641: raises $9 to $12
Unipoker11: folds 
BabyBrook05: folds 
Uncalled bet ($9) returned to tintin641
tintin641 collected $7 from pot
tintin641: doesn't show hand 
*** SUMMARY ***
Total pot $7 | Rake $0 
Seat 2: BabyBrook05 (button) folded before Flop
Seat 5: tintin641 (small blind) collected ($7)
Seat 6: Unipoker11 (big blind) folded before Flop



PokerStars Hand #254284236761:  Hold'em No Limit ($0.50/$1.00 USD) - 2025/01/09 21:07:14 WET [2025/01/09 16:07:14 ET]
Table 'Lagrangea III' 6-max Seat #5 is the button
Seat 2: BabyBrook05 ($98.12 in chips) 
Seat 5: tintin641 ($105.41 in chips) 
Seat 6: Unipoker11 ($107.99 in chips) 
Unipoker11: posts small blind $0.50
BabyBrook05: posts big blind $1
*** HOLE CARDS ***
tintin641: raises $1.50 to $2.50
Unipoker11: folds 
BabyBrook05: calls $1.50
*** FLOP *** [Ah 3h Kh]
BabyBrook05: checks 
tintin641: checks 
*** TURN *** [Ah 3h Kh] [9d]
BabyBrook05: checks 
tintin641: checks 
*** RIVER *** [Ah 3h Kh 9d] [2h]
BabyBrook05: bets $5.22
tintin641: folds 
Uncalled bet ($5.22) returned to BabyBrook05
BabyBrook05 collected $5.22 from pot
*** SUMMARY ***
Total pot $5.50 | Rake $0.28 
Board [Ah 3h Kh 9d 2h]
Seat 2: BabyBrook05 (big blind) collected ($5.22)
Seat 5: tintin641 (button) folded on the River
Seat 6: Unipoker11 (small blind) folded before Flop



PokerStars Hand #254284255371:  Hold'em No Limit ($0.50/$1.00 USD) - 2025/01/09 21:08:07 WET [2025/01/09 16:08:07 ET]
Table 'Lagrangea III' 6-max Seat #6 is the button
Seat 2: BabyBrook05 ($100.84 in chips) 
Seat 5: tintin641 ($102.91 in chips) 
Seat 6: Unipoker11 ($107.49 in chips) 
BabyBrook05: posts small blind $0.50
tintin641: posts big blind $1
*** HOLE CARDS ***
Unipoker11: raises $1.50 to $2.50
BabyBrook05: folds 
tintin641: calls $1.50
*** FLOP *** [9h 4s Kh]
tintin641: checks 
Unipoker11: bets $1.30
tintin641: calls $1.30
*** TURN *** [9h 4s Kh] [Jc]
tintin641: checks 
Unipoker11: checks 
*** RIVER *** [9h 4s Kh Jc] [Jh]
tintin641: checks 
Unipoker11: checks 
*** SHOW DOWN ***
tintin641: shows [9c Qc] (two pair, Jacks and Nines)
Unipoker11: shows [4c Kc] (two pair, Kings and Jacks)
Unipoker11 collected $7.70 from pot
*** SUMMARY ***
Total pot $8.10 | Rake $0.40 
Board [9h 4s Kh Jc Jh]
Seat 2: BabyBrook05 (small blind) folded before Flop
Seat 5: tintin641 (big blind) showed [9c Qc] and lost with two pair, Jacks and Nines
Seat 6: Unipoker11 (button) showed [4c Kc] and won ($7.70) with two pair, Kings and Jacks



PokerStars Hand #254284280913:  Hold'em No Limit ($0.50/$1.00 USD) - 2025/01/09 21:09:20 WET [2025/01/09 16:09:20 ET]
Table 'Lagrangea III' 6-max Seat #2 is the button
Seat 2: BabyBrook05 ($100.34 in chips) 
Seat 5: tintin641 ($100 in chips) 
Seat 6: Unipoker11 ($111.39 in chips) 
tintin641: posts small blind $0.50
Unipoker11: posts big blind $1
*** HOLE CARDS ***
BabyBrook05: folds 
tintin641: raises $2 to $3
Unipoker11: folds 
Uncalled bet ($2) returned to tintin641
tintin641 collected $2 from pot
tintin641: doesn't show hand 
*** SUMMARY ***
Total pot $2 | Rake $0 
Seat 2: BabyBrook05 (button) folded before Flop (didn't bet)
Seat 5: tintin641 (small blind) collected ($2)
Seat 6: Unipoker11 (big blind) folded before Flop



PokerStars Hand #254284286397:  Hold'em No Limit ($0.50/$1.00 USD) - 2025/01/09 21:09:36 WET [2025/01/09 16:09:36 ET]
Table 'Lagrangea III' 6-max Seat #5 is the button
Seat 2: BabyBrook05 ($100.34 in chips) 
Seat 5: tintin641 ($101 in chips) 
Seat 6: Unipoker11 ($110.39 in chips) 
Unipoker11: posts small blind $0.50
BabyBrook05: posts big blind $1
*** HOLE CARDS ***
tintin641: folds 
Unipoker11: folds 
Uncalled bet ($0.50) returned to BabyBrook05
BabyBrook05 collected $1 from pot
*** SUMMARY ***
Total pot $1 | Rake $0 
Seat 2: BabyBrook05 (big blind) collected ($1)
Seat 5: tintin641 (button) folded before Flop (didn't bet)
Seat 6: Unipoker11 (small blind) folded before Flop



PokerStars Hand #254284292361:  Hold'em No Limit ($0.50/$1.00 USD) - 2025/01/09 21:09:53 WET [2025/01/09 16:09:53 ET]
Table 'Lagrangea III' 6-max Seat #6 is the button
Seat 2: BabyBrook05 ($100.84 in chips) 
Seat 5: tintin641 ($101 in chips) 
Seat 6: Unipoker11 ($109.89 in chips) 
BabyBrook05: posts small blind $0.50
tintin641: posts big blind $1
*** HOLE CARDS ***
Unipoker11: folds 
BabyBrook05: folds 
Uncalled bet ($0.50) returned to tintin641
tintin641 collected $1 from pot
tintin641: doesn't show hand 
*** SUMMARY ***
Total pot $1 | Rake $0 
Seat 2: BabyBrook05 (small blind) folded before Flop
Seat 5: tintin641 (big blind) collected ($1)
Seat 6: Unipoker11 (button) folded before Flop (didn't bet)



PokerStars Hand #254284296337:  Hold'em No Limit ($0.50/$1.00 USD) - 2025/01/09 21:10:04 WET [2025/01/09 16:10:04 ET]
Table 'Lagrangea III' 6-max Seat #2 is the button
Seat 2: BabyBrook05 ($100.34 in chips) 
Seat 5: tintin641 ($101.50 in chips) 
Seat 6: Unipoker11 ($109.89 in chips) 
tintin641: posts small blind $0.50
Unipoker11: posts big blind $1
*** HOLE CARDS ***
BabyBrook05: raises $2 to $3
tintin641: folds 
Unipoker11: folds 
Uncalled bet ($2) returned to BabyBrook05
BabyBrook05 collected $2.50 from pot
*** SUMMARY ***
Total pot $2.50 | Rake $0 
Seat 2: BabyBrook05 (button) collected ($2.50)
Seat 5: tintin641 (small blind) folded before Flop
Seat 6: Unipoker11 (big blind) folded before Flop



PokerStars Hand #254284301125:  Hold'em No Limit ($0.50/$1.00 USD) - 2025/01/09 21:10:17 WET [2025/01/09 16:10:17 ET]
Table 'Lagrangea III' 6-max Seat #5 is the button
Seat 2: BabyBrook05 ($101.84 in chips) 
Seat 5: tintin641 ($101 in chips) 
Seat 6: Unipoker11 ($108.89 in chips) 
Unipoker11: posts small blind $0.50
BabyBrook05: posts big blind $1
*** HOLE CARDS ***
tintin641: folds 
Unipoker11: raises $2 to $3
BabyBrook05: folds 
Uncalled bet ($2) returned to Unipoker11
Unipoker11 collected $2 from pot
Unipoker11: doesn't show hand 
*** SUMMARY ***
Total pot $2 | Rake $0 
Seat 2: BabyBrook05 (big blind) folded before Flop
Seat 5: tintin641 (button) folded before Flop (didn't bet)
Seat 6: Unipoker11 (small blind) collected ($2)



PokerStars Hand #254284304568:  Hold'em No Limit ($0.50/$1.00 USD) - 2025/01/09 21:10:27 WET [2025/01/09 16:10:27 ET]
Table 'Lagrangea III' 6-max Seat #6 is the button
Seat 2: BabyBrook05 ($100.84 in chips) 
Seat 5: tintin641 ($101 in chips) 
Seat 6: Unipoker11 ($109.89 in chips) 
BabyBrook05: posts small blind $0.50
tintin641: posts big blind $1
*** HOLE CARDS ***
Unipoker11: folds 
BabyBrook05: folds 
Uncalled bet ($0.50) returned to tintin641
tintin641 collected $1 from pot
tintin641: doesn't show hand 
*** SUMMARY ***
Total pot $1 | Rake $0 
Seat 2: BabyBrook05 (small blind) folded before Flop
Seat 5: tintin641 (big blind) collected ($1)
Seat 6: Unipoker11 (button) folded before Flop (didn't bet)



PokerStars Hand #254284306981:  Hold'em No Limit ($0.50/$1.00 USD) - 2025/01/09 21:10:34 WET [2025/01/09 16:10:34 ET]
Table 'Lagrangea III' 6-max Seat #2 is the button
Seat 2: BabyBrook05 ($100.34 in chips) 
Seat 5: tintin641 ($101.50 in chips) 
Seat 6: Unipoker11 ($109.89 in chips) 
tintin641: posts small blind $0.50
Unipoker11: posts big blind $1
*** HOLE CARDS ***
BabyBrook05: raises $2 to $3
tintin641: raises $9 to $12
Unipoker11: folds 
BabyBrook05: calls $9
*** FLOP *** [7h 2h 4s]
tintin641: checks 
BabyBrook05: checks 
*** TURN *** [7h 2h 4s] [Th]
tintin641: checks 
BabyBrook05: bets $15
tintin641: folds 
Uncalled bet ($15) returned to BabyBrook05
BabyBrook05 collected $24 from pot
*** SUMMARY ***
Total pot $25 | Rake $1 
Board [7h 2h 4s Th]
Seat 2: BabyBrook05 (button) collected ($24)
Seat 5: tintin641 (small blind) folded on the Turn
Seat 6: Unipoker11 (big blind) folded before Flop



PokerStars Hand #254284329252:  Hold'em No Limit ($0.50/$1.00 USD) - 2025/01/09 21:11:37 WET [2025/01/09 16:11:37 ET]
Table 'Lagrangea III' 6-max Seat #5 is the button
Seat 2: BabyBrook05 ($112.34 in chips) 
Seat 5: tintin641 ($100 in chips) 
Seat 6: Unipoker11 ($108.89 in chips) 
Unipoker11: posts small blind $0.50
BabyBrook05: posts big blind $1
*** HOLE CARDS ***
tintin641: folds 
Unipoker11: folds 
Uncalled bet ($0.50) returned to BabyBrook05
BabyBrook05 collected $1 from pot
*** SUMMARY ***
Total pot $1 | Rake $0 
Seat 2: BabyBrook05 (big blind) collected ($1)
Seat 5: tintin641 (button) folded before Flop (didn't bet)
Seat 6: Unipoker11 (small blind) folded before Flop



PokerStars Hand #254284332574:  Hold'em No Limit ($0.50/$1.00 USD) - 2025/01/09 21:11:46 WET [2025/01/09 16:11:46 ET]
Table 'Lagrangea III' 6-max Seat #6 is the button
Seat 2: BabyBrook05 ($112.84 in chips) 
Seat 5: tintin641 ($100 in chips) 
Seat 6: Unipoker11 ($108.39 in chips) 
BabyBrook05: posts small blind $0.50
tintin641: posts big blind $1
*** HOLE CARDS ***
Unipoker11: raises $1.50 to $2.50
BabyBrook05: folds 
tintin641: calls $1.50
*** FLOP *** [4s Qd Th]
tintin641: checks 
Unipoker11: bets $1.30
tintin641: folds 
Uncalled bet ($1.30) returned to Unipoker11
Unipoker11 collected $5.22 from pot
Unipoker11: doesn't show hand 
*** SUMMARY ***
Total pot $5.50 | Rake $0.28 
Board [4s Qd Th]
Seat 2: BabyBrook05 (small blind) folded before Flop
Seat 5: tintin641 (big blind) folded on the Flop
Seat 6: Unipoker11 (button) collected ($5.22)



PokerStars Hand #254284342150:  Hold'em No Limit ($0.50/$1.00 USD) - 2025/01/09 21:12:13 WET [2025/01/09 16:12:13 ET]
Table 'Lagrangea III' 6-max Seat #2 is the button
Seat 2: BabyBrook05 ($112.34 in chips) 
Seat 5: tintin641 ($100 in chips) 
Seat 6: Unipoker11 ($111.11 in chips) 
tintin641: posts small blind $0.50
Unipoker11: posts big blind $1
*** HOLE CARDS ***
BabyBrook05: folds 
tintin641: raises $2 to $3
Unipoker11: folds 
Uncalled bet ($2) returned to tintin641
tintin641 collected $2 from pot
tintin641: doesn't show hand 
*** SUMMARY ***
Total pot $2 | Rake $0 
Seat 2: BabyBrook05 (button) folded before Flop (didn't bet)
Seat 5: tintin641 (small blind) collected ($2)
Seat 6: Unipoker11 (big blind) folded before Flop



PokerStars Hand #254284346246:  Hold'em No Limit ($0.50/$1.00 USD) - 2025/01/09 21:12:25 WET [2025/01/09 16:12:25 ET]
Table 'Lagrangea III' 6-max Seat #5 is the button
Seat 2: BabyBrook05 ($112.34 in chips) 
Seat 5: tintin641 ($101 in chips) 
Seat 6: Unipoker11 ($110.11 in chips) 
Unipoker11: posts small blind $0.50
BabyBrook05: posts big blind $1
*** HOLE CARDS ***
tintin641: folds 
Unipoker11: raises $2 to $3
BabyBrook05: calls $2
*** FLOP *** [Ts Js Jh]
Unipoker11: checks 
BabyBrook05: checks 
*** TURN *** [Ts Js Jh] [5h]
Unipoker11: bets $3.82
BabyBrook05: folds 
Uncalled bet ($3.82) returned to Unipoker11
Unipoker11 collected $5.70 from pot
Unipoker11: doesn't show hand 
*** SUMMARY ***
Total pot $6 | Rake $0.30 
Board [Ts Js Jh 5h]
Seat 2: BabyBrook05 (big blind) folded on the Turn
Seat 5: tintin641 (button) folded before Flop (didn't bet)
Seat 6: Unipoker11 (small blind) collected ($5.70)



PokerStars Hand #254284362027:  Hold'em No Limit ($0.50/$1.00 USD) - 2025/01/09 21:13:09 WET [2025/01/09 16:13:09 ET]
Table 'Lagrangea III' 6-max Seat #6 is the button
Seat 2: BabyBrook05 ($109.34 in chips) 
Seat 5: tintin641 ($101 in chips) 
Seat 6: Unipoker11 ($112.81 in chips) 
BabyBrook05: posts small blind $0.50
tintin641: posts big blind $1
*** HOLE CARDS ***
Unipoker11: folds 
BabyBrook05: folds 
Uncalled bet ($0.50) returned to tintin641
tintin641 collected $1 from pot
tintin641: doesn't show hand 
*** SUMMARY ***
Total pot $1 | Rake $0 
Seat 2: BabyBrook05 (small blind) folded before Flop
Seat 5: tintin641 (big blind) collected ($1)
Seat 6: Unipoker11 (button) folded before Flop (didn't bet)



PokerStars Hand #254284365845:  Hold'em No Limit ($0.50/$1.00 USD) - 2025/01/09 21:13:20 WET [2025/01/09 16:13:20 ET]
Table 'Lagrangea III' 6-max Seat #2 is the button
Seat 2: BabyBrook05 ($108.84 in chips) 
Seat 5: tintin641 ($101.50 in chips) 
Seat 6: Unipoker11 ($112.81 in chips) 
tintin641: posts small blind $0.50
Unipoker11: posts big blind $1
*** HOLE CARDS ***
BabyBrook05: raises $2 to $3
tintin641: folds 
Unipoker11: folds 
Uncalled bet ($2) returned to BabyBrook05
BabyBrook05 collected $2.50 from pot
*** SUMMARY ***
Total pot $2.50 | Rake $0 
Seat 2: BabyBrook05 (button) collected ($2.50)
Seat 5: tintin641 (small blind) folded before Flop
Seat 6: Unipoker11 (big blind) folded before Flop



PokerStars Hand #254284372715:  Hold'em No Limit ($0.50/$1.00 USD) - 2025/01/09 21:13:39 WET [2025/01/09 16:13:39 ET]
Table 'Lagrangea III' 6-max Seat #5 is the button
Seat 2: BabyBrook05 ($110.34 in chips) 
Seat 5: tintin641 ($101 in chips) 
Seat 6: Unipoker11 ($111.81 in chips) 
Unipoker11: posts small blind $0.50
BabyBrook05: posts big blind $1
*** HOLE CARDS ***
tintin641: raises $1.50 to $2.50
Unipoker11: folds 
BabyBrook05: folds 
Uncalled bet ($1.50) returned to tintin641
tintin641 collected $2.50 from pot
tintin641: doesn't show hand 
*** SUMMARY ***
Total pot $2.50 | Rake $0 
Seat 2: BabyBrook05 (big blind) folded before Flop
Seat 5: tintin641 (button) collected ($2.50)
Seat 6: Unipoker11 (small blind) folded before Flop



PokerStars Hand #254284376743:  Hold'em No Limit ($0.50/$1.00 USD) - 2025/01/09 21:13:51 WET [2025/01/09 16:13:51 ET]
Table 'Lagrangea III' 6-max Seat #6 is the button
Seat 2: BabyBrook05 ($109.34 in chips) 
Seat 5: tintin641 ($102.50 in chips) 
Seat 6: Unipoker11 ($111.31 in chips) 
BabyBrook05: posts small blind $0.50
tintin641: posts big blind $1
*** HOLE CARDS ***
Unipoker11: folds 
BabyBrook05: folds 
Uncalled bet ($0.50) returned to tintin641
tintin641 collected $1 from pot
tintin641: doesn't show hand 
*** SUMMARY ***
Total pot $1 | Rake $0 
Seat 2: BabyBrook05 (small blind) folded before Flop
Seat 5: tintin641 (big blind) collected ($1)
Seat 6: Unipoker11 (button) folded before Flop (didn't bet)



PokerStars Hand #254284379241:  Hold'em No Limit ($0.50/$1.00 USD) - 2025/01/09 21:13:57 WET [2025/01/09 16:13:57 ET]
Table 'Lagrangea III' 6-max Seat #2 is the button
Seat 2: BabyBrook05 ($108.84 in chips) 
Seat 5: tintin641 ($103 in chips) 
Seat 6: Unipoker11 ($111.31 in chips) 
tintin641: posts small blind $0.50
Unipoker11: posts big blind $1
*** HOLE CARDS ***
BabyBrook05: raises $2 to $3
tintin641: folds 
Unipoker11: folds 
Uncalled bet ($2) returned to BabyBrook05
BabyBrook05 collected $2.50 from pot
*** SUMMARY ***
Total pot $2.50 | Rake $0 
Seat 2: BabyBrook05 (button) collected ($2.50)
Seat 5: tintin641 (small blind) folded before Flop
Seat 6: Unipoker11 (big blind) folded before Flop



PokerStars Hand #254284383094:  Hold'em No Limit ($0.50/$1.00 USD) - 2025/01/09 21:14:09 WET [2025/01/09 16:14:09 ET]
Table 'Lagrangea III' 6-max Seat #5 is the button
Seat 2: BabyBrook05 ($110.34 in chips) 
Seat 5: tintin641 ($102.50 in chips) 
Seat 6: Unipoker11 ($110.31 in chips) 
Unipoker11: posts small blind $0.50
BabyBrook05: posts big blind $1
*** HOLE CARDS ***
tintin641: raises $1.50 to $2.50
Unipoker11: folds 
BabyBrook05: calls $1.50
*** FLOP *** [Tc Qd Ad]
LuckyShikari joins the table at seat #3 
EvilReality joins the table at seat #4 
BabyBrook05: checks 
tintin641: checks 
*** TURN *** [Tc Qd Ad] [7s]
BabyBrook05: checks 
tintin641: checks 
*** RIVER *** [Tc Qd Ad 7s] [Ts]
BabyBrook05: checks 
tintin641: checks 
*** SHOW DOWN ***
BabyBrook05: shows [2h 5h] (a pair of Tens)
tintin641: shows [Jh Qc] (two pair, Queens and Tens)
tintin641 collected $5.22 from pot
*** SUMMARY ***
Total pot $5.50 | Rake $0.28 
Board [Tc Qd Ad 7s Ts]
Seat 2: BabyBrook05 (big blind) showed [2h 5h] and lost with a pair of Tens
Seat 5: tintin641 (button) showed [Jh Qc] and won ($5.22) with two pair, Queens and Tens
Seat 6: Unipoker11 (small blind) folded before Flop



PokerStars Hand #254284399781:  Hold'em No Limit ($0.50/$1.00 USD) - 2025/01/09 21:14:56 WET [2025/01/09 16:14:56 ET]
Table 'Lagrangea III' 6-max Seat #6 is the button
Seat 4: EvilReality ($100 in chips) is sitting out
Seat 2: BabyBrook05 ($107.84 in chips) 
Seat 3: LuckyShikari ($100 in chips) 
Seat 5: tintin641 ($105.22 in chips) 
Seat 6: Unipoker11 ($109.81 in chips) 
BabyBrook05: posts small blind $0.50
LuckyShikari: posts big blind $1
EvilReality: sits out 
*** HOLE CARDS ***
tintin641: folds 
Unipoker11: raises $1.50 to $2.50
BabyBrook05: raises $8.50 to $11
LuckyShikari: raises $9 to $20
MarekStarts joins the table at seat #1 
Unipoker11: folds 
BabyBrook05: calls $9
*** FLOP *** [Qs 8h 6s]
BabyBrook05: checks 
LuckyShikari: checks 
*** TURN *** [Qs 8h 6s] [7d]
BabyBrook05: checks 
LuckyShikari: bets $13.70
BabyBrook05: calls $13.70
*** RIVER *** [Qs 8h 6s 7d] [Js]
BabyBrook05: checks 
LuckyShikari: bets $66.30 and is all-in
BabyBrook05: folds 
Uncalled bet ($66.30) returned to LuckyShikari
LuckyShikari collected $68.90 from pot
LuckyShikari: doesn't show hand 
*** SUMMARY ***
Total pot $69.90 | Rake $1 
Board [Qs 8h 6s 7d Js]
Seat 4: EvilReality
Seat 2: BabyBrook05 (small blind) folded on the River
Seat 3: LuckyShikari (big blind) collected ($68.90)
Seat 5: tintin641 folded before Flop (didn't bet)
Seat 6: Unipoker11 (button) folded before Flop



PokerStars Hand #254284422647:  Hold'em No Limit ($0.50/$1.00 USD) - 2025/01/09 21:16:00 WET [2025/01/09 16:16:00 ET]
Table 'Lagrangea III' 6-max Seat #2 is the button
Seat 1: MarekStarts ($66.57 in chips) 
Seat 2: BabyBrook05 ($100 in chips) 
Seat 3: LuckyShikari ($135.20 in chips) 
Seat 4: EvilReality ($100 in chips) 
Seat 5: tintin641 ($105.22 in chips) 
Seat 6: Unipoker11 ($107.31 in chips) 
LuckyShikari: posts small blind $0.50
EvilReality: posts big blind $1
MarekStarts: posts big blind $1
*** HOLE CARDS ***
tintin641: folds 
Unipoker11: folds 
MarekStarts: raises $65.57 to $66.57 and is all-in
BabyBrook05: folds 
LuckyShikari: folds 
EvilReality: folds 
Uncalled bet ($65.57) returned to MarekStarts
MarekStarts collected $2.50 from pot
MarekStarts: doesn't show hand 
*** SUMMARY ***
Total pot $2.50 | Rake $0 
Seat 1: MarekStarts collected ($2.50)
Seat 2: BabyBrook05 (button) folded before Flop (didn't bet)
Seat 3: LuckyShikari (small blind) folded before Flop
Seat 4: EvilReality (big blind) folded before Flop
Seat 5: tintin641 folded before Flop (didn't bet)
Seat 6: Unipoker11 folded before Flop (didn't bet)



PokerStars Hand #254284429548:  Hold'em No Limit ($0.50/$1.00 USD) - 2025/01/09 21:16:20 WET [2025/01/09 16:16:20 ET]
Table 'Lagrangea III' 6-max Seat #3 is the button
Seat 1: MarekStarts ($68.07 in chips) 
Seat 2: BabyBrook05 ($100 in chips) 
Seat 3: LuckyShikari ($134.70 in chips) 
Seat 4: EvilReality ($100 in chips) 
Seat 5: tintin641 ($105.22 in chips) 
Seat 6: Unipoker11 ($107.31 in chips) 
EvilReality: posts small blind $0.50
tintin641: posts big blind $1
*** HOLE CARDS ***
Unipoker11: folds 
MarekStarts: raises $67.07 to $68.07 and is all-in
BabyBrook05: folds 
LuckyShikari: folds 
EvilReality: folds 
tintin641: folds 
Uncalled bet ($67.07) returned to MarekStarts
MarekStarts collected $2.50 from pot
MarekStarts: doesn't show hand 
*** SUMMARY ***
Total pot $2.50 | Rake $0 
Seat 1: MarekStarts collected ($2.50)
Seat 2: BabyBrook05 folded before Flop (didn't bet)
Seat 3: LuckyShikari (button) folded before Flop (didn't bet)
Seat 4: EvilReality (small blind) folded before Flop
Seat 5: tintin641 (big blind) folded before Flop
Seat 6: Unipoker11 folded before Flop (didn't bet)



PokerStars Hand #254284435362:  Hold'em No Limit ($0.50/$1.00 USD) - 2025/01/09 21:16:36 WET [2025/01/09 16:16:36 ET]
Table 'Lagrangea III' 6-max Seat #4 is the button
Seat 1: MarekStarts ($69.57 in chips) 
Seat 2: BabyBrook05 ($100 in chips) 
Seat 3: LuckyShikari ($134.70 in chips) 
Seat 4: EvilReality ($100 in chips) 
Seat 5: tintin641 ($104.22 in chips) 
Seat 6: Unipoker11 ($107.31 in chips) 
tintin641: posts small blind $0.50
Unipoker11: posts big blind $1
*** HOLE CARDS ***
MarekStarts: raises $68.57 to $69.57 and is all-in
BabyBrook05: folds 
LuckyShikari: folds 
EvilReality: folds 
tintin641: folds 
Unipoker11: calls $68.57
*** FLOP *** [Ts Jc Ah]
*** TURN *** [Ts Jc Ah] [6c]
*** RIVER *** [Ts Jc Ah 6c] [Qh]
*** SHOW DOWN ***
Unipoker11: shows [Kd 9d] (a straight, Ten to Ace)
MarekStarts: shows [8s 9h] (a straight, Eight to Queen)
Unipoker11 collected $137.14 from pot
*** SUMMARY ***
Total pot $139.64 | Rake $2.50 
Board [Ts Jc Ah 6c Qh]
Seat 1: MarekStarts showed [8s 9h] and lost with a straight, Eight to Queen
Seat 2: BabyBrook05 folded before Flop (didn't bet)
Seat 3: LuckyShikari folded before Flop (didn't bet)
Seat 4: EvilReality (button) folded before Flop (didn't bet)
Seat 5: tintin641 (small blind) folded before Flop
Seat 6: Unipoker11 (big blind) showed [Kd 9d] and won ($137.14) with a straight, Ten to Ace



PokerStars Hand #254284445258:  Hold'em No Limit ($0.50/$1.00 USD) - 2025/01/09 21:17:04 WET [2025/01/09 16:17:04 ET]
Table 'Lagrangea III' 6-max Seat #5 is the button
Seat 1: MarekStarts ($0 in chips) is sitting out
Seat 2: BabyBrook05 ($100 in chips) 
Seat 3: LuckyShikari ($134.70 in chips) 
Seat 4: EvilReality ($100 in chips) 
Seat 5: tintin641 ($103.72 in chips) 
Seat 6: Unipoker11 ($174.88 in chips) 
Unipoker11: posts small blind $0.50
BabyBrook05: posts big blind $1
*** HOLE CARDS ***
LuckyShikari: folds 
EvilReality: folds 
tintin641: raises $1.50 to $2.50
Unipoker11: folds 
BabyBrook05: calls $1.50
*** FLOP *** [Js Ks 5h]
BabyBrook05: checks 
tintin641: checks 
*** TURN *** [Js Ks 5h] [Ac]
BabyBrook05: checks 
tintin641: checks 
*** RIVER *** [Js Ks 5h Ac] [Jd]
BabyBrook05: checks 
tintin641: checks 
*** SHOW DOWN ***
BabyBrook05: shows [6d 5c] (two pair, Jacks and Fives)
tintin641: mucks hand 
BabyBrook05 collected $5.22 from pot
*** SUMMARY ***
Total pot $5.50 | Rake $0.28 
Board [Js Ks 5h Ac Jd]
Seat 1: MarekStarts
Seat 2: BabyBrook05 (big blind) showed [6d 5c] and won ($5.22) with two pair, Jacks and Fives
Seat 3: LuckyShikari folded before Flop (didn't bet)
Seat 4: EvilReality folded before Flop (didn't bet)
Seat 5: tintin641 (button) mucked
Seat 6: Unipoker11 (small blind) folded before Flop



PokerStars Hand #254284464437:  Hold'em No Limit ($0.50/$1.00 USD) - 2025/01/09 21:17:58 WET [2025/01/09 16:17:58 ET]
Table 'Lagrangea III' 6-max Seat #6 is the button
Seat 1: MarekStarts ($0 in chips) is sitting out
Seat 2: BabyBrook05 ($102.72 in chips) 
Seat 3: LuckyShikari ($134.70 in chips) 
Seat 4: EvilReality ($100 in chips) 
Seat 5: tintin641 ($101.22 in chips) 
Seat 6: Unipoker11 ($174.38 in chips) 
BabyBrook05: posts small blind $0.50
LuckyShikari: posts big blind $1
*** HOLE CARDS ***
EvilReality: folds 
tintin641: folds 
Unipoker11: raises $1.50 to $2.50
BabyBrook05: calls $2
LuckyShikari: folds 
*** FLOP *** [5d 7d Jd]
BabyBrook05: checks 
Unipoker11: bets $1.43
EvilReality leaves the table
BabyBrook05: folds 
Uncalled bet ($1.43) returned to Unipoker11
Unipoker11 collected $5.70 from pot
Unipoker11: doesn't show hand 
TheBraveGirl joins the table at seat #4 
*** SUMMARY ***
Total pot $6 | Rake $0.30 
Board [5d 7d Jd]
Seat 1: MarekStarts
Seat 2: BabyBrook05 (small blind) folded on the Flop
Seat 3: LuckyShikari (big blind) folded before Flop
Seat 4: EvilReality folded before Flop (didn't bet)
Seat 5: tintin641 folded before Flop (didn't bet)
Seat 6: Unipoker11 (button) collected ($5.70)



PokerStars Hand #254284484195:  Hold'em No Limit ($0.50/$1.00 USD) - 2025/01/09 21:18:54 WET [2025/01/09 16:18:54 ET]
Table 'Lagrangea III' 6-max Seat #2 is the button
Seat 1: MarekStarts ($0 in chips) is sitting out
Seat 2: BabyBrook05 ($100.22 in chips) 
Seat 3: LuckyShikari ($133.70 in chips) 
Seat 4: TheBraveGirl ($100 in chips) 
Seat 5: tintin641 ($101.22 in chips) 
Seat 6: Unipoker11 ($177.58 in chips) 
LuckyShikari: posts small blind $0.50
TheBraveGirl: posts big blind $1
*** HOLE CARDS ***
tintin641: folds 
Unipoker11: folds 
BabyBrook05: raises $2 to $3
LuckyShikari: raises $8 to $11
TheBraveGirl: folds 
BabyBrook05: calls $8
*** FLOP *** [3h 9s 8s]
LuckyShikari: bets $16.39
BabyBrook05: calls $16.39
*** TURN *** [3h 9s 8s] [7c]
LuckyShikari: bets $106.31 and is all-in
BabyBrook05: calls $72.83 and is all-in
Uncalled bet ($33.48) returned to LuckyShikari
*** RIVER *** [3h 9s 8s 7c] [9h]
*** SHOW DOWN ***
LuckyShikari: shows [Kc Kh] (two pair, Kings and Nines)
BabyBrook05: shows [Th Qh] (a pair of Nines)
LuckyShikari cashed out the hand for $159.51 | Cash Out Fee $3.26
*** SUMMARY ***
Total pot $201.44 | Rake $2.50 
Board [3h 9s 8s 7c 9h]
Seat 1: MarekStarts
Seat 2: BabyBrook05 (button) showed [Th Qh] and lost with a pair of Nines
Seat 3: LuckyShikari (small blind) showed [Kc Kh] and won ($198.94) with two pair, Kings and Nines (pot not awarded as player cashed out)
Seat 4: TheBraveGirl (big blind) folded before Flop
Seat 5: tintin641 folded before Flop (didn't bet)
Seat 6: Unipoker11 folded before Flop (didn't bet)



PokerStars Hand #254284507689:  Hold'em No Limit ($0.50/$1.00 USD) - 2025/01/09 21:20:01 WET [2025/01/09 16:20:01 ET]
Table 'Lagrangea III' 6-max Seat #3 is the button
Seat 1: MarekStarts ($0 in chips) is sitting out
Seat 2: BabyBrook05 ($0 in chips) is sitting out
Seat 3: LuckyShikari ($192.99 in chips) 
Seat 4: TheBraveGirl ($100 in chips) 
Seat 5: tintin641 ($101.22 in chips) 
Seat 6: Unipoker11 ($177.58 in chips) 
TheBraveGirl: posts small blind $0.50
tintin641: posts big blind $1
*** HOLE CARDS ***
BabyBrook05 leaves the table
Unipoker11: raises $1.30 to $2.30
LuckyShikari: folds 
TheBraveGirl: folds 
tintin641: folds 
Uncalled bet ($1.30) returned to Unipoker11
Unipoker11 collected $2.50 from pot
Unipoker11: doesn't show hand 
*** SUMMARY ***
Total pot $2.50 | Rake $0 
Seat 1: MarekStarts
Seat 2: BabyBrook05
Seat 3: LuckyShikari (button) folded before Flop (didn't bet)
Seat 4: TheBraveGirl (small blind) folded before Flop
Seat 5: tintin641 (big blind) folded before Flop
Seat 6: Unipoker11 collected ($2.50)



PokerStars Hand #254284514641:  Hold'em No Limit ($0.50/$1.00 USD) - 2025/01/09 21:20:20 WET [2025/01/09 16:20:20 ET]
Table 'Lagrangea III' 6-max Seat #4 is the button
Seat 1: MarekStarts ($0 in chips) is sitting out
Seat 3: LuckyShikari ($192.99 in chips) 
Seat 4: TheBraveGirl ($100 in chips) 
Seat 5: tintin641 ($100.22 in chips) 
Seat 6: Unipoker11 ($179.08 in chips) 
tintin641: posts small blind $0.50
Unipoker11: posts big blind $1
*** HOLE CARDS ***
LuckyShikari: folds 
TheBraveGirl: folds 
tintin641: folds 
Uncalled bet ($0.50) returned to Unipoker11
Unipoker11 collected $1 from pot
Unipoker11: doesn't show hand 
*** SUMMARY ***
Total pot $1 | Rake $0 
Seat 1: MarekStarts
Seat 3: LuckyShikari folded before Flop (didn't bet)
Seat 4: TheBraveGirl (button) folded before Flop (didn't bet)
Seat 5: tintin641 (small blind) folded before Flop
Seat 6: Unipoker11 (big blind) collected ($1)



PokerStars Hand #254284517700:  Hold'em No Limit ($0.50/$1.00 USD) - 2025/01/09 21:20:29 WET [2025/01/09 16:20:29 ET]
Table 'Lagrangea III' 6-max Seat #5 is the button
Seat 1: MarekStarts ($0 in chips) is sitting out
Seat 3: LuckyShikari ($192.99 in chips) 
Seat 4: TheBraveGirl ($100 in chips) 
Seat 5: tintin641 ($100 in chips) 
Seat 6: Unipoker11 ($179.58 in chips) 
Unipoker11: posts small blind $0.50
LuckyShikari: posts big blind $1
*** HOLE CARDS ***
TheBraveGirl: raises $1 to $2
XneferX joins the table at seat #2 
tintin641: raises $5 to $7
Unipoker11: folds 
LuckyShikari: folds 
TheBraveGirl: folds 
Uncalled bet ($5) returned to tintin641
tintin641 collected $5.50 from pot
tintin641: doesn't show hand 
*** SUMMARY ***
Total pot $5.50 | Rake $0 
Seat 1: MarekStarts
Seat 3: LuckyShikari (big blind) folded before Flop
Seat 4: TheBraveGirl folded before Flop
Seat 5: tintin641 (button) collected ($5.50)
Seat 6: Unipoker11 (small blind) folded before Flop



PokerStars Hand #254284532916:  Hold'em No Limit ($0.50/$1.00 USD) - 2025/01/09 21:21:12 WET [2025/01/09 16:21:12 ET]
Table 'Lagrangea III' 6-max Seat #6 is the button
Seat 1: MarekStarts ($0 in chips) is sitting out
Seat 2: XneferX ($100 in chips) is sitting out
Seat 3: LuckyShikari ($191.99 in chips) 
Seat 4: TheBraveGirl ($100 in chips) 
Seat 5: tintin641 ($103.50 in chips) 
Seat 6: Unipoker11 ($179.08 in chips) 
LuckyShikari: posts small blind $0.50
TheBraveGirl: posts big blind $1
*** HOLE CARDS ***
tintin641: folds 
Unipoker11: raises $1.50 to $2.50
LuckyShikari: folds 
TheBraveGirl: folds 
Uncalled bet ($1.50) returned to Unipoker11
Unipoker11 collected $2.50 from pot
Unipoker11: doesn't show hand 
*** SUMMARY ***
Total pot $2.50 | Rake $0 
Seat 1: MarekStarts
Seat 2: XneferX
Seat 3: LuckyShikari (small blind) folded before Flop
Seat 4: TheBraveGirl (big blind) folded before Flop
Seat 5: tintin641 folded before Flop (didn't bet)
Seat 6: Unipoker11 (button) collected ($2.50)



PokerStars Hand #254284538236:  Hold'em No Limit ($0.50/$1.00 USD) - 2025/01/09 21:21:28 WET [2025/01/09 16:21:28 ET]
Table 'Lagrangea III' 6-max Seat #3 is the button
Seat 1: MarekStarts ($0 in chips) is sitting out
Seat 2: XneferX ($100 in chips) is sitting out
Seat 3: LuckyShikari ($191.49 in chips) 
Seat 4: TheBraveGirl ($100 in chips) 
Seat 5: tintin641 ($103.50 in chips) 
Seat 6: Unipoker11 ($180.58 in chips) 
TheBraveGirl: posts small blind $0.50
tintin641: posts big blind $1
XneferX: sits out 
*** HOLE CARDS ***
Unipoker11: folds 
LuckyShikari: folds 
TheBraveGirl: folds 
Uncalled bet ($0.50) returned to tintin641
tintin641 collected $1 from pot
tintin641: doesn't show hand 
*** SUMMARY ***
Total pot $1 | Rake $0 
Seat 1: MarekStarts
Seat 2: XneferX
Seat 3: LuckyShikari (button) folded before Flop (didn't bet)
Seat 4: TheBraveGirl (small blind) folded before Flop
Seat 5: tintin641 (big blind) collected ($1)
Seat 6: Unipoker11 folded before Flop (didn't bet)



PokerStars Hand #254284542000:  Hold'em No Limit ($0.50/$1.00 USD) - 2025/01/09 21:21:39 WET [2025/01/09 16:21:39 ET]
Table 'Lagrangea III' 6-max Seat #4 is the button
Seat 1: MarekStarts ($0 in chips) is sitting out
Seat 2: XneferX ($100 in chips) is sitting out
Seat 3: LuckyShikari ($191.49 in chips) 
Seat 4: TheBraveGirl ($100 in chips) 
Seat 5: tintin641 ($104 in chips) 
Seat 6: Unipoker11 ($180.58 in chips) 
tintin641: posts small blind $0.50
Unipoker11: posts big blind $1
XneferX: sits out 
*** HOLE CARDS ***
LuckyShikari: raises $1.50 to $2.50
TheBraveGirl: folds 
tintin641: folds 
Unipoker11: folds 
Uncalled bet ($1.50) returned to LuckyShikari
LuckyShikari collected $2.50 from pot
LuckyShikari: doesn't show hand 
*** SUMMARY ***
Total pot $2.50 | Rake $0 
Seat 1: MarekStarts
Seat 2: XneferX
Seat 3: LuckyShikari collected ($2.50)
Seat 4: TheBraveGirl (button) folded before Flop (didn't bet)
Seat 5: tintin641 (small blind) folded before Flop
Seat 6: Unipoker11 (big blind) folded before Flop



PokerStars Hand #254284549574:  Hold'em No Limit ($0.50/$1.00 USD) - 2025/01/09 21:22:00 WET [2025/01/09 16:22:00 ET]
Table 'Lagrangea III' 6-max Seat #5 is the button
Seat 1: MarekStarts ($0 in chips) is sitting out
Seat 2: XneferX ($100 in chips) 
Seat 3: LuckyShikari ($192.99 in chips) 
Seat 4: TheBraveGirl ($100 in chips) 
Seat 5: tintin641 ($103.50 in chips) 
Seat 6: Unipoker11 ($179.58 in chips) 
Unipoker11: posts small blind $0.50
XneferX: posts big blind $1
*** HOLE CARDS ***
LuckyShikari: folds 
TheBraveGirl: raises $1 to $2
tintin641: raises $5 to $7
Unipoker11: folds 
XneferX: raises $15 to $22
TheBraveGirl: folds 
tintin641: raises $81.50 to $103.50 and is all-in
XneferX: calls $78 and is all-in
Uncalled bet ($3.50) returned to tintin641
*** FLOP *** [Qc 8c 3c]
*** TURN *** [Qc 8c 3c] [4s]
*** RIVER *** [Qc 8c 3c 4s] [6h]
*** SHOW DOWN ***
XneferX: shows [Kh Kd] (a pair of Kings)
tintin641: shows [Kc As] (high card Ace)
XneferX cashed out the hand for $137.22 | Cash Out Fee $2.80
*** SUMMARY ***
Total pot $202.50 | Rake $2.50 
Board [Qc 8c 3c 4s 6h]
Seat 1: MarekStarts
Seat 2: XneferX (big blind) showed [Kh Kd] and won ($200) with a pair of Kings (pot not awarded as player cashed out)
Seat 3: LuckyShikari folded before Flop (didn't bet)
Seat 4: TheBraveGirl folded before Flop
Seat 5: tintin641 (button) showed [Kc As] and lost with high card Ace
Seat 6: Unipoker11 (small blind) folded before Flop



PokerStars Hand #254284570475:  Hold'em No Limit ($0.50/$1.00 USD) - 2025/01/09 21:23:00 WET [2025/01/09 16:23:00 ET]
Table 'Lagrangea III' 6-max Seat #6 is the button
Seat 1: MarekStarts ($0 in chips) is sitting out
Seat 2: XneferX ($137.22 in chips) 
Seat 3: LuckyShikari ($192.99 in chips) 
Seat 4: TheBraveGirl ($100 in chips) 
Seat 5: tintin641 ($100 in chips) 
Seat 6: Unipoker11 ($179.08 in chips) 
XneferX: posts small blind $0.50
LuckyShikari: posts big blind $1
*** HOLE CARDS ***
TheBraveGirl: folds 
tintin641: folds 
Unipoker11: folds 
XneferX: folds 
Uncalled bet ($0.50) returned to LuckyShikari
LuckyShikari collected $1 from pot
LuckyShikari: doesn't show hand 
*** SUMMARY ***
Total pot $1 | Rake $0 
Seat 1: MarekStarts
Seat 2: XneferX (small blind) folded before Flop
Seat 3: LuckyShikari (big blind) collected ($1)
Seat 4: TheBraveGirl folded before Flop (didn't bet)
Seat 5: tintin641 folded before Flop (didn't bet)
Seat 6: Unipoker11 (button) folded before Flop (didn't bet)



PokerStars Hand #254284575557:  Hold'em No Limit ($0.50/$1.00 USD) - 2025/01/09 21:23:15 WET [2025/01/09 16:23:15 ET]
Table 'Lagrangea III' 6-max Seat #2 is the button
Seat 1: MarekStarts ($0 in chips) is sitting out
Seat 2: XneferX ($136.72 in chips) 
Seat 3: LuckyShikari ($193.49 in chips) 
Seat 4: TheBraveGirl ($100 in chips) 
Seat 5: tintin641 ($100 in chips) 
Seat 6: Unipoker11 ($179.08 in chips) 
LuckyShikari: posts small blind $0.50
TheBraveGirl: posts big blind $1
*** HOLE CARDS ***
tintin641: raises $1.50 to $2.50
Unipoker11: folds 
XneferX: folds 
LuckyShikari: folds 
TheBraveGirl: raises $10.50 to $13
tintin641: folds 
Uncalled bet ($10.50) returned to TheBraveGirl
TheBraveGirl collected $5.50 from pot
TheBraveGirl: doesn't show hand 
*** SUMMARY ***
Total pot $5.50 | Rake $0 
Seat 1: MarekStarts
Seat 2: XneferX (button) folded before Flop (didn't bet)
Seat 3: LuckyShikari (small blind) folded before Flop
Seat 4: TheBraveGirl (big blind) collected ($5.50)
Seat 5: tintin641 folded before Flop
Seat 6: Unipoker11 folded before Flop (didn't bet)



PokerStars Hand #254284585068:  Hold'em No Limit ($0.50/$1.00 USD) - 2025/01/09 21:23:42 WET [2025/01/09 16:23:42 ET]
Table 'Lagrangea III' 6-max Seat #3 is the button
Seat 1: MarekStarts ($0 in chips) is sitting out
Seat 2: XneferX ($136.72 in chips) 
Seat 3: LuckyShikari ($192.99 in chips) 
Seat 4: TheBraveGirl ($103 in chips) 
Seat 5: tintin641 ($100 in chips) 
Seat 6: Unipoker11 ($179.08 in chips) 
TheBraveGirl: posts small blind $0.50
tintin641: posts big blind $1
*** HOLE CARDS ***
Unipoker11: folds 
XneferX: raises $1.20 to $2.20
LuckyShikari: folds 
TheBraveGirl: folds 
tintin641: folds 
Uncalled bet ($1.20) returned to XneferX
XneferX collected $2.50 from pot
XneferX: doesn't show hand 
*** SUMMARY ***
Total pot $2.50 | Rake $0 
Seat 1: MarekStarts
Seat 2: XneferX collected ($2.50)
Seat 3: LuckyShikari (button) folded before Flop (didn't bet)
Seat 4: TheBraveGirl (small blind) folded before Flop
Seat 5: tintin641 (big blind) folded before Flop
Seat 6: Unipoker11 folded before Flop (didn't bet)



PokerStars Hand #254284591652:  Hold'em No Limit ($0.50/$1.00 USD) - 2025/01/09 21:24:00 WET [2025/01/09 16:24:00 ET]
Table 'Lagrangea III' 6-max Seat #4 is the button
Seat 1: MarekStarts ($0 in chips) is sitting out
Seat 2: XneferX ($138.22 in chips) 
Seat 3: LuckyShikari ($192.99 in chips) 
Seat 4: TheBraveGirl ($102.50 in chips) 
Seat 5: tintin641 ($100 in chips) 
Seat 6: Unipoker11 ($179.08 in chips) 
tintin641: posts small blind $0.50
Unipoker11: posts big blind $1
*** HOLE CARDS ***
XneferX: raises $1.20 to $2.20
LuckyShikari: folds 
TheBraveGirl: folds 
tintin641: folds 
Unipoker11: folds 
Uncalled bet ($1.20) returned to XneferX
XneferX collected $2.50 from pot
XneferX: doesn't show hand 
*** SUMMARY ***
Total pot $2.50 | Rake $0 
Seat 1: MarekStarts
Seat 2: XneferX collected ($2.50)
Seat 3: LuckyShikari folded before Flop (didn't bet)
Seat 4: TheBraveGirl (button) folded before Flop (didn't bet)
Seat 5: tintin641 (small blind) folded before Flop
Seat 6: Unipoker11 (big blind) folded before Flop



PokerStars Hand #254284597508:  Hold'em No Limit ($0.50/$1.00 USD) - 2025/01/09 21:24:17 WET [2025/01/09 16:24:17 ET]
Table 'Lagrangea III' 6-max Seat #5 is the button
Seat 1: MarekStarts ($0 in chips) is sitting out
Seat 2: XneferX ($139.72 in chips) 
Seat 3: LuckyShikari ($192.99 in chips) 
Seat 4: TheBraveGirl ($102.50 in chips) 
Seat 5: tintin641 ($100 in chips) 
Seat 6: Unipoker11 ($178.08 in chips) 
Unipoker11: posts small blind $0.50
XneferX: posts big blind $1
*** HOLE CARDS ***
LuckyShikari: raises $1.25 to $2.25
TheBraveGirl: raises $5.25 to $7.50
tintin641: folds 
Unipoker11: folds 
XneferX: raises $14.50 to $22
LuckyShikari: folds 
TheBraveGirl: folds 
Uncalled bet ($14.50) returned to XneferX
LuckyShikari leaves the table
XneferX collected $17.75 from pot
MarekStarts leaves the table
XneferX: doesn't show hand 
*** SUMMARY ***
Total pot $17.75 | Rake $0 
Seat 1: MarekStarts
Seat 2: XneferX (big blind) collected ($17.75)
Seat 3: LuckyShikari folded before Flop
Seat 4: TheBraveGirl folded before Flop
Seat 5: tintin641 (button) folded before Flop (didn't bet)
Seat 6: Unipoker11 (small blind) folded before Flop



PokerStars Hand #254284611821:  Hold'em No Limit ($0.50/$1.00 USD) - 2025/01/09 21:24:57 WET [2025/01/09 16:24:57 ET]
Table 'Lagrangea III' 6-max Seat #2 is the button
Seat 4: TheBraveGirl ($100 in chips) is sitting out
Seat 5: tintin641 ($100 in chips) is sitting out
Seat 2: XneferX ($149.97 in chips) 
Seat 6: Unipoker11 ($177.58 in chips) 
XneferX: posts small blind $0.50
TheBraveGirl: is sitting out 
tintin641: is sitting out 
Unipoker11: posts big blind $1
*** HOLE CARDS ***
tintin641 leaves the table
XneferX: folds 
Uncalled bet ($0.50) returned to Unipoker11
TheBraveGirl leaves the table
Unipoker11 collected $1 from pot
Unipoker11: doesn't show hand 
*** SUMMARY ***
Total pot $1 | Rake $0 
Seat 4: TheBraveGirl
Seat 5: tintin641
Seat 2: XneferX (button) (small blind) folded before Flop
Seat 6: Unipoker11 (big blind) collected ($1)



PokerStars Hand #254284614411:  Hold'em No Limit ($0.50/$1.00 USD) - 2025/01/09 21:25:05 WET [2025/01/09 16:25:05 ET]
Table 'Lagrangea III' 6-max Seat #6 is the button
Seat 2: XneferX ($149.47 in chips) 
Seat 6: Unipoker11 ($178.08 in chips) 
Unipoker11: posts small blind $0.50
XneferX: posts big blind $1
*** HOLE CARDS ***
Unipoker11: folds 
Uncalled bet ($0.50) returned to XneferX
XneferX collected $1 from pot
XneferX: doesn't show hand 
*** SUMMARY ***
Total pot $1 | Rake $0 
Seat 2: XneferX (big blind) collected ($1)
Seat 6: Unipoker11 (button) (small blind) folded before Flop



