PokerStars Hand #254279937690:  Hold'em No Limit ($0.50/$1.00 USD) - 2025/01/09 17:05:34 WET [2025/01/09 12:05:34 ET]
Table 'Adelaide III' 6-max Seat #4 is the button
Seat 1: Unipoker11 ($100 in chips) 
Seat 2: YeeesMan ($100 in chips) 
Seat 3: nastja336 ($101.50 in chips) 
Seat 4: sta$igk ($117.96 in chips) 
Seat 6: derek5858 ($100 in chips) 
derek5858: posts small blind $0.50
Unipoker11: posts big blind $1
*** HOLE CARDS ***
YeeesMan: raises $1.50 to $2.50
nastja336: folds 
sta$igk: folds 
derek5858: folds 
Unipoker11: calls $1.50
*** FLOP *** [8s 9c 5s]
Unipoker11: checks 
YeeesMan: checks 
*** TURN *** [8s 9c 5s] [Js]
nastja336 leaves the table
Unipoker11: bets $3.50
YeeesMan: calls $3.50
*** RIVER *** [8s 9c 5s Js] [Qc]
Unipoker11: checks 
YeeesMan: checks 
*** SHOW DOWN ***
Unipoker11: shows [Tc 8c] (a straight, Eight to Queen)
YeeesMan: mucks hand 
Unipoker11 collected $11.88 from pot
*** SUMMARY ***
Total pot $12.50 | Rake $0.62 
Board [8s 9c 5s Js Qc]
Seat 1: Unipoker11 (big blind) showed [Tc 8c] and won ($11.88) with a straight, Eight to Queen
Seat 2: YeeesMan mucked
Seat 3: nastja336 folded before Flop (didn't bet)
Seat 4: sta$igk (button) folded before Flop (didn't bet)
Seat 6: derek5858 (small blind) folded before Flop



PokerStars Hand #254279962525:  Hold'em No Limit ($0.50/$1.00 USD) - 2025/01/09 17:07:14 WET [2025/01/09 12:07:14 ET]
Table 'Adelaide III' 6-max Seat #1 is the button
Seat 2: YeeesMan ($100 in chips) is sitting out
Seat 4: sta$igk ($117.96 in chips) is sitting out
Seat 1: Unipoker11 ($105.88 in chips) 
Seat 6: derek5858 ($100 in chips) 
Unipoker11: posts small blind $0.50
YeeesMan: is sitting out 
sta$igk: is sitting out 
derek5858: posts big blind $1
*** HOLE CARDS ***
Unipoker11: folds 
Uncalled bet ($0.50) returned to derek5858
sta$igk leaves the table
derek5858 collected $1 from pot
YeeesMan leaves the table
*** SUMMARY ***
Total pot $1 | Rake $0 
Seat 2: YeeesMan
Seat 4: sta$igk
Seat 1: Unipoker11 (button) (small blind) folded before Flop
Seat 6: derek5858 (big blind) collected ($1)



PokerStars Hand #254279964150:  Hold'em No Limit ($0.50/$1.00 USD) - 2025/01/09 17:07:21 WET [2025/01/09 12:07:21 ET]
Table 'Adelaide III' 6-max Seat #6 is the button
Seat 1: Unipoker11 ($105.38 in chips) 
Seat 6: derek5858 ($100.50 in chips) 
derek5858: posts small blind $0.50
Unipoker11: posts big blind $1
*** HOLE CARDS ***
derek5858: folds 
Uncalled bet ($0.50) returned to Unipoker11
Unipoker11 collected $1 from pot
Unipoker11: doesn't show hand 
*** SUMMARY ***
Total pot $1 | Rake $0 
Seat 1: Unipoker11 (big blind) collected ($1)
Seat 6: derek5858 (button) (small blind) folded before Flop



PokerStars Hand #254279790360:  Hold'em No Limit ($0.50/$1.00 USD) - 2025/01/09 16:54:05 WET [2025/01/09 11:54:05 ET]
Table 'Adelaide III' 6-max Seat #3 is the button
Seat 1: riky lorenzo ($100 in chips) 
Seat 2: YeeesMan ($100 in chips) 
Seat 3: nastja336 ($100 in chips) 
Seat 4: sta$igk ($100 in chips) 
Seat 5: AIien Hand ($100 in chips) 
Seat 6: ReVeu710 ($100 in chips) 
sta$igk: posts small blind $0.50
AIien Hand: posts big blind $1
*** HOLE CARDS ***
ReVeu710: folds 
riky lorenzo: folds 
YeeesMan: folds 
nastja336: raises $1.50 to $2.50
sta$igk: raises $8.50 to $11
AIien Hand: folds 
nastja336: folds 
Uncalled bet ($8.50) returned to sta$igk
sta$igk collected $6 from pot
sta$igk: doesn't show hand 
*** SUMMARY ***
Total pot $6 | Rake $0 
Seat 1: riky lorenzo folded before Flop (didn't bet)
Seat 2: YeeesMan folded before Flop (didn't bet)
Seat 3: nastja336 (button) folded before Flop
Seat 4: sta$igk (small blind) collected ($6)
Seat 5: AIien Hand (big blind) folded before Flop
Seat 6: ReVeu710 folded before Flop (didn't bet)



PokerStars Hand #254279795492:  Hold'em No Limit ($0.50/$1.00 USD) - 2025/01/09 16:54:26 WET [2025/01/09 11:54:26 ET]
Table 'Adelaide III' 6-max Seat #4 is the button
Seat 1: riky lorenzo ($100 in chips) 
Seat 2: YeeesMan ($100 in chips) 
Seat 3: nastja336 ($100 in chips) 
Seat 4: sta$igk ($103.50 in chips) 
Seat 5: AIien Hand ($100 in chips) 
Seat 6: ReVeu710 ($100 in chips) 
AIien Hand: posts small blind $0.50
ReVeu710: posts big blind $1
*** HOLE CARDS ***
riky lorenzo: folds 
YeeesMan: folds 
nastja336: folds 
sta$igk: folds 
AIien Hand: folds 
Uncalled bet ($0.50) returned to ReVeu710
ReVeu710 collected $1 from pot
ReVeu710: doesn't show hand 
*** SUMMARY ***
Total pot $1 | Rake $0 
Seat 1: riky lorenzo folded before Flop (didn't bet)
Seat 2: YeeesMan folded before Flop (didn't bet)
Seat 3: nastja336 folded before Flop (didn't bet)
Seat 4: sta$igk (button) folded before Flop (didn't bet)
Seat 5: AIien Hand (small blind) folded before Flop
Seat 6: ReVeu710 (big blind) collected ($1)



PokerStars Hand #254279799363:  Hold'em No Limit ($0.50/$1.00 USD) - 2025/01/09 16:54:41 WET [2025/01/09 11:54:41 ET]
Table 'Adelaide III' 6-max Seat #5 is the button
Seat 1: riky lorenzo ($100 in chips) 
Seat 2: YeeesMan ($100 in chips) 
Seat 3: nastja336 ($100 in chips) 
Seat 4: sta$igk ($103.50 in chips) 
Seat 5: AIien Hand ($100 in chips) 
Seat 6: ReVeu710 ($100.50 in chips) 
ReVeu710: posts small blind $0.50
riky lorenzo: posts big blind $1
*** HOLE CARDS ***
YeeesMan: folds 
nastja336: folds 
sta$igk: folds 
AIien Hand: folds 
ReVeu710: folds 
Uncalled bet ($0.50) returned to riky lorenzo
riky lorenzo collected $1 from pot
*** SUMMARY ***
Total pot $1 | Rake $0 
Seat 1: riky lorenzo (big blind) collected ($1)
Seat 2: YeeesMan folded before Flop (didn't bet)
Seat 3: nastja336 folded before Flop (didn't bet)
Seat 4: sta$igk folded before Flop (didn't bet)
Seat 5: AIien Hand (button) folded before Flop (didn't bet)
Seat 6: ReVeu710 (small blind) folded before Flop



PokerStars Hand #254279801871:  Hold'em No Limit ($0.50/$1.00 USD) - 2025/01/09 16:54:52 WET [2025/01/09 11:54:52 ET]
Table 'Adelaide III' 6-max Seat #6 is the button
Seat 1: riky lorenzo ($100.50 in chips) 
Seat 2: YeeesMan ($100 in chips) 
Seat 3: nastja336 ($100 in chips) 
Seat 4: sta$igk ($103.50 in chips) 
Seat 5: AIien Hand ($100 in chips) 
Seat 6: ReVeu710 ($100 in chips) 
riky lorenzo: posts small blind $0.50
YeeesMan: posts big blind $1
*** HOLE CARDS ***
nastja336: raises $1.50 to $2.50
sta$igk: folds 
AIien Hand: folds 
ReVeu710: folds 
riky lorenzo: folds 
YeeesMan: folds 
Uncalled bet ($1.50) returned to nastja336
nastja336 collected $2.50 from pot
nastja336: doesn't show hand 
*** SUMMARY ***
Total pot $2.50 | Rake $0 
Seat 1: riky lorenzo (small blind) folded before Flop
Seat 2: YeeesMan (big blind) folded before Flop
Seat 3: nastja336 collected ($2.50)
Seat 4: sta$igk folded before Flop (didn't bet)
Seat 5: AIien Hand folded before Flop (didn't bet)
Seat 6: ReVeu710 (button) folded before Flop (didn't bet)



PokerStars Hand #254279806172:  Hold'em No Limit ($0.50/$1.00 USD) - 2025/01/09 16:55:11 WET [2025/01/09 11:55:11 ET]
Table 'Adelaide III' 6-max Seat #1 is the button
Seat 1: riky lorenzo ($100 in chips) 
Seat 2: YeeesMan ($100 in chips) 
Seat 3: nastja336 ($101.50 in chips) 
Seat 4: sta$igk ($103.50 in chips) 
Seat 5: AIien Hand ($100 in chips) 
Seat 6: ReVeu710 ($100 in chips) 
YeeesMan: posts small blind $0.50
nastja336: posts big blind $1
*** HOLE CARDS ***
sta$igk: folds 
AIien Hand: raises $1.20 to $2.20
ReVeu710: folds 
riky lorenzo: calls $2.20
YeeesMan: folds 
nastja336: folds 
*** FLOP *** [6d 8s 2c]
AIien Hand: checks 
riky lorenzo: checks 
*** TURN *** [6d 8s 2c] [4c]
AIien Hand: bets $4.03
riky lorenzo: folds 
Uncalled bet ($4.03) returned to AIien Hand
AIien Hand collected $5.60 from pot
AIien Hand: doesn't show hand 
*** SUMMARY ***
Total pot $5.90 | Rake $0.30 
Board [6d 8s 2c 4c]
Seat 1: riky lorenzo (button) folded on the Turn
Seat 2: YeeesMan (small blind) folded before Flop
Seat 3: nastja336 (big blind) folded before Flop
Seat 4: sta$igk folded before Flop (didn't bet)
Seat 5: AIien Hand collected ($5.60)
Seat 6: ReVeu710 folded before Flop (didn't bet)



PokerStars Hand #254279815457:  Hold'em No Limit ($0.50/$1.00 USD) - 2025/01/09 16:56:01 WET [2025/01/09 11:56:01 ET]
Table 'Adelaide III' 6-max Seat #2 is the button
Seat 6: ReVeu710 ($100 in chips) is sitting out
Seat 1: riky lorenzo ($97.80 in chips) 
Seat 2: YeeesMan ($100 in chips) 
Seat 3: nastja336 ($100.50 in chips) 
Seat 4: sta$igk ($103.50 in chips) 
Seat 5: AIien Hand ($103.40 in chips) 
nastja336: posts small blind $0.50
sta$igk: posts big blind $1
*** HOLE CARDS ***
AIien Hand: folds 
riky lorenzo: folds 
YeeesMan: raises $1.50 to $2.50
nastja336: folds 
sta$igk: folds 
Uncalled bet ($1.50) returned to YeeesMan
YeeesMan collected $2.50 from pot
YeeesMan: doesn't show hand 
*** SUMMARY ***
Total pot $2.50 | Rake $0 
Seat 6: ReVeu710
Seat 1: riky lorenzo folded before Flop (didn't bet)
Seat 2: YeeesMan (button) collected ($2.50)
Seat 3: nastja336 (small blind) folded before Flop
Seat 4: sta$igk (big blind) folded before Flop
Seat 5: AIien Hand folded before Flop (didn't bet)



PokerStars Hand #254279818806:  Hold'em No Limit ($0.50/$1.00 USD) - 2025/01/09 16:56:19 WET [2025/01/09 11:56:19 ET]
Table 'Adelaide III' 6-max Seat #3 is the button
Seat 6: ReVeu710 ($100 in chips) is sitting out
Seat 1: riky lorenzo ($97.80 in chips) 
Seat 2: YeeesMan ($101.50 in chips) 
Seat 3: nastja336 ($100 in chips) 
Seat 4: sta$igk ($102.50 in chips) 
Seat 5: AIien Hand ($103.40 in chips) 
sta$igk: posts small blind $0.50
AIien Hand: posts big blind $1
*** HOLE CARDS ***
riky lorenzo: calls $1
YeeesMan: raises $2.50 to $3.50
nastja336: folds 
sta$igk: folds 
AIien Hand: folds 
riky lorenzo: calls $2.50
*** FLOP *** [Jc 7s 4d]
riky lorenzo: checks 
YeeesMan: bets $6.06
riky lorenzo: folds 
Uncalled bet ($6.06) returned to YeeesMan
YeeesMan collected $8.08 from pot
YeeesMan: doesn't show hand 
*** SUMMARY ***
Total pot $8.50 | Rake $0.42 
Board [Jc 7s 4d]
Seat 6: ReVeu710
Seat 1: riky lorenzo folded on the Flop
Seat 2: YeeesMan collected ($8.08)
Seat 3: nastja336 (button) folded before Flop (didn't bet)
Seat 4: sta$igk (small blind) folded before Flop
Seat 5: AIien Hand (big blind) folded before Flop



PokerStars Hand #254279823945:  Hold'em No Limit ($0.50/$1.00 USD) - 2025/01/09 16:56:47 WET [2025/01/09 11:56:47 ET]
Table 'Adelaide III' 6-max Seat #4 is the button
Seat 6: ReVeu710 ($100 in chips) is sitting out
Seat 1: riky lorenzo ($94.30 in chips) 
Seat 2: YeeesMan ($106.08 in chips) 
Seat 3: nastja336 ($100 in chips) 
Seat 4: sta$igk ($102 in chips) 
Seat 5: AIien Hand ($102.40 in chips) 
AIien Hand: posts small blind $0.50
riky lorenzo: posts big blind $1
*** HOLE CARDS ***
YeeesMan: folds 
nastja336: raises $1.50 to $2.50
sta$igk: folds 
AIien Hand: calls $2
riky lorenzo: folds 
*** FLOP *** [Jd 4d 3s]
AIien Hand: checks 
nastja336: bets $1.88
AIien Hand: folds 
Uncalled bet ($1.88) returned to nastja336
nastja336 collected $5.70 from pot
nastja336: doesn't show hand 
*** SUMMARY ***
Total pot $6 | Rake $0.30 
Board [Jd 4d 3s]
Seat 6: ReVeu710
Seat 1: riky lorenzo (big blind) folded before Flop
Seat 2: YeeesMan folded before Flop (didn't bet)
Seat 3: nastja336 collected ($5.70)
Seat 4: sta$igk (button) folded before Flop (didn't bet)
Seat 5: AIien Hand (small blind) folded on the Flop



PokerStars Hand #254279830773:  Hold'em No Limit ($0.50/$1.00 USD) - 2025/01/09 16:57:24 WET [2025/01/09 11:57:24 ET]
Table 'Adelaide III' 6-max Seat #5 is the button
Seat 6: ReVeu710 ($100 in chips) is sitting out
Seat 1: riky lorenzo ($93.30 in chips) 
Seat 2: YeeesMan ($106.08 in chips) 
Seat 3: nastja336 ($103.20 in chips) 
Seat 4: sta$igk ($102 in chips) 
Seat 5: AIien Hand ($100 in chips) 
riky lorenzo: posts small blind $0.50
YeeesMan: posts big blind $1
*** HOLE CARDS ***
nastja336: raises $1.50 to $2.50
sta$igk: folds 
AIien Hand: folds 
riky lorenzo: folds 
YeeesMan: folds 
Uncalled bet ($1.50) returned to nastja336
nastja336 collected $2.50 from pot
nastja336: doesn't show hand 
*** SUMMARY ***
Total pot $2.50 | Rake $0 
Seat 6: ReVeu710
Seat 1: riky lorenzo (small blind) folded before Flop
Seat 2: YeeesMan (big blind) folded before Flop
Seat 3: nastja336 collected ($2.50)
Seat 4: sta$igk folded before Flop (didn't bet)
Seat 5: AIien Hand (button) folded before Flop (didn't bet)



PokerStars Hand #254279833366:  Hold'em No Limit ($0.50/$1.00 USD) - 2025/01/09 16:57:38 WET [2025/01/09 11:57:38 ET]
Table 'Adelaide III' 6-max Seat #1 is the button
Seat 6: ReVeu710 ($100 in chips) is sitting out
Seat 1: riky lorenzo ($92.80 in chips) 
Seat 2: YeeesMan ($105.08 in chips) 
Seat 3: nastja336 ($104.70 in chips) 
Seat 4: sta$igk ($102 in chips) 
Seat 5: AIien Hand ($100 in chips) 
YeeesMan: posts small blind $0.50
nastja336: posts big blind $1
*** HOLE CARDS ***
sta$igk: raises $1.50 to $2.50
AIien Hand: folds 
riky lorenzo: calls $2.50
YeeesMan: folds 
nastja336: folds 
*** FLOP *** [4d Jd 8c]
sta$igk: checks 
riky lorenzo: checks 
*** TURN *** [4d Jd 8c] [Qh]
sta$igk: bets $4.64
riky lorenzo: folds 
Uncalled bet ($4.64) returned to sta$igk
sta$igk collected $6.18 from pot
sta$igk: doesn't show hand 
*** SUMMARY ***
Total pot $6.50 | Rake $0.32 
Board [4d Jd 8c Qh]
Seat 6: ReVeu710
Seat 1: riky lorenzo (button) folded on the Turn
Seat 2: YeeesMan (small blind) folded before Flop
Seat 3: nastja336 (big blind) folded before Flop
Seat 4: sta$igk collected ($6.18)
Seat 5: AIien Hand folded before Flop (didn't bet)



PokerStars Hand #254279838486:  Hold'em No Limit ($0.50/$1.00 USD) - 2025/01/09 16:58:05 WET [2025/01/09 11:58:05 ET]
Table 'Adelaide III' 6-max Seat #2 is the button
Seat 6: ReVeu710 ($100 in chips) is sitting out
Seat 1: riky lorenzo ($90.30 in chips) 
Seat 2: YeeesMan ($104.58 in chips) 
Seat 3: nastja336 ($103.70 in chips) 
Seat 4: sta$igk ($105.68 in chips) 
Seat 5: AIien Hand ($100 in chips) 
nastja336: posts small blind $0.50
sta$igk: posts big blind $1
*** HOLE CARDS ***
AIien Hand: folds 
riky lorenzo: folds 
YeeesMan: raises $1.50 to $2.50
nastja336: raises $9.50 to $12
sta$igk: folds 
YeeesMan: folds 
Uncalled bet ($9.50) returned to nastja336
nastja336 collected $6 from pot
nastja336: doesn't show hand 
*** SUMMARY ***
Total pot $6 | Rake $0 
Seat 6: ReVeu710
Seat 1: riky lorenzo folded before Flop (didn't bet)
Seat 2: YeeesMan (button) folded before Flop
Seat 3: nastja336 (small blind) collected ($6)
Seat 4: sta$igk (big blind) folded before Flop
Seat 5: AIien Hand folded before Flop (didn't bet)



PokerStars Hand #254279842116:  Hold'em No Limit ($0.50/$1.00 USD) - 2025/01/09 16:58:24 WET [2025/01/09 11:58:24 ET]
Table 'Adelaide III' 6-max Seat #3 is the button
Seat 6: ReVeu710 ($100 in chips) is sitting out
Seat 1: riky lorenzo ($90.30 in chips) 
Seat 2: YeeesMan ($102.08 in chips) 
Seat 3: nastja336 ($107.20 in chips) 
Seat 4: sta$igk ($104.68 in chips) 
Seat 5: AIien Hand ($100 in chips) 
sta$igk: posts small blind $0.50
AIien Hand: posts big blind $1
*** HOLE CARDS ***
riky lorenzo: folds 
YeeesMan: folds 
nastja336: folds 
sta$igk: folds 
Uncalled bet ($0.50) returned to AIien Hand
AIien Hand collected $1 from pot
AIien Hand: doesn't show hand 
*** SUMMARY ***
Total pot $1 | Rake $0 
Seat 6: ReVeu710
Seat 1: riky lorenzo folded before Flop (didn't bet)
Seat 2: YeeesMan folded before Flop (didn't bet)
Seat 3: nastja336 (button) folded before Flop (didn't bet)
Seat 4: sta$igk (small blind) folded before Flop
Seat 5: AIien Hand (big blind) collected ($1)



PokerStars Hand #254279843604:  Hold'em No Limit ($0.50/$1.00 USD) - 2025/01/09 16:58:32 WET [2025/01/09 11:58:32 ET]
Table 'Adelaide III' 6-max Seat #4 is the button
Seat 6: ReVeu710 ($100 in chips) is sitting out
Seat 1: riky lorenzo ($90.30 in chips) 
Seat 2: YeeesMan ($102.08 in chips) 
Seat 3: nastja336 ($107.20 in chips) 
Seat 4: sta$igk ($104.18 in chips) 
Seat 5: AIien Hand ($100.50 in chips) 
AIien Hand: posts small blind $0.50
riky lorenzo: posts big blind $1
*** HOLE CARDS ***
YeeesMan: folds 
nastja336: raises $1.50 to $2.50
sta$igk: folds 
AIien Hand: folds 
riky lorenzo: calls $1.50
*** FLOP *** [Ad 9s 2h]
riky lorenzo: checks 
nastja336: bets $1.72
riky lorenzo: calls $1.72
*** TURN *** [Ad 9s 2h] [3s]
riky lorenzo: checks 
nastja336: checks 
*** RIVER *** [Ad 9s 2h 3s] [As]
riky lorenzo: checks 
nastja336: checks 
*** SHOW DOWN ***
riky lorenzo: shows [4s 4d] (two pair, Aces and Fours)
nastja336: mucks hand 
riky lorenzo collected $8.49 from pot
*** SUMMARY ***
Total pot $8.94 | Rake $0.45 
Board [Ad 9s 2h 3s As]
Seat 6: ReVeu710
Seat 1: riky lorenzo (big blind) showed [4s 4d] and won ($8.49) with two pair, Aces and Fours
Seat 2: YeeesMan folded before Flop (didn't bet)
Seat 3: nastja336 mucked
Seat 4: sta$igk (button) folded before Flop (didn't bet)
Seat 5: AIien Hand (small blind) folded before Flop



PokerStars Hand #254279849047:  Hold'em No Limit ($0.50/$1.00 USD) - 2025/01/09 16:59:02 WET [2025/01/09 11:59:02 ET]
Table 'Adelaide III' 6-max Seat #5 is the button
Seat 6: ReVeu710 ($100 in chips) is sitting out
Seat 1: riky lorenzo ($94.57 in chips) 
Seat 2: YeeesMan ($102.08 in chips) 
Seat 3: nastja336 ($102.98 in chips) 
Seat 4: sta$igk ($104.18 in chips) 
Seat 5: AIien Hand ($100 in chips) 
riky lorenzo: posts small blind $0.50
YeeesMan: posts big blind $1
*** HOLE CARDS ***
nastja336: folds 
sta$igk: raises $1.50 to $2.50
AIien Hand: folds 
riky lorenzo: calls $2
YeeesMan: calls $1.50
*** FLOP *** [5s 7s 3h]
riky lorenzo: checks 
YeeesMan: checks 
sta$igk: checks 
*** TURN *** [5s 7s 3h] [5d]
riky lorenzo: checks 
YeeesMan: checks 
sta$igk: checks 
*** RIVER *** [5s 7s 3h 5d] [2d]
riky lorenzo: checks 
YeeesMan: bets $10.68
sta$igk: folds 
riky lorenzo: folds 
Uncalled bet ($10.68) returned to YeeesMan
YeeesMan collected $7.12 from pot
YeeesMan: doesn't show hand 
*** SUMMARY ***
Total pot $7.50 | Rake $0.38 
Board [5s 7s 3h 5d 2d]
Seat 6: ReVeu710
Seat 1: riky lorenzo (small blind) folded on the River
Seat 2: YeeesMan (big blind) collected ($7.12)
Seat 3: nastja336 folded before Flop (didn't bet)
Seat 4: sta$igk folded on the River
Seat 5: AIien Hand (button) folded before Flop (didn't bet)



PokerStars Hand #254279861673:  Hold'em No Limit ($0.50/$1.00 USD) - 2025/01/09 17:00:09 WET [2025/01/09 12:00:09 ET]
Table 'Adelaide III' 6-max Seat #1 is the button
Seat 6: ReVeu710 ($100 in chips) is sitting out
Seat 1: riky lorenzo ($92.07 in chips) 
Seat 2: YeeesMan ($106.70 in chips) 
Seat 3: nastja336 ($102.98 in chips) 
Seat 4: sta$igk ($101.68 in chips) 
Seat 5: AIien Hand ($100 in chips) 
YeeesMan: posts small blind $0.50
nastja336: posts big blind $1
*** HOLE CARDS ***
sta$igk: folds 
AIien Hand: raises $2 to $3
riky lorenzo: folds 
YeeesMan: folds 
nastja336: folds 
Uncalled bet ($2) returned to AIien Hand
AIien Hand collected $2.50 from pot
AIien Hand: doesn't show hand 
*** SUMMARY ***
Total pot $2.50 | Rake $0 
Seat 6: ReVeu710
Seat 1: riky lorenzo (button) folded before Flop (didn't bet)
Seat 2: YeeesMan (small blind) folded before Flop
Seat 3: nastja336 (big blind) folded before Flop
Seat 4: sta$igk folded before Flop (didn't bet)
Seat 5: AIien Hand collected ($2.50)



PokerStars Hand #254279865085:  Hold'em No Limit ($0.50/$1.00 USD) - 2025/01/09 17:00:27 WET [2025/01/09 12:00:27 ET]
Table 'Adelaide III' 6-max Seat #2 is the button
Seat 6: ReVeu710 ($100 in chips) is sitting out
Seat 1: riky lorenzo ($92.07 in chips) 
Seat 2: YeeesMan ($106.20 in chips) 
Seat 3: nastja336 ($101.98 in chips) 
Seat 4: sta$igk ($101.68 in chips) 
Seat 5: AIien Hand ($101.50 in chips) 
nastja336: posts small blind $0.50
sta$igk: posts big blind $1
*** HOLE CARDS ***
AIien Hand: folds 
riky lorenzo: folds 
YeeesMan: folds 
nastja336: folds 
Uncalled bet ($0.50) returned to sta$igk
sta$igk collected $1 from pot
sta$igk: doesn't show hand 
*** SUMMARY ***
Total pot $1 | Rake $0 
Seat 6: ReVeu710
Seat 1: riky lorenzo folded before Flop (didn't bet)
Seat 2: YeeesMan (button) folded before Flop (didn't bet)
Seat 3: nastja336 (small blind) folded before Flop
Seat 4: sta$igk (big blind) collected ($1)
Seat 5: AIien Hand folded before Flop (didn't bet)



PokerStars Hand #254279867748:  Hold'em No Limit ($0.50/$1.00 USD) - 2025/01/09 17:00:40 WET [2025/01/09 12:00:40 ET]
Table 'Adelaide III' 6-max Seat #3 is the button
Seat 6: ReVeu710 ($100 in chips) is sitting out
Seat 1: riky lorenzo ($92.07 in chips) 
Seat 2: YeeesMan ($106.20 in chips) 
Seat 3: nastja336 ($101.48 in chips) 
Seat 4: sta$igk ($102.18 in chips) 
Seat 5: AIien Hand ($101.50 in chips) 
sta$igk: posts small blind $0.50
AIien Hand: posts big blind $1
*** HOLE CARDS ***
riky lorenzo: folds 
YeeesMan: folds 
nastja336: folds 
sta$igk: folds 
Uncalled bet ($0.50) returned to AIien Hand
AIien Hand collected $1 from pot
AIien Hand: doesn't show hand 
*** SUMMARY ***
Total pot $1 | Rake $0 
Seat 6: ReVeu710
Seat 1: riky lorenzo folded before Flop (didn't bet)
Seat 2: YeeesMan folded before Flop (didn't bet)
Seat 3: nastja336 (button) folded before Flop (didn't bet)
Seat 4: sta$igk (small blind) folded before Flop
Seat 5: AIien Hand (big blind) collected ($1)



PokerStars Hand #254279870927:  Hold'em No Limit ($0.50/$1.00 USD) - 2025/01/09 17:00:56 WET [2025/01/09 12:00:56 ET]
Table 'Adelaide III' 6-max Seat #4 is the button
Seat 6: ReVeu710 ($100 in chips) is sitting out
Seat 1: riky lorenzo ($92.07 in chips) 
Seat 2: YeeesMan ($106.20 in chips) 
Seat 3: nastja336 ($101.48 in chips) 
Seat 4: sta$igk ($101.68 in chips) 
Seat 5: AIien Hand ($102 in chips) 
AIien Hand: posts small blind $0.50
riky lorenzo: posts big blind $1
*** HOLE CARDS ***
YeeesMan: folds 
nastja336: raises $1.50 to $2.50
sta$igk: folds 
AIien Hand: folds 
riky lorenzo: calls $1.50
*** FLOP *** [4d 3h Th]
ReVeu710 leaves the table
derek5858 joins the table at seat #6 
riky lorenzo: checks 
nastja336: bets $7.50
riky lorenzo: folds 
Uncalled bet ($7.50) returned to nastja336
nastja336 collected $5.22 from pot
nastja336: doesn't show hand 
*** SUMMARY ***
Total pot $5.50 | Rake $0.28 
Board [4d 3h Th]
Seat 6: ReVeu710
Seat 1: riky lorenzo (big blind) folded on the Flop
Seat 2: YeeesMan folded before Flop (didn't bet)
Seat 3: nastja336 collected ($5.22)
Seat 4: sta$igk (button) folded before Flop (didn't bet)
Seat 5: AIien Hand (small blind) folded before Flop



PokerStars Hand #254279878238:  Hold'em No Limit ($0.50/$1.00 USD) - 2025/01/09 17:01:29 WET [2025/01/09 12:01:29 ET]
Table 'Adelaide III' 6-max Seat #5 is the button
Seat 6: derek5858 ($100 in chips) is sitting out
Seat 1: riky lorenzo ($89.57 in chips) 
Seat 2: YeeesMan ($106.20 in chips) 
Seat 3: nastja336 ($104.20 in chips) 
Seat 4: sta$igk ($101.68 in chips) 
Seat 5: AIien Hand ($101.50 in chips) 
riky lorenzo: posts small blind $0.50
YeeesMan: posts big blind $1
*** HOLE CARDS ***
nastja336: folds 
sta$igk: folds 
AIien Hand: folds 
riky lorenzo: folds 
Uncalled bet ($0.50) returned to YeeesMan
YeeesMan collected $1 from pot
YeeesMan: doesn't show hand 
*** SUMMARY ***
Total pot $1 | Rake $0 
Seat 6: derek5858
Seat 1: riky lorenzo (small blind) folded before Flop
Seat 2: YeeesMan (big blind) collected ($1)
Seat 3: nastja336 folded before Flop (didn't bet)
Seat 4: sta$igk folded before Flop (didn't bet)
Seat 5: AIien Hand (button) folded before Flop (didn't bet)



PokerStars Hand #254279881018:  Hold'em No Limit ($0.50/$1.00 USD) - 2025/01/09 17:01:41 WET [2025/01/09 12:01:41 ET]
Table 'Adelaide III' 6-max Seat #1 is the button
Seat 6: derek5858 ($100 in chips) is sitting out
Seat 1: riky lorenzo ($89.07 in chips) 
Seat 2: YeeesMan ($106.70 in chips) 
Seat 3: nastja336 ($104.20 in chips) 
Seat 4: sta$igk ($101.68 in chips) 
Seat 5: AIien Hand ($101.50 in chips) 
YeeesMan: posts small blind $0.50
nastja336: posts big blind $1
derek5858: sits out 
*** HOLE CARDS ***
sta$igk: folds 
AIien Hand: folds 
riky lorenzo: calls $1
YeeesMan: folds 
nastja336: raises $4 to $5
riky lorenzo: calls $4
*** FLOP *** [3c 3h Qc]
nastja336: bets $3.29
riky lorenzo: folds 
Uncalled bet ($3.29) returned to nastja336
nastja336 collected $9.98 from pot
nastja336: doesn't show hand 
*** SUMMARY ***
Total pot $10.50 | Rake $0.52 
Board [3c 3h Qc]
Seat 6: derek5858
Seat 1: riky lorenzo (button) folded on the Flop
Seat 2: YeeesMan (small blind) folded before Flop
Seat 3: nastja336 (big blind) collected ($9.98)
Seat 4: sta$igk folded before Flop (didn't bet)
Seat 5: AIien Hand folded before Flop (didn't bet)



PokerStars Hand #254279886215:  Hold'em No Limit ($0.50/$1.00 USD) - 2025/01/09 17:02:03 WET [2025/01/09 12:02:03 ET]
Table 'Adelaide III' 6-max Seat #2 is the button
Seat 6: derek5858 ($100 in chips) is sitting out
Seat 1: riky lorenzo ($84.07 in chips) 
Seat 2: YeeesMan ($106.20 in chips) 
Seat 3: nastja336 ($109.18 in chips) 
Seat 4: sta$igk ($101.68 in chips) 
Seat 5: AIien Hand ($101.50 in chips) 
nastja336: posts small blind $0.50
sta$igk: posts big blind $1
derek5858: sits out 
*** HOLE CARDS ***
AIien Hand: folds 
riky lorenzo: folds 
YeeesMan: folds 
nastja336: folds 
Uncalled bet ($0.50) returned to sta$igk
sta$igk collected $1 from pot
sta$igk: doesn't show hand 
*** SUMMARY ***
Total pot $1 | Rake $0 
Seat 6: derek5858
Seat 1: riky lorenzo folded before Flop (didn't bet)
Seat 2: YeeesMan (button) folded before Flop (didn't bet)
Seat 3: nastja336 (small blind) folded before Flop
Seat 4: sta$igk (big blind) collected ($1)
Seat 5: AIien Hand folded before Flop (didn't bet)



PokerStars Hand #254279889364:  Hold'em No Limit ($0.50/$1.00 USD) - 2025/01/09 17:02:15 WET [2025/01/09 12:02:15 ET]
Table 'Adelaide III' 6-max Seat #3 is the button
Seat 6: derek5858 ($100 in chips) is sitting out
Seat 1: riky lorenzo ($84.07 in chips) 
Seat 2: YeeesMan ($106.20 in chips) 
Seat 3: nastja336 ($108.68 in chips) 
Seat 4: sta$igk ($102.18 in chips) 
Seat 5: AIien Hand ($101.50 in chips) 
sta$igk: posts small blind $0.50
AIien Hand: posts big blind $1
derek5858: sits out 
*** HOLE CARDS ***
riky lorenzo: folds 
YeeesMan: folds 
nastja336: folds 
sta$igk: raises $2 to $3
AIien Hand: folds 
Uncalled bet ($2) returned to sta$igk
sta$igk collected $2 from pot
sta$igk: doesn't show hand 
*** SUMMARY ***
Total pot $2 | Rake $0 
Seat 6: derek5858
Seat 1: riky lorenzo folded before Flop (didn't bet)
Seat 2: YeeesMan folded before Flop (didn't bet)
Seat 3: nastja336 (button) folded before Flop (didn't bet)
Seat 4: sta$igk (small blind) collected ($2)
Seat 5: AIien Hand (big blind) folded before Flop



PokerStars Hand #254279894795:  Hold'em No Limit ($0.50/$1.00 USD) - 2025/01/09 17:02:39 WET [2025/01/09 12:02:39 ET]
Table 'Adelaide III' 6-max Seat #4 is the button
Seat 1: riky lorenzo ($84.07 in chips) 
Seat 2: YeeesMan ($106.20 in chips) 
Seat 3: nastja336 ($108.68 in chips) 
Seat 4: sta$igk ($103.18 in chips) 
Seat 5: AIien Hand ($100.50 in chips) 
Seat 6: derek5858 ($100 in chips) 
AIien Hand: posts small blind $0.50
derek5858: posts big blind $1
*** HOLE CARDS ***
riky lorenzo: calls $1
YeeesMan: folds 
nastja336: raises $3 to $4
sta$igk: folds 
AIien Hand: folds 
derek5858: folds 
riky lorenzo: calls $3
*** FLOP *** [4s Qc 7c]
riky lorenzo: checks 
nastja336: bets $2.98
riky lorenzo: raises $6.02 to $9
nastja336: folds 
Uncalled bet ($6.02) returned to riky lorenzo
riky lorenzo collected $14.69 from pot
*** SUMMARY ***
Total pot $15.46 | Rake $0.77 
Board [4s Qc 7c]
Seat 1: riky lorenzo collected ($14.69)
Seat 2: YeeesMan folded before Flop (didn't bet)
Seat 3: nastja336 folded on the Flop
Seat 4: sta$igk (button) folded before Flop (didn't bet)
Seat 5: AIien Hand (small blind) folded before Flop
Seat 6: derek5858 (big blind) folded before Flop



PokerStars Hand #254279904826:  Hold'em No Limit ($0.50/$1.00 USD) - 2025/01/09 17:03:21 WET [2025/01/09 12:03:21 ET]
Table 'Adelaide III' 6-max Seat #5 is the button
Seat 1: riky lorenzo ($91.78 in chips) 
Seat 2: YeeesMan ($106.20 in chips) 
Seat 3: nastja336 ($101.70 in chips) 
Seat 4: sta$igk ($103.18 in chips) 
Seat 5: AIien Hand ($100 in chips) 
Seat 6: derek5858 ($100 in chips) 
derek5858: posts small blind $0.50
riky lorenzo: posts big blind $1
*** HOLE CARDS ***
YeeesMan: folds 
nastja336: folds 
sta$igk: folds 
AIien Hand: folds 
derek5858: folds 
Uncalled bet ($0.50) returned to riky lorenzo
riky lorenzo collected $1 from pot
*** SUMMARY ***
Total pot $1 | Rake $0 
Seat 1: riky lorenzo (big blind) collected ($1)
Seat 2: YeeesMan folded before Flop (didn't bet)
Seat 3: nastja336 folded before Flop (didn't bet)
Seat 4: sta$igk folded before Flop (didn't bet)
Seat 5: AIien Hand (button) folded before Flop (didn't bet)
Seat 6: derek5858 (small blind) folded before Flop



PokerStars Hand #254279907918:  Hold'em No Limit ($0.50/$1.00 USD) - 2025/01/09 17:03:34 WET [2025/01/09 12:03:34 ET]
Table 'Adelaide III' 6-max Seat #6 is the button
Seat 1: riky lorenzo ($92.28 in chips) 
Seat 2: YeeesMan ($106.20 in chips) 
Seat 3: nastja336 ($101.70 in chips) 
Seat 4: sta$igk ($103.18 in chips) 
Seat 5: AIien Hand ($100 in chips) 
Seat 6: derek5858 ($100 in chips) 
riky lorenzo: posts small blind $0.50
YeeesMan: posts big blind $1
*** HOLE CARDS ***
nastja336: raises $1.50 to $2.50
sta$igk: raises $5.50 to $8
AIien Hand: folds 
derek5858: folds 
riky lorenzo: folds 
YeeesMan: folds 
nastja336: folds 
Uncalled bet ($5.50) returned to sta$igk
sta$igk collected $6.50 from pot
sta$igk: doesn't show hand 
*** SUMMARY ***
Total pot $6.50 | Rake $0 
Seat 1: riky lorenzo (small blind) folded before Flop
Seat 2: YeeesMan (big blind) folded before Flop
Seat 3: nastja336 folded before Flop
Seat 4: sta$igk collected ($6.50)
Seat 5: AIien Hand folded before Flop (didn't bet)
Seat 6: derek5858 (button) folded before Flop (didn't bet)



PokerStars Hand #254279911733:  Hold'em No Limit ($0.50/$1.00 USD) - 2025/01/09 17:03:50 WET [2025/01/09 12:03:50 ET]
Table 'Adelaide III' 6-max Seat #1 is the button
Seat 1: riky lorenzo ($91.78 in chips) 
Seat 2: YeeesMan ($105.20 in chips) 
Seat 3: nastja336 ($100 in chips) 
Seat 4: sta$igk ($107.18 in chips) 
Seat 5: AIien Hand ($100 in chips) 
Seat 6: derek5858 ($100 in chips) 
YeeesMan: posts small blind $0.50
nastja336: posts big blind $1
*** HOLE CARDS ***
sta$igk: folds 
AIien Hand: folds 
derek5858: folds 
riky lorenzo: folds 
YeeesMan: folds 
Uncalled bet ($0.50) returned to nastja336
nastja336 collected $1 from pot
nastja336: doesn't show hand 
*** SUMMARY ***
Total pot $1 | Rake $0 
Seat 1: riky lorenzo (button) folded before Flop (didn't bet)
Seat 2: YeeesMan (small blind) folded before Flop
Seat 3: nastja336 (big blind) collected ($1)
Seat 4: sta$igk folded before Flop (didn't bet)
Seat 5: AIien Hand folded before Flop (didn't bet)
Seat 6: derek5858 folded before Flop (didn't bet)



PokerStars Hand #254279917618:  Hold'em No Limit ($0.50/$1.00 USD) - 2025/01/09 17:04:13 WET [2025/01/09 12:04:13 ET]
Table 'Adelaide III' 6-max Seat #2 is the button
Seat 1: riky lorenzo ($91.78 in chips) is sitting out
Seat 2: YeeesMan ($104.70 in chips) 
Seat 3: nastja336 ($100.50 in chips) 
Seat 4: sta$igk ($107.18 in chips) 
Seat 5: AIien Hand ($100 in chips) 
Seat 6: derek5858 ($100 in chips) 
nastja336: posts small blind $0.50
sta$igk: posts big blind $1
*** HOLE CARDS ***
riky lorenzo leaves the table
AIien Hand: folds 
Unipoker11 joins the table at seat #1 
derek5858: folds 
YeeesMan: raises $1.50 to $2.50
nastja336: folds 
sta$igk: raises $9.50 to $12
YeeesMan: calls $9.50
*** FLOP *** [Th Td 7s]
sta$igk: bets $11.64
YeeesMan: folds 
Uncalled bet ($11.64) returned to sta$igk
sta$igk collected $23.28 from pot
sta$igk: doesn't show hand 
*** SUMMARY ***
Total pot $24.50 | Rake $1.22 
Board [Th Td 7s]
Seat 1: riky lorenzo
Seat 2: YeeesMan (button) folded on the Flop
Seat 3: nastja336 (small blind) folded before Flop
Seat 4: sta$igk (big blind) collected ($23.28)
Seat 5: AIien Hand folded before Flop (didn't bet)
Seat 6: derek5858 folded before Flop (didn't bet)



PokerStars Hand #254279932879:  Hold'em No Limit ($0.50/$1.00 USD) - 2025/01/09 17:05:15 WET [2025/01/09 12:05:15 ET]
Table 'Adelaide III' 6-max Seat #3 is the button
Seat 1: Unipoker11 ($100 in chips) is sitting out
Seat 5: AIien Hand ($100 in chips) is sitting out
Seat 2: YeeesMan ($100 in chips) 
Seat 3: nastja336 ($100 in chips) 
Seat 4: sta$igk ($118.46 in chips) 
Seat 6: derek5858 ($100 in chips) 
sta$igk: posts small blind $0.50
AIien Hand: is sitting out 
derek5858: posts big blind $1
Unipoker11: sits out 
*** HOLE CARDS ***
YeeesMan: folds 
AIien Hand leaves the table
nastja336: raises $1.50 to $2.50
sta$igk: folds 
derek5858: folds 
Uncalled bet ($1.50) returned to nastja336
nastja336 collected $2.50 from pot
nastja336: doesn't show hand 
*** SUMMARY ***
Total pot $2.50 | Rake $0 
Seat 1: Unipoker11
Seat 5: AIien Hand
Seat 2: YeeesMan folded before Flop (didn't bet)
Seat 3: nastja336 (button) collected ($2.50)
Seat 4: sta$igk (small blind) folded before Flop
Seat 6: derek5858 (big blind) folded before Flop



