PokerStars Hand #254280383143:  Hold'em No Limit ($0.50/$1.00 USD) - 2025/01/09 17:33:34 WET [2025/01/09 12:33:34 ET]
Table 'Transvaalia III' 6-max Seat #3 is the button
Seat 5: xxxZeka ($100 in chips) is sitting out
Seat 2: MAO_DZEDYN_S ($100 in chips) 
Seat 3: Zvst ($100 in chips) 
Seat 4: Maximysss85 ($100 in chips) 
Maximysss85: posts small blind $0.50
MAO_DZEDYN_S: posts big blind $1
*** HOLE CARDS ***
nastja336 joins the table at seat #6 
Zvst: folds 
Maximysss85: folds 
Uncalled bet ($0.50) returned to MAO_DZEDYN_S
MAO_DZEDYN_S collected $1 from pot
MAO_DZEDYN_S: doesn't show hand 
*** SUMMARY ***
Total pot $1 | Rake $0 
Seat 5: xxxZeka
Seat 2: MAO_DZEDYN_S (big blind) collected ($1)
Seat 3: Zvst (button) folded before Flop (didn't bet)
Seat 4: Maximysss85 (small blind) folded before Flop



PokerStars Hand #254280385233:  Hold'em No Limit ($0.50/$1.00 USD) - 2025/01/09 17:33:42 WET [2025/01/09 12:33:42 ET]
Table 'Transvaalia III' 6-max Seat #4 is the button
Seat 5: xxxZeka ($100 in chips) is sitting out
Seat 6: nastja336 ($100 in chips) is sitting out
Seat 2: MAO_DZEDYN_S ($100.50 in chips) 
Seat 3: Zvst ($100 in chips) 
Seat 4: Maximysss85 ($100 in chips) 
MAO_DZEDYN_S: posts small blind $0.50
Zvst: posts big blind $1
*** HOLE CARDS ***
AndreaBsAs joins the table at seat #1 
Maximysss85: folds 
MAO_DZEDYN_S: folds 
Uncalled bet ($0.50) returned to Zvst
Zvst collected $1 from pot
Zvst: doesn't show hand 
*** SUMMARY ***
Total pot $1 | Rake $0 
Seat 5: xxxZeka
Seat 6: nastja336
Seat 2: MAO_DZEDYN_S (small blind) folded before Flop
Seat 3: Zvst (big blind) collected ($1)
Seat 4: Maximysss85 (button) folded before Flop (didn't bet)



PokerStars Hand #254280388341:  Hold'em No Limit ($0.50/$1.00 USD) - 2025/01/09 17:33:53 WET [2025/01/09 12:33:53 ET]
Table 'Transvaalia III' 6-max Seat #2 is the button
Seat 1: AndreaBsAs ($100 in chips) is sitting out
Seat 5: xxxZeka ($100 in chips) is sitting out
Seat 6: nastja336 ($100 in chips) is sitting out
Seat 2: MAO_DZEDYN_S ($100 in chips) 
Seat 3: Zvst ($100.50 in chips) 
Seat 4: Maximysss85 ($100 in chips) 
Zvst: posts small blind $0.50
Maximysss85: posts big blind $1
xxxZeka: sits out 
nastja336: sits out 
AndreaBsAs: sits out 
*** HOLE CARDS ***
MAO_DZEDYN_S: raises $1.50 to $2.50
Zvst: folds 
Maximysss85: folds 
Uncalled bet ($1.50) returned to MAO_DZEDYN_S
Zvst leaves the table
MAO_DZEDYN_S collected $2.50 from pot
MAO_DZEDYN_S: doesn't show hand 
*** SUMMARY ***
Total pot $2.50 | Rake $0 
Seat 1: AndreaBsAs
Seat 5: xxxZeka
Seat 6: nastja336
Seat 2: MAO_DZEDYN_S (button) collected ($2.50)
Seat 3: Zvst (small blind) folded before Flop
Seat 4: Maximysss85 (big blind) folded before Flop



PokerStars Hand #254280399386:  Hold'em No Limit ($0.50/$1.00 USD) - 2025/01/09 17:34:33 WET [2025/01/09 12:34:33 ET]
Table 'Transvaalia III' 6-max Seat #4 is the button
Seat 1: AndreaBsAs ($100 in chips) 
Seat 2: MAO_DZEDYN_S ($101.50 in chips) 
Seat 4: Maximysss85 ($100 in chips) 
Seat 5: xxxZeka ($100 in chips) 
Seat 6: nastja336 ($100 in chips) 
xxxZeka: posts small blind $0.50
nastja336: posts big blind $1
*** HOLE CARDS ***
AndreaBsAs: folds 
MAO_DZEDYN_S: folds 
Maximysss85: folds 
xxxZeka: folds 
Uncalled bet ($0.50) returned to nastja336
nastja336 collected $1 from pot
nastja336: doesn't show hand 
*** SUMMARY ***
Total pot $1 | Rake $0 
Seat 1: AndreaBsAs folded before Flop (didn't bet)
Seat 2: MAO_DZEDYN_S folded before Flop (didn't bet)
Seat 4: Maximysss85 (button) folded before Flop (didn't bet)
Seat 5: xxxZeka (small blind) folded before Flop
Seat 6: nastja336 (big blind) collected ($1)



PokerStars Hand #254280407485:  Hold'em No Limit ($0.50/$1.00 USD) - 2025/01/09 17:35:02 WET [2025/01/09 12:35:02 ET]
Table 'Transvaalia III' 6-max Seat #5 is the button
Seat 1: AndreaBsAs ($100 in chips) 
Seat 2: MAO_DZEDYN_S ($101.50 in chips) 
Seat 4: Maximysss85 ($100 in chips) 
Seat 5: xxxZeka ($100 in chips) 
Seat 6: nastja336 ($100.50 in chips) 
nastja336: posts small blind $0.50
AndreaBsAs: posts big blind $1
*** HOLE CARDS ***
MAO_DZEDYN_S: folds 
Maximysss85: folds 
MAO_DZEDYN_S leaves the table
xxxZeka: folds 
nastja336: folds 
Uncalled bet ($0.50) returned to AndreaBsAs
AndreaBsAs collected $1 from pot
*** SUMMARY ***
Total pot $1 | Rake $0 
Seat 1: AndreaBsAs (big blind) collected ($1)
Seat 2: MAO_DZEDYN_S folded before Flop (didn't bet)
Seat 4: Maximysss85 folded before Flop (didn't bet)
Seat 5: xxxZeka (button) folded before Flop (didn't bet)
Seat 6: nastja336 (small blind) folded before Flop



PokerStars Hand #254280412522:  Hold'em No Limit ($0.50/$1.00 USD) - 2025/01/09 17:35:20 WET [2025/01/09 12:35:20 ET]
Table 'Transvaalia III' 6-max Seat #6 is the button
Seat 1: AndreaBsAs ($100.50 in chips) 
Seat 4: Maximysss85 ($100 in chips) 
Seat 5: xxxZeka ($100 in chips) 
Seat 6: nastja336 ($100 in chips) 
AndreaBsAs: posts small blind $0.50
Maximysss85: posts big blind $1
*** HOLE CARDS ***
xxxZeka: raises $1.50 to $2.50
nastja336: folds 
AndreaBsAs: folds 
Maximysss85: calls $1.50
*** FLOP *** [8c Qh 6h]
Maximysss85: checks 
xxxZeka: checks 
*** TURN *** [8c Qh 6h] [8d]
Maximysss85: bets $6.53
xxxZeka: folds 
Uncalled bet ($6.53) returned to Maximysss85
Maximysss85 collected $5.22 from pot
Maximysss85: doesn't show hand 
*** SUMMARY ***
Total pot $5.50 | Rake $0.28 
Board [8c Qh 6h 8d]
Seat 1: AndreaBsAs (small blind) folded before Flop
Seat 4: Maximysss85 (big blind) collected ($5.22)
Seat 5: xxxZeka folded on the Turn
Seat 6: nastja336 (button) folded before Flop (didn't bet)



PokerStars Hand #254280421980:  Hold'em No Limit ($0.50/$1.00 USD) - 2025/01/09 17:35:54 WET [2025/01/09 12:35:54 ET]
Table 'Transvaalia III' 6-max Seat #1 is the button
Seat 1: AndreaBsAs ($100 in chips) 
Seat 4: Maximysss85 ($102.72 in chips) 
Seat 5: xxxZeka ($100 in chips) 
Seat 6: nastja336 ($100 in chips) 
Maximysss85: posts small blind $0.50
xxxZeka: posts big blind $1
*** HOLE CARDS ***
nastja336: folds 
AndreaBsAs: folds 
Maximysss85: raises $2 to $3
xxxZeka: folds 
Uncalled bet ($2) returned to Maximysss85
Maximysss85 collected $2 from pot
Maximysss85: doesn't show hand 
*** SUMMARY ***
Total pot $2 | Rake $0 
Seat 1: AndreaBsAs (button) folded before Flop (didn't bet)
Seat 4: Maximysss85 (small blind) collected ($2)
Seat 5: xxxZeka (big blind) folded before Flop
Seat 6: nastja336 folded before Flop (didn't bet)



PokerStars Hand #254280533042:  Hold'em No Limit ($0.50/$1.00 USD) - 2025/01/09 17:42:30 WET [2025/01/09 12:42:30 ET]
Table 'Transvaalia III' 6-max Seat #2 is the button
Seat 1: Maximysss85 ($103.72 in chips) 
Seat 2: AIien Hand ($100 in chips) 
Seat 3: MAO_DZEDYN_S ($101.50 in chips) 
Seat 4: CichiChanMarian ($100 in chips) 
Seat 5: xxxZeka ($100 in chips) 
Seat 6: Pokerpump82 ($100 in chips) 
MAO_DZEDYN_S: posts small blind $0.50
CichiChanMarian: posts big blind $1
*** HOLE CARDS ***
xxxZeka: folds 
Pokerpump82: raises $1.30 to $2.30
Maximysss85: folds 
AIien Hand: folds 
MAO_DZEDYN_S: folds 
CichiChanMarian: folds 
Uncalled bet ($1.30) returned to Pokerpump82
Pokerpump82 collected $2.50 from pot
Pokerpump82: doesn't show hand 
*** SUMMARY ***
Total pot $2.50 | Rake $0 
Seat 1: Maximysss85 folded before Flop (didn't bet)
Seat 2: AIien Hand (button) folded before Flop (didn't bet)
Seat 3: MAO_DZEDYN_S (small blind) folded before Flop
Seat 4: CichiChanMarian (big blind) folded before Flop
Seat 5: xxxZeka folded before Flop (didn't bet)
Seat 6: Pokerpump82 collected ($2.50)



PokerStars Hand #254280539629:  Hold'em No Limit ($0.50/$1.00 USD) - 2025/01/09 17:42:52 WET [2025/01/09 12:42:52 ET]
Table 'Transvaalia III' 6-max Seat #3 is the button
Seat 5: xxxZeka ($100 in chips) is sitting out
Seat 1: Maximysss85 ($103.72 in chips) 
Seat 2: AIien Hand ($100 in chips) 
Seat 3: MAO_DZEDYN_S ($101 in chips) 
Seat 4: CichiChanMarian ($100 in chips) 
Seat 6: Pokerpump82 ($101.50 in chips) 
CichiChanMarian: posts small blind $0.50
xxxZeka: is sitting out 
Pokerpump82: posts big blind $1
*** HOLE CARDS ***
Maximysss85: folds 
AIien Hand: folds 
MAO_DZEDYN_S: raises $1.50 to $2.50
CichiChanMarian: folds 
Pokerpump82: folds 
Uncalled bet ($1.50) returned to MAO_DZEDYN_S
MAO_DZEDYN_S collected $2.50 from pot
MAO_DZEDYN_S: doesn't show hand 
*** SUMMARY ***
Total pot $2.50 | Rake $0 
Seat 5: xxxZeka
Seat 1: Maximysss85 folded before Flop (didn't bet)
Seat 2: AIien Hand folded before Flop (didn't bet)
Seat 3: MAO_DZEDYN_S (button) collected ($2.50)
Seat 4: CichiChanMarian (small blind) folded before Flop
Seat 6: Pokerpump82 (big blind) folded before Flop



PokerStars Hand #254280548418:  Hold'em No Limit ($0.50/$1.00 USD) - 2025/01/09 17:43:24 WET [2025/01/09 12:43:24 ET]
Table 'Transvaalia III' 6-max Seat #4 is the button
Seat 5: xxxZeka ($100 in chips) is sitting out
Seat 1: Maximysss85 ($103.72 in chips) 
Seat 2: AIien Hand ($100 in chips) 
Seat 3: MAO_DZEDYN_S ($102.50 in chips) 
Seat 4: CichiChanMarian ($100 in chips) 
Seat 6: Pokerpump82 ($100.50 in chips) 
Pokerpump82: posts small blind $0.50
Maximysss85: posts big blind $1
*** HOLE CARDS ***
AIien Hand: raises $1.20 to $2.20
MAO_DZEDYN_S: folds 
CichiChanMarian: folds 
Pokerpump82: folds 
Maximysss85: folds 
Uncalled bet ($1.20) returned to AIien Hand
AIien Hand collected $2.50 from pot
AIien Hand: doesn't show hand 
*** SUMMARY ***
Total pot $2.50 | Rake $0 
Seat 5: xxxZeka
Seat 1: Maximysss85 (big blind) folded before Flop
Seat 2: AIien Hand collected ($2.50)
Seat 3: MAO_DZEDYN_S folded before Flop (didn't bet)
Seat 4: CichiChanMarian (button) folded before Flop (didn't bet)
Seat 6: Pokerpump82 (small blind) folded before Flop



PokerStars Hand #254280553606:  Hold'em No Limit ($0.50/$1.00 USD) - 2025/01/09 17:43:42 WET [2025/01/09 12:43:42 ET]
Table 'Transvaalia III' 6-max Seat #6 is the button
Seat 2: AIien Hand ($101.50 in chips) is sitting out
Seat 5: xxxZeka ($100 in chips) is sitting out
Seat 1: Maximysss85 ($102.72 in chips) 
Seat 3: MAO_DZEDYN_S ($102.50 in chips) 
Seat 4: CichiChanMarian ($100 in chips) 
Seat 6: Pokerpump82 ($100 in chips) 
Maximysss85: posts small blind $0.50
AIien Hand: is sitting out 
MAO_DZEDYN_S: posts big blind $1
*** HOLE CARDS ***
CichiChanMarian: raises $1.50 to $2.50
AIien Hand leaves the table
Pokerpump82: folds 
nastja336 joins the table at seat #2 
Maximysss85: folds 
MAO_DZEDYN_S: folds 
Uncalled bet ($1.50) returned to CichiChanMarian
CichiChanMarian collected $2.50 from pot
CichiChanMarian: doesn't show hand 
*** SUMMARY ***
Total pot $2.50 | Rake $0 
Seat 2: AIien Hand
Seat 5: xxxZeka
Seat 1: Maximysss85 (small blind) folded before Flop
Seat 3: MAO_DZEDYN_S (big blind) folded before Flop
Seat 4: CichiChanMarian collected ($2.50)
Seat 6: Pokerpump82 (button) folded before Flop (didn't bet)



PokerStars Hand #254280560231:  Hold'em No Limit ($0.50/$1.00 USD) - 2025/01/09 17:44:06 WET [2025/01/09 12:44:06 ET]
Table 'Transvaalia III' 6-max Seat #1 is the button
Seat 2: nastja336 ($100 in chips) is sitting out
Seat 5: xxxZeka ($100 in chips) is sitting out
Seat 1: Maximysss85 ($102.22 in chips) 
Seat 3: MAO_DZEDYN_S ($101.50 in chips) 
Seat 4: CichiChanMarian ($101.50 in chips) 
Seat 6: Pokerpump82 ($100 in chips) 
MAO_DZEDYN_S: posts small blind $0.50
CichiChanMarian: posts big blind $1
xxxZeka: sits out 
*** HOLE CARDS ***
Pokerpump82: folds 
Maximysss85: folds 
MAO_DZEDYN_S: folds 
Uncalled bet ($0.50) returned to CichiChanMarian
CichiChanMarian collected $1 from pot
CichiChanMarian: doesn't show hand 
*** SUMMARY ***
Total pot $1 | Rake $0 
Seat 2: nastja336
Seat 5: xxxZeka
Seat 1: Maximysss85 (button) folded before Flop (didn't bet)
Seat 3: MAO_DZEDYN_S (small blind) folded before Flop
Seat 4: CichiChanMarian (big blind) collected ($1)
Seat 6: Pokerpump82 folded before Flop (didn't bet)



PokerStars Hand #254280563068:  Hold'em No Limit ($0.50/$1.00 USD) - 2025/01/09 17:44:16 WET [2025/01/09 12:44:16 ET]
Table 'Transvaalia III' 6-max Seat #3 is the button
Seat 2: nastja336 ($100 in chips) is sitting out
Seat 1: Maximysss85 ($102.22 in chips) 
Seat 3: MAO_DZEDYN_S ($101 in chips) 
Seat 4: CichiChanMarian ($102 in chips) 
Seat 5: xxxZeka ($100 in chips) 
Seat 6: Pokerpump82 ($100 in chips) 
CichiChanMarian: posts small blind $0.50
xxxZeka: posts big blind $1
nastja336: sits out 
*** HOLE CARDS ***
Pokerpump82: folds 
Maximysss85: folds 
MAO_DZEDYN_S: raises $1.50 to $2.50
CichiChanMarian: folds 
xxxZeka: calls $1.50
*** FLOP *** [Td 3h 3s]
xxxZeka: checks 
MAO_DZEDYN_S: bets $1.25
xxxZeka: raises $4.75 to $6
MAO_DZEDYN_S: calls $4.75
*** TURN *** [Td 3h 3s] [Jh]
xxxZeka: bets $20
MAO_DZEDYN_S: folds 
Uncalled bet ($20) returned to xxxZeka
xxxZeka collected $16.62 from pot
xxxZeka: doesn't show hand 
*** SUMMARY ***
Total pot $17.50 | Rake $0.88 
Board [Td 3h 3s Jh]
Seat 2: nastja336
Seat 1: Maximysss85 folded before Flop (didn't bet)
Seat 3: MAO_DZEDYN_S (button) folded on the Turn
Seat 4: CichiChanMarian (small blind) folded before Flop
Seat 5: xxxZeka (big blind) collected ($16.62)
Seat 6: Pokerpump82 folded before Flop (didn't bet)



PokerStars Hand #254280589656:  Hold'em No Limit ($0.50/$1.00 USD) - 2025/01/09 17:45:50 WET [2025/01/09 12:45:50 ET]
Table 'Transvaalia III' 6-max Seat #4 is the button
Seat 2: nastja336 ($100 in chips) is sitting out
Seat 1: Maximysss85 ($102.22 in chips) 
Seat 3: MAO_DZEDYN_S ($100 in chips) 
Seat 4: CichiChanMarian ($101.50 in chips) 
Seat 5: xxxZeka ($108.12 in chips) 
Seat 6: Pokerpump82 ($100 in chips) 
xxxZeka: posts small blind $0.50
Pokerpump82: posts big blind $1
nastja336: sits out 
*** HOLE CARDS ***
Maximysss85: folds 
Maximysss85 leaves the table
MAO_DZEDYN_S: raises $1.25 to $2.25
CichiChanMarian: folds 
tintin641 joins the table at seat #1 
xxxZeka: folds 
Pokerpump82: raises $2.75 to $5
MAO_DZEDYN_S: calls $2.75
*** FLOP *** [Kc 9d 2h]
Pokerpump82: bets $4
MAO_DZEDYN_S: folds 
Uncalled bet ($4) returned to Pokerpump82
Pokerpump82 collected $9.98 from pot
Pokerpump82: doesn't show hand 
*** SUMMARY ***
Total pot $10.50 | Rake $0.52 
Board [Kc 9d 2h]
Seat 2: nastja336
Seat 1: Maximysss85 folded before Flop (didn't bet)
Seat 3: MAO_DZEDYN_S folded on the Flop
Seat 4: CichiChanMarian (button) folded before Flop (didn't bet)
Seat 5: xxxZeka (small blind) folded before Flop
Seat 6: Pokerpump82 (big blind) collected ($9.98)



PokerStars Hand #254280604013:  Hold'em No Limit ($0.50/$1.00 USD) - 2025/01/09 17:46:41 WET [2025/01/09 12:46:41 ET]
Table 'Transvaalia III' 6-max Seat #5 is the button
Seat 2: nastja336 ($100 in chips) is sitting out
Seat 1: tintin641 ($100 in chips) 
Seat 3: MAO_DZEDYN_S ($100 in chips) 
Seat 4: CichiChanMarian ($101.50 in chips) 
Seat 5: xxxZeka ($107.62 in chips) 
Seat 6: Pokerpump82 ($104.98 in chips) 
Pokerpump82: posts small blind $0.50
tintin641: posts big blind $1
nastja336: sits out 
*** HOLE CARDS ***
MAO_DZEDYN_S: raises $1.25 to $2.25
CichiChanMarian: folds 
xxxZeka: folds 
Pokerpump82: folds 
tintin641: calls $1.25
*** FLOP *** [Jh 4h Qh]
tintin641: checks 
MAO_DZEDYN_S: bets $1.14
tintin641: calls $1.14
*** TURN *** [Jh 4h Qh] [Tc]
tintin641: checks 
MAO_DZEDYN_S: bets $5.19
tintin641: folds 
Uncalled bet ($5.19) returned to MAO_DZEDYN_S
MAO_DZEDYN_S collected $6.92 from pot
MAO_DZEDYN_S: doesn't show hand 
*** SUMMARY ***
Total pot $7.28 | Rake $0.36 
Board [Jh 4h Qh Tc]
Seat 2: nastja336
Seat 1: tintin641 (big blind) folded on the Turn
Seat 3: MAO_DZEDYN_S collected ($6.92)
Seat 4: CichiChanMarian folded before Flop (didn't bet)
Seat 5: xxxZeka (button) folded before Flop (didn't bet)
Seat 6: Pokerpump82 (small blind) folded before Flop



PokerStars Hand #254280632058:  Hold'em No Limit ($0.50/$1.00 USD) - 2025/01/09 17:48:20 WET [2025/01/09 12:48:20 ET]
Table 'Transvaalia III' 6-max Seat #6 is the button
Seat 1: tintin641 ($100 in chips) 
Seat 2: nastja336 ($100 in chips) 
Seat 3: MAO_DZEDYN_S ($103.53 in chips) 
Seat 4: CichiChanMarian ($101.50 in chips) 
Seat 5: xxxZeka ($107.62 in chips) 
Seat 6: Pokerpump82 ($104.48 in chips) 
tintin641: posts small blind $0.50
nastja336: posts big blind $1
*** HOLE CARDS ***
MAO_DZEDYN_S: folds 
CichiChanMarian: raises $1.50 to $2.50
xxxZeka: folds 
Pokerpump82: folds 
tintin641: folds 
nastja336: folds 
Uncalled bet ($1.50) returned to CichiChanMarian
CichiChanMarian collected $2.50 from pot
CichiChanMarian: doesn't show hand 
*** SUMMARY ***
Total pot $2.50 | Rake $0 
Seat 1: tintin641 (small blind) folded before Flop
Seat 2: nastja336 (big blind) folded before Flop
Seat 3: MAO_DZEDYN_S folded before Flop (didn't bet)
Seat 4: CichiChanMarian collected ($2.50)
Seat 5: xxxZeka folded before Flop (didn't bet)
Seat 6: Pokerpump82 (button) folded before Flop (didn't bet)



PokerStars Hand #254280636992:  Hold'em No Limit ($0.50/$1.00 USD) - 2025/01/09 17:48:38 WET [2025/01/09 12:48:38 ET]
Table 'Transvaalia III' 6-max Seat #1 is the button
Seat 1: tintin641 ($100 in chips) 
Seat 2: nastja336 ($100 in chips) 
Seat 3: MAO_DZEDYN_S ($103.53 in chips) 
Seat 4: CichiChanMarian ($103 in chips) 
Seat 5: xxxZeka ($107.62 in chips) 
Seat 6: Pokerpump82 ($104.48 in chips) 
nastja336: posts small blind $0.50
MAO_DZEDYN_S: posts big blind $1
*** HOLE CARDS ***
CichiChanMarian: folds 
xxxZeka: folds 
Pokerpump82: folds 
tintin641: raises $1.50 to $2.50
nastja336: raises $9.50 to $12
MAO_DZEDYN_S: folds 
tintin641: folds 
Uncalled bet ($9.50) returned to nastja336
nastja336 collected $6 from pot
nastja336: doesn't show hand 
*** SUMMARY ***
Total pot $6 | Rake $0 
Seat 1: tintin641 (button) folded before Flop
Seat 2: nastja336 (small blind) collected ($6)
Seat 3: MAO_DZEDYN_S (big blind) folded before Flop
Seat 4: CichiChanMarian folded before Flop (didn't bet)
Seat 5: xxxZeka folded before Flop (didn't bet)
Seat 6: Pokerpump82 folded before Flop (didn't bet)



PokerStars Hand #254280992587:  Hold'em No Limit ($0.50/$1.00 USD) - 2025/01/09 18:11:10 WET [2025/01/09 13:11:10 ET]
Table 'Transvaalia III' 6-max Seat #2 is the button
Seat 1: shootingGRID ($103.50 in chips) 
Seat 2: Joe_Li7 ($100 in chips) 
Seat 3: sta$igk ($100.50 in chips) 
Seat 4: CichiChanMarian ($124.64 in chips) 
Seat 5: xxxZeka ($101.50 in chips) 
Seat 6: Pokerpump82 ($135.80 in chips) 
sta$igk: posts small blind $0.50
CichiChanMarian: posts big blind $1
*** HOLE CARDS ***
xxxZeka: folds 
Pokerpump82: folds 
shootingGRID: raises $1.25 to $2.25
Joe_Li7: raises $5.25 to $7.50
sta$igk: folds 
CichiChanMarian: folds 
shootingGRID: raises $14 to $21.50
Joe_Li7: folds 
Uncalled bet ($14) returned to shootingGRID
shootingGRID collected $16.50 from pot
*** SUMMARY ***
Total pot $16.50 | Rake $0 
Seat 1: shootingGRID collected ($16.50)
Seat 2: Joe_Li7 (button) folded before Flop
Seat 3: sta$igk (small blind) folded before Flop
Seat 4: CichiChanMarian (big blind) folded before Flop
Seat 5: xxxZeka folded before Flop (didn't bet)
Seat 6: Pokerpump82 folded before Flop (didn't bet)



PokerStars Hand #254281003370:  Hold'em No Limit ($0.50/$1.00 USD) - 2025/01/09 18:11:47 WET [2025/01/09 13:11:47 ET]
Table 'Transvaalia III' 6-max Seat #3 is the button
Seat 1: shootingGRID ($112.50 in chips) 
Seat 2: Joe_Li7 ($100 in chips) 
Seat 3: sta$igk ($100 in chips) 
Seat 4: CichiChanMarian ($123.64 in chips) 
Seat 5: xxxZeka ($101.50 in chips) 
Seat 6: Pokerpump82 ($135.80 in chips) 
CichiChanMarian: posts small blind $0.50
xxxZeka: posts big blind $1
*** HOLE CARDS ***
Pokerpump82: folds 
shootingGRID: folds 
Joe_Li7: raises $1.20 to $2.20
sta$igk: folds 
CichiChanMarian: folds 
xxxZeka: folds 
Uncalled bet ($1.20) returned to Joe_Li7
Joe_Li7 collected $2.50 from pot
*** SUMMARY ***
Total pot $2.50 | Rake $0 
Seat 1: shootingGRID folded before Flop (didn't bet)
Seat 2: Joe_Li7 collected ($2.50)
Seat 3: sta$igk (button) folded before Flop (didn't bet)
Seat 4: CichiChanMarian (small blind) folded before Flop
Seat 5: xxxZeka (big blind) folded before Flop
Seat 6: Pokerpump82 folded before Flop (didn't bet)



PokerStars Hand #254281010001:  Hold'em No Limit ($0.50/$1.00 USD) - 2025/01/09 18:12:09 WET [2025/01/09 13:12:09 ET]
Table 'Transvaalia III' 6-max Seat #4 is the button
Seat 1: shootingGRID ($112.50 in chips) 
Seat 2: Joe_Li7 ($101.50 in chips) 
Seat 3: sta$igk ($100 in chips) 
Seat 4: CichiChanMarian ($123.14 in chips) 
Seat 5: xxxZeka ($100.50 in chips) 
Seat 6: Pokerpump82 ($135.80 in chips) 
xxxZeka: posts small blind $0.50
Pokerpump82: posts big blind $1
*** HOLE CARDS ***
shootingGRID: folds 
Joe_Li7: folds 
sta$igk: folds 
CichiChanMarian: folds 
xxxZeka: folds 
Uncalled bet ($0.50) returned to Pokerpump82
Pokerpump82 collected $1 from pot
Pokerpump82: doesn't show hand 
*** SUMMARY ***
Total pot $1 | Rake $0 
Seat 1: shootingGRID folded before Flop (didn't bet)
Seat 2: Joe_Li7 folded before Flop (didn't bet)
Seat 3: sta$igk folded before Flop (didn't bet)
Seat 4: CichiChanMarian (button) folded before Flop (didn't bet)
Seat 5: xxxZeka (small blind) folded before Flop
Seat 6: Pokerpump82 (big blind) collected ($1)



PokerStars Hand #254281014413:  Hold'em No Limit ($0.50/$1.00 USD) - 2025/01/09 18:12:24 WET [2025/01/09 13:12:24 ET]
Table 'Transvaalia III' 6-max Seat #5 is the button
Seat 1: shootingGRID ($112.50 in chips) 
Seat 2: Joe_Li7 ($101.50 in chips) 
Seat 3: sta$igk ($100 in chips) 
Seat 4: CichiChanMarian ($123.14 in chips) 
Seat 5: xxxZeka ($100 in chips) 
Seat 6: Pokerpump82 ($136.30 in chips) 
Pokerpump82: posts small blind $0.50
shootingGRID: posts big blind $1
*** HOLE CARDS ***
Joe_Li7: folds 
sta$igk: folds 
CichiChanMarian: raises $1.50 to $2.50
xxxZeka: raises $4.50 to $7
Pokerpump82: folds 
shootingGRID: folds 
CichiChanMarian: calls $4.50
*** FLOP *** [8d Tc 5s]
CichiChanMarian: checks 
xxxZeka: checks 
*** TURN *** [8d Tc 5s] [4s]
CichiChanMarian: bets $7.36
xxxZeka: calls $7.36
*** RIVER *** [8d Tc 5s 4s] [5h]
CichiChanMarian: checks 
xxxZeka: checks 
*** SHOW DOWN ***
CichiChanMarian: shows [9s Ts] (two pair, Tens and Fives)
xxxZeka: mucks hand 
CichiChanMarian collected $28.71 from pot
*** SUMMARY ***
Total pot $30.22 | Rake $1.51 
Board [8d Tc 5s 4s 5h]
Seat 1: shootingGRID (big blind) folded before Flop
Seat 2: Joe_Li7 folded before Flop (didn't bet)
Seat 3: sta$igk folded before Flop (didn't bet)
Seat 4: CichiChanMarian showed [9s Ts] and won ($28.71) with two pair, Tens and Fives
Seat 5: xxxZeka (button) mucked
Seat 6: Pokerpump82 (small blind) folded before Flop



PokerStars Hand #254281036893:  Hold'em No Limit ($0.50/$1.00 USD) - 2025/01/09 18:13:40 WET [2025/01/09 13:13:40 ET]
Table 'Transvaalia III' 6-max Seat #6 is the button
Seat 1: shootingGRID ($111.50 in chips) 
Seat 2: Joe_Li7 ($101.50 in chips) 
Seat 3: sta$igk ($100 in chips) 
Seat 4: CichiChanMarian ($137.49 in chips) 
Seat 5: xxxZeka ($100 in chips) 
Seat 6: Pokerpump82 ($135.80 in chips) 
shootingGRID: posts small blind $0.50
Joe_Li7: posts big blind $1
*** HOLE CARDS ***
sta$igk: folds 
CichiChanMarian: folds 
xxxZeka: folds 
Pokerpump82: raises $1 to $2
shootingGRID: raises $8.50 to $10.50
Joe_Li7: raises $11.50 to $22
Pokerpump82: folds 
shootingGRID: folds 
Uncalled bet ($11.50) returned to Joe_Li7
Joe_Li7 collected $23 from pot
*** SUMMARY ***
Total pot $23 | Rake $0 
Seat 1: shootingGRID (small blind) folded before Flop
Seat 2: Joe_Li7 (big blind) collected ($23)
Seat 3: sta$igk folded before Flop (didn't bet)
Seat 4: CichiChanMarian folded before Flop (didn't bet)
Seat 5: xxxZeka folded before Flop (didn't bet)
Seat 6: Pokerpump82 (button) folded before Flop



PokerStars Hand #254281055647:  Hold'em No Limit ($0.50/$1.00 USD) - 2025/01/09 18:14:44 WET [2025/01/09 13:14:44 ET]
Table 'Transvaalia III' 6-max Seat #1 is the button
Seat 1: shootingGRID ($101 in chips) 
Seat 2: Joe_Li7 ($114 in chips) 
Seat 3: sta$igk ($100 in chips) 
Seat 4: CichiChanMarian ($137.49 in chips) 
Seat 5: xxxZeka ($100 in chips) 
Seat 6: Pokerpump82 ($133.80 in chips) 
Joe_Li7: posts small blind $0.50
sta$igk: posts big blind $1
*** HOLE CARDS ***
CichiChanMarian: folds 
xxxZeka: folds 
Pokerpump82: raises $1 to $2
shootingGRID: raises $5.50 to $7.50
Joe_Li7: folds 
sta$igk: folds 
Pokerpump82: raises $7.50 to $15
shootingGRID: raises $86 to $101 and is all-in
Pokerpump82: folds 
Uncalled bet ($86) returned to shootingGRID
shootingGRID collected $31.50 from pot
*** SUMMARY ***
Total pot $31.50 | Rake $0 
Seat 1: shootingGRID (button) collected ($31.50)
Seat 2: Joe_Li7 (small blind) folded before Flop
Seat 3: sta$igk (big blind) folded before Flop
Seat 4: CichiChanMarian folded before Flop (didn't bet)
Seat 5: xxxZeka folded before Flop (didn't bet)
Seat 6: Pokerpump82 folded before Flop



PokerStars Hand #254281070139:  Hold'em No Limit ($0.50/$1.00 USD) - 2025/01/09 18:15:33 WET [2025/01/09 13:15:33 ET]
Table 'Transvaalia III' 6-max Seat #2 is the button
Seat 1: shootingGRID ($117.50 in chips) 
Seat 2: Joe_Li7 ($113.50 in chips) 
Seat 3: sta$igk ($100 in chips) 
Seat 4: CichiChanMarian ($137.49 in chips) 
Seat 5: xxxZeka ($100 in chips) 
Seat 6: Pokerpump82 ($118.80 in chips) 
sta$igk: posts small blind $0.50
CichiChanMarian: posts big blind $1
*** HOLE CARDS ***
xxxZeka: folds 
Pokerpump82: calls $1
shootingGRID: folds 
Joe_Li7: folds 
sta$igk: folds 
CichiChanMarian: checks 
*** FLOP *** [6c Kc 3h]
CichiChanMarian: checks 
Pokerpump82: bets $1
CichiChanMarian: calls $1
*** TURN *** [6c Kc 3h] [8s]
CichiChanMarian: checks 
Pokerpump82: checks 
*** RIVER *** [6c Kc 3h 8s] [9s]
CichiChanMarian: bets $4
Pokerpump82: folds 
Uncalled bet ($4) returned to CichiChanMarian
CichiChanMarian collected $4.28 from pot
CichiChanMarian: doesn't show hand 
*** SUMMARY ***
Total pot $4.50 | Rake $0.22 
Board [6c Kc 3h 8s 9s]
Seat 1: shootingGRID folded before Flop (didn't bet)
Seat 2: Joe_Li7 (button) folded before Flop (didn't bet)
Seat 3: sta$igk (small blind) folded before Flop
Seat 4: CichiChanMarian (big blind) collected ($4.28)
Seat 5: xxxZeka folded before Flop (didn't bet)
Seat 6: Pokerpump82 folded on the River



PokerStars Hand #254281085750:  Hold'em No Limit ($0.50/$1.00 USD) - 2025/01/09 18:16:26 WET [2025/01/09 13:16:26 ET]
Table 'Transvaalia III' 6-max Seat #3 is the button
Seat 1: shootingGRID ($117.50 in chips) 
Seat 2: Joe_Li7 ($113.50 in chips) 
Seat 3: sta$igk ($100 in chips) 
Seat 4: CichiChanMarian ($139.77 in chips) 
Seat 5: xxxZeka ($100 in chips) 
Seat 6: Pokerpump82 ($116.80 in chips) 
CichiChanMarian: posts small blind $0.50
xxxZeka: posts big blind $1
*** HOLE CARDS ***
Pokerpump82: folds 
shootingGRID: folds 
Joe_Li7: folds 
sta$igk: folds 
CichiChanMarian: folds 
Uncalled bet ($0.50) returned to xxxZeka
xxxZeka collected $1 from pot
xxxZeka: doesn't show hand 
*** SUMMARY ***
Total pot $1 | Rake $0 
Seat 1: shootingGRID folded before Flop (didn't bet)
Seat 2: Joe_Li7 folded before Flop (didn't bet)
Seat 3: sta$igk (button) folded before Flop (didn't bet)
Seat 4: CichiChanMarian (small blind) folded before Flop
Seat 5: xxxZeka (big blind) collected ($1)
Seat 6: Pokerpump82 folded before Flop (didn't bet)



PokerStars Hand #254281088868:  Hold'em No Limit ($0.50/$1.00 USD) - 2025/01/09 18:16:36 WET [2025/01/09 13:16:36 ET]
Table 'Transvaalia III' 6-max Seat #4 is the button
Seat 1: shootingGRID ($117.50 in chips) 
Seat 2: Joe_Li7 ($113.50 in chips) 
Seat 3: sta$igk ($100 in chips) 
Seat 4: CichiChanMarian ($139.27 in chips) 
Seat 5: xxxZeka ($100.50 in chips) 
Seat 6: Pokerpump82 ($116.80 in chips) 
xxxZeka: posts small blind $0.50
Pokerpump82: posts big blind $1
*** HOLE CARDS ***
shootingGRID: folds 
Joe_Li7: folds 
sta$igk: raises $1.50 to $2.50
CichiChanMarian: folds 
xxxZeka: folds 
Pokerpump82: calls $1.50
*** FLOP *** [3c 5s Ks]
Pokerpump82: checks 
sta$igk: bets $1.72
Pokerpump82: folds 
Uncalled bet ($1.72) returned to sta$igk
sta$igk collected $5.22 from pot
sta$igk: doesn't show hand 
*** SUMMARY ***
Total pot $5.50 | Rake $0.28 
Board [3c 5s Ks]
Seat 1: shootingGRID folded before Flop (didn't bet)
Seat 2: Joe_Li7 folded before Flop (didn't bet)
Seat 3: sta$igk collected ($5.22)
Seat 4: CichiChanMarian (button) folded before Flop (didn't bet)
Seat 5: xxxZeka (small blind) folded before Flop
Seat 6: Pokerpump82 (big blind) folded on the Flop



PokerStars Hand #254281097309:  Hold'em No Limit ($0.50/$1.00 USD) - 2025/01/09 18:17:05 WET [2025/01/09 13:17:05 ET]
Table 'Transvaalia III' 6-max Seat #5 is the button
Seat 1: shootingGRID ($117.50 in chips) 
Seat 2: Joe_Li7 ($113.50 in chips) 
Seat 3: sta$igk ($102.72 in chips) 
Seat 4: CichiChanMarian ($139.27 in chips) 
Seat 5: xxxZeka ($100 in chips) 
Seat 6: Pokerpump82 ($114.30 in chips) 
Pokerpump82: posts small blind $0.50
shootingGRID: posts big blind $1
*** HOLE CARDS ***
Joe_Li7: folds 
sta$igk: folds 
CichiChanMarian: folds 
xxxZeka: folds 
Pokerpump82: raises $2 to $3
shootingGRID: raises $6 to $9
Pokerpump82: calls $6
*** FLOP *** [2c Qd Ts]
Pokerpump82: bets $5
shootingGRID: folds 
Uncalled bet ($5) returned to Pokerpump82
Pokerpump82 collected $17.10 from pot
Pokerpump82: doesn't show hand 
*** SUMMARY ***
Total pot $18 | Rake $0.90 
Board [2c Qd Ts]
Seat 1: shootingGRID (big blind) folded on the Flop
Seat 2: Joe_Li7 folded before Flop (didn't bet)
Seat 3: sta$igk folded before Flop (didn't bet)
Seat 4: CichiChanMarian folded before Flop (didn't bet)
Seat 5: xxxZeka (button) folded before Flop (didn't bet)
Seat 6: Pokerpump82 (small blind) collected ($17.10)



PokerStars Hand #254281115824:  Hold'em No Limit ($0.50/$1.00 USD) - 2025/01/09 18:18:07 WET [2025/01/09 13:18:07 ET]
Table 'Transvaalia III' 6-max Seat #6 is the button
Seat 1: shootingGRID ($108.50 in chips) 
Seat 2: Joe_Li7 ($113.50 in chips) 
Seat 3: sta$igk ($102.72 in chips) 
Seat 4: CichiChanMarian ($139.27 in chips) 
Seat 5: xxxZeka ($100 in chips) 
Seat 6: Pokerpump82 ($122.40 in chips) 
shootingGRID: posts small blind $0.50
Joe_Li7: posts big blind $1
*** HOLE CARDS ***
sta$igk: folds 
CichiChanMarian: folds 
xxxZeka: folds 
Pokerpump82: raises $2 to $3
shootingGRID: folds 
Joe_Li7: folds 
Uncalled bet ($2) returned to Pokerpump82
Pokerpump82 collected $2.50 from pot
Pokerpump82: doesn't show hand 
*** SUMMARY ***
Total pot $2.50 | Rake $0 
Seat 1: shootingGRID (small blind) folded before Flop
Seat 2: Joe_Li7 (big blind) folded before Flop
Seat 3: sta$igk folded before Flop (didn't bet)
Seat 4: CichiChanMarian folded before Flop (didn't bet)
Seat 5: xxxZeka folded before Flop (didn't bet)
Seat 6: Pokerpump82 (button) collected ($2.50)



PokerStars Hand #254281122534:  Hold'em No Limit ($0.50/$1.00 USD) - 2025/01/09 18:18:30 WET [2025/01/09 13:18:30 ET]
Table 'Transvaalia III' 6-max Seat #1 is the button
Seat 1: shootingGRID ($108 in chips) 
Seat 2: Joe_Li7 ($112.50 in chips) 
Seat 3: sta$igk ($102.72 in chips) 
Seat 4: CichiChanMarian ($139.27 in chips) 
Seat 5: xxxZeka ($100 in chips) 
Seat 6: Pokerpump82 ($123.90 in chips) 
Joe_Li7: posts small blind $0.50
sta$igk: posts big blind $1
*** HOLE CARDS ***
CichiChanMarian: folds 
xxxZeka: folds 
Pokerpump82: raises $1 to $2
shootingGRID: folds 
Joe_Li7: folds 
sta$igk: raises $10 to $12
Pokerpump82: folds 
Uncalled bet ($10) returned to sta$igk
sta$igk collected $4.50 from pot
sta$igk: doesn't show hand 
*** SUMMARY ***
Total pot $4.50 | Rake $0 
Seat 1: shootingGRID (button) folded before Flop (didn't bet)
Seat 2: Joe_Li7 (small blind) folded before Flop
Seat 3: sta$igk (big blind) collected ($4.50)
Seat 4: CichiChanMarian folded before Flop (didn't bet)
Seat 5: xxxZeka folded before Flop (didn't bet)
Seat 6: Pokerpump82 folded before Flop



PokerStars Hand #254281132857:  Hold'em No Limit ($0.50/$1.00 USD) - 2025/01/09 18:19:05 WET [2025/01/09 13:19:05 ET]
Table 'Transvaalia III' 6-max Seat #2 is the button
Seat 1: shootingGRID ($108 in chips) 
Seat 2: Joe_Li7 ($112 in chips) 
Seat 3: sta$igk ($105.22 in chips) 
Seat 4: CichiChanMarian ($139.27 in chips) 
Seat 5: xxxZeka ($100 in chips) 
Seat 6: Pokerpump82 ($121.90 in chips) 
sta$igk: posts small blind $0.50
CichiChanMarian: posts big blind $1
*** HOLE CARDS ***
xxxZeka: folds 
Pokerpump82: folds 
shootingGRID: folds 
Joe_Li7: folds 
sta$igk: raises $2 to $3
CichiChanMarian: calls $2
*** FLOP *** [4h 3c 6d]
sta$igk: checks 
CichiChanMarian: bets $2.85
sta$igk: folds 
Uncalled bet ($2.85) returned to CichiChanMarian
CichiChanMarian collected $5.70 from pot
CichiChanMarian: doesn't show hand 
*** SUMMARY ***
Total pot $6 | Rake $0.30 
Board [4h 3c 6d]
Seat 1: shootingGRID folded before Flop (didn't bet)
Seat 2: Joe_Li7 (button) folded before Flop (didn't bet)
Seat 3: sta$igk (small blind) folded on the Flop
Seat 4: CichiChanMarian (big blind) collected ($5.70)
Seat 5: xxxZeka folded before Flop (didn't bet)
Seat 6: Pokerpump82 folded before Flop (didn't bet)



PokerStars Hand #254281144629:  Hold'em No Limit ($0.50/$1.00 USD) - 2025/01/09 18:19:45 WET [2025/01/09 13:19:45 ET]
Table 'Transvaalia III' 6-max Seat #3 is the button
Seat 1: shootingGRID ($108 in chips) 
Seat 2: Joe_Li7 ($112 in chips) 
Seat 3: sta$igk ($102.22 in chips) 
Seat 4: CichiChanMarian ($141.97 in chips) 
Seat 5: xxxZeka ($100 in chips) 
Seat 6: Pokerpump82 ($121.90 in chips) 
CichiChanMarian: posts small blind $0.50
xxxZeka: posts big blind $1
*** HOLE CARDS ***
Pokerpump82: folds 
shootingGRID: folds 
Joe_Li7: raises $1.20 to $2.20
sta$igk: folds 
CichiChanMarian: folds 
xxxZeka: folds 
Uncalled bet ($1.20) returned to Joe_Li7
Joe_Li7 collected $2.50 from pot
*** SUMMARY ***
Total pot $2.50 | Rake $0 
Seat 1: shootingGRID folded before Flop (didn't bet)
Seat 2: Joe_Li7 collected ($2.50)
Seat 3: sta$igk (button) folded before Flop (didn't bet)
Seat 4: CichiChanMarian (small blind) folded before Flop
Seat 5: xxxZeka (big blind) folded before Flop
Seat 6: Pokerpump82 folded before Flop (didn't bet)



PokerStars Hand #254281150868:  Hold'em No Limit ($0.50/$1.00 USD) - 2025/01/09 18:20:06 WET [2025/01/09 13:20:06 ET]
Table 'Transvaalia III' 6-max Seat #4 is the button
Seat 1: shootingGRID ($108 in chips) 
Seat 2: Joe_Li7 ($113.50 in chips) 
Seat 3: sta$igk ($102.22 in chips) 
Seat 4: CichiChanMarian ($141.47 in chips) 
Seat 5: xxxZeka ($100 in chips) 
Seat 6: Pokerpump82 ($121.90 in chips) 
xxxZeka: posts small blind $0.50
Pokerpump82: posts big blind $1
*** HOLE CARDS ***
shootingGRID: folds 
Joe_Li7: folds 
sta$igk: folds 
CichiChanMarian: folds 
xxxZeka: folds 
Uncalled bet ($0.50) returned to Pokerpump82
Pokerpump82 collected $1 from pot
Pokerpump82: doesn't show hand 
*** SUMMARY ***
Total pot $1 | Rake $0 
Seat 1: shootingGRID folded before Flop (didn't bet)
Seat 2: Joe_Li7 folded before Flop (didn't bet)
Seat 3: sta$igk folded before Flop (didn't bet)
Seat 4: CichiChanMarian (button) folded before Flop (didn't bet)
Seat 5: xxxZeka (small blind) folded before Flop
Seat 6: Pokerpump82 (big blind) collected ($1)



PokerStars Hand #254281158288:  Hold'em No Limit ($0.50/$1.00 USD) - 2025/01/09 18:20:31 WET [2025/01/09 13:20:31 ET]
Table 'Transvaalia III' 6-max Seat #5 is the button
Seat 1: shootingGRID ($108 in chips) 
Seat 2: Joe_Li7 ($113.50 in chips) 
Seat 3: sta$igk ($102.22 in chips) 
Seat 4: CichiChanMarian ($141.47 in chips) 
Seat 5: xxxZeka ($100 in chips) 
Seat 6: Pokerpump82 ($122.40 in chips) 
Pokerpump82: posts small blind $0.50
shootingGRID: posts big blind $1
*** HOLE CARDS ***
Joe_Li7: folds 
sta$igk: raises $1.50 to $2.50
CichiChanMarian: folds 
xxxZeka: folds 
Pokerpump82: folds 
shootingGRID: calls $1.50
*** FLOP *** [7s Jh 6c]
shootingGRID: checks 
sta$igk: bets $3.92
shootingGRID: calls $3.92
*** TURN *** [7s Jh 6c] [2d]
shootingGRID: checks 
sta$igk: bets $9.50
shootingGRID: raises $21 to $30.50
sta$igk: folds 
Uncalled bet ($21) returned to shootingGRID
shootingGRID collected $30.72 from pot
*** SUMMARY ***
Total pot $32.34 | Rake $1.62 
Board [7s Jh 6c 2d]
Seat 1: shootingGRID (big blind) collected ($30.72)
Seat 2: Joe_Li7 folded before Flop (didn't bet)
Seat 3: sta$igk folded on the Turn
Seat 4: CichiChanMarian folded before Flop (didn't bet)
Seat 5: xxxZeka (button) folded before Flop (didn't bet)
Seat 6: Pokerpump82 (small blind) folded before Flop



PokerStars Hand #254281185704:  Hold'em No Limit ($0.50/$1.00 USD) - 2025/01/09 18:22:02 WET [2025/01/09 13:22:02 ET]
Table 'Transvaalia III' 6-max Seat #6 is the button
Seat 1: shootingGRID ($122.80 in chips) 
Seat 2: Joe_Li7 ($113.50 in chips) 
Seat 3: sta$igk ($100 in chips) 
Seat 4: CichiChanMarian ($141.47 in chips) 
Seat 5: xxxZeka ($100 in chips) 
Seat 6: Pokerpump82 ($121.90 in chips) 
shootingGRID: posts small blind $0.50
Joe_Li7: posts big blind $1
*** HOLE CARDS ***
sta$igk: folds 
CichiChanMarian: folds 
xxxZeka: folds 
Pokerpump82: folds 
shootingGRID: folds 
Uncalled bet ($0.50) returned to Joe_Li7
Joe_Li7 collected $1 from pot
*** SUMMARY ***
Total pot $1 | Rake $0 
Seat 1: shootingGRID (small blind) folded before Flop
Seat 2: Joe_Li7 (big blind) collected ($1)
Seat 3: sta$igk folded before Flop (didn't bet)
Seat 4: CichiChanMarian folded before Flop (didn't bet)
Seat 5: xxxZeka folded before Flop (didn't bet)
Seat 6: Pokerpump82 (button) folded before Flop (didn't bet)



PokerStars Hand #254281193371:  Hold'em No Limit ($0.50/$1.00 USD) - 2025/01/09 18:22:28 WET [2025/01/09 13:22:28 ET]
Table 'Transvaalia III' 6-max Seat #1 is the button
Seat 1: shootingGRID ($122.30 in chips) 
Seat 2: Joe_Li7 ($114 in chips) 
Seat 3: sta$igk ($100 in chips) 
Seat 4: CichiChanMarian ($141.47 in chips) 
Seat 5: xxxZeka ($100 in chips) 
Seat 6: Pokerpump82 ($121.90 in chips) 
Joe_Li7: posts small blind $0.50
sta$igk: posts big blind $1
*** HOLE CARDS ***
CichiChanMarian: raises $1.50 to $2.50
xxxZeka: folds 
Pokerpump82: raises $4.50 to $7
shootingGRID: raises $13 to $20
Joe_Li7: folds 
sta$igk: folds 
CichiChanMarian: folds 
Pokerpump82: folds 
Uncalled bet ($13) returned to shootingGRID
shootingGRID collected $18 from pot
*** SUMMARY ***
Total pot $18 | Rake $0 
Seat 1: shootingGRID (button) collected ($18)
Seat 2: Joe_Li7 (small blind) folded before Flop
Seat 3: sta$igk (big blind) folded before Flop
Seat 4: CichiChanMarian folded before Flop
Seat 5: xxxZeka folded before Flop (didn't bet)
Seat 6: Pokerpump82 folded before Flop



PokerStars Hand #254281208081:  Hold'em No Limit ($0.50/$1.00 USD) - 2025/01/09 18:23:16 WET [2025/01/09 13:23:16 ET]
Table 'Transvaalia III' 6-max Seat #2 is the button
Seat 1: shootingGRID ($133.30 in chips) 
Seat 2: Joe_Li7 ($113.50 in chips) 
Seat 3: sta$igk ($100 in chips) 
Seat 4: CichiChanMarian ($138.97 in chips) 
Seat 5: xxxZeka ($100 in chips) 
Seat 6: Pokerpump82 ($114.90 in chips) 
sta$igk: posts small blind $0.50
CichiChanMarian: posts big blind $1
*** HOLE CARDS ***
xxxZeka: folds 
Pokerpump82: folds 
shootingGRID: folds 
Joe_Li7: folds 
sta$igk: folds 
Uncalled bet ($0.50) returned to CichiChanMarian
CichiChanMarian collected $1 from pot
CichiChanMarian: doesn't show hand 
*** SUMMARY ***
Total pot $1 | Rake $0 
Seat 1: shootingGRID folded before Flop (didn't bet)
Seat 2: Joe_Li7 (button) folded before Flop (didn't bet)
Seat 3: sta$igk (small blind) folded before Flop
Seat 4: CichiChanMarian (big blind) collected ($1)
Seat 5: xxxZeka folded before Flop (didn't bet)
Seat 6: Pokerpump82 folded before Flop (didn't bet)



PokerStars Hand #254281213122:  Hold'em No Limit ($0.50/$1.00 USD) - 2025/01/09 18:23:33 WET [2025/01/09 13:23:33 ET]
Table 'Transvaalia III' 6-max Seat #3 is the button
Seat 1: shootingGRID ($133.30 in chips) 
Seat 2: Joe_Li7 ($113.50 in chips) 
Seat 3: sta$igk ($100 in chips) 
Seat 4: CichiChanMarian ($139.47 in chips) 
Seat 5: xxxZeka ($100 in chips) 
Seat 6: Pokerpump82 ($114.90 in chips) 
CichiChanMarian: posts small blind $0.50
xxxZeka: posts big blind $1
*** HOLE CARDS ***
Pokerpump82: folds 
shootingGRID: folds 
Joe_Li7: folds 
sta$igk: raises $1.50 to $2.50
CichiChanMarian: folds 
xxxZeka: folds 
Uncalled bet ($1.50) returned to sta$igk
sta$igk collected $2.50 from pot
sta$igk: doesn't show hand 
*** SUMMARY ***
Total pot $2.50 | Rake $0 
Seat 1: shootingGRID folded before Flop (didn't bet)
Seat 2: Joe_Li7 folded before Flop (didn't bet)
Seat 3: sta$igk (button) collected ($2.50)
Seat 4: CichiChanMarian (small blind) folded before Flop
Seat 5: xxxZeka (big blind) folded before Flop
Seat 6: Pokerpump82 folded before Flop (didn't bet)



PokerStars Hand #254281219462:  Hold'em No Limit ($0.50/$1.00 USD) - 2025/01/09 18:23:54 WET [2025/01/09 13:23:54 ET]
Table 'Transvaalia III' 6-max Seat #4 is the button
Seat 1: shootingGRID ($133.30 in chips) 
Seat 2: Joe_Li7 ($113.50 in chips) 
Seat 3: sta$igk ($101.50 in chips) 
Seat 4: CichiChanMarian ($138.97 in chips) 
Seat 5: xxxZeka ($100 in chips) 
Seat 6: Pokerpump82 ($114.90 in chips) 
xxxZeka: posts small blind $0.50
Pokerpump82: posts big blind $1
*** HOLE CARDS ***
shootingGRID: folds 
Joe_Li7: folds 
sta$igk: raises $1.50 to $2.50
CichiChanMarian: folds 
xxxZeka: folds 
Pokerpump82: folds 
Uncalled bet ($1.50) returned to sta$igk
sta$igk collected $2.50 from pot
sta$igk: doesn't show hand 
*** SUMMARY ***
Total pot $2.50 | Rake $0 
Seat 1: shootingGRID folded before Flop (didn't bet)
Seat 2: Joe_Li7 folded before Flop (didn't bet)
Seat 3: sta$igk collected ($2.50)
Seat 4: CichiChanMarian (button) folded before Flop (didn't bet)
Seat 5: xxxZeka (small blind) folded before Flop
Seat 6: Pokerpump82 (big blind) folded before Flop



PokerStars Hand #254281226225:  Hold'em No Limit ($0.50/$1.00 USD) - 2025/01/09 18:24:17 WET [2025/01/09 13:24:17 ET]
Table 'Transvaalia III' 6-max Seat #5 is the button
Seat 1: shootingGRID ($133.30 in chips) 
Seat 2: Joe_Li7 ($113.50 in chips) 
Seat 3: sta$igk ($103 in chips) 
Seat 4: CichiChanMarian ($138.97 in chips) 
Seat 5: xxxZeka ($100 in chips) 
Seat 6: Pokerpump82 ($113.90 in chips) 
Pokerpump82: posts small blind $0.50
shootingGRID: posts big blind $1
*** HOLE CARDS ***
Joe_Li7: folds 
sta$igk: folds 
CichiChanMarian: folds 
xxxZeka: raises $1.50 to $2.50
Pokerpump82: folds 
shootingGRID: raises $8.50 to $11
xxxZeka: folds 
Uncalled bet ($8.50) returned to shootingGRID
shootingGRID collected $5.50 from pot
*** SUMMARY ***
Total pot $5.50 | Rake $0 
Seat 1: shootingGRID (big blind) collected ($5.50)
Seat 2: Joe_Li7 folded before Flop (didn't bet)
Seat 3: sta$igk folded before Flop (didn't bet)
Seat 4: CichiChanMarian folded before Flop (didn't bet)
Seat 5: xxxZeka (button) folded before Flop
Seat 6: Pokerpump82 (small blind) folded before Flop



PokerStars Hand #254281239663:  Hold'em No Limit ($0.50/$1.00 USD) - 2025/01/09 18:25:01 WET [2025/01/09 13:25:01 ET]
Table 'Transvaalia III' 6-max Seat #6 is the button
Seat 1: shootingGRID ($136.30 in chips) 
Seat 2: Joe_Li7 ($113.50 in chips) 
Seat 3: sta$igk ($103 in chips) 
Seat 4: CichiChanMarian ($138.97 in chips) 
Seat 5: xxxZeka ($100 in chips) 
Seat 6: Pokerpump82 ($113.40 in chips) 
shootingGRID: posts small blind $0.50
Joe_Li7: posts big blind $1
*** HOLE CARDS ***
sta$igk: folds 
CichiChanMarian: folds 
xxxZeka: folds 
xxxZeka leaves the table
Pokerpump82: folds 
shootingGRID: folds 
Uncalled bet ($0.50) returned to Joe_Li7
Joe_Li7 collected $1 from pot
michasia joins the table at seat #5 
*** SUMMARY ***
Total pot $1 | Rake $0 
Seat 1: shootingGRID (small blind) folded before Flop
Seat 2: Joe_Li7 (big blind) collected ($1)
Seat 3: sta$igk folded before Flop (didn't bet)
Seat 4: CichiChanMarian folded before Flop (didn't bet)
Seat 5: xxxZeka folded before Flop (didn't bet)
Seat 6: Pokerpump82 (button) folded before Flop (didn't bet)



PokerStars Hand #254281245469:  Hold'em No Limit ($0.50/$1.00 USD) - 2025/01/09 18:25:20 WET [2025/01/09 13:25:20 ET]
Table 'Transvaalia III' 6-max Seat #1 is the button
Seat 5: michasia ($100 in chips) is sitting out
Seat 1: shootingGRID ($135.80 in chips) 
Seat 2: Joe_Li7 ($114 in chips) 
Seat 3: sta$igk ($103 in chips) 
Seat 4: CichiChanMarian ($138.97 in chips) 
Seat 6: Pokerpump82 ($113.40 in chips) 
Joe_Li7: posts small blind $0.50
sta$igk: posts big blind $1
michasia: sits out 
*** HOLE CARDS ***
CichiChanMarian: raises $1.50 to $2.50
Pokerpump82: raises $4.50 to $7
shootingGRID: folds 
Joe_Li7: folds 
sta$igk: folds 
CichiChanMarian: folds 
Uncalled bet ($4.50) returned to Pokerpump82
Pokerpump82 collected $6.50 from pot
Pokerpump82: doesn't show hand 
*** SUMMARY ***
Total pot $6.50 | Rake $0 
Seat 5: michasia
Seat 1: shootingGRID (button) folded before Flop (didn't bet)
Seat 2: Joe_Li7 (small blind) folded before Flop
Seat 3: sta$igk (big blind) folded before Flop
Seat 4: CichiChanMarian folded before Flop
Seat 6: Pokerpump82 collected ($6.50)



PokerStars Hand #254281253150:  Hold'em No Limit ($0.50/$1.00 USD) - 2025/01/09 18:25:45 WET [2025/01/09 13:25:45 ET]
Table 'Transvaalia III' 6-max Seat #2 is the button
Seat 5: michasia ($100 in chips) is sitting out
Seat 1: shootingGRID ($135.80 in chips) 
Seat 2: Joe_Li7 ($113.50 in chips) 
Seat 3: sta$igk ($102 in chips) 
Seat 4: CichiChanMarian ($136.47 in chips) 
Seat 6: Pokerpump82 ($117.40 in chips) 
sta$igk: posts small blind $0.50
CichiChanMarian: posts big blind $1
michasia: sits out 
*** HOLE CARDS ***
Pokerpump82: folds 
shootingGRID: raises $1.50 to $2.50
Joe_Li7: folds 
sta$igk: folds 
CichiChanMarian: calls $1.50
*** FLOP *** [Jc 4c 7h]
CichiChanMarian: checks 
shootingGRID: bets $3.92
CichiChanMarian: calls $3.92
*** TURN *** [Jc 4c 7h] [9h]
CichiChanMarian: checks 
shootingGRID: bets $15.50
CichiChanMarian: calls $15.50
*** RIVER *** [Jc 4c 7h 9h] [3s]
CichiChanMarian: checks 
shootingGRID: bets $13.90
CichiChanMarian: calls $13.90
*** SHOW DOWN ***
shootingGRID: shows [Ah Ad] (a pair of Aces)
CichiChanMarian: mucks hand 
shootingGRID collected $69.64 from pot
*** SUMMARY ***
Total pot $72.14 | Rake $2.50 
Board [Jc 4c 7h 9h 3s]
Seat 5: michasia
Seat 1: shootingGRID showed [Ah Ad] and won ($69.64) with a pair of Aces
Seat 2: Joe_Li7 (button) folded before Flop (didn't bet)
Seat 3: sta$igk (small blind) folded before Flop
Seat 4: CichiChanMarian (big blind) mucked
Seat 6: Pokerpump82 folded before Flop (didn't bet)



PokerStars Hand #254281274688:  Hold'em No Limit ($0.50/$1.00 USD) - 2025/01/09 18:26:57 WET [2025/01/09 13:26:57 ET]
Table 'Transvaalia III' 6-max Seat #3 is the button
Seat 1: shootingGRID ($169.62 in chips) 
Seat 2: Joe_Li7 ($113.50 in chips) 
Seat 3: sta$igk ($101.50 in chips) 
Seat 4: CichiChanMarian ($100.65 in chips) 
Seat 5: michasia ($100 in chips) 
Seat 6: Pokerpump82 ($117.40 in chips) 
CichiChanMarian: posts small blind $0.50
michasia: posts big blind $1
*** HOLE CARDS ***
Pokerpump82: folds 
shootingGRID: folds 
Joe_Li7: folds 
sta$igk: raises $1.50 to $2.50
CichiChanMarian: folds 
michasia: folds 
Uncalled bet ($1.50) returned to sta$igk
sta$igk collected $2.50 from pot
sta$igk: doesn't show hand 
*** SUMMARY ***
Total pot $2.50 | Rake $0 
Seat 1: shootingGRID folded before Flop (didn't bet)
Seat 2: Joe_Li7 folded before Flop (didn't bet)
Seat 3: sta$igk (button) collected ($2.50)
Seat 4: CichiChanMarian (small blind) folded before Flop
Seat 5: michasia (big blind) folded before Flop
Seat 6: Pokerpump82 folded before Flop (didn't bet)



PokerStars Hand #254281279116:  Hold'em No Limit ($0.50/$1.00 USD) - 2025/01/09 18:27:11 WET [2025/01/09 13:27:11 ET]
Table 'Transvaalia III' 6-max Seat #4 is the button
Seat 1: shootingGRID ($169.62 in chips) 
Seat 2: Joe_Li7 ($113.50 in chips) 
Seat 3: sta$igk ($103 in chips) 
Seat 4: CichiChanMarian ($100.15 in chips) 
Seat 5: michasia ($100 in chips) 
Seat 6: Pokerpump82 ($117.40 in chips) 
michasia: posts small blind $0.50
Pokerpump82: posts big blind $1
*** HOLE CARDS ***
shootingGRID: raises $1.25 to $2.25
Joe_Li7: folds 
sta$igk: folds 
CichiChanMarian: folds 
michasia: folds 
Pokerpump82: calls $1.25
*** FLOP *** [9s 9c 4h]
Pokerpump82: checks 
shootingGRID: bets $1.57
Pokerpump82: calls $1.57
*** TURN *** [9s 9c 4h] [Kc]
Pokerpump82: checks 
shootingGRID: checks 
*** RIVER *** [9s 9c 4h Kc] [4s]
Pokerpump82: checks 
shootingGRID: checks 
*** SHOW DOWN ***
Pokerpump82: shows [8s 7d] (two pair, Nines and Fours)
shootingGRID: shows [Ts Ah] (two pair, Nines and Fours - Ace kicker)
shootingGRID collected $7.73 from pot
*** SUMMARY ***
Total pot $8.14 | Rake $0.41 
Board [9s 9c 4h Kc 4s]
Seat 1: shootingGRID showed [Ts Ah] and won ($7.73) with two pair, Nines and Fours
Seat 2: Joe_Li7 folded before Flop (didn't bet)
Seat 3: sta$igk folded before Flop (didn't bet)
Seat 4: CichiChanMarian (button) folded before Flop (didn't bet)
Seat 5: michasia (small blind) folded before Flop
Seat 6: Pokerpump82 (big blind) showed [8s 7d] and lost with two pair, Nines and Fours



PokerStars Hand #254281292228:  Hold'em No Limit ($0.50/$1.00 USD) - 2025/01/09 18:27:55 WET [2025/01/09 13:27:55 ET]
Table 'Transvaalia III' 6-max Seat #5 is the button
Seat 1: shootingGRID ($173.53 in chips) 
Seat 2: Joe_Li7 ($113.50 in chips) 
Seat 3: sta$igk ($103 in chips) 
Seat 4: CichiChanMarian ($100.15 in chips) 
Seat 5: michasia ($100 in chips) 
Seat 6: Pokerpump82 ($113.58 in chips) 
Pokerpump82: posts small blind $0.50
shootingGRID: posts big blind $1
*** HOLE CARDS ***
Joe_Li7: folds 
sta$igk: folds 
CichiChanMarian: folds 
michasia: raises $1.80 to $2.80
Pokerpump82: folds 
shootingGRID: folds 
Uncalled bet ($1.80) returned to michasia
michasia collected $2.50 from pot
michasia: doesn't show hand 
*** SUMMARY ***
Total pot $2.50 | Rake $0 
Seat 1: shootingGRID (big blind) folded before Flop
Seat 2: Joe_Li7 folded before Flop (didn't bet)
Seat 3: sta$igk folded before Flop (didn't bet)
Seat 4: CichiChanMarian folded before Flop (didn't bet)
Seat 5: michasia (button) collected ($2.50)
Seat 6: Pokerpump82 (small blind) folded before Flop



PokerStars Hand #254281296880:  Hold'em No Limit ($0.50/$1.00 USD) - 2025/01/09 18:28:10 WET [2025/01/09 13:28:10 ET]
Table 'Transvaalia III' 6-max Seat #6 is the button
Seat 1: shootingGRID ($172.53 in chips) 
Seat 2: Joe_Li7 ($113.50 in chips) 
Seat 3: sta$igk ($103 in chips) 
Seat 4: CichiChanMarian ($100.15 in chips) 
Seat 5: michasia ($101.50 in chips) 
Seat 6: Pokerpump82 ($113.08 in chips) 
shootingGRID: posts small blind $0.50
Joe_Li7: posts big blind $1
*** HOLE CARDS ***
sta$igk: folds 
CichiChanMarian: raises $1.50 to $2.50
michasia: folds 
Pokerpump82: folds 
shootingGRID: folds 
Joe_Li7: raises $8.50 to $11
CichiChanMarian: folds 
Uncalled bet ($8.50) returned to Joe_Li7
Joe_Li7 collected $5.50 from pot
*** SUMMARY ***
Total pot $5.50 | Rake $0 
Seat 1: shootingGRID (small blind) folded before Flop
Seat 2: Joe_Li7 (big blind) collected ($5.50)
Seat 3: sta$igk folded before Flop (didn't bet)
Seat 4: CichiChanMarian folded before Flop
Seat 5: michasia folded before Flop (didn't bet)
Seat 6: Pokerpump82 (button) folded before Flop (didn't bet)



PokerStars Hand #254281311028:  Hold'em No Limit ($0.50/$1.00 USD) - 2025/01/09 18:28:57 WET [2025/01/09 13:28:57 ET]
Table 'Transvaalia III' 6-max Seat #1 is the button
Seat 1: shootingGRID ($172.03 in chips) 
Seat 2: Joe_Li7 ($116.50 in chips) 
Seat 3: sta$igk ($103 in chips) 
Seat 4: CichiChanMarian ($100 in chips) 
Seat 5: michasia ($101.50 in chips) 
Seat 6: Pokerpump82 ($113.08 in chips) 
Joe_Li7: posts small blind $0.50
sta$igk: posts big blind $1
*** HOLE CARDS ***
CichiChanMarian: folds 
michasia: folds 
Pokerpump82: folds 
shootingGRID: folds 
Joe_Li7: folds 
Uncalled bet ($0.50) returned to sta$igk
sta$igk collected $1 from pot
sta$igk: doesn't show hand 
*** SUMMARY ***
Total pot $1 | Rake $0 
Seat 1: shootingGRID (button) folded before Flop (didn't bet)
Seat 2: Joe_Li7 (small blind) folded before Flop
Seat 3: sta$igk (big blind) collected ($1)
Seat 4: CichiChanMarian folded before Flop (didn't bet)
Seat 5: michasia folded before Flop (didn't bet)
Seat 6: Pokerpump82 folded before Flop (didn't bet)



PokerStars Hand #254280646087:  Hold'em No Limit ($0.50/$1.00 USD) - 2025/01/09 17:49:10 WET [2025/01/09 12:49:10 ET]
Table 'Transvaalia III' 6-max Seat #2 is the button
Seat 1: tintin641 ($100 in chips) 
Seat 2: nastja336 ($103.50 in chips) 
Seat 3: MAO_DZEDYN_S ($102.53 in chips) 
Seat 4: CichiChanMarian ($103 in chips) 
Seat 5: xxxZeka ($107.62 in chips) 
Seat 6: Pokerpump82 ($104.48 in chips) 
MAO_DZEDYN_S: posts small blind $0.50
CichiChanMarian: posts big blind $1
*** HOLE CARDS ***
xxxZeka: folds 
Pokerpump82: raises $1.30 to $2.30
tintin641: folds 
nastja336: calls $2.30
MAO_DZEDYN_S: folds 
CichiChanMarian: calls $1.30
*** FLOP *** [Ts 3c 2s]
CichiChanMarian: checks 
Pokerpump82: bets $1.80
nastja336: calls $1.80
CichiChanMarian: raises $11.20 to $13
Pokerpump82: calls $11.20
nastja336: folds 
*** TURN *** [Ts 3c 2s] [Js]
CichiChanMarian: bets $16.72
Pokerpump82: folds [Td]
Uncalled bet ($16.72) returned to CichiChanMarian
CichiChanMarian collected $33.44 from pot
CichiChanMarian: doesn't show hand 
*** SUMMARY ***
Total pot $35.20 | Rake $1.76 
Board [Ts 3c 2s Js]
Seat 1: tintin641 folded before Flop (didn't bet)
Seat 2: nastja336 (button) folded on the Flop
Seat 3: MAO_DZEDYN_S (small blind) folded before Flop
Seat 4: CichiChanMarian (big blind) collected ($33.44)
Seat 5: xxxZeka folded before Flop (didn't bet)
Seat 6: Pokerpump82 folded on the Turn



PokerStars Hand #254280668988:  Hold'em No Limit ($0.50/$1.00 USD) - 2025/01/09 17:50:31 WET [2025/01/09 12:50:31 ET]
Table 'Transvaalia III' 6-max Seat #3 is the button
Seat 1: tintin641 ($100 in chips) 
Seat 2: nastja336 ($100 in chips) 
Seat 3: MAO_DZEDYN_S ($102.03 in chips) 
Seat 4: CichiChanMarian ($121.14 in chips) 
Seat 5: xxxZeka ($107.62 in chips) 
Seat 6: Pokerpump82 ($89.18 in chips) 
CichiChanMarian: posts small blind $0.50
xxxZeka: posts big blind $1
*** HOLE CARDS ***
Pokerpump82: folds 
tintin641: folds 
nastja336: folds 
MAO_DZEDYN_S: raises $1.50 to $2.50
CichiChanMarian: folds 
xxxZeka: folds 
Uncalled bet ($1.50) returned to MAO_DZEDYN_S
MAO_DZEDYN_S collected $2.50 from pot
MAO_DZEDYN_S: doesn't show hand 
*** SUMMARY ***
Total pot $2.50 | Rake $0 
Seat 1: tintin641 folded before Flop (didn't bet)
Seat 2: nastja336 folded before Flop (didn't bet)
Seat 3: MAO_DZEDYN_S (button) collected ($2.50)
Seat 4: CichiChanMarian (small blind) folded before Flop
Seat 5: xxxZeka (big blind) folded before Flop
Seat 6: Pokerpump82 folded before Flop (didn't bet)



PokerStars Hand #254280674128:  Hold'em No Limit ($0.50/$1.00 USD) - 2025/01/09 17:50:50 WET [2025/01/09 12:50:50 ET]
Table 'Transvaalia III' 6-max Seat #4 is the button
Seat 1: tintin641 ($100 in chips) 
Seat 2: nastja336 ($100 in chips) 
Seat 3: MAO_DZEDYN_S ($103.53 in chips) 
Seat 4: CichiChanMarian ($120.64 in chips) 
Seat 5: xxxZeka ($106.62 in chips) 
Seat 6: Pokerpump82 ($89.18 in chips) 
xxxZeka: posts small blind $0.50
Pokerpump82: posts big blind $1
*** HOLE CARDS ***
tintin641: raises $1.50 to $2.50
nastja336: folds 
MAO_DZEDYN_S: folds 
CichiChanMarian: folds 
xxxZeka: folds 
Pokerpump82: folds 
Uncalled bet ($1.50) returned to tintin641
tintin641 collected $2.50 from pot
tintin641: doesn't show hand 
*** SUMMARY ***
Total pot $2.50 | Rake $0 
Seat 1: tintin641 collected ($2.50)
Seat 2: nastja336 folded before Flop (didn't bet)
Seat 3: MAO_DZEDYN_S folded before Flop (didn't bet)
Seat 4: CichiChanMarian (button) folded before Flop (didn't bet)
Seat 5: xxxZeka (small blind) folded before Flop
Seat 6: Pokerpump82 (big blind) folded before Flop



PokerStars Hand #254280680849:  Hold'em No Limit ($0.50/$1.00 USD) - 2025/01/09 17:51:13 WET [2025/01/09 12:51:13 ET]
Table 'Transvaalia III' 6-max Seat #5 is the button
Seat 1: tintin641 ($101.50 in chips) 
Seat 2: nastja336 ($100 in chips) 
Seat 3: MAO_DZEDYN_S ($103.53 in chips) 
Seat 4: CichiChanMarian ($120.64 in chips) 
Seat 5: xxxZeka ($106.12 in chips) 
Seat 6: Pokerpump82 ($88.18 in chips) 
Pokerpump82: posts small blind $0.50
tintin641: posts big blind $1
*** HOLE CARDS ***
nastja336: folds 
nastja336 leaves the table
MAO_DZEDYN_S: folds 
CichiChanMarian: folds 
Joe_Li7 joins the table at seat #2 
xxxZeka: folds 
Pokerpump82: raises $1 to $2
tintin641: calls $1
*** FLOP *** [7s Ac Ks]
Pokerpump82: bets $1.90
tintin641: folds 
Uncalled bet ($1.90) returned to Pokerpump82
Pokerpump82 collected $3.80 from pot
Pokerpump82: doesn't show hand 
*** SUMMARY ***
Total pot $4 | Rake $0.20 
Board [7s Ac Ks]
Seat 1: tintin641 (big blind) folded on the Flop
Seat 2: nastja336 folded before Flop (didn't bet)
Seat 3: MAO_DZEDYN_S folded before Flop (didn't bet)
Seat 4: CichiChanMarian folded before Flop (didn't bet)
Seat 5: xxxZeka (button) folded before Flop (didn't bet)
Seat 6: Pokerpump82 (small blind) collected ($3.80)



PokerStars Hand #254280691313:  Hold'em No Limit ($0.50/$1.00 USD) - 2025/01/09 17:51:50 WET [2025/01/09 12:51:50 ET]
Table 'Transvaalia III' 6-max Seat #6 is the button
Seat 1: tintin641 ($100 in chips) 
Seat 2: Joe_Li7 ($100 in chips) 
Seat 3: MAO_DZEDYN_S ($103.53 in chips) 
Seat 4: CichiChanMarian ($120.64 in chips) 
Seat 5: xxxZeka ($106.12 in chips) 
Seat 6: Pokerpump82 ($89.98 in chips) 
tintin641: posts small blind $0.50
Joe_Li7: posts big blind $1
*** HOLE CARDS ***
MAO_DZEDYN_S: folds 
CichiChanMarian: folds 
xxxZeka: folds 
Pokerpump82: raises $1 to $2
tintin641: folds 
Joe_Li7: folds 
Uncalled bet ($1) returned to Pokerpump82
Pokerpump82 collected $2.50 from pot
Pokerpump82: doesn't show hand 
*** SUMMARY ***
Total pot $2.50 | Rake $0 
Seat 1: tintin641 (small blind) folded before Flop
Seat 2: Joe_Li7 (big blind) folded before Flop
Seat 3: MAO_DZEDYN_S folded before Flop (didn't bet)
Seat 4: CichiChanMarian folded before Flop (didn't bet)
Seat 5: xxxZeka folded before Flop (didn't bet)
Seat 6: Pokerpump82 (button) collected ($2.50)



PokerStars Hand #254280696742:  Hold'em No Limit ($0.50/$1.00 USD) - 2025/01/09 17:52:09 WET [2025/01/09 12:52:09 ET]
Table 'Transvaalia III' 6-max Seat #1 is the button
Seat 1: tintin641 ($100 in chips) 
Seat 2: Joe_Li7 ($100 in chips) 
Seat 3: MAO_DZEDYN_S ($103.53 in chips) 
Seat 4: CichiChanMarian ($120.64 in chips) 
Seat 5: xxxZeka ($106.12 in chips) 
Seat 6: Pokerpump82 ($91.48 in chips) 
Joe_Li7: posts small blind $0.50
MAO_DZEDYN_S: posts big blind $1
*** HOLE CARDS ***
CichiChanMarian: folds 
xxxZeka: folds 
Pokerpump82: folds 
tintin641: folds 
Joe_Li7: folds 
Uncalled bet ($0.50) returned to MAO_DZEDYN_S
MAO_DZEDYN_S collected $1 from pot
MAO_DZEDYN_S: doesn't show hand 
*** SUMMARY ***
Total pot $1 | Rake $0 
Seat 1: tintin641 (button) folded before Flop (didn't bet)
Seat 2: Joe_Li7 (small blind) folded before Flop
Seat 3: MAO_DZEDYN_S (big blind) collected ($1)
Seat 4: CichiChanMarian folded before Flop (didn't bet)
Seat 5: xxxZeka folded before Flop (didn't bet)
Seat 6: Pokerpump82 folded before Flop (didn't bet)



PokerStars Hand #254280701393:  Hold'em No Limit ($0.50/$1.00 USD) - 2025/01/09 17:52:26 WET [2025/01/09 12:52:26 ET]
Table 'Transvaalia III' 6-max Seat #2 is the button
Seat 1: tintin641 ($100 in chips) 
Seat 2: Joe_Li7 ($100 in chips) 
Seat 3: MAO_DZEDYN_S ($104.03 in chips) 
Seat 4: CichiChanMarian ($120.64 in chips) 
Seat 5: xxxZeka ($106.12 in chips) 
Seat 6: Pokerpump82 ($91.48 in chips) 
MAO_DZEDYN_S: posts small blind $0.50
CichiChanMarian: posts big blind $1
*** HOLE CARDS ***
xxxZeka: folds 
Pokerpump82: raises $1 to $2
tintin641: folds 
Joe_Li7: folds 
MAO_DZEDYN_S: folds 
CichiChanMarian: calls $1
*** FLOP *** [4s 6h Ah]
CichiChanMarian: checks 
Pokerpump82: bets $2.14
CichiChanMarian: folds 
Uncalled bet ($2.14) returned to Pokerpump82
Pokerpump82 collected $4.28 from pot
Pokerpump82: doesn't show hand 
*** SUMMARY ***
Total pot $4.50 | Rake $0.22 
Board [4s 6h Ah]
Seat 1: tintin641 folded before Flop (didn't bet)
Seat 2: Joe_Li7 (button) folded before Flop (didn't bet)
Seat 3: MAO_DZEDYN_S (small blind) folded before Flop
Seat 4: CichiChanMarian (big blind) folded on the Flop
Seat 5: xxxZeka folded before Flop (didn't bet)
Seat 6: Pokerpump82 collected ($4.28)



PokerStars Hand #254280713663:  Hold'em No Limit ($0.50/$1.00 USD) - 2025/01/09 17:53:10 WET [2025/01/09 12:53:10 ET]
Table 'Transvaalia III' 6-max Seat #3 is the button
Seat 1: tintin641 ($100 in chips) 
Seat 2: Joe_Li7 ($100 in chips) 
Seat 3: MAO_DZEDYN_S ($103.53 in chips) 
Seat 4: CichiChanMarian ($118.64 in chips) 
Seat 5: xxxZeka ($106.12 in chips) 
Seat 6: Pokerpump82 ($93.76 in chips) 
CichiChanMarian: posts small blind $0.50
xxxZeka: posts big blind $1
*** HOLE CARDS ***
Pokerpump82: folds 
tintin641: folds 
Joe_Li7: folds 
MAO_DZEDYN_S: raises $1.50 to $2.50
CichiChanMarian: folds 
xxxZeka: folds 
Uncalled bet ($1.50) returned to MAO_DZEDYN_S
MAO_DZEDYN_S collected $2.50 from pot
MAO_DZEDYN_S: doesn't show hand 
*** SUMMARY ***
Total pot $2.50 | Rake $0 
Seat 1: tintin641 folded before Flop (didn't bet)
Seat 2: Joe_Li7 folded before Flop (didn't bet)
Seat 3: MAO_DZEDYN_S (button) collected ($2.50)
Seat 4: CichiChanMarian (small blind) folded before Flop
Seat 5: xxxZeka (big blind) folded before Flop
Seat 6: Pokerpump82 folded before Flop (didn't bet)



PokerStars Hand #254280721749:  Hold'em No Limit ($0.50/$1.00 USD) - 2025/01/09 17:53:39 WET [2025/01/09 12:53:39 ET]
Table 'Transvaalia III' 6-max Seat #4 is the button
Seat 1: tintin641 ($100 in chips) 
Seat 2: Joe_Li7 ($100 in chips) 
Seat 3: MAO_DZEDYN_S ($105.03 in chips) 
Seat 4: CichiChanMarian ($118.14 in chips) 
Seat 5: xxxZeka ($105.12 in chips) 
Seat 6: Pokerpump82 ($93.76 in chips) 
xxxZeka: posts small blind $0.50
Pokerpump82: posts big blind $1
*** HOLE CARDS ***
tintin641: folds 
Joe_Li7: folds 
MAO_DZEDYN_S: folds 
CichiChanMarian: folds 
xxxZeka: raises $2 to $3
Pokerpump82: folds 
Uncalled bet ($2) returned to xxxZeka
xxxZeka collected $2 from pot
xxxZeka: doesn't show hand 
*** SUMMARY ***
Total pot $2 | Rake $0 
Seat 1: tintin641 folded before Flop (didn't bet)
Seat 2: Joe_Li7 folded before Flop (didn't bet)
Seat 3: MAO_DZEDYN_S folded before Flop (didn't bet)
Seat 4: CichiChanMarian (button) folded before Flop (didn't bet)
Seat 5: xxxZeka (small blind) collected ($2)
Seat 6: Pokerpump82 (big blind) folded before Flop



PokerStars Hand #254280729269:  Hold'em No Limit ($0.50/$1.00 USD) - 2025/01/09 17:54:06 WET [2025/01/09 12:54:06 ET]
Table 'Transvaalia III' 6-max Seat #5 is the button
Seat 1: tintin641 ($100 in chips) 
Seat 2: Joe_Li7 ($100 in chips) 
Seat 3: MAO_DZEDYN_S ($105.03 in chips) 
Seat 4: CichiChanMarian ($118.14 in chips) 
Seat 5: xxxZeka ($106.12 in chips) 
Seat 6: Pokerpump82 ($92.76 in chips) 
Pokerpump82: posts small blind $0.50
tintin641: posts big blind $1
*** HOLE CARDS ***
Joe_Li7: raises $1.20 to $2.20
MAO_DZEDYN_S: folds 
CichiChanMarian: folds 
xxxZeka: folds 
Pokerpump82: calls $1.70
tintin641: folds 
*** FLOP *** [3s Jd Qc]
Pokerpump82: checks 
Joe_Li7: checks 
*** TURN *** [3s Jd Qc] [Jc]
Pokerpump82: bets $1.57
Joe_Li7: calls $1.57
*** RIVER *** [3s Jd Qc Jc] [Tc]
Pokerpump82: checks 
Joe_Li7: bets $12.17
Pokerpump82: folds 
Uncalled bet ($12.17) returned to Joe_Li7
Joe_Li7 collected $8.11 from pot
*** SUMMARY ***
Total pot $8.54 | Rake $0.43 
Board [3s Jd Qc Jc Tc]
Seat 1: tintin641 (big blind) folded before Flop
Seat 2: Joe_Li7 collected ($8.11)
Seat 3: MAO_DZEDYN_S folded before Flop (didn't bet)
Seat 4: CichiChanMarian folded before Flop (didn't bet)
Seat 5: xxxZeka (button) folded before Flop (didn't bet)
Seat 6: Pokerpump82 (small blind) folded on the River



PokerStars Hand #254280751425:  Hold'em No Limit ($0.50/$1.00 USD) - 2025/01/09 17:55:34 WET [2025/01/09 12:55:34 ET]
Table 'Transvaalia III' 6-max Seat #6 is the button
Seat 1: tintin641 ($100 in chips) 
Seat 2: Joe_Li7 ($104.34 in chips) 
Seat 3: MAO_DZEDYN_S ($105.03 in chips) 
Seat 4: CichiChanMarian ($118.14 in chips) 
Seat 5: xxxZeka ($106.12 in chips) 
Seat 6: Pokerpump82 ($88.99 in chips) 
tintin641: posts small blind $0.50
Joe_Li7: posts big blind $1
*** HOLE CARDS ***
MAO_DZEDYN_S: folds 
CichiChanMarian: raises $1.50 to $2.50
xxxZeka: folds 
Pokerpump82: folds 
tintin641: folds 
Joe_Li7: folds 
Uncalled bet ($1.50) returned to CichiChanMarian
CichiChanMarian collected $2.50 from pot
CichiChanMarian: doesn't show hand 
*** SUMMARY ***
Total pot $2.50 | Rake $0 
Seat 1: tintin641 (small blind) folded before Flop
Seat 2: Joe_Li7 (big blind) folded before Flop
Seat 3: MAO_DZEDYN_S folded before Flop (didn't bet)
Seat 4: CichiChanMarian collected ($2.50)
Seat 5: xxxZeka folded before Flop (didn't bet)
Seat 6: Pokerpump82 (button) folded before Flop (didn't bet)



PokerStars Hand #254280758355:  Hold'em No Limit ($0.50/$1.00 USD) - 2025/01/09 17:56:08 WET [2025/01/09 12:56:08 ET]
Table 'Transvaalia III' 6-max Seat #1 is the button
Seat 1: tintin641 ($100 in chips) 
Seat 2: Joe_Li7 ($103.34 in chips) 
Seat 3: MAO_DZEDYN_S ($105.03 in chips) 
Seat 4: CichiChanMarian ($119.64 in chips) 
Seat 5: xxxZeka ($106.12 in chips) 
Seat 6: Pokerpump82 ($88.99 in chips) 
Joe_Li7: posts small blind $0.50
MAO_DZEDYN_S: posts big blind $1
*** HOLE CARDS ***
CichiChanMarian: raises $1.50 to $2.50
xxxZeka: folds 
Pokerpump82: folds 
tintin641: folds 
Joe_Li7: folds 
MAO_DZEDYN_S: folds 
Uncalled bet ($1.50) returned to CichiChanMarian
CichiChanMarian collected $2.50 from pot
CichiChanMarian: doesn't show hand 
*** SUMMARY ***
Total pot $2.50 | Rake $0 
Seat 1: tintin641 (button) folded before Flop (didn't bet)
Seat 2: Joe_Li7 (small blind) folded before Flop
Seat 3: MAO_DZEDYN_S (big blind) folded before Flop
Seat 4: CichiChanMarian collected ($2.50)
Seat 5: xxxZeka folded before Flop (didn't bet)
Seat 6: Pokerpump82 folded before Flop (didn't bet)



PokerStars Hand #254280761949:  Hold'em No Limit ($0.50/$1.00 USD) - 2025/01/09 17:56:26 WET [2025/01/09 12:56:26 ET]
Table 'Transvaalia III' 6-max Seat #2 is the button
Seat 1: tintin641 ($100 in chips) 
Seat 2: Joe_Li7 ($102.84 in chips) 
Seat 3: MAO_DZEDYN_S ($104.03 in chips) 
Seat 4: CichiChanMarian ($121.14 in chips) 
Seat 5: xxxZeka ($106.12 in chips) 
Seat 6: Pokerpump82 ($88.99 in chips) 
MAO_DZEDYN_S: posts small blind $0.50
CichiChanMarian: posts big blind $1
*** HOLE CARDS ***
xxxZeka: folds 
Pokerpump82: raises $1 to $2
tintin641: folds 
Joe_Li7: folds 
MAO_DZEDYN_S: folds 
CichiChanMarian: raises $8.80 to $10.80
Pokerpump82: folds 
Uncalled bet ($8.80) returned to CichiChanMarian
CichiChanMarian collected $4.50 from pot
CichiChanMarian: doesn't show hand 
*** SUMMARY ***
Total pot $4.50 | Rake $0 
Seat 1: tintin641 folded before Flop (didn't bet)
Seat 2: Joe_Li7 (button) folded before Flop (didn't bet)
Seat 3: MAO_DZEDYN_S (small blind) folded before Flop
Seat 4: CichiChanMarian (big blind) collected ($4.50)
Seat 5: xxxZeka folded before Flop (didn't bet)
Seat 6: Pokerpump82 folded before Flop



PokerStars Hand #254280769462:  Hold'em No Limit ($0.50/$1.00 USD) - 2025/01/09 17:57:04 WET [2025/01/09 12:57:04 ET]
Table 'Transvaalia III' 6-max Seat #3 is the button
Seat 1: tintin641 ($100 in chips) 
Seat 2: Joe_Li7 ($102.84 in chips) 
Seat 3: MAO_DZEDYN_S ($103.53 in chips) 
Seat 4: CichiChanMarian ($123.64 in chips) 
Seat 5: xxxZeka ($106.12 in chips) 
Seat 6: Pokerpump82 ($86.99 in chips) 
CichiChanMarian: posts small blind $0.50
xxxZeka: posts big blind $1
*** HOLE CARDS ***
Pokerpump82: folds 
tintin641: folds 
Joe_Li7: folds 
MAO_DZEDYN_S: folds 
CichiChanMarian: folds 
Uncalled bet ($0.50) returned to xxxZeka
xxxZeka collected $1 from pot
xxxZeka: doesn't show hand 
*** SUMMARY ***
Total pot $1 | Rake $0 
Seat 1: tintin641 folded before Flop (didn't bet)
Seat 2: Joe_Li7 folded before Flop (didn't bet)
Seat 3: MAO_DZEDYN_S (button) folded before Flop (didn't bet)
Seat 4: CichiChanMarian (small blind) folded before Flop
Seat 5: xxxZeka (big blind) collected ($1)
Seat 6: Pokerpump82 folded before Flop (didn't bet)



PokerStars Hand #254280772363:  Hold'em No Limit ($0.50/$1.00 USD) - 2025/01/09 17:57:18 WET [2025/01/09 12:57:18 ET]
Table 'Transvaalia III' 6-max Seat #4 is the button
Seat 1: tintin641 ($100 in chips) 
Seat 2: Joe_Li7 ($102.84 in chips) 
Seat 3: MAO_DZEDYN_S ($103.53 in chips) 
Seat 4: CichiChanMarian ($123.14 in chips) 
Seat 5: xxxZeka ($106.62 in chips) 
Seat 6: Pokerpump82 ($86.99 in chips) 
xxxZeka: posts small blind $0.50
Pokerpump82: posts big blind $1
*** HOLE CARDS ***
tintin641: folds 
Joe_Li7: folds 
MAO_DZEDYN_S: folds 
CichiChanMarian: raises $1.50 to $2.50
xxxZeka: raises $8.50 to $11
Pokerpump82: folds 
CichiChanMarian: raises $13.20 to $24.20
xxxZeka: folds 
Uncalled bet ($13.20) returned to CichiChanMarian
CichiChanMarian collected $23 from pot
CichiChanMarian: doesn't show hand 
*** SUMMARY ***
Total pot $23 | Rake $0 
Seat 1: tintin641 folded before Flop (didn't bet)
Seat 2: Joe_Li7 folded before Flop (didn't bet)
Seat 3: MAO_DZEDYN_S folded before Flop (didn't bet)
Seat 4: CichiChanMarian (button) collected ($23)
Seat 5: xxxZeka (small blind) folded before Flop
Seat 6: Pokerpump82 (big blind) folded before Flop



PokerStars Hand #254280781887:  Hold'em No Limit ($0.50/$1.00 USD) - 2025/01/09 17:58:05 WET [2025/01/09 12:58:05 ET]
Table 'Transvaalia III' 6-max Seat #5 is the button
Seat 1: tintin641 ($100 in chips) 
Seat 2: Joe_Li7 ($102.84 in chips) 
Seat 3: MAO_DZEDYN_S ($103.53 in chips) 
Seat 4: CichiChanMarian ($135.14 in chips) 
Seat 5: xxxZeka ($100 in chips) 
Seat 6: Pokerpump82 ($85.99 in chips) 
Pokerpump82: posts small blind $0.50
tintin641: posts big blind $1
*** HOLE CARDS ***
Joe_Li7: folds 
MAO_DZEDYN_S: folds 
CichiChanMarian: raises $1.50 to $2.50
xxxZeka: raises $5 to $7.50
Pokerpump82: folds 
tintin641: folds 
CichiChanMarian: folds 
Uncalled bet ($5) returned to xxxZeka
xxxZeka collected $6.50 from pot
xxxZeka: doesn't show hand 
*** SUMMARY ***
Total pot $6.50 | Rake $0 
Seat 1: tintin641 (big blind) folded before Flop
Seat 2: Joe_Li7 folded before Flop (didn't bet)
Seat 3: MAO_DZEDYN_S folded before Flop (didn't bet)
Seat 4: CichiChanMarian folded before Flop
Seat 5: xxxZeka (button) collected ($6.50)
Seat 6: Pokerpump82 (small blind) folded before Flop



PokerStars Hand #254280787166:  Hold'em No Limit ($0.50/$1.00 USD) - 2025/01/09 17:58:31 WET [2025/01/09 12:58:31 ET]
Table 'Transvaalia III' 6-max Seat #6 is the button
Seat 1: tintin641 ($100 in chips) 
Seat 2: Joe_Li7 ($102.84 in chips) 
Seat 3: MAO_DZEDYN_S ($103.53 in chips) 
Seat 4: CichiChanMarian ($132.64 in chips) 
Seat 5: xxxZeka ($104 in chips) 
Seat 6: Pokerpump82 ($85.49 in chips) 
tintin641: posts small blind $0.50
Joe_Li7: posts big blind $1
*** HOLE CARDS ***
MAO_DZEDYN_S: folds 
CichiChanMarian: folds 
MAO_DZEDYN_S leaves the table
xxxZeka: folds 
Pokerpump82: raises $1.20 to $2.20
tintin641: folds 
Joe_Li7: calls $1.20
*** FLOP *** [9d Qs 8h]
Unipoker11 joins the table at seat #3 
Joe_Li7: checks 
Pokerpump82: checks 
*** TURN *** [9d Qs 8h] [3c]
Joe_Li7: checks 
Pokerpump82: checks 
*** RIVER *** [9d Qs 8h 3c] [9s]
Joe_Li7: checks 
Pokerpump82: checks 
*** SHOW DOWN ***
Joe_Li7: shows [Ah 7h] (a pair of Nines)
Pokerpump82: shows [As 5h] (a pair of Nines)
Joe_Li7 collected $2.33 from pot
Pokerpump82 collected $2.33 from pot
*** SUMMARY ***
Total pot $4.90 | Rake $0.24 
Board [9d Qs 8h 3c 9s]
Seat 1: tintin641 (small blind) folded before Flop
Seat 2: Joe_Li7 (big blind) showed [Ah 7h] and won ($2.33) with a pair of Nines
Seat 3: MAO_DZEDYN_S folded before Flop (didn't bet)
Seat 4: CichiChanMarian folded before Flop (didn't bet)
Seat 5: xxxZeka folded before Flop (didn't bet)
Seat 6: Pokerpump82 (button) showed [As 5h] and won ($2.33) with a pair of Nines



PokerStars Hand #254280802864:  Hold'em No Limit ($0.50/$1.00 USD) - 2025/01/09 17:59:48 WET [2025/01/09 12:59:48 ET]
Table 'Transvaalia III' 6-max Seat #1 is the button
Seat 1: tintin641 ($100 in chips) 
Seat 2: Joe_Li7 ($102.97 in chips) 
Seat 3: Unipoker11 ($100 in chips) 
Seat 4: CichiChanMarian ($132.64 in chips) 
Seat 5: xxxZeka ($104 in chips) 
Seat 6: Pokerpump82 ($85.62 in chips) 
Joe_Li7: posts small blind $0.50
Unipoker11: posts big blind $1
*** HOLE CARDS ***
CichiChanMarian: folds 
xxxZeka: folds 
Pokerpump82: raises $1 to $2
tintin641: folds 
Joe_Li7: folds 
Unipoker11: calls $1
*** FLOP *** [Ad Th 9h]
Unipoker11: checks 
Pokerpump82: bets $1.50
Unipoker11: folds 
Uncalled bet ($1.50) returned to Pokerpump82
Pokerpump82 collected $4.28 from pot
Pokerpump82: doesn't show hand 
*** SUMMARY ***
Total pot $4.50 | Rake $0.22 
Board [Ad Th 9h]
Seat 1: tintin641 (button) folded before Flop (didn't bet)
Seat 2: Joe_Li7 (small blind) folded before Flop
Seat 3: Unipoker11 (big blind) folded on the Flop
Seat 4: CichiChanMarian folded before Flop (didn't bet)
Seat 5: xxxZeka folded before Flop (didn't bet)
Seat 6: Pokerpump82 collected ($4.28)



PokerStars Hand #254280813837:  Hold'em No Limit ($0.50/$1.00 USD) - 2025/01/09 18:00:40 WET [2025/01/09 13:00:40 ET]
Table 'Transvaalia III' 6-max Seat #2 is the button
Seat 1: tintin641 ($100 in chips) 
Seat 2: Joe_Li7 ($102.47 in chips) 
Seat 3: Unipoker11 ($100 in chips) 
Seat 4: CichiChanMarian ($132.64 in chips) 
Seat 5: xxxZeka ($104 in chips) 
Seat 6: Pokerpump82 ($87.90 in chips) 
Unipoker11: posts small blind $0.50
CichiChanMarian: posts big blind $1
*** HOLE CARDS ***
xxxZeka: raises $1.50 to $2.50
Pokerpump82: folds 
tintin641: folds 
Joe_Li7: folds 
Unipoker11: folds 
CichiChanMarian: folds 
Uncalled bet ($1.50) returned to xxxZeka
xxxZeka collected $2.50 from pot
xxxZeka: doesn't show hand 
*** SUMMARY ***
Total pot $2.50 | Rake $0 
Seat 1: tintin641 folded before Flop (didn't bet)
Seat 2: Joe_Li7 (button) folded before Flop (didn't bet)
Seat 3: Unipoker11 (small blind) folded before Flop
Seat 4: CichiChanMarian (big blind) folded before Flop
Seat 5: xxxZeka collected ($2.50)
Seat 6: Pokerpump82 folded before Flop (didn't bet)



PokerStars Hand #254280818451:  Hold'em No Limit ($0.50/$1.00 USD) - 2025/01/09 18:01:00 WET [2025/01/09 13:01:00 ET]
Table 'Transvaalia III' 6-max Seat #3 is the button
Seat 1: tintin641 ($100 in chips) 
Seat 2: Joe_Li7 ($102.47 in chips) 
Seat 3: Unipoker11 ($100 in chips) 
Seat 4: CichiChanMarian ($131.64 in chips) 
Seat 5: xxxZeka ($105.50 in chips) 
Seat 6: Pokerpump82 ($87.90 in chips) 
CichiChanMarian: posts small blind $0.50
xxxZeka: posts big blind $1
*** HOLE CARDS ***
Pokerpump82: folds 
tintin641: folds 
Joe_Li7: folds 
Unipoker11: folds 
CichiChanMarian: folds 
Uncalled bet ($0.50) returned to xxxZeka
xxxZeka collected $1 from pot
xxxZeka: doesn't show hand 
*** SUMMARY ***
Total pot $1 | Rake $0 
Seat 1: tintin641 folded before Flop (didn't bet)
Seat 2: Joe_Li7 folded before Flop (didn't bet)
Seat 3: Unipoker11 (button) folded before Flop (didn't bet)
Seat 4: CichiChanMarian (small blind) folded before Flop
Seat 5: xxxZeka (big blind) collected ($1)
Seat 6: Pokerpump82 folded before Flop (didn't bet)



PokerStars Hand #254280824299:  Hold'em No Limit ($0.50/$1.00 USD) - 2025/01/09 18:01:23 WET [2025/01/09 13:01:23 ET]
Table 'Transvaalia III' 6-max Seat #4 is the button
Seat 1: tintin641 ($100 in chips) 
Seat 2: Joe_Li7 ($102.47 in chips) 
Seat 3: Unipoker11 ($100 in chips) 
Seat 4: CichiChanMarian ($131.14 in chips) 
Seat 5: xxxZeka ($106 in chips) 
Seat 6: Pokerpump82 ($87.90 in chips) 
xxxZeka: posts small blind $0.50
Pokerpump82: posts big blind $1
*** HOLE CARDS ***
tintin641: raises $1.50 to $2.50
Joe_Li7: raises $5 to $7.50
Unipoker11: folds 
CichiChanMarian: folds 
xxxZeka: folds 
Pokerpump82: folds 
tintin641: folds 
Uncalled bet ($5) returned to Joe_Li7
Joe_Li7 collected $6.50 from pot
*** SUMMARY ***
Total pot $6.50 | Rake $0 
Seat 1: tintin641 folded before Flop
Seat 2: Joe_Li7 collected ($6.50)
Seat 3: Unipoker11 folded before Flop (didn't bet)
Seat 4: CichiChanMarian (button) folded before Flop (didn't bet)
Seat 5: xxxZeka (small blind) folded before Flop
Seat 6: Pokerpump82 (big blind) folded before Flop



PokerStars Hand #254280833595:  Hold'em No Limit ($0.50/$1.00 USD) - 2025/01/09 18:01:59 WET [2025/01/09 13:01:59 ET]
Table 'Transvaalia III' 6-max Seat #5 is the button
Seat 1: tintin641 ($100 in chips) is sitting out
Seat 2: Joe_Li7 ($106.47 in chips) 
Seat 3: Unipoker11 ($100 in chips) 
Seat 4: CichiChanMarian ($131.14 in chips) 
Seat 5: xxxZeka ($105.50 in chips) 
Seat 6: Pokerpump82 ($86.90 in chips) 
Pokerpump82: posts small blind $0.50
tintin641: is sitting out 
Joe_Li7: posts big blind $1
*** HOLE CARDS ***
Unipoker11: raises $1 to $2
tintin641 leaves the table
CichiChanMarian: folds 
xxxZeka: folds 
Pokerpump82: raises $5 to $7
Joe_Li7: folds 
shootingGRID joins the table at seat #1 
Unipoker11: calls $5
*** FLOP *** [2c Qh 5c]
Pokerpump82: bets $7.13
Unipoker11: calls $7.13
*** TURN *** [2c Qh 5c] [6h]
Pokerpump82: checks 
Unipoker11: checks 
*** RIVER *** [2c Qh 5c 6h] [Ts]
Pokerpump82: bets $10.90
Unipoker11: raises $74.97 to $85.87 and is all-in
Pokerpump82: folds 
Uncalled bet ($74.97) returned to Unipoker11
Unipoker11 collected $48.56 from pot
Unipoker11: doesn't show hand 
*** SUMMARY ***
Total pot $51.06 | Rake $2.50 
Board [2c Qh 5c 6h Ts]
Seat 1: tintin641
Seat 2: Joe_Li7 (big blind) folded before Flop
Seat 3: Unipoker11 collected ($48.56)
Seat 4: CichiChanMarian folded before Flop (didn't bet)
Seat 5: xxxZeka (button) folded before Flop (didn't bet)
Seat 6: Pokerpump82 (small blind) folded on the River



PokerStars Hand #254280865059:  Hold'em No Limit ($0.50/$1.00 USD) - 2025/01/09 18:03:50 WET [2025/01/09 13:03:50 ET]
Table 'Transvaalia III' 6-max Seat #6 is the button
Seat 1: shootingGRID ($100 in chips) is sitting out
Seat 2: Joe_Li7 ($105.47 in chips) 
Seat 3: Unipoker11 ($123.53 in chips) 
Seat 4: CichiChanMarian ($131.14 in chips) 
Seat 5: xxxZeka ($105.50 in chips) 
Seat 6: Pokerpump82 ($61.87 in chips) 
Joe_Li7: posts small blind $0.50
Unipoker11: posts big blind $1
*** HOLE CARDS ***
CichiChanMarian: folds 
xxxZeka: folds 
Pokerpump82: folds 
Joe_Li7: folds 
Uncalled bet ($0.50) returned to Unipoker11
Unipoker11 collected $1 from pot
Unipoker11: doesn't show hand 
*** SUMMARY ***
Total pot $1 | Rake $0 
Seat 1: shootingGRID
Seat 2: Joe_Li7 (small blind) folded before Flop
Seat 3: Unipoker11 (big blind) collected ($1)
Seat 4: CichiChanMarian folded before Flop (didn't bet)
Seat 5: xxxZeka folded before Flop (didn't bet)
Seat 6: Pokerpump82 (button) folded before Flop (didn't bet)



PokerStars Hand #254280868345:  Hold'em No Limit ($0.50/$1.00 USD) - 2025/01/09 18:04:02 WET [2025/01/09 13:04:02 ET]
Table 'Transvaalia III' 6-max Seat #2 is the button
Seat 1: shootingGRID ($100 in chips) is sitting out
Seat 2: Joe_Li7 ($104.97 in chips) 
Seat 3: Unipoker11 ($124.03 in chips) 
Seat 4: CichiChanMarian ($131.14 in chips) 
Seat 5: xxxZeka ($105.50 in chips) 
Seat 6: Pokerpump82 ($61.87 in chips) 
Unipoker11: posts small blind $0.50
CichiChanMarian: posts big blind $1
shootingGRID: sits out 
*** HOLE CARDS ***
xxxZeka: folds 
Pokerpump82: folds 
Joe_Li7: folds 
Unipoker11: raises $2 to $3
CichiChanMarian: folds 
Uncalled bet ($2) returned to Unipoker11
Unipoker11 collected $2 from pot
Unipoker11: doesn't show hand 
*** SUMMARY ***
Total pot $2 | Rake $0 
Seat 1: shootingGRID
Seat 2: Joe_Li7 (button) folded before Flop (didn't bet)
Seat 3: Unipoker11 (small blind) collected ($2)
Seat 4: CichiChanMarian (big blind) folded before Flop
Seat 5: xxxZeka folded before Flop (didn't bet)
Seat 6: Pokerpump82 folded before Flop (didn't bet)



PokerStars Hand #254280872741:  Hold'em No Limit ($0.50/$1.00 USD) - 2025/01/09 18:04:17 WET [2025/01/09 13:04:17 ET]
Table 'Transvaalia III' 6-max Seat #3 is the button
Seat 1: shootingGRID ($100 in chips) is sitting out
Seat 2: Joe_Li7 ($104.97 in chips) 
Seat 3: Unipoker11 ($125.03 in chips) 
Seat 4: CichiChanMarian ($130.14 in chips) 
Seat 5: xxxZeka ($105.50 in chips) 
Seat 6: Pokerpump82 ($61.87 in chips) 
CichiChanMarian: posts small blind $0.50
xxxZeka: posts big blind $1
shootingGRID: sits out 
*** HOLE CARDS ***
Pokerpump82: raises $1 to $2
Joe_Li7: folds 
Unipoker11: folds 
CichiChanMarian: folds 
xxxZeka: folds 
Uncalled bet ($1) returned to Pokerpump82
Pokerpump82 collected $2.50 from pot
Pokerpump82: doesn't show hand 
*** SUMMARY ***
Total pot $2.50 | Rake $0 
Seat 1: shootingGRID
Seat 2: Joe_Li7 folded before Flop (didn't bet)
Seat 3: Unipoker11 (button) folded before Flop (didn't bet)
Seat 4: CichiChanMarian (small blind) folded before Flop
Seat 5: xxxZeka (big blind) folded before Flop
Seat 6: Pokerpump82 collected ($2.50)



PokerStars Hand #254280878095:  Hold'em No Limit ($0.50/$1.00 USD) - 2025/01/09 18:04:35 WET [2025/01/09 13:04:35 ET]
Table 'Transvaalia III' 6-max Seat #4 is the button
Seat 1: shootingGRID ($100 in chips) is sitting out
Seat 2: Joe_Li7 ($104.97 in chips) 
Seat 3: Unipoker11 ($125.03 in chips) 
Seat 4: CichiChanMarian ($129.64 in chips) 
Seat 5: xxxZeka ($104.50 in chips) 
Seat 6: Pokerpump82 ($63.37 in chips) 
xxxZeka: posts small blind $0.50
Pokerpump82: posts big blind $1
shootingGRID: sits out 
*** HOLE CARDS ***
Joe_Li7: raises $1.20 to $2.20
Unipoker11: calls $2.20
CichiChanMarian: folds 
xxxZeka: folds 
Pokerpump82: folds 
*** FLOP *** [Tc 9c 4d]
Joe_Li7: checks 
Unipoker11: checks 
*** TURN *** [Tc 9c 4d] [Ac]
Joe_Li7: checks 
Unipoker11: checks 
*** RIVER *** [Tc 9c 4d Ac] [4c]
Joe_Li7: bets $4.20
Unipoker11: calls $4.20
*** SHOW DOWN ***
Joe_Li7: shows [6h 7h] (a pair of Fours)
Unipoker11: shows [8d 8c] (a flush, Ace high)
Unipoker11 collected $13.58 from pot
*** SUMMARY ***
Total pot $14.30 | Rake $0.72 
Board [Tc 9c 4d Ac 4c]
Seat 1: shootingGRID
Seat 2: Joe_Li7 showed [6h 7h] and lost with a pair of Fours
Seat 3: Unipoker11 showed [8d 8c] and won ($13.58) with a flush, Ace high
Seat 4: CichiChanMarian (button) folded before Flop (didn't bet)
Seat 5: xxxZeka (small blind) folded before Flop
Seat 6: Pokerpump82 (big blind) folded before Flop



PokerStars Hand #254280906189:  Hold'em No Limit ($0.50/$1.00 USD) - 2025/01/09 18:06:12 WET [2025/01/09 13:06:12 ET]
Table 'Transvaalia III' 6-max Seat #5 is the button
Seat 1: shootingGRID ($100 in chips) 
Seat 2: Joe_Li7 ($100 in chips) 
Seat 3: Unipoker11 ($132.21 in chips) 
Seat 4: CichiChanMarian ($129.64 in chips) 
Seat 5: xxxZeka ($104 in chips) 
Seat 6: Pokerpump82 ($62.37 in chips) 
Pokerpump82: posts small blind $0.50
shootingGRID: posts big blind $1
*** HOLE CARDS ***
Joe_Li7: folds 
Unipoker11: folds 
CichiChanMarian: raises $1.50 to $2.50
xxxZeka: folds 
Pokerpump82: calls $2
Unipoker11 leaves the table
shootingGRID: folds 
*** FLOP *** [Ks 2s 4c]
sta$igk joins the table at seat #3 
Pokerpump82: checks 
CichiChanMarian: bets $1.88
Pokerpump82: folds 
Uncalled bet ($1.88) returned to CichiChanMarian
CichiChanMarian collected $5.70 from pot
CichiChanMarian: doesn't show hand 
*** SUMMARY ***
Total pot $6 | Rake $0.30 
Board [Ks 2s 4c]
Seat 1: shootingGRID (big blind) folded before Flop
Seat 2: Joe_Li7 folded before Flop (didn't bet)
Seat 3: Unipoker11 folded before Flop (didn't bet)
Seat 4: CichiChanMarian collected ($5.70)
Seat 5: xxxZeka (button) folded before Flop (didn't bet)
Seat 6: Pokerpump82 (small blind) folded on the Flop



PokerStars Hand #254280922686:  Hold'em No Limit ($0.50/$1.00 USD) - 2025/01/09 18:07:09 WET [2025/01/09 13:07:09 ET]
Table 'Transvaalia III' 6-max Seat #6 is the button
Seat 3: sta$igk ($100 in chips) is sitting out
Seat 1: shootingGRID ($100 in chips) 
Seat 2: Joe_Li7 ($100 in chips) 
Seat 4: CichiChanMarian ($132.84 in chips) 
Seat 5: xxxZeka ($104 in chips) 
Seat 6: Pokerpump82 ($59.87 in chips) 
shootingGRID: posts small blind $0.50
Joe_Li7: posts big blind $1
sta$igk: sits out 
*** HOLE CARDS ***
CichiChanMarian: raises $1.50 to $2.50
xxxZeka: folds 
Pokerpump82: calls $2.50
shootingGRID: folds 
Joe_Li7: folds 
*** FLOP *** [4h 6d Kd]
CichiChanMarian: checks 
Pokerpump82: checks 
*** TURN *** [4h 6d Kd] [7d]
CichiChanMarian: checks 
Joe_Li7 is disconnected 
Pokerpump82 is disconnected 
Pokerpump82 is connected 
Pokerpump82: checks 
*** RIVER *** [4h 6d Kd 7d] [9s]
CichiChanMarian: checks 
Pokerpump82: checks 
*** SHOW DOWN ***
CichiChanMarian: shows [2h Ah] (high card Ace)
Pokerpump82: shows [3h As] (high card Ace)
CichiChanMarian collected $3.09 from pot
Pokerpump82 collected $3.09 from pot
*** SUMMARY ***
Total pot $6.50 | Rake $0.32 
Board [4h 6d Kd 7d 9s]
Seat 3: sta$igk
Seat 1: shootingGRID (small blind) folded before Flop
Seat 2: Joe_Li7 (big blind) folded before Flop
Seat 4: CichiChanMarian showed [2h Ah] and won ($3.09) with high card Ace
Seat 5: xxxZeka folded before Flop (didn't bet)
Seat 6: Pokerpump82 (button) showed [3h As] and won ($3.09) with high card Ace



PokerStars Hand #254280943246:  Hold'em No Limit ($0.50/$1.00 USD) - 2025/01/09 18:08:20 WET [2025/01/09 13:08:20 ET]
Table 'Transvaalia III' 6-max Seat #1 is the button
Seat 2: Joe_Li7 ($100 in chips) is sitting out
Seat 3: sta$igk ($100 in chips) is sitting out
Seat 1: shootingGRID ($100 in chips) 
Seat 4: CichiChanMarian ($133.43 in chips) 
Seat 5: xxxZeka ($104 in chips) 
Seat 6: Pokerpump82 ($60.46 in chips) 
Joe_Li7 has timed out while disconnected
Joe_Li7: is sitting out 
sta$igk will be allowed to play after the button
CichiChanMarian: posts small blind $0.50
xxxZeka: posts big blind $1
*** HOLE CARDS ***
Pokerpump82: folds 
shootingGRID: folds 
CichiChanMarian: folds 
Uncalled bet ($0.50) returned to xxxZeka
xxxZeka collected $1 from pot
xxxZeka: doesn't show hand 
*** SUMMARY ***
Total pot $1 | Rake $0 
Seat 2: Joe_Li7
Seat 3: sta$igk
Seat 1: shootingGRID (button) folded before Flop (didn't bet)
Seat 4: CichiChanMarian (small blind) folded before Flop
Seat 5: xxxZeka (big blind) collected ($1)
Seat 6: Pokerpump82 folded before Flop (didn't bet)



PokerStars Hand #254280949624:  Hold'em No Limit ($0.50/$1.00 USD) - 2025/01/09 18:08:42 WET [2025/01/09 13:08:42 ET]
Table 'Transvaalia III' 6-max Seat #4 is the button
Seat 2: Joe_Li7 ($100 in chips) is sitting out
Seat 3: sta$igk ($100 in chips) is sitting out
Seat 1: shootingGRID ($100 in chips) 
Seat 4: CichiChanMarian ($132.93 in chips) 
Seat 5: xxxZeka ($104.50 in chips) 
Seat 6: Pokerpump82 ($60.46 in chips) 
xxxZeka: posts small blind $0.50
Pokerpump82: posts big blind $1
sta$igk: sits out 
*** HOLE CARDS ***
shootingGRID: folds 
CichiChanMarian: raises $1.50 to $2.50
xxxZeka: folds 
Pokerpump82: raises $2.50 to $5
CichiChanMarian: calls $2.50
*** FLOP *** [5c 8s 8c]
Pokerpump82: checks 
CichiChanMarian: bets $3.29
Pokerpump82: raises $4.71 to $8
CichiChanMarian: folds 
Uncalled bet ($4.71) returned to Pokerpump82
Pokerpump82 collected $16.23 from pot
Pokerpump82: doesn't show hand 
*** SUMMARY ***
Total pot $17.08 | Rake $0.85 
Board [5c 8s 8c]
Seat 2: Joe_Li7
Seat 3: sta$igk
Seat 1: shootingGRID folded before Flop (didn't bet)
Seat 4: CichiChanMarian (button) folded on the Flop
Seat 5: xxxZeka (small blind) folded before Flop
Seat 6: Pokerpump82 (big blind) collected ($16.23)



PokerStars Hand #254280966616:  Hold'em No Limit ($0.50/$1.00 USD) - 2025/01/09 18:09:41 WET [2025/01/09 13:09:41 ET]
Table 'Transvaalia III' 6-max Seat #5 is the button
Seat 2: Joe_Li7 ($100 in chips) is sitting out
Seat 3: sta$igk ($100 in chips) is sitting out
Seat 1: shootingGRID ($100 in chips) 
Seat 4: CichiChanMarian ($124.64 in chips) 
Seat 5: xxxZeka ($104 in chips) 
Seat 6: Pokerpump82 ($68.40 in chips) 
Pokerpump82: posts small blind $0.50
shootingGRID: posts big blind $1
Joe_Li7: sits out 
sta$igk: sits out 
*** HOLE CARDS ***
CichiChanMarian: folds 
xxxZeka: folds 
Pokerpump82: raises $1.50 to $2.50
shootingGRID: raises $5 to $7.50
Pokerpump82: raises $60.90 to $68.40 and is all-in
shootingGRID: calls $60.90
*** FLOP *** [3c Ad 8h]
*** TURN *** [3c Ad 8h] [5c]
*** RIVER *** [3c Ad 8h 5c] [4h]
*** SHOW DOWN ***
Pokerpump82: shows [7c 7d] (a pair of Sevens)
shootingGRID: shows [9h Qh] (high card Ace)
Pokerpump82 collected $135.80 from pot
*** SUMMARY ***
Total pot $136.80 | Rake $1 
Board [3c Ad 8h 5c 4h]
Seat 2: Joe_Li7
Seat 3: sta$igk
Seat 1: shootingGRID (big blind) showed [9h Qh] and lost with high card Ace
Seat 4: CichiChanMarian folded before Flop (didn't bet)
Seat 5: xxxZeka (button) folded before Flop (didn't bet)
Seat 6: Pokerpump82 (small blind) showed [7c 7d] and won ($135.80) with a pair of Sevens



PokerStars Hand #254280982715:  Hold'em No Limit ($0.50/$1.00 USD) - 2025/01/09 18:10:36 WET [2025/01/09 13:10:36 ET]
Table 'Transvaalia III' 6-max Seat #6 is the button
Seat 3: sta$igk ($100 in chips) is sitting out
Seat 1: shootingGRID ($100 in chips) 
Seat 2: Joe_Li7 ($100 in chips) 
Seat 4: CichiChanMarian ($124.64 in chips) 
Seat 5: xxxZeka ($104 in chips) 
Seat 6: Pokerpump82 ($135.80 in chips) 
shootingGRID: posts small blind $0.50
Joe_Li7: posts big blind $1
sta$igk: sits out 
*** HOLE CARDS ***
CichiChanMarian: folds 
xxxZeka: raises $1.50 to $2.50
Pokerpump82: folds 
shootingGRID: raises $8.50 to $11
Joe_Li7: folds 
xxxZeka: folds 
Uncalled bet ($8.50) returned to shootingGRID
shootingGRID collected $6 from pot
*** SUMMARY ***
Total pot $6 | Rake $0 
Seat 3: sta$igk
Seat 1: shootingGRID (small blind) collected ($6)
Seat 2: Joe_Li7 (big blind) folded before Flop
Seat 4: CichiChanMarian folded before Flop (didn't bet)
Seat 5: xxxZeka folded before Flop
Seat 6: Pokerpump82 (button) folded before Flop (didn't bet)



PokerStars Hand #254280989824:  Hold'em No Limit ($0.50/$1.00 USD) - 2025/01/09 18:11:00 WET [2025/01/09 13:11:00 ET]
Table 'Transvaalia III' 6-max Seat #1 is the button
Seat 1: shootingGRID ($103.50 in chips) 
Seat 2: Joe_Li7 ($100 in chips) 
Seat 3: sta$igk ($100 in chips) 
Seat 4: CichiChanMarian ($124.64 in chips) 
Seat 5: xxxZeka ($101.50 in chips) 
Seat 6: Pokerpump82 ($135.80 in chips) 
Joe_Li7: posts small blind $0.50
sta$igk: posts big blind $1
*** HOLE CARDS ***
CichiChanMarian: folds 
xxxZeka: folds 
Pokerpump82: folds 
shootingGRID: folds 
Joe_Li7: folds 
Uncalled bet ($0.50) returned to sta$igk
sta$igk collected $1 from pot
sta$igk: doesn't show hand 
*** SUMMARY ***
Total pot $1 | Rake $0 
Seat 1: shootingGRID (button) folded before Flop (didn't bet)
Seat 2: Joe_Li7 (small blind) folded before Flop
Seat 3: sta$igk (big blind) collected ($1)
Seat 4: CichiChanMarian folded before Flop (didn't bet)
Seat 5: xxxZeka folded before Flop (didn't bet)
Seat 6: Pokerpump82 folded before Flop (didn't bet)



PokerStars Hand #254281435822:  Hold'em No Limit ($0.50/$1.00 USD) - 2025/01/09 18:35:45 WET [2025/01/09 13:35:45 ET]
Table 'Transvaalia III' 6-max Seat #3 is the button
Seat 2: Joe_Li7 ($113.80 in chips) is sitting out
Seat 1: shootingGRID ($156.74 in chips) 
Seat 3: sta$igk ($118.95 in chips) 
Seat 4: CichiChanMarian ($100 in chips) 
Seat 5: michasia ($109.44 in chips) 
Seat 6: Pokerpump82 ($121.06 in chips) 
CichiChanMarian: posts small blind $0.50
michasia: posts big blind $1
*** HOLE CARDS ***
Pokerpump82: folds 
shootingGRID: folds 
sta$igk: folds 
CichiChanMarian: folds 
Uncalled bet ($0.50) returned to michasia
michasia collected $1 from pot
michasia: doesn't show hand 
*** SUMMARY ***
Total pot $1 | Rake $0 
Seat 2: Joe_Li7
Seat 1: shootingGRID folded before Flop (didn't bet)
Seat 3: sta$igk (button) folded before Flop (didn't bet)
Seat 4: CichiChanMarian (small blind) folded before Flop
Seat 5: michasia (big blind) collected ($1)
Seat 6: Pokerpump82 folded before Flop (didn't bet)



PokerStars Hand #254281440393:  Hold'em No Limit ($0.50/$1.00 USD) - 2025/01/09 18:36:00 WET [2025/01/09 13:36:00 ET]
Table 'Transvaalia III' 6-max Seat #4 is the button
Seat 2: Joe_Li7 ($113.80 in chips) is sitting out
Seat 1: shootingGRID ($156.74 in chips) 
Seat 3: sta$igk ($118.95 in chips) 
Seat 4: CichiChanMarian ($100 in chips) 
Seat 5: michasia ($109.94 in chips) 
Seat 6: Pokerpump82 ($121.06 in chips) 
michasia: posts small blind $0.50
Pokerpump82: posts big blind $1
*** HOLE CARDS ***
shootingGRID: folds 
sta$igk: raises $1.50 to $2.50
CichiChanMarian: folds 
michasia: folds 
Pokerpump82: folds 
Uncalled bet ($1.50) returned to sta$igk
sta$igk collected $2.50 from pot
sta$igk: doesn't show hand 
*** SUMMARY ***
Total pot $2.50 | Rake $0 
Seat 2: Joe_Li7
Seat 1: shootingGRID folded before Flop (didn't bet)
Seat 3: sta$igk collected ($2.50)
Seat 4: CichiChanMarian (button) folded before Flop (didn't bet)
Seat 5: michasia (small blind) folded before Flop
Seat 6: Pokerpump82 (big blind) folded before Flop



PokerStars Hand #254281449579:  Hold'em No Limit ($0.50/$1.00 USD) - 2025/01/09 18:36:29 WET [2025/01/09 13:36:29 ET]
Table 'Transvaalia III' 6-max Seat #5 is the button
Seat 2: Joe_Li7 ($113.80 in chips) is sitting out
Seat 1: shootingGRID ($156.74 in chips) 
Seat 3: sta$igk ($120.45 in chips) 
Seat 4: CichiChanMarian ($100 in chips) 
Seat 5: michasia ($109.44 in chips) 
Seat 6: Pokerpump82 ($120.06 in chips) 
Pokerpump82: posts small blind $0.50
shootingGRID: posts big blind $1
*** HOLE CARDS ***
sta$igk: folds 
CichiChanMarian: folds 
michasia: folds 
Pokerpump82: folds 
Uncalled bet ($0.50) returned to shootingGRID
shootingGRID collected $1 from pot
*** SUMMARY ***
Total pot $1 | Rake $0 
Seat 2: Joe_Li7
Seat 1: shootingGRID (big blind) collected ($1)
Seat 3: sta$igk folded before Flop (didn't bet)
Seat 4: CichiChanMarian folded before Flop (didn't bet)
Seat 5: michasia (button) folded before Flop (didn't bet)
Seat 6: Pokerpump82 (small blind) folded before Flop



PokerStars Hand #254281452885:  Hold'em No Limit ($0.50/$1.00 USD) - 2025/01/09 18:36:40 WET [2025/01/09 13:36:40 ET]
Table 'Transvaalia III' 6-max Seat #6 is the button
Seat 2: Joe_Li7 ($113.80 in chips) is sitting out
Seat 1: shootingGRID ($157.24 in chips) 
Seat 3: sta$igk ($120.45 in chips) 
Seat 4: CichiChanMarian ($100 in chips) 
Seat 5: michasia ($109.44 in chips) 
Seat 6: Pokerpump82 ($119.56 in chips) 
shootingGRID: posts small blind $0.50
sta$igk: posts big blind $1
*** HOLE CARDS ***
CichiChanMarian: folds 
michasia: folds 
Pokerpump82: raises $1 to $2
shootingGRID: folds 
sta$igk: calls $1
*** FLOP *** [9d Js 2h]
sta$igk: checks 
Pokerpump82: bets $2.14
sta$igk: raises $4.28 to $6.42
Pokerpump82: calls $4.28
*** TURN *** [9d Js 2h] [6h]
sta$igk: checks 
Pokerpump82: checks 
*** RIVER *** [9d Js 2h 6h] [3d]
sta$igk: checks 
Pokerpump82: bets $8.24
sta$igk: calls $8.24
*** SHOW DOWN ***
Pokerpump82: shows [Jc Kc] (a pair of Jacks)
sta$igk: mucks hand 
Pokerpump82 collected $32.13 from pot
*** SUMMARY ***
Total pot $33.82 | Rake $1.69 
Board [9d Js 2h 6h 3d]
Seat 2: Joe_Li7
Seat 1: shootingGRID (small blind) folded before Flop
Seat 3: sta$igk (big blind) mucked
Seat 4: CichiChanMarian folded before Flop (didn't bet)
Seat 5: michasia folded before Flop (didn't bet)
Seat 6: Pokerpump82 (button) showed [Jc Kc] and won ($32.13) with a pair of Jacks



PokerStars Hand #254281471151:  Hold'em No Limit ($0.50/$1.00 USD) - 2025/01/09 18:37:39 WET [2025/01/09 13:37:39 ET]
Table 'Transvaalia III' 6-max Seat #1 is the button
Seat 2: Joe_Li7 ($113.80 in chips) is sitting out
Seat 1: shootingGRID ($156.74 in chips) 
Seat 3: sta$igk ($103.79 in chips) 
Seat 4: CichiChanMarian ($100 in chips) 
Seat 5: michasia ($109.44 in chips) 
Seat 6: Pokerpump82 ($135.03 in chips) 
sta$igk: posts small blind $0.50
CichiChanMarian: posts big blind $1
*** HOLE CARDS ***
michasia: raises $1.60 to $2.60
Pokerpump82: folds 
shootingGRID: folds 
sta$igk: folds 
CichiChanMarian: folds 
Uncalled bet ($1.60) returned to michasia
michasia collected $2.50 from pot
michasia: doesn't show hand 
*** SUMMARY ***
Total pot $2.50 | Rake $0 
Seat 2: Joe_Li7
Seat 1: shootingGRID (button) folded before Flop (didn't bet)
Seat 3: sta$igk (small blind) folded before Flop
Seat 4: CichiChanMarian (big blind) folded before Flop
Seat 5: michasia collected ($2.50)
Seat 6: Pokerpump82 folded before Flop (didn't bet)



PokerStars Hand #254281477550:  Hold'em No Limit ($0.50/$1.00 USD) - 2025/01/09 18:38:00 WET [2025/01/09 13:38:00 ET]
Table 'Transvaalia III' 6-max Seat #3 is the button
Seat 2: Joe_Li7 ($113.80 in chips) is sitting out
Seat 1: shootingGRID ($156.74 in chips) 
Seat 3: sta$igk ($103.29 in chips) 
Seat 4: CichiChanMarian ($100 in chips) 
Seat 5: michasia ($110.94 in chips) 
Seat 6: Pokerpump82 ($135.03 in chips) 
CichiChanMarian: posts small blind $0.50
michasia: posts big blind $1
*** HOLE CARDS ***
Pokerpump82: folds 
shootingGRID: raises $1.25 to $2.25
sta$igk: folds 
CichiChanMarian: folds 
michasia: calls $1.25
*** FLOP *** [4h 7c 2s]
michasia: checks 
shootingGRID: checks 
*** TURN *** [4h 7c 2s] [5c]
michasia: checks 
shootingGRID: checks 
*** RIVER *** [4h 7c 2s 5c] [Kh]
michasia: checks 
shootingGRID: bets $7
michasia: folds 
Uncalled bet ($7) returned to shootingGRID
shootingGRID collected $4.75 from pot
*** SUMMARY ***
Total pot $5 | Rake $0.25 
Board [4h 7c 2s 5c Kh]
Seat 2: Joe_Li7
Seat 1: shootingGRID collected ($4.75)
Seat 3: sta$igk (button) folded before Flop (didn't bet)
Seat 4: CichiChanMarian (small blind) folded before Flop
Seat 5: michasia (big blind) folded on the River
Seat 6: Pokerpump82 folded before Flop (didn't bet)



PokerStars Hand #254281492110:  Hold'em No Limit ($0.50/$1.00 USD) - 2025/01/09 18:38:46 WET [2025/01/09 13:38:46 ET]
Table 'Transvaalia III' 6-max Seat #4 is the button
Seat 2: Joe_Li7 ($113.80 in chips) is sitting out
Seat 1: shootingGRID ($159.24 in chips) 
Seat 3: sta$igk ($103.29 in chips) 
Seat 4: CichiChanMarian ($100 in chips) 
Seat 5: michasia ($108.69 in chips) 
Seat 6: Pokerpump82 ($135.03 in chips) 
michasia: posts small blind $0.50
Pokerpump82: posts big blind $1
*** HOLE CARDS ***
shootingGRID: raises $1.25 to $2.25
sta$igk: folds 
CichiChanMarian: folds 
michasia: folds 
Pokerpump82: calls $1.25
*** FLOP *** [3h 4c Jh]
Pokerpump82: checks 
shootingGRID: checks 
*** TURN *** [3h 4c Jh] [7c]
Pokerpump82: checks 
shootingGRID: checks 
*** RIVER *** [3h 4c Jh 7c] [Jd]
Pokerpump82: bets $4.75
shootingGRID: folds 
Uncalled bet ($4.75) returned to Pokerpump82
Pokerpump82 collected $4.75 from pot
Pokerpump82: doesn't show hand 
*** SUMMARY ***
Total pot $5 | Rake $0.25 
Board [3h 4c Jh 7c Jd]
Seat 2: Joe_Li7
Seat 1: shootingGRID folded on the River
Seat 3: sta$igk folded before Flop (didn't bet)
Seat 4: CichiChanMarian (button) folded before Flop (didn't bet)
Seat 5: michasia (small blind) folded before Flop
Seat 6: Pokerpump82 (big blind) collected ($4.75)



PokerStars Hand #254281507443:  Hold'em No Limit ($0.50/$1.00 USD) - 2025/01/09 18:39:36 WET [2025/01/09 13:39:36 ET]
Table 'Transvaalia III' 6-max Seat #5 is the button
Seat 2: Joe_Li7 ($113.80 in chips) is sitting out
Seat 1: shootingGRID ($156.99 in chips) 
Seat 3: sta$igk ($103.29 in chips) 
Seat 4: CichiChanMarian ($100 in chips) 
Seat 5: michasia ($108.19 in chips) 
Seat 6: Pokerpump82 ($137.53 in chips) 
Pokerpump82: posts small blind $0.50
shootingGRID: posts big blind $1
*** HOLE CARDS ***
sta$igk: raises $1.50 to $2.50
Joe_Li7 leaves the table
CichiChanMarian: folds 
michasia: folds 
Pokerpump82: folds 
shootingGRID: folds 
Uncalled bet ($1.50) returned to sta$igk
xxxZeka joins the table at seat #2 
sta$igk collected $2.50 from pot
sta$igk: doesn't show hand 
*** SUMMARY ***
Total pot $2.50 | Rake $0 
Seat 2: Joe_Li7
Seat 1: shootingGRID (big blind) folded before Flop
Seat 3: sta$igk collected ($2.50)
Seat 4: CichiChanMarian folded before Flop (didn't bet)
Seat 5: michasia (button) folded before Flop (didn't bet)
Seat 6: Pokerpump82 (small blind) folded before Flop



PokerStars Hand #254281510878:  Hold'em No Limit ($0.50/$1.00 USD) - 2025/01/09 18:39:47 WET [2025/01/09 13:39:47 ET]
Table 'Transvaalia III' 6-max Seat #6 is the button
Seat 1: shootingGRID ($155.99 in chips) 
Seat 2: xxxZeka ($100 in chips) 
Seat 3: sta$igk ($104.79 in chips) 
Seat 4: CichiChanMarian ($100 in chips) 
Seat 5: michasia ($108.19 in chips) 
Seat 6: Pokerpump82 ($137.03 in chips) 
shootingGRID: posts small blind $0.50
xxxZeka: posts big blind $1
*** HOLE CARDS ***
sta$igk: folds 
CichiChanMarian: folds 
michasia: folds 
Pokerpump82: raises $1 to $2
shootingGRID: folds 
xxxZeka: calls $1
*** FLOP *** [Js Ad 6s]
xxxZeka: checks 
Pokerpump82: bets $2.14
xxxZeka: calls $2.14
*** TURN *** [Js Ad 6s] [Kc]
xxxZeka: checks 
Pokerpump82: checks 
*** RIVER *** [Js Ad 6s Kc] [3d]
xxxZeka: bets $1
Pokerpump82: calls $1
*** SHOW DOWN ***
xxxZeka: shows [Kh Tc] (a pair of Kings)
Pokerpump82: mucks hand 
xxxZeka collected $10.24 from pot
*** SUMMARY ***
Total pot $10.78 | Rake $0.54 
Board [Js Ad 6s Kc 3d]
Seat 1: shootingGRID (small blind) folded before Flop
Seat 2: xxxZeka (big blind) showed [Kh Tc] and won ($10.24) with a pair of Kings
Seat 3: sta$igk folded before Flop (didn't bet)
Seat 4: CichiChanMarian folded before Flop (didn't bet)
Seat 5: michasia folded before Flop (didn't bet)
Seat 6: Pokerpump82 (button) mucked



PokerStars Hand #254281528986:  Hold'em No Limit ($0.50/$1.00 USD) - 2025/01/09 18:40:45 WET [2025/01/09 13:40:45 ET]
Table 'Transvaalia III' 6-max Seat #1 is the button
Seat 1: shootingGRID ($155.49 in chips) 
Seat 2: xxxZeka ($105.10 in chips) 
Seat 3: sta$igk ($104.79 in chips) 
Seat 4: CichiChanMarian ($100 in chips) 
Seat 5: michasia ($108.19 in chips) 
Seat 6: Pokerpump82 ($131.89 in chips) 
xxxZeka: posts small blind $0.50
sta$igk: posts big blind $1
*** HOLE CARDS ***
CichiChanMarian: folds 
michasia: folds 
Pokerpump82: raises $1 to $2
shootingGRID: raises $5.50 to $7.50
xxxZeka: folds 
sta$igk: folds 
Pokerpump82: raises $12.50 to $20
shootingGRID: calls $12.50
*** FLOP *** [8c Td 3d]
Pokerpump82: bets $10.71
shootingGRID: calls $10.71
*** TURN *** [8c Td 3d] [2s]
Pokerpump82: bets $20.21
shootingGRID: calls $20.21
*** RIVER *** [8c Td 3d 2s] [9d]
Pokerpump82: bets $80.97 and is all-in
shootingGRID: calls $80.97
*** SHOW DOWN ***
Pokerpump82: shows [Ac 8h] (a pair of Eights)
shootingGRID: shows [Kc Tc] (a pair of Tens)
shootingGRID collected $262.78 from pot
*** SUMMARY ***
Total pot $265.28 | Rake $2.50 
Board [8c Td 3d 2s 9d]
Seat 1: shootingGRID (button) showed [Kc Tc] and won ($262.78) with a pair of Tens
Seat 2: xxxZeka (small blind) folded before Flop
Seat 3: sta$igk (big blind) folded before Flop
Seat 4: CichiChanMarian folded before Flop (didn't bet)
Seat 5: michasia folded before Flop (didn't bet)
Seat 6: Pokerpump82 showed [Ac 8h] and lost with a pair of Eights



PokerStars Hand #254281559300:  Hold'em No Limit ($0.50/$1.00 USD) - 2025/01/09 18:42:23 WET [2025/01/09 13:42:23 ET]
Table 'Transvaalia III' 6-max Seat #2 is the button
Seat 6: Pokerpump82 ($0 in chips) is sitting out
Seat 1: shootingGRID ($286.38 in chips) 
Seat 2: xxxZeka ($104.60 in chips) 
Seat 3: sta$igk ($103.79 in chips) 
Seat 4: CichiChanMarian ($100 in chips) 
Seat 5: michasia ($108.19 in chips) 
sta$igk: posts small blind $0.50
CichiChanMarian: posts big blind $1
*** HOLE CARDS ***
michasia: folds 
shootingGRID: folds 
xxxZeka: folds 
sta$igk: folds 
Uncalled bet ($0.50) returned to CichiChanMarian
CichiChanMarian collected $1 from pot
CichiChanMarian: doesn't show hand 
Pokerpump82 leaves the table
*** SUMMARY ***
Total pot $1 | Rake $0 
Seat 6: Pokerpump82
Seat 1: shootingGRID folded before Flop (didn't bet)
Seat 2: xxxZeka (button) folded before Flop (didn't bet)
Seat 3: sta$igk (small blind) folded before Flop
Seat 4: CichiChanMarian (big blind) collected ($1)
Seat 5: michasia folded before Flop (didn't bet)



PokerStars Hand #254281563735:  Hold'em No Limit ($0.50/$1.00 USD) - 2025/01/09 18:42:37 WET [2025/01/09 13:42:37 ET]
Table 'Transvaalia III' 6-max Seat #3 is the button
Seat 5: michasia ($108.19 in chips) is sitting out
Seat 1: shootingGRID ($286.38 in chips) 
Seat 2: xxxZeka ($104.60 in chips) 
Seat 3: sta$igk ($103.29 in chips) 
Seat 4: CichiChanMarian ($100.50 in chips) 
CichiChanMarian: posts small blind $0.50
shootingGRID: posts big blind $1
*** HOLE CARDS ***
xxxZeka: folds 
sta$igk: folds 
CichiChanMarian: folds 
Uncalled bet ($0.50) returned to shootingGRID
shootingGRID collected $1 from pot
*** SUMMARY ***
Total pot $1 | Rake $0 
Seat 5: michasia
Seat 1: shootingGRID (big blind) collected ($1)
Seat 2: xxxZeka folded before Flop (didn't bet)
Seat 3: sta$igk (button) folded before Flop (didn't bet)
Seat 4: CichiChanMarian (small blind) folded before Flop



