PokerStars Hand #254275722978:  Hold'em No Limit ($0.50/$1.00 USD) - 2025/01/09 10:11:41 WET [2025/01/09 5:11:41 ET]
Table 'Matra II' 6-max Seat #2 is the button
Seat 4: Aescul@pius ($100 in chips) is sitting out
Seat 1: Nurlanstar92 ($100 in chips) 
Seat 2: JoeBlack_MS ($100 in chips) 
JoeBlack_MS: posts small blind $0.50
Nurlanstar92: posts big blind $1
*** HOLE CARDS ***
JoeBlack_MS: raises $1.50 to $2.50
Nurlanstar92: raises $9.50 to $12
JoeBlack_MS: calls $9.50
*** FLOP *** [2h Tc 7h]
Nurlanstar92: bets $5.75
JoeBlack_MS: calls $5.75
*** TURN *** [2h Tc 7h] [7c]
Nurlanstar92: checks 
JoeBlack_MS: checks 
*** RIVER *** [2h Tc 7h 7c] [6d]
Nurlanstar92: checks 
JoeBlack_MS: checks 
*** SHOW DOWN ***
Nurlanstar92: shows [As 9h] (a pair of Sevens)
JoeBlack_MS: shows [Js Ac] (a pair of Sevens - Ace+Jack kicker)
JoeBlack_MS collected $34.50 from pot
*** SUMMARY ***
Total pot $35.50 | Rake $1 
Board [2h Tc 7h 7c 6d]
Seat 4: Aescul@pius
Seat 1: Nurlanstar92 (big blind) showed [As 9h] and lost with a pair of Sevens
Seat 2: JoeBlack_MS (button) (small blind) showed [Js Ac] and won ($34.50) with a pair of Sevens



PokerStars Hand #254275732941:  Hold'em No Limit ($0.50/$1.00 USD) - 2025/01/09 10:13:13 WET [2025/01/09 5:13:13 ET]
Table 'Matra II' 6-max Seat #1 is the button
Seat 1: Nurlanstar92 ($100 in chips) 
Seat 2: JoeBlack_MS ($116.75 in chips) 
Seat 4: Aescul@pius ($100 in chips) 
JoeBlack_MS: posts small blind $0.50
Aescul@pius: posts big blind $1
*** HOLE CARDS ***
Nurlanstar92: raises $1.50 to $2.50
JoeBlack_MS: folds 
Aescul@pius: raises $9.50 to $12
Nurlanstar92: folds 
Uncalled bet ($9.50) returned to Aescul@pius
JoeBlack_MS leaves the table
Aescul@pius collected $5.50 from pot
Aescul@pius: doesn't show hand 
*** SUMMARY ***
Total pot $5.50 | Rake $0 
Seat 1: Nurlanstar92 (button) folded before Flop
Seat 2: JoeBlack_MS (small blind) folded before Flop
Seat 4: Aescul@pius (big blind) collected ($5.50)



PokerStars Hand #254275735032:  Hold'em No Limit ($0.50/$1.00 USD) - 2025/01/09 10:13:33 WET [2025/01/09 5:13:33 ET]
Table 'Matra II' 6-max Seat #4 is the button
Seat 1: Nurlanstar92 ($100 in chips) 
Seat 4: Aescul@pius ($103 in chips) 
Aescul@pius: posts small blind $0.50
Nurlanstar92: posts big blind $1
*** HOLE CARDS ***
Aescul@pius: raises $1.50 to $2.50
Nurlanstar92: calls $1.50
*** FLOP *** [Qh Jh 5s]
Nurlanstar92: checks 
Aescul@pius: checks 
*** TURN *** [Qh Jh 5s] [Qc]
Nurlanstar92: bets $3.56
Aescul@pius: folds 
Uncalled bet ($3.56) returned to Nurlanstar92
Nurlanstar92 collected $4.75 from pot
Nurlanstar92: doesn't show hand 
*** SUMMARY ***
Total pot $5 | Rake $0.25 
Board [Qh Jh 5s Qc]
Seat 1: Nurlanstar92 (big blind) collected ($4.75)
Seat 4: Aescul@pius (button) (small blind) folded on the Turn



PokerStars Hand #254275803842:  Hold'em No Limit ($0.50/$1.00 USD) - 2025/01/09 10:23:55 WET [2025/01/09 5:23:55 ET]
Table 'Matra II' 6-max Seat #1 is the button
Seat 4: Aescul@pius ($100.50 in chips) is sitting out
Seat 1: Nurlanstar92 ($102.25 in chips) 
Seat 3: Vertigo ($80 in chips) 
Nurlanstar92: posts small blind $0.50
Vertigo: posts big blind $1
*** HOLE CARDS ***
gudrozd joins the table at seat #6 
Burlica2013 joins the table at seat #5 
Nurlanstar92: raises $1.50 to $2.50
gig.gyty joins the table at seat #2 
Vertigo: folds 
Uncalled bet ($1.50) returned to Nurlanstar92
Nurlanstar92 collected $2 from pot
Nurlanstar92: doesn't show hand 
*** SUMMARY ***
Total pot $2 | Rake $0 
Seat 4: Aescul@pius
Seat 1: Nurlanstar92 (button) (small blind) collected ($2)
Seat 3: Vertigo (big blind) folded before Flop



PokerStars Hand #254275804854:  Hold'em No Limit ($0.50/$1.00 USD) - 2025/01/09 10:24:04 WET [2025/01/09 5:24:04 ET]
Table 'Matra II' 6-max Seat #3 is the button
Seat 4: Aescul@pius ($100.50 in chips) is sitting out
Seat 5: Burlica2013 ($100 in chips) is sitting out
Seat 6: gudrozd ($100 in chips) is sitting out
Seat 1: Nurlanstar92 ($103.25 in chips) 
Seat 2: gig.gyty ($100 in chips) 
Seat 3: Vertigo ($79 in chips) 
Nurlanstar92: posts small blind $0.50
gig.gyty: posts big blind $1
*** HOLE CARDS ***
Vertigo: raises $2 to $3
Nurlanstar92: raises $8 to $11
gig.gyty: folds 
Vertigo: calls $8
*** FLOP *** [9c Js 8d]
Nurlanstar92: bets $7.26
Vertigo: raises $7.26 to $14.52
Nurlanstar92: raises $7.26 to $21.78
Vertigo: folds 
Uncalled bet ($7.26) returned to Nurlanstar92
Nurlanstar92 collected $51.04 from pot
Nurlanstar92: doesn't show hand 
*** SUMMARY ***
Total pot $52.04 | Rake $1 
Board [9c Js 8d]
Seat 4: Aescul@pius
Seat 5: Burlica2013
Seat 6: gudrozd
Seat 1: Nurlanstar92 (small blind) collected ($51.04)
Seat 2: gig.gyty (big blind) folded before Flop
Seat 3: Vertigo (button) folded on the Flop



PokerStars Hand #254275809017:  Hold'em No Limit ($0.50/$1.00 USD) - 2025/01/09 10:24:41 WET [2025/01/09 5:24:41 ET]
Table 'Matra II' 6-max Seat #1 is the button
Seat 4: Aescul@pius ($100.50 in chips) is sitting out
Seat 5: Burlica2013 ($100 in chips) is sitting out
Seat 6: gudrozd ($100 in chips) is sitting out
Seat 1: Nurlanstar92 ($128.77 in chips) 
Seat 2: gig.gyty ($100 in chips) 
Seat 3: Vertigo ($53.48 in chips) 
gig.gyty: posts small blind $0.50
Vertigo: posts big blind $1
Aescul@pius: sits out 
Burlica2013: sits out 
gudrozd: sits out 
*** HOLE CARDS ***
Nurlanstar92: raises $1.50 to $2.50
gig.gyty: folds 
Vertigo: raises $5.50 to $8
Nurlanstar92: calls $5.50
*** FLOP *** [4h 2d 5h]
Vertigo: bets $7.84
Nurlanstar92: folds 
Uncalled bet ($7.84) returned to Vertigo
Vertigo collected $15.48 from pot
Vertigo: doesn't show hand 
*** SUMMARY ***
Total pot $16.50 | Rake $1.02 
Board [4h 2d 5h]
Seat 4: Aescul@pius
Seat 5: Burlica2013
Seat 6: gudrozd
Seat 1: Nurlanstar92 (button) folded on the Flop
Seat 2: gig.gyty (small blind) folded before Flop
Seat 3: Vertigo (big blind) collected ($15.48)



PokerStars Hand #254275812389:  Hold'em No Limit ($0.50/$1.00 USD) - 2025/01/09 10:25:11 WET [2025/01/09 5:25:11 ET]
Table 'Matra II' 6-max Seat #2 is the button
Seat 5: Burlica2013 ($100 in chips) is sitting out
Seat 6: gudrozd ($100 in chips) is sitting out
Seat 1: Nurlanstar92 ($120.77 in chips) 
Seat 2: gig.gyty ($100 in chips) 
Seat 3: Vertigo ($60.96 in chips) 
Seat 4: Aescul@pius ($100.50 in chips) 
Vertigo: posts small blind $0.50
Aescul@pius: posts big blind $1
Burlica2013: sits out 
gudrozd: sits out 
*** HOLE CARDS ***
Nurlanstar92: raises $1.30 to $2.30
gig.gyty: folds 
Vertigo: folds 
Aescul@pius: raises $8.70 to $11
Nurlanstar92: folds 
Uncalled bet ($8.70) returned to Aescul@pius
Aescul@pius collected $5.10 from pot
Aescul@pius: doesn't show hand 
*** SUMMARY ***
Total pot $5.10 | Rake $0 
Seat 5: Burlica2013
Seat 6: gudrozd
Seat 1: Nurlanstar92 folded before Flop
Seat 2: gig.gyty (button) folded before Flop (didn't bet)
Seat 3: Vertigo (small blind) folded before Flop
Seat 4: Aescul@pius (big blind) collected ($5.10)



PokerStars Hand #254275816250:  Hold'em No Limit ($0.50/$1.00 USD) - 2025/01/09 10:25:45 WET [2025/01/09 5:25:45 ET]
Table 'Matra II' 6-max Seat #3 is the button
Seat 6: gudrozd ($100 in chips) is sitting out
Seat 1: Nurlanstar92 ($118.47 in chips) 
Seat 2: gig.gyty ($100 in chips) 
Seat 3: Vertigo ($60.46 in chips) 
Seat 4: Aescul@pius ($103.30 in chips) 
Seat 5: Burlica2013 ($100 in chips) 
Aescul@pius: posts small blind $0.50
Burlica2013: posts big blind $1
gudrozd: sits out 
*** HOLE CARDS ***
Nurlanstar92: folds 
gig.gyty: raises $1.25 to $2.25
Vertigo: calls $2.25
Aescul@pius: folds 
Burlica2013: folds 
*** FLOP *** [2c 3c 9d]
gig.gyty: checks 
Vertigo: checks 
*** TURN *** [2c 3c 9d] [6c]
gig.gyty: checks 
Vertigo: bets $3
gig.gyty: calls $3
*** RIVER *** [2c 3c 9d 6c] [5h]
gig.gyty: checks 
Vertigo: bets $7
gig.gyty: calls $7
*** SHOW DOWN ***
Vertigo: shows [Qd Kh] (high card King)
gig.gyty: shows [Js Ad] (high card Ace)
gig.gyty collected $24.70 from pot
*** SUMMARY ***
Total pot $26 | Rake $1.30 
Board [2c 3c 9d 6c 5h]
Seat 6: gudrozd
Seat 1: Nurlanstar92 folded before Flop (didn't bet)
Seat 2: gig.gyty showed [Js Ad] and won ($24.70) with high card Ace
Seat 3: Vertigo (button) showed [Qd Kh] and lost with high card King
Seat 4: Aescul@pius (small blind) folded before Flop
Seat 5: Burlica2013 (big blind) folded before Flop



PokerStars Hand #254275823283:  Hold'em No Limit ($0.50/$1.00 USD) - 2025/01/09 10:26:47 WET [2025/01/09 5:26:47 ET]
Table 'Matra II' 6-max Seat #4 is the button
Seat 1: Nurlanstar92 ($118.47 in chips) 
Seat 2: gig.gyty ($112.45 in chips) 
Seat 3: Vertigo ($48.21 in chips) 
Seat 4: Aescul@pius ($102.80 in chips) 
Seat 5: Burlica2013 ($100 in chips) 
Seat 6: gudrozd ($100 in chips) 
Burlica2013: posts small blind $0.50
gudrozd: posts big blind $1
*** HOLE CARDS ***
Nurlanstar92: folds 
gig.gyty: folds 
Vertigo: folds 
Aescul@pius: raises $1.50 to $2.50
Burlica2013: folds 
gudrozd: folds 
Uncalled bet ($1.50) returned to Aescul@pius
Aescul@pius collected $2.50 from pot
Aescul@pius: doesn't show hand 
*** SUMMARY ***
Total pot $2.50 | Rake $0 
Seat 1: Nurlanstar92 folded before Flop (didn't bet)
Seat 2: gig.gyty folded before Flop (didn't bet)
Seat 3: Vertigo folded before Flop (didn't bet)
Seat 4: Aescul@pius (button) collected ($2.50)
Seat 5: Burlica2013 (small blind) folded before Flop
Seat 6: gudrozd (big blind) folded before Flop



PokerStars Hand #254275826512:  Hold'em No Limit ($0.50/$1.00 USD) - 2025/01/09 10:27:16 WET [2025/01/09 5:27:16 ET]
Table 'Matra II' 6-max Seat #5 is the button
Seat 1: Nurlanstar92 ($118.47 in chips) is sitting out
Seat 2: gig.gyty ($112.45 in chips) 
Seat 3: Vertigo ($48.21 in chips) 
Seat 4: Aescul@pius ($104.30 in chips) 
Seat 5: Burlica2013 ($100 in chips) 
Seat 6: gudrozd ($100 in chips) 
gudrozd: posts small blind $0.50
Nurlanstar92: is sitting out 
gig.gyty: posts big blind $1
*** HOLE CARDS ***
Vertigo: folds 
Aescul@pius: folds 
Burlica2013: folds 
gudrozd: raises $2 to $3
gig.gyty: calls $2
*** FLOP *** [Kc 3c 4d]
gudrozd: checks 
gig.gyty: bets $1.43
gudrozd: calls $1.43
*** TURN *** [Kc 3c 4d] [Ac]
gudrozd: checks 
gig.gyty: bets $12.20
gudrozd: folds 
Uncalled bet ($12.20) returned to gig.gyty
gig.gyty collected $8.42 from pot
gig.gyty: doesn't show hand 
*** SUMMARY ***
Total pot $8.86 | Rake $0.44 
Board [Kc 3c 4d Ac]
Seat 1: Nurlanstar92
Seat 2: gig.gyty (big blind) collected ($8.42)
Seat 3: Vertigo folded before Flop (didn't bet)
Seat 4: Aescul@pius folded before Flop (didn't bet)
Seat 5: Burlica2013 (button) folded before Flop (didn't bet)
Seat 6: gudrozd (small blind) folded on the Turn



PokerStars Hand #254275835320:  Hold'em No Limit ($0.50/$1.00 USD) - 2025/01/09 10:28:33 WET [2025/01/09 5:28:33 ET]
Table 'Matra II' 6-max Seat #6 is the button
Seat 1: Nurlanstar92 ($118.47 in chips) is sitting out
Seat 2: gig.gyty ($116.44 in chips) 
Seat 3: Vertigo ($48.21 in chips) 
Seat 4: Aescul@pius ($104.30 in chips) 
Seat 5: Burlica2013 ($100 in chips) 
Seat 6: gudrozd ($100 in chips) 
gig.gyty: posts small blind $0.50
Vertigo: posts big blind $1
*** HOLE CARDS ***
Aescul@pius: raises $1 to $2
Burlica2013: raises $4.68 to $6.68
gudrozd: folds 
gig.gyty: folds 
Vertigo: calls $5.68
Aescul@pius: folds 
*** FLOP *** [2h 9d 4s]
Vertigo: bets $7.54
Burlica2013: folds 
Uncalled bet ($7.54) returned to Vertigo
Vertigo collected $14.87 from pot
Vertigo: doesn't show hand 
*** SUMMARY ***
Total pot $15.86 | Rake $0.99 
Board [2h 9d 4s]
Seat 1: Nurlanstar92
Seat 2: gig.gyty (small blind) folded before Flop
Seat 3: Vertigo (big blind) collected ($14.87)
Seat 4: Aescul@pius folded before Flop
Seat 5: Burlica2013 folded on the Flop
Seat 6: gudrozd (button) folded before Flop (didn't bet)



PokerStars Hand #254275838861:  Hold'em No Limit ($0.50/$1.00 USD) - 2025/01/09 10:29:04 WET [2025/01/09 5:29:04 ET]
Table 'Matra II' 6-max Seat #2 is the button
Seat 1: Nurlanstar92 ($118.47 in chips) is sitting out
Seat 2: gig.gyty ($115.94 in chips) 
Seat 3: Vertigo ($56.40 in chips) 
Seat 4: Aescul@pius ($102.30 in chips) 
Seat 5: Burlica2013 ($100 in chips) 
Seat 6: gudrozd ($100 in chips) 
Vertigo: posts small blind $0.50
Aescul@pius: posts big blind $1
Nurlanstar92: sits out 
*** HOLE CARDS ***
Burlica2013: folds 
gudrozd: folds 
gig.gyty: folds 
Vertigo: folds 
Uncalled bet ($0.50) returned to Aescul@pius
Aescul@pius collected $1 from pot
Aescul@pius: doesn't show hand 
*** SUMMARY ***
Total pot $1 | Rake $0 
Seat 1: Nurlanstar92
Seat 2: gig.gyty (button) folded before Flop (didn't bet)
Seat 3: Vertigo (small blind) folded before Flop
Seat 4: Aescul@pius (big blind) collected ($1)
Seat 5: Burlica2013 folded before Flop (didn't bet)
Seat 6: gudrozd folded before Flop (didn't bet)



PokerStars Hand #254275840158:  Hold'em No Limit ($0.50/$1.00 USD) - 2025/01/09 10:29:15 WET [2025/01/09 5:29:15 ET]
Table 'Matra II' 6-max Seat #3 is the button
Seat 1: Nurlanstar92 ($118.47 in chips) is sitting out
Seat 2: gig.gyty ($115.94 in chips) 
Seat 3: Vertigo ($55.90 in chips) 
Seat 4: Aescul@pius ($102.80 in chips) 
Seat 5: Burlica2013 ($100 in chips) 
Seat 6: gudrozd ($100 in chips) 
Aescul@pius: posts small blind $0.50
Burlica2013: posts big blind $1
Nurlanstar92: sits out 
*** HOLE CARDS ***
gudrozd: raises $1.50 to $2.50
gig.gyty: folds 
Vertigo: folds 
Aescul@pius: folds 
Burlica2013: folds 
Uncalled bet ($1.50) returned to gudrozd
gudrozd collected $2.50 from pot
gudrozd: doesn't show hand 
*** SUMMARY ***
Total pot $2.50 | Rake $0 
Seat 1: Nurlanstar92
Seat 2: gig.gyty folded before Flop (didn't bet)
Seat 3: Vertigo (button) folded before Flop (didn't bet)
Seat 4: Aescul@pius (small blind) folded before Flop
Seat 5: Burlica2013 (big blind) folded before Flop
Seat 6: gudrozd collected ($2.50)



PokerStars Hand #254275841417:  Hold'em No Limit ($0.50/$1.00 USD) - 2025/01/09 10:29:26 WET [2025/01/09 5:29:26 ET]
Table 'Matra II' 6-max Seat #4 is the button
Seat 1: Nurlanstar92 ($118.47 in chips) is sitting out
Seat 2: gig.gyty ($115.94 in chips) 
Seat 3: Vertigo ($55.90 in chips) 
Seat 4: Aescul@pius ($102.30 in chips) 
Seat 5: Burlica2013 ($100 in chips) 
Seat 6: gudrozd ($101.50 in chips) 
Burlica2013: posts small blind $0.50
gudrozd: posts big blind $1
Nurlanstar92: sits out 
*** HOLE CARDS ***
gig.gyty: raises $1.25 to $2.25
Vertigo: calls $2.25
Aescul@pius: folds 
Burlica2013: folds 
gudrozd: folds 
*** FLOP *** [4s 4d Tc]
gig.gyty: bets $1.88
Vertigo: calls $1.88
*** TURN *** [4s 4d Tc] [2c]
gig.gyty: bets $4.64
Vertigo: calls $4.64
*** RIVER *** [4s 4d Tc 2c] [4c]
gig.gyty: checks 
Vertigo: bets $9.05
gig.gyty: folds 
Uncalled bet ($9.05) returned to Vertigo
Vertigo collected $17.85 from pot
Vertigo: doesn't show hand 
*** SUMMARY ***
Total pot $19.04 | Rake $1.19 
Board [4s 4d Tc 2c 4c]
Seat 1: Nurlanstar92
Seat 2: gig.gyty folded on the River
Seat 3: Vertigo collected ($17.85)
Seat 4: Aescul@pius (button) folded before Flop (didn't bet)
Seat 5: Burlica2013 (small blind) folded before Flop
Seat 6: gudrozd (big blind) folded before Flop



PokerStars Hand #254275846713:  Hold'em No Limit ($0.50/$1.00 USD) - 2025/01/09 10:30:12 WET [2025/01/09 5:30:12 ET]
Table 'Matra II' 6-max Seat #5 is the button
Seat 1: Nurlanstar92 ($118.47 in chips) 
Seat 2: gig.gyty ($107.17 in chips) 
Seat 3: Vertigo ($64.98 in chips) 
Seat 4: Aescul@pius ($102.30 in chips) 
Seat 5: Burlica2013 ($100 in chips) 
Seat 6: gudrozd ($100.50 in chips) 
gudrozd: posts small blind $0.50
Nurlanstar92: posts big blind $1
*** HOLE CARDS ***
gig.gyty: folds 
Vertigo: folds 
Aescul@pius: raises $1.20 to $2.20
Burlica2013: folds 
gudrozd: folds 
Nurlanstar92: folds 
Uncalled bet ($1.20) returned to Aescul@pius
Aescul@pius collected $2.50 from pot
Aescul@pius: doesn't show hand 
*** SUMMARY ***
Total pot $2.50 | Rake $0 
Seat 1: Nurlanstar92 (big blind) folded before Flop
Seat 2: gig.gyty folded before Flop (didn't bet)
Seat 3: Vertigo folded before Flop (didn't bet)
Seat 4: Aescul@pius collected ($2.50)
Seat 5: Burlica2013 (button) folded before Flop (didn't bet)
Seat 6: gudrozd (small blind) folded before Flop



PokerStars Hand #254275848691:  Hold'em No Limit ($0.50/$1.00 USD) - 2025/01/09 10:30:30 WET [2025/01/09 5:30:30 ET]
Table 'Matra II' 6-max Seat #6 is the button
Seat 1: Nurlanstar92 ($117.47 in chips) 
Seat 2: gig.gyty ($107.17 in chips) 
Seat 3: Vertigo ($64.98 in chips) 
Seat 4: Aescul@pius ($103.80 in chips) 
Seat 5: Burlica2013 ($100 in chips) 
Seat 6: gudrozd ($100 in chips) 
Nurlanstar92: posts small blind $0.50
gig.gyty: posts big blind $1
*** HOLE CARDS ***
Vertigo: folds 
Aescul@pius: folds 
Burlica2013: folds 
gudrozd: raises $1.50 to $2.50
Nurlanstar92: folds 
gig.gyty: folds 
Uncalled bet ($1.50) returned to gudrozd
gudrozd collected $2.50 from pot
gudrozd: doesn't show hand 
*** SUMMARY ***
Total pot $2.50 | Rake $0 
Seat 1: Nurlanstar92 (small blind) folded before Flop
Seat 2: gig.gyty (big blind) folded before Flop
Seat 3: Vertigo folded before Flop (didn't bet)
Seat 4: Aescul@pius folded before Flop (didn't bet)
Seat 5: Burlica2013 folded before Flop (didn't bet)
Seat 6: gudrozd (button) collected ($2.50)



PokerStars Hand #254275850527:  Hold'em No Limit ($0.50/$1.00 USD) - 2025/01/09 10:30:46 WET [2025/01/09 5:30:46 ET]
Table 'Matra II' 6-max Seat #1 is the button
Seat 1: Nurlanstar92 ($116.97 in chips) 
Seat 2: gig.gyty ($106.17 in chips) 
Seat 3: Vertigo ($64.98 in chips) 
Seat 4: Aescul@pius ($103.80 in chips) 
Seat 5: Burlica2013 ($100 in chips) 
Seat 6: gudrozd ($101.50 in chips) 
gig.gyty: posts small blind $0.50
Vertigo: posts big blind $1
*** HOLE CARDS ***
Aescul@pius: folds 
Burlica2013: folds 
gudrozd: folds 
Nurlanstar92: folds 
gig.gyty: raises $2 to $3
Vertigo: folds 
Uncalled bet ($2) returned to gig.gyty
gig.gyty collected $2 from pot
gig.gyty: doesn't show hand 
*** SUMMARY ***
Total pot $2 | Rake $0 
Seat 1: Nurlanstar92 (button) folded before Flop (didn't bet)
Seat 2: gig.gyty (small blind) collected ($2)
Seat 3: Vertigo (big blind) folded before Flop
Seat 4: Aescul@pius folded before Flop (didn't bet)
Seat 5: Burlica2013 folded before Flop (didn't bet)
Seat 6: gudrozd folded before Flop (didn't bet)



PokerStars Hand #254275852010:  Hold'em No Limit ($0.50/$1.00 USD) - 2025/01/09 10:30:59 WET [2025/01/09 5:30:59 ET]
Table 'Matra II' 6-max Seat #2 is the button
Seat 1: Nurlanstar92 ($116.97 in chips) 
Seat 2: gig.gyty ($107.17 in chips) 
Seat 3: Vertigo ($63.98 in chips) 
Seat 4: Aescul@pius ($103.80 in chips) 
Seat 5: Burlica2013 ($100 in chips) 
Seat 6: gudrozd ($101.50 in chips) 
Vertigo: posts small blind $0.50
Aescul@pius: posts big blind $1
*** HOLE CARDS ***
Burlica2013: folds 
gudrozd: folds 
Nurlanstar92: folds 
gig.gyty: raises $1.50 to $2.50
Vertigo: folds 
Aescul@pius: folds 
Uncalled bet ($1.50) returned to gig.gyty
gig.gyty collected $2.50 from pot
gig.gyty: doesn't show hand 
*** SUMMARY ***
Total pot $2.50 | Rake $0 
Seat 1: Nurlanstar92 folded before Flop (didn't bet)
Seat 2: gig.gyty (button) collected ($2.50)
Seat 3: Vertigo (small blind) folded before Flop
Seat 4: Aescul@pius (big blind) folded before Flop
Seat 5: Burlica2013 folded before Flop (didn't bet)
Seat 6: gudrozd folded before Flop (didn't bet)



PokerStars Hand #254275853413:  Hold'em No Limit ($0.50/$1.00 USD) - 2025/01/09 10:31:11 WET [2025/01/09 5:31:11 ET]
Table 'Matra II' 6-max Seat #3 is the button
Seat 1: Nurlanstar92 ($116.97 in chips) 
Seat 2: gig.gyty ($108.67 in chips) 
Seat 3: Vertigo ($63.48 in chips) 
Seat 4: Aescul@pius ($102.80 in chips) 
Seat 5: Burlica2013 ($100 in chips) 
Seat 6: gudrozd ($101.50 in chips) 
Aescul@pius: posts small blind $0.50
Burlica2013: posts big blind $1
*** HOLE CARDS ***
gudrozd: folds 
Nurlanstar92: folds 
gig.gyty: raises $1.25 to $2.25
Vertigo: calls $2.25
Aescul@pius: folds 
Burlica2013: folds 
*** FLOP *** [3h 4c Qc]
gig.gyty: checks 
Vertigo: checks 
*** TURN *** [3h 4c Qc] [2s]
gig.gyty: checks 
Vertigo: bets $2.85
gig.gyty: calls $2.85
*** RIVER *** [3h 4c Qc 2s] [7d]
gig.gyty: checks 
Vertigo: bets $5.56
gig.gyty: calls $5.56
*** SHOW DOWN ***
Vertigo: shows [Tc Ts] (a pair of Tens)
gig.gyty: mucks hand 
Vertigo collected $21.40 from pot
*** SUMMARY ***
Total pot $22.82 | Rake $1.42 
Board [3h 4c Qc 2s 7d]
Seat 1: Nurlanstar92 folded before Flop (didn't bet)
Seat 2: gig.gyty mucked
Seat 3: Vertigo (button) showed [Tc Ts] and won ($21.40) with a pair of Tens
Seat 4: Aescul@pius (small blind) folded before Flop
Seat 5: Burlica2013 (big blind) folded before Flop
Seat 6: gudrozd folded before Flop (didn't bet)



PokerStars Hand #254275858414:  Hold'em No Limit ($0.50/$1.00 USD) - 2025/01/09 10:31:54 WET [2025/01/09 5:31:54 ET]
Table 'Matra II' 6-max Seat #4 is the button
Seat 1: Nurlanstar92 ($116.97 in chips) 
Seat 2: gig.gyty ($100 in chips) 
Seat 3: Vertigo ($74.22 in chips) 
Seat 4: Aescul@pius ($102.30 in chips) 
Seat 5: Burlica2013 ($100 in chips) 
Seat 6: gudrozd ($101.50 in chips) 
Burlica2013: posts small blind $0.50
gudrozd: posts big blind $1
*** HOLE CARDS ***
Nurlanstar92: folds 
gig.gyty: folds 
Vertigo: raises $2 to $3
Aescul@pius: folds 
Burlica2013: raises $10.15 to $13.15
gudrozd: folds 
Vertigo: calls $10.15
*** FLOP *** [Kd 9h 7d]
Burlica2013: checks 
Vertigo: checks 
*** TURN *** [Kd 9h 7d] [6h]
Burlica2013: checks 
Vertigo: checks 
*** RIVER *** [Kd 9h 7d 6h] [8c]
Burlica2013: checks 
Vertigo: checks 
*** SHOW DOWN ***
Burlica2013: shows [Js Jh] (a pair of Jacks)
Vertigo: mucks hand 
Burlica2013 collected $25.94 from pot
*** SUMMARY ***
Total pot $27.30 | Rake $1.36 
Board [Kd 9h 7d 6h 8c]
Seat 1: Nurlanstar92 folded before Flop (didn't bet)
Seat 2: gig.gyty folded before Flop (didn't bet)
Seat 3: Vertigo mucked
Seat 4: Aescul@pius (button) folded before Flop (didn't bet)
Seat 5: Burlica2013 (small blind) showed [Js Jh] and won ($25.94) with a pair of Jacks
Seat 6: gudrozd (big blind) folded before Flop



PokerStars Hand #254275862440:  Hold'em No Limit ($0.50/$1.00 USD) - 2025/01/09 10:32:30 WET [2025/01/09 5:32:30 ET]
Table 'Matra II' 6-max Seat #5 is the button
Seat 1: Nurlanstar92 ($116.97 in chips) 
Seat 2: gig.gyty ($100 in chips) 
Seat 3: Vertigo ($61.07 in chips) 
Seat 4: Aescul@pius ($102.30 in chips) 
Seat 5: Burlica2013 ($112.79 in chips) 
Seat 6: gudrozd ($100.50 in chips) 
gudrozd: posts small blind $0.50
Nurlanstar92: posts big blind $1
*** HOLE CARDS ***
gig.gyty: folds 
Vertigo: folds 
Aescul@pius: folds 
Burlica2013: raises $1.45 to $2.45
gudrozd: folds 
Nurlanstar92: calls $1.45
*** FLOP *** [Kd Qs Kh]
Nurlanstar92: checks 
Burlica2013: bets $1.69
Nurlanstar92: calls $1.69
*** TURN *** [Kd Qs Kh] [Jd]
Nurlanstar92: checks 
Burlica2013: checks 
*** RIVER *** [Kd Qs Kh Jd] [9h]
Nurlanstar92: bets $2.08
Burlica2013: folds 
Uncalled bet ($2.08) returned to Nurlanstar92
Nurlanstar92 collected $8.34 from pot
Nurlanstar92: doesn't show hand 
*** SUMMARY ***
Total pot $8.78 | Rake $0.44 
Board [Kd Qs Kh Jd 9h]
Seat 1: Nurlanstar92 (big blind) collected ($8.34)
Seat 2: gig.gyty folded before Flop (didn't bet)
Seat 3: Vertigo folded before Flop (didn't bet)
Seat 4: Aescul@pius folded before Flop (didn't bet)
Seat 5: Burlica2013 (button) folded on the River
Seat 6: gudrozd (small blind) folded before Flop



PokerStars Hand #254275869523:  Hold'em No Limit ($0.50/$1.00 USD) - 2025/01/09 10:33:32 WET [2025/01/09 5:33:32 ET]
Table 'Matra II' 6-max Seat #6 is the button
Seat 1: Nurlanstar92 ($121.17 in chips) 
Seat 2: gig.gyty ($100 in chips) 
Seat 3: Vertigo ($61.07 in chips) 
Seat 4: Aescul@pius ($102.30 in chips) 
Seat 5: Burlica2013 ($108.65 in chips) 
Seat 6: gudrozd ($100 in chips) 
Nurlanstar92: posts small blind $0.50
gig.gyty: posts big blind $1
*** HOLE CARDS ***
Vertigo: folds 
Aescul@pius: folds 
Burlica2013: folds 
gudrozd: folds 
Nurlanstar92: folds 
Uncalled bet ($0.50) returned to gig.gyty
gig.gyty collected $1 from pot
gig.gyty: doesn't show hand 
*** SUMMARY ***
Total pot $1 | Rake $0 
Seat 1: Nurlanstar92 (small blind) folded before Flop
Seat 2: gig.gyty (big blind) collected ($1)
Seat 3: Vertigo folded before Flop (didn't bet)
Seat 4: Aescul@pius folded before Flop (didn't bet)
Seat 5: Burlica2013 folded before Flop (didn't bet)
Seat 6: gudrozd (button) folded before Flop (didn't bet)



PokerStars Hand #254275871595:  Hold'em No Limit ($0.50/$1.00 USD) - 2025/01/09 10:33:50 WET [2025/01/09 5:33:50 ET]
Table 'Matra II' 6-max Seat #1 is the button
Seat 1: Nurlanstar92 ($120.67 in chips) 
Seat 2: gig.gyty ($100.50 in chips) 
Seat 3: Vertigo ($61.07 in chips) 
Seat 4: Aescul@pius ($102.30 in chips) 
Seat 5: Burlica2013 ($108.65 in chips) 
Seat 6: gudrozd ($100 in chips) 
gig.gyty: posts small blind $0.50
Vertigo: posts big blind $1
*** HOLE CARDS ***
Aescul@pius: folds 
Burlica2013: folds 
gudrozd: folds 
Nurlanstar92: folds 
gig.gyty: calls $0.50
Vertigo: checks 
*** FLOP *** [4c 7d 8c]
gig.gyty: checks 
Vertigo: checks 
*** TURN *** [4c 7d 8c] [Jc]
gig.gyty: checks 
Vertigo: bets $1.90
gig.gyty: folds 
Uncalled bet ($1.90) returned to Vertigo
Vertigo collected $1.88 from pot
Vertigo: doesn't show hand 
*** SUMMARY ***
Total pot $2 | Rake $0.12 
Board [4c 7d 8c Jc]
Seat 1: Nurlanstar92 (button) folded before Flop (didn't bet)
Seat 2: gig.gyty (small blind) folded on the Turn
Seat 3: Vertigo (big blind) collected ($1.88)
Seat 4: Aescul@pius folded before Flop (didn't bet)
Seat 5: Burlica2013 folded before Flop (didn't bet)
Seat 6: gudrozd folded before Flop (didn't bet)



PokerStars Hand #254275875240:  Hold'em No Limit ($0.50/$1.00 USD) - 2025/01/09 10:34:23 WET [2025/01/09 5:34:23 ET]
Table 'Matra II' 6-max Seat #2 is the button
Seat 1: Nurlanstar92 ($120.67 in chips) 
Seat 2: gig.gyty ($100 in chips) 
Seat 3: Vertigo ($61.95 in chips) 
Seat 4: Aescul@pius ($102.30 in chips) 
Seat 5: Burlica2013 ($108.65 in chips) 
Seat 6: gudrozd ($100 in chips) 
Vertigo: posts small blind $0.50
Aescul@pius: posts big blind $1
*** HOLE CARDS ***
Burlica2013: folds 
gudrozd: folds 
Nurlanstar92: folds 
gig.gyty: raises $1.50 to $2.50
Vertigo: folds 
Aescul@pius: raises $8.50 to $11
gig.gyty: raises $12 to $23
Aescul@pius: calls $12
*** FLOP *** [Ad 5h Ah]
Aescul@pius: checks 
gig.gyty: bets $11.05
Aescul@pius: calls $11.05
*** TURN *** [Ad 5h Ah] [Qd]
Aescul@pius: checks 
Burlica2013 leaves the table
gig.gyty: checks 
*** RIVER *** [Ad 5h Ah Qd] [Th]
KOSEC510 joins the table at seat #5 
Aescul@pius: bets $68.25 and is all-in
gig.gyty: calls $65.95 and is all-in
Uncalled bet ($2.30) returned to Aescul@pius
*** SHOW DOWN ***
Aescul@pius: shows [Ts As] (a full house, Aces full of Tens)
gig.gyty: shows [Js Ac] (three of a kind, Aces)
Aescul@pius collected $198 from pot
*** SUMMARY ***
Total pot $200.50 | Rake $2.50 
Board [Ad 5h Ah Qd Th]
Seat 1: Nurlanstar92 folded before Flop (didn't bet)
Seat 2: gig.gyty (button) showed [Js Ac] and lost with three of a kind, Aces
Seat 3: Vertigo (small blind) folded before Flop
Seat 4: Aescul@pius (big blind) showed [Ts As] and won ($198) with a full house, Aces full of Tens
Seat 5: Burlica2013 folded before Flop (didn't bet)
Seat 6: gudrozd folded before Flop (didn't bet)



PokerStars Hand #254275887426:  Hold'em No Limit ($0.50/$1.00 USD) - 2025/01/09 10:36:10 WET [2025/01/09 5:36:10 ET]
Table 'Matra II' 6-max Seat #3 is the button
Seat 1: Nurlanstar92 ($120.67 in chips) 
Seat 2: gig.gyty ($100 in chips) 
Seat 3: Vertigo ($61.45 in chips) 
Seat 4: Aescul@pius ($200.30 in chips) 
Seat 5: KOSEC510 ($100 in chips) 
Seat 6: gudrozd ($100 in chips) 
Aescul@pius: posts small blind $0.50
KOSEC510: posts big blind $1
*** HOLE CARDS ***
gudrozd: folds 
Nurlanstar92: folds 
gig.gyty: folds 
Vertigo: raises $2 to $3
Aescul@pius: raises $7 to $10
KOSEC510: folds 
Vertigo: calls $7
*** FLOP *** [9h 2s 2c]
Aescul@pius: bets $6.58
Vertigo: calls $6.58
*** TURN *** [9h 2s 2c] [6h]
Aescul@pius: checks 
Vertigo: bets $44.87 and is all-in
Aescul@pius: calls $44.87
*** RIVER *** [9h 2s 2c 6h] [Kd]
*** SHOW DOWN ***
Aescul@pius: shows [9s As] (two pair, Nines and Deuces)
Vertigo: shows [Th Jc] (a pair of Deuces)
Aescul@pius collected $121.40 from pot
*** SUMMARY ***
Total pot $123.90 | Rake $2.50 
Board [9h 2s 2c 6h Kd]
Seat 1: Nurlanstar92 folded before Flop (didn't bet)
Seat 2: gig.gyty folded before Flop (didn't bet)
Seat 3: Vertigo (button) showed [Th Jc] and lost with a pair of Deuces
Seat 4: Aescul@pius (small blind) showed [9s As] and won ($121.40) with two pair, Nines and Deuces
Seat 5: KOSEC510 (big blind) folded before Flop
Seat 6: gudrozd folded before Flop (didn't bet)



PokerStars Hand #254275893150:  Hold'em No Limit ($0.50/$1.00 USD) - 2025/01/09 10:37:01 WET [2025/01/09 5:37:01 ET]
Table 'Matra II' 6-max Seat #4 is the button
Seat 1: Nurlanstar92 ($120.67 in chips) 
Seat 2: gig.gyty ($100 in chips) 
Seat 4: Aescul@pius ($260.25 in chips) 
Seat 5: KOSEC510 ($100 in chips) 
Seat 6: gudrozd ($100 in chips) 
KOSEC510: posts small blind $0.50
gudrozd: posts big blind $1
*** HOLE CARDS ***
Nurlanstar92: folds 
gig.gyty: folds 
Aescul@pius: folds 
CallMeeeCraig joins the table at seat #3 
KOSEC510: folds 
Uncalled bet ($0.50) returned to gudrozd
gudrozd collected $1 from pot
gudrozd: doesn't show hand 
*** SUMMARY ***
Total pot $1 | Rake $0 
Seat 1: Nurlanstar92 folded before Flop (didn't bet)
Seat 2: gig.gyty folded before Flop (didn't bet)
Seat 4: Aescul@pius (button) folded before Flop (didn't bet)
Seat 5: KOSEC510 (small blind) folded before Flop
Seat 6: gudrozd (big blind) collected ($1)



PokerStars Hand #254275896488:  Hold'em No Limit ($0.50/$1.00 USD) - 2025/01/09 10:37:31 WET [2025/01/09 5:37:31 ET]
Table 'Matra II' 6-max Seat #5 is the button
Seat 3: CallMeeeCraig ($100 in chips) is sitting out
Seat 6: gudrozd ($100.50 in chips) is sitting out
Seat 1: Nurlanstar92 ($120.67 in chips) 
Seat 2: gig.gyty ($100 in chips) 
Seat 4: Aescul@pius ($260.25 in chips) 
Seat 5: KOSEC510 ($100 in chips) 
Nurlanstar92: posts small blind $0.50
gig.gyty: posts big blind $1
CallMeeeCraig: sits out 
*** HOLE CARDS ***
Aescul@pius: folds 
gudrozd leaves the table
KOSEC510: raises $1.40 to $2.40
Nurlanstar92: raises $9.60 to $12
gig.gyty: folds 
KOSEC510: calls $9.60
*** FLOP *** [Th 6c 3c]
Nurlanstar92: bets $7.92
KOSEC510: calls $7.92
*** TURN *** [Th 6c 3c] [Ah]
Nurlanstar92: checks 
KOSEC510: checks 
*** RIVER *** [Th 6c 3c Ah] [3d]
Nurlanstar92: bets $13.15
KOSEC510: raises $13.85 to $27
Nurlanstar92: calls $13.85
*** SHOW DOWN ***
KOSEC510: shows [7s 8s] (a pair of Threes)
Nurlanstar92: shows [Ac 5c] (two pair, Aces and Threes)
Nurlanstar92 collected $93.84 from pot
Dante21b joins the table at seat #6 
*** SUMMARY ***
Total pot $94.84 | Rake $1 
Board [Th 6c 3c Ah 3d]
Seat 3: CallMeeeCraig
Seat 6: gudrozd
Seat 1: Nurlanstar92 (small blind) showed [Ac 5c] and won ($93.84) with two pair, Aces and Threes
Seat 2: gig.gyty (big blind) folded before Flop
Seat 4: Aescul@pius folded before Flop (didn't bet)
Seat 5: KOSEC510 (button) showed [7s 8s] and lost with a pair of Threes



PokerStars Hand #254275909386:  Hold'em No Limit ($0.50/$1.00 USD) - 2025/01/09 10:39:22 WET [2025/01/09 5:39:22 ET]
Table 'Matra II' 6-max Seat #1 is the button
Seat 6: Dante21b ($100 in chips) is sitting out
Seat 1: Nurlanstar92 ($167.59 in chips) 
Seat 2: gig.gyty ($100 in chips) 
Seat 3: CallMeeeCraig ($100 in chips) 
Seat 4: Aescul@pius ($260.25 in chips) 
Seat 5: KOSEC510 ($100 in chips) 
gig.gyty: posts small blind $0.50
CallMeeeCraig: posts big blind $1
Dante21b: sits out 
*** HOLE CARDS ***
Dante21b leaves the table
Aescul@pius: folds 
KOSEC510: folds 
Nurlanstar92: folds 
gig.gyty: folds 
Uncalled bet ($0.50) returned to CallMeeeCraig
CallMeeeCraig collected $1 from pot
CallMeeeCraig: doesn't show hand 
*** SUMMARY ***
Total pot $1 | Rake $0 
Seat 6: Dante21b
Seat 1: Nurlanstar92 (button) folded before Flop (didn't bet)
Seat 2: gig.gyty (small blind) folded before Flop
Seat 3: CallMeeeCraig (big blind) collected ($1)
Seat 4: Aescul@pius folded before Flop (didn't bet)
Seat 5: KOSEC510 folded before Flop (didn't bet)



PokerStars Hand #254275911079:  Hold'em No Limit ($0.50/$1.00 USD) - 2025/01/09 10:39:36 WET [2025/01/09 5:39:36 ET]
Table 'Matra II' 6-max Seat #2 is the button
Seat 1: Nurlanstar92 ($167.59 in chips) 
Seat 2: gig.gyty ($100 in chips) 
Seat 3: CallMeeeCraig ($100.50 in chips) 
Seat 4: Aescul@pius ($260.25 in chips) 
Seat 5: KOSEC510 ($100 in chips) 
CallMeeeCraig: posts small blind $0.50
Aescul@pius: posts big blind $1
*** HOLE CARDS ***
KOSEC510: raises $1.20 to $2.20
Nurlanstar92: folds 
gig.gyty: folds 
CallMeeeCraig: folds 
Aescul@pius: calls $1.20
*** FLOP *** [9d 3c Ah]
Aescul@pius: checks 
KOSEC510: bets $1.17
Aescul@pius: raises $3.37 to $4.54
KOSEC510: calls $3.37
*** TURN *** [9d 3c Ah] [6h]
Aescul@pius: checks 
KOSEC510: checks 
*** RIVER *** [9d 3c Ah 6h] [5c]
Aescul@pius: checks 
KOSEC510: checks 
*** SHOW DOWN ***
Aescul@pius: shows [Tc 8c] (high card Ace)
KOSEC510: shows [Jd Ac] (a pair of Aces)
KOSEC510 collected $13.28 from pot
*** SUMMARY ***
Total pot $13.98 | Rake $0.70 
Board [9d 3c Ah 6h 5c]
Seat 1: Nurlanstar92 folded before Flop (didn't bet)
Seat 2: gig.gyty (button) folded before Flop (didn't bet)
Seat 3: CallMeeeCraig (small blind) folded before Flop
Seat 4: Aescul@pius (big blind) showed [Tc 8c] and lost with high card Ace
Seat 5: KOSEC510 showed [Jd Ac] and won ($13.28) with a pair of Aces



PokerStars Hand #254275918933:  Hold'em No Limit ($0.50/$1.00 USD) - 2025/01/09 10:40:44 WET [2025/01/09 5:40:44 ET]
Table 'Matra II' 6-max Seat #3 is the button
Seat 1: Nurlanstar92 ($167.59 in chips) 
Seat 2: gig.gyty ($100 in chips) 
Seat 3: CallMeeeCraig ($100 in chips) 
Seat 4: Aescul@pius ($253.51 in chips) 
Seat 5: KOSEC510 ($106.54 in chips) 
Aescul@pius: posts small blind $0.50
KOSEC510: posts big blind $1
*** HOLE CARDS ***
Nurlanstar92: folds 
gig.gyty: folds 
CallMeeeCraig: raises $1.20 to $2.20
Aescul@pius: folds 
KOSEC510: folds 
Uncalled bet ($1.20) returned to CallMeeeCraig
CallMeeeCraig collected $2.50 from pot
CallMeeeCraig: doesn't show hand 
*** SUMMARY ***
Total pot $2.50 | Rake $0 
Seat 1: Nurlanstar92 folded before Flop (didn't bet)
Seat 2: gig.gyty folded before Flop (didn't bet)
Seat 3: CallMeeeCraig (button) collected ($2.50)
Seat 4: Aescul@pius (small blind) folded before Flop
Seat 5: KOSEC510 (big blind) folded before Flop



PokerStars Hand #254275920604:  Hold'em No Limit ($0.50/$1.00 USD) - 2025/01/09 10:40:59 WET [2025/01/09 5:40:59 ET]
Table 'Matra II' 6-max Seat #4 is the button
Seat 1: Nurlanstar92 ($167.59 in chips) 
Seat 2: gig.gyty ($100 in chips) 
Seat 3: CallMeeeCraig ($101.50 in chips) 
Seat 4: Aescul@pius ($253.01 in chips) 
Seat 5: KOSEC510 ($105.54 in chips) 
KOSEC510: posts small blind $0.50
Nurlanstar92: posts big blind $1
*** HOLE CARDS ***
gig.gyty: folds 
CallMeeeCraig: folds 
Aescul@pius: folds 
KOSEC510: raises $1.90 to $2.90
Nurlanstar92: folds 
Uncalled bet ($1.90) returned to KOSEC510
KOSEC510 collected $2 from pot
KOSEC510: doesn't show hand 
*** SUMMARY ***
Total pot $2 | Rake $0 
Seat 1: Nurlanstar92 (big blind) folded before Flop
Seat 2: gig.gyty folded before Flop (didn't bet)
Seat 3: CallMeeeCraig folded before Flop (didn't bet)
Seat 4: Aescul@pius (button) folded before Flop (didn't bet)
Seat 5: KOSEC510 (small blind) collected ($2)



PokerStars Hand #254275922754:  Hold'em No Limit ($0.50/$1.00 USD) - 2025/01/09 10:41:17 WET [2025/01/09 5:41:17 ET]
Table 'Matra II' 6-max Seat #5 is the button
Seat 2: gig.gyty ($100 in chips) is sitting out
Seat 1: Nurlanstar92 ($166.59 in chips) 
Seat 3: CallMeeeCraig ($101.50 in chips) 
Seat 4: Aescul@pius ($253.01 in chips) 
Seat 5: KOSEC510 ($106.54 in chips) 
Nurlanstar92: posts small blind $0.50
gig.gyty: is sitting out 
CallMeeeCraig: posts big blind $1
*** HOLE CARDS ***
Aescul@pius: folds 
KOSEC510: raises $1.40 to $2.40
Nurlanstar92: folds 
CallMeeeCraig: folds 
Uncalled bet ($1.40) returned to KOSEC510
KOSEC510 collected $2.50 from pot
KOSEC510: doesn't show hand 
*** SUMMARY ***
Total pot $2.50 | Rake $0 
Seat 2: gig.gyty
Seat 1: Nurlanstar92 (small blind) folded before Flop
Seat 3: CallMeeeCraig (big blind) folded before Flop
Seat 4: Aescul@pius folded before Flop (didn't bet)
Seat 5: KOSEC510 (button) collected ($2.50)



PokerStars Hand #254275925980:  Hold'em No Limit ($0.50/$1.00 USD) - 2025/01/09 10:41:46 WET [2025/01/09 5:41:46 ET]
Table 'Matra II' 6-max Seat #1 is the button
Seat 2: gig.gyty ($100 in chips) is sitting out
Seat 1: Nurlanstar92 ($166.09 in chips) 
Seat 3: CallMeeeCraig ($100.50 in chips) 
Seat 4: Aescul@pius ($253.01 in chips) 
Seat 5: KOSEC510 ($108.04 in chips) 
CallMeeeCraig: posts small blind $0.50
Aescul@pius: posts big blind $1
*** HOLE CARDS ***
KOSEC510: folds 
Nurlanstar92: raises $1.50 to $2.50
CallMeeeCraig: folds 
Aescul@pius: folds 
Uncalled bet ($1.50) returned to Nurlanstar92
Nurlanstar92 collected $2.50 from pot
Nurlanstar92: doesn't show hand 
*** SUMMARY ***
Total pot $2.50 | Rake $0 
Seat 2: gig.gyty
Seat 1: Nurlanstar92 (button) collected ($2.50)
Seat 3: CallMeeeCraig (small blind) folded before Flop
Seat 4: Aescul@pius (big blind) folded before Flop
Seat 5: KOSEC510 folded before Flop (didn't bet)



PokerStars Hand #254275928627:  Hold'em No Limit ($0.50/$1.00 USD) - 2025/01/09 10:42:08 WET [2025/01/09 5:42:08 ET]
Table 'Matra II' 6-max Seat #3 is the button
Seat 2: gig.gyty ($100 in chips) is sitting out
Seat 1: Nurlanstar92 ($167.59 in chips) 
Seat 3: CallMeeeCraig ($100 in chips) 
Seat 4: Aescul@pius ($252.01 in chips) 
Seat 5: KOSEC510 ($108.04 in chips) 
Aescul@pius: posts small blind $0.50
KOSEC510: posts big blind $1
gig.gyty: sits out 
*** HOLE CARDS ***
Nurlanstar92: raises $1 to $2
CallMeeeCraig: folds 
Aescul@pius: raises $10 to $12
KOSEC510: folds 
Nurlanstar92: folds 
Uncalled bet ($10) returned to Aescul@pius
Aescul@pius collected $5 from pot
Aescul@pius: doesn't show hand 
*** SUMMARY ***
Total pot $5 | Rake $0 
Seat 2: gig.gyty
Seat 1: Nurlanstar92 folded before Flop
Seat 3: CallMeeeCraig (button) folded before Flop (didn't bet)
Seat 4: Aescul@pius (small blind) collected ($5)
Seat 5: KOSEC510 (big blind) folded before Flop



PokerStars Hand #254275932350:  Hold'em No Limit ($0.50/$1.00 USD) - 2025/01/09 10:42:40 WET [2025/01/09 5:42:40 ET]
Table 'Matra II' 6-max Seat #4 is the button
Seat 2: gig.gyty ($100 in chips) is sitting out
Seat 1: Nurlanstar92 ($165.59 in chips) 
Seat 3: CallMeeeCraig ($100 in chips) 
Seat 4: Aescul@pius ($255.01 in chips) 
Seat 5: KOSEC510 ($107.04 in chips) 
KOSEC510: posts small blind $0.50
Nurlanstar92: posts big blind $1
gig.gyty: sits out 
*** HOLE CARDS ***
CallMeeeCraig: folds 
Aescul@pius: raises $1.50 to $2.50
KOSEC510: folds 
Nurlanstar92: folds 
Uncalled bet ($1.50) returned to Aescul@pius
Aescul@pius collected $2.50 from pot
Aescul@pius: doesn't show hand 
*** SUMMARY ***
Total pot $2.50 | Rake $0 
Seat 2: gig.gyty
Seat 1: Nurlanstar92 (big blind) folded before Flop
Seat 3: CallMeeeCraig folded before Flop (didn't bet)
Seat 4: Aescul@pius (button) collected ($2.50)
Seat 5: KOSEC510 (small blind) folded before Flop



PokerStars Hand #254275934269:  Hold'em No Limit ($0.50/$1.00 USD) - 2025/01/09 10:42:56 WET [2025/01/09 5:42:56 ET]
Table 'Matra II' 6-max Seat #5 is the button
Seat 1: Nurlanstar92 ($164.59 in chips) 
Seat 2: gig.gyty ($100 in chips) 
Seat 3: CallMeeeCraig ($100 in chips) 
Seat 4: Aescul@pius ($256.51 in chips) 
Seat 5: KOSEC510 ($106.54 in chips) 
Nurlanstar92: posts small blind $0.50
gig.gyty: posts big blind $1
*** HOLE CARDS ***
CallMeeeCraig: folds 
Aescul@pius: folds 
KOSEC510: raises $1.40 to $2.40
Nurlanstar92: raises $9.60 to $12
gig.gyty: folds 
KOSEC510: folds 
Uncalled bet ($9.60) returned to Nurlanstar92
Nurlanstar92 collected $5.80 from pot
Nurlanstar92: doesn't show hand 
*** SUMMARY ***
Total pot $5.80 | Rake $0 
Seat 1: Nurlanstar92 (small blind) collected ($5.80)
Seat 2: gig.gyty (big blind) folded before Flop
Seat 3: CallMeeeCraig folded before Flop (didn't bet)
Seat 4: Aescul@pius folded before Flop (didn't bet)
Seat 5: KOSEC510 (button) folded before Flop



PokerStars Hand #254275937099:  Hold'em No Limit ($0.50/$1.00 USD) - 2025/01/09 10:43:21 WET [2025/01/09 5:43:21 ET]
Table 'Matra II' 6-max Seat #1 is the button
Seat 1: Nurlanstar92 ($167.99 in chips) 
Seat 2: gig.gyty ($100 in chips) 
Seat 3: CallMeeeCraig ($100 in chips) 
Seat 4: Aescul@pius ($256.51 in chips) 
Seat 5: KOSEC510 ($104.14 in chips) 
gig.gyty: posts small blind $0.50
CallMeeeCraig: posts big blind $1
*** HOLE CARDS ***
Aescul@pius: raises $1 to $2
KOSEC510: folds 
Nurlanstar92: folds 
gig.gyty: folds 
CallMeeeCraig: calls $1
*** FLOP *** [4c 8d Td]
CallMeeeCraig: checks 
Aescul@pius: bets $3.12
CallMeeeCraig: calls $3.12
*** TURN *** [4c 8d Td] [Qc]
CallMeeeCraig: checks 
Aescul@pius: bets $6.85
CallMeeeCraig: raises $21.15 to $28
Aescul@pius: calls $21.15
*** RIVER *** [4c 8d Td Qc] [Tc]
CallMeeeCraig: bets $66.88 and is all-in
Aescul@pius: calls $66.88
*** SHOW DOWN ***
CallMeeeCraig: shows [7c Jc] (a flush, Queen high)
Aescul@pius: shows [Qs Qh] (a full house, Queens full of Tens)
Aescul@pius collected $198 from pot
*** SUMMARY ***
Total pot $200.50 | Rake $2.50 
Board [4c 8d Td Qc Tc]
Seat 1: Nurlanstar92 (button) folded before Flop (didn't bet)
Seat 2: gig.gyty (small blind) folded before Flop
Seat 3: CallMeeeCraig (big blind) showed [7c Jc] and lost with a flush, Queen high
Seat 4: Aescul@pius showed [Qs Qh] and won ($198) with a full house, Queens full of Tens
Seat 5: KOSEC510 folded before Flop (didn't bet)



PokerStars Hand #254275951806:  Hold'em No Limit ($0.50/$1.00 USD) - 2025/01/09 10:45:26 WET [2025/01/09 5:45:26 ET]
Table 'Matra II' 6-max Seat #2 is the button
Seat 1: Nurlanstar92 ($167.99 in chips) 
Seat 2: gig.gyty ($100 in chips) 
Seat 3: CallMeeeCraig ($100 in chips) 
Seat 4: Aescul@pius ($354.51 in chips) 
Seat 5: KOSEC510 ($104.14 in chips) 
CallMeeeCraig: posts small blind $0.50
Aescul@pius: posts big blind $1
*** HOLE CARDS ***
KOSEC510: folds 
Nurlanstar92: folds 
gig.gyty: folds 
CallMeeeCraig: raises $2 to $3
Aescul@pius: raises $6 to $9
CallMeeeCraig: raises $13 to $22
Aescul@pius: calls $13
*** FLOP *** [Kh 5c Jh]
CallMeeeCraig: bets $13.79
Aescul@pius: folds 
Uncalled bet ($13.79) returned to CallMeeeCraig
CallMeeeCraig collected $41.80 from pot
CallMeeeCraig: doesn't show hand 
*** SUMMARY ***
Total pot $44 | Rake $2.20 
Board [Kh 5c Jh]
Seat 1: Nurlanstar92 folded before Flop (didn't bet)
Seat 2: gig.gyty (button) folded before Flop (didn't bet)
Seat 3: CallMeeeCraig (small blind) collected ($41.80)
Seat 4: Aescul@pius (big blind) folded on the Flop
Seat 5: KOSEC510 folded before Flop (didn't bet)



PokerStars Hand #254275958528:  Hold'em No Limit ($0.50/$1.00 USD) - 2025/01/09 10:46:24 WET [2025/01/09 5:46:24 ET]
Table 'Matra II' 6-max Seat #3 is the button
Seat 1: Nurlanstar92 ($167.99 in chips) 
Seat 2: gig.gyty ($100 in chips) 
Seat 3: CallMeeeCraig ($119.80 in chips) 
Seat 4: Aescul@pius ($332.51 in chips) 
Seat 5: KOSEC510 ($104.14 in chips) 
Aescul@pius: posts small blind $0.50
KOSEC510: posts big blind $1
*** HOLE CARDS ***
Nurlanstar92: folds 
gig.gyty: folds 
CallMeeeCraig: folds 
Aescul@pius: folds 
Uncalled bet ($0.50) returned to KOSEC510
KOSEC510 collected $1 from pot
KOSEC510: doesn't show hand 
*** SUMMARY ***
Total pot $1 | Rake $0 
Seat 1: Nurlanstar92 folded before Flop (didn't bet)
Seat 2: gig.gyty folded before Flop (didn't bet)
Seat 3: CallMeeeCraig (button) folded before Flop (didn't bet)
Seat 4: Aescul@pius (small blind) folded before Flop
Seat 5: KOSEC510 (big blind) collected ($1)



PokerStars Hand #254275959703:  Hold'em No Limit ($0.50/$1.00 USD) - 2025/01/09 10:46:34 WET [2025/01/09 5:46:34 ET]
Table 'Matra II' 6-max Seat #4 is the button
Seat 1: Nurlanstar92 ($167.99 in chips) is sitting out
Seat 2: gig.gyty ($100 in chips) is sitting out
Seat 3: CallMeeeCraig ($119.80 in chips) 
Seat 4: Aescul@pius ($332.01 in chips) 
Seat 5: KOSEC510 ($104.64 in chips) 
KOSEC510: posts small blind $0.50
Nurlanstar92: is sitting out 
gig.gyty: is sitting out 
CallMeeeCraig: posts big blind $1
*** HOLE CARDS ***
gig.gyty leaves the table
Nurlanstar92 leaves the table
Aescul@pius: folds 
KOSEC510: folds 
Uncalled bet ($0.50) returned to CallMeeeCraig
CallMeeeCraig collected $1 from pot
CallMeeeCraig: doesn't show hand 
*** SUMMARY ***
Total pot $1 | Rake $0 
Seat 1: Nurlanstar92
Seat 2: gig.gyty
Seat 3: CallMeeeCraig (big blind) collected ($1)
Seat 4: Aescul@pius (button) folded before Flop (didn't bet)
Seat 5: KOSEC510 (small blind) folded before Flop



PokerStars Hand #254275961203:  Hold'em No Limit ($0.50/$1.00 USD) - 2025/01/09 10:46:47 WET [2025/01/09 5:46:47 ET]
Table 'Matra II' 6-max Seat #5 is the button
Seat 3: CallMeeeCraig ($120.30 in chips) 
Seat 4: Aescul@pius ($332.01 in chips) 
Seat 5: KOSEC510 ($104.14 in chips) 
CallMeeeCraig: posts small blind $0.50
Aescul@pius: posts big blind $1
*** HOLE CARDS ***
KOSEC510: folds 
CallMeeeCraig: raises $2 to $3
Aescul@pius: raises $7 to $10
CallMeeeCraig: calls $7
*** FLOP *** [2h 8c 8d]
CallMeeeCraig: checks 
radnkoo joins the table at seat #6 
radnkoo is disconnected 
gudrozd joins the table at seat #2 
Aescul@pius: bets $5.75
CallMeeeCraig: calls $5.75
*** TURN *** [2h 8c 8d] [9h]
CallMeeeCraig: checks 
Aescul@pius: checks 
*** RIVER *** [2h 8c 8d 9h] [6c]
CallMeeeCraig: bets $6.10
Aescul@pius: calls $6.10
*** SHOW DOWN ***
CallMeeeCraig: shows [9c Kc] (two pair, Nines and Eights)
Aescul@pius: mucks hand 
CallMeeeCraig collected $42.70 from pot
*** SUMMARY ***
Total pot $43.70 | Rake $1 
Board [2h 8c 8d 9h 6c]
Seat 3: CallMeeeCraig (small blind) showed [9c Kc] and won ($42.70) with two pair, Nines and Eights
Seat 4: Aescul@pius (big blind) mucked
Seat 5: KOSEC510 (button) folded before Flop (didn't bet)



PokerStars Hand #254275970676:  Hold'em No Limit ($0.50/$1.00 USD) - 2025/01/09 10:48:07 WET [2025/01/09 5:48:07 ET]
Table 'Matra II' 6-max Seat #3 is the button
Seat 2: gudrozd ($100.50 in chips) is sitting out
Seat 6: radnkoo ($100 in chips) is sitting out
Seat 3: CallMeeeCraig ($141.15 in chips) 
Seat 4: Aescul@pius ($310.16 in chips) 
Seat 5: KOSEC510 ($104.14 in chips) 
Aescul@pius: posts small blind $0.50
KOSEC510: posts big blind $1
radnkoo: sits out 
gudrozd: sits out 
*** HOLE CARDS ***
CallMeeeCraig: folds 
Aescul@pius: folds 
Uncalled bet ($0.50) returned to KOSEC510
KOSEC510 collected $1 from pot
KOSEC510: doesn't show hand 
*** SUMMARY ***
Total pot $1 | Rake $0 
Seat 2: gudrozd
Seat 6: radnkoo
Seat 3: CallMeeeCraig (button) folded before Flop (didn't bet)
Seat 4: Aescul@pius (small blind) folded before Flop
Seat 5: KOSEC510 (big blind) collected ($1)



PokerStars Hand #254275972039:  Hold'em No Limit ($0.50/$1.00 USD) - 2025/01/09 10:48:19 WET [2025/01/09 5:48:19 ET]
Table 'Matra II' 6-max Seat #4 is the button
Seat 2: gudrozd ($100.50 in chips) is sitting out
Seat 3: CallMeeeCraig ($141.15 in chips) 
Seat 4: Aescul@pius ($309.66 in chips) 
Seat 5: KOSEC510 ($104.64 in chips) 
Seat 6: radnkoo ($100 in chips) 
KOSEC510: posts small blind $0.50
radnkoo: posts big blind $1
gudrozd: sits out 
*** HOLE CARDS ***
Emily_GetMan joins the table at seat #1 
CallMeeeCraig: folds 
Aescul@pius: folds 
KOSEC510: raises $1.90 to $2.90
radnkoo: folds 
Uncalled bet ($1.90) returned to KOSEC510
KOSEC510 collected $2 from pot
KOSEC510: doesn't show hand 
*** SUMMARY ***
Total pot $2 | Rake $0 
Seat 2: gudrozd
Seat 3: CallMeeeCraig folded before Flop (didn't bet)
Seat 4: Aescul@pius (button) folded before Flop (didn't bet)
Seat 5: KOSEC510 (small blind) collected ($2)
Seat 6: radnkoo (big blind) folded before Flop



PokerStars Hand #254275975526:  Hold'em No Limit ($0.50/$1.00 USD) - 2025/01/09 10:48:48 WET [2025/01/09 5:48:48 ET]
Table 'Matra II' 6-max Seat #5 is the button
Seat 2: gudrozd ($100.50 in chips) is sitting out
Seat 1: Emily_GetMan ($100 in chips) 
Seat 3: CallMeeeCraig ($141.15 in chips) 
Seat 4: Aescul@pius ($309.66 in chips) 
Seat 5: KOSEC510 ($105.64 in chips) 
Seat 6: radnkoo ($99 in chips) 
radnkoo: posts small blind $0.50
Emily_GetMan: posts big blind $1
gudrozd: sits out 
*** HOLE CARDS ***
CallMeeeCraig: folds 
Aescul@pius: raises $1.20 to $2.20
KOSEC510: folds 
radnkoo: folds 
Emily_GetMan: raises $9.80 to $12
Aescul@pius: calls $9.80
*** FLOP *** [6s Th 8h]
Emily_GetMan: checks 
Aescul@pius: checks 
*** TURN *** [6s Th 8h] [2s]
Emily_GetMan: checks 
Aescul@pius: bets $13.02
Emily_GetMan: raises $74.98 to $88 and is all-in
Aescul@pius: calls $74.98
*** RIVER *** [6s Th 8h 2s] [5c]
*** SHOW DOWN ***
Emily_GetMan: shows [Tc Td] (three of a kind, Tens)
Aescul@pius: shows [Ts Js] (a pair of Tens)
Emily_GetMan collected $198 from pot
*** SUMMARY ***
Total pot $200.50 | Rake $2.50 
Board [6s Th 8h 2s 5c]
Seat 2: gudrozd
Seat 1: Emily_GetMan (big blind) showed [Tc Td] and won ($198) with three of a kind, Tens
Seat 3: CallMeeeCraig folded before Flop (didn't bet)
Seat 4: Aescul@pius showed [Ts Js] and lost with a pair of Tens
Seat 5: KOSEC510 (button) folded before Flop (didn't bet)
Seat 6: radnkoo (small blind) folded before Flop



PokerStars Hand #254275988475:  Hold'em No Limit ($0.50/$1.00 USD) - 2025/01/09 10:50:38 WET [2025/01/09 5:50:38 ET]
Table 'Matra II' 6-max Seat #6 is the button
Seat 1: Emily_GetMan ($198 in chips) 
Seat 2: gudrozd ($100.50 in chips) 
Seat 3: CallMeeeCraig ($141.15 in chips) 
Seat 4: Aescul@pius ($209.66 in chips) 
Seat 5: KOSEC510 ($105.64 in chips) 
Seat 6: radnkoo ($98.50 in chips) 
Emily_GetMan: posts small blind $0.50
gudrozd: posts big blind $1
*** HOLE CARDS ***
CallMeeeCraig: folds 
Aescul@pius: folds 
KOSEC510: folds 
radnkoo: raises $1 to $2
Emily_GetMan: folds 
gudrozd: folds 
Uncalled bet ($1) returned to radnkoo
radnkoo collected $2.50 from pot
*** SUMMARY ***
Total pot $2.50 | Rake $0 
Seat 1: Emily_GetMan (small blind) folded before Flop
Seat 2: gudrozd (big blind) folded before Flop
Seat 3: CallMeeeCraig folded before Flop (didn't bet)
Seat 4: Aescul@pius folded before Flop (didn't bet)
Seat 5: KOSEC510 folded before Flop (didn't bet)
Seat 6: radnkoo (button) collected ($2.50)



PokerStars Hand #254275991972:  Hold'em No Limit ($0.50/$1.00 USD) - 2025/01/09 10:51:07 WET [2025/01/09 5:51:07 ET]
Table 'Matra II' 6-max Seat #1 is the button
Seat 1: Emily_GetMan ($197.50 in chips) 
Seat 2: gudrozd ($100 in chips) 
Seat 3: CallMeeeCraig ($141.15 in chips) 
Seat 4: Aescul@pius ($209.66 in chips) 
Seat 5: KOSEC510 ($105.64 in chips) 
Seat 6: radnkoo ($100 in chips) 
gudrozd: posts small blind $0.50
CallMeeeCraig: posts big blind $1
*** HOLE CARDS ***
Aescul@pius: folds 
KOSEC510: folds 
radnkoo: folds 
Aescul@pius leaves the table
Emily_GetMan: raises $1.50 to $2.50
gudrozd: folds 
CallMeeeCraig: folds 
Uncalled bet ($1.50) returned to Emily_GetMan
Emily_GetMan collected $2.50 from pot
Emily_GetMan: doesn't show hand 
*** SUMMARY ***
Total pot $2.50 | Rake $0 
Seat 1: Emily_GetMan (button) collected ($2.50)
Seat 2: gudrozd (small blind) folded before Flop
Seat 3: CallMeeeCraig (big blind) folded before Flop
Seat 4: Aescul@pius folded before Flop (didn't bet)
Seat 5: KOSEC510 folded before Flop (didn't bet)
Seat 6: radnkoo folded before Flop (didn't bet)



PokerStars Hand #254275993830:  Hold'em No Limit ($0.50/$1.00 USD) - 2025/01/09 10:51:22 WET [2025/01/09 5:51:22 ET]
Table 'Matra II' 6-max Seat #2 is the button
Seat 5: KOSEC510 ($105.64 in chips) is sitting out
Seat 1: Emily_GetMan ($199 in chips) 
Seat 2: gudrozd ($100 in chips) 
Seat 3: CallMeeeCraig ($140.15 in chips) 
Seat 6: radnkoo ($100 in chips) 
CallMeeeCraig: posts small blind $0.50
KOSEC510: is sitting out 
radnkoo: posts big blind $1
*** HOLE CARDS ***
Emily_GetMan: raises $1 to $2
gudrozd: folds 
gammlr8989 joins the table at seat #4 
KOSEC510 leaves the table
ChuckNorrisQ joins the table at seat #5 
CallMeeeCraig: raises $8 to $10
radnkoo: folds 
Emily_GetMan: folds 
Uncalled bet ($8) returned to CallMeeeCraig
CallMeeeCraig collected $5 from pot
CallMeeeCraig: doesn't show hand 
*** SUMMARY ***
Total pot $5 | Rake $0 
Seat 5: KOSEC510
Seat 1: Emily_GetMan folded before Flop
Seat 2: gudrozd (button) folded before Flop (didn't bet)
Seat 3: CallMeeeCraig (small blind) collected ($5)
Seat 6: radnkoo (big blind) folded before Flop



PokerStars Hand #254275997933:  Hold'em No Limit ($0.50/$1.00 USD) - 2025/01/09 10:51:57 WET [2025/01/09 5:51:57 ET]
Table 'Matra II' 6-max Seat #3 is the button
Seat 4: gammlr8989 ($40 in chips) is sitting out
Seat 5: ChuckNorrisQ ($100 in chips) is sitting out
Seat 1: Emily_GetMan ($197 in chips) 
Seat 2: gudrozd ($100 in chips) 
Seat 3: CallMeeeCraig ($143.15 in chips) 
Seat 6: radnkoo ($99 in chips) 
radnkoo: posts small blind $0.50
Emily_GetMan: posts big blind $1
*** HOLE CARDS ***
gudrozd: raises $1.50 to $2.50
CallMeeeCraig: raises $5.50 to $8
radnkoo: folds 
Emily_GetMan: folds 
gudrozd: folds 
Uncalled bet ($5.50) returned to CallMeeeCraig
CallMeeeCraig collected $6.50 from pot
CallMeeeCraig: doesn't show hand 
*** SUMMARY ***
Total pot $6.50 | Rake $0 
Seat 4: gammlr8989
Seat 5: ChuckNorrisQ
Seat 1: Emily_GetMan (big blind) folded before Flop
Seat 2: gudrozd folded before Flop
Seat 3: CallMeeeCraig (button) collected ($6.50)
Seat 6: radnkoo (small blind) folded before Flop



PokerStars Hand #254276002110:  Hold'em No Limit ($0.50/$1.00 USD) - 2025/01/09 10:52:32 WET [2025/01/09 5:52:32 ET]
Table 'Matra II' 6-max Seat #6 is the button
Seat 2: gudrozd ($100 in chips) is sitting out
Seat 5: ChuckNorrisQ ($100 in chips) is sitting out
Seat 1: Emily_GetMan ($196 in chips) 
Seat 3: CallMeeeCraig ($147.15 in chips) 
Seat 4: gammlr8989 ($40 in chips) 
Seat 6: radnkoo ($98.50 in chips) 
Emily_GetMan: posts small blind $0.50
gudrozd: is sitting out 
CallMeeeCraig: posts big blind $1
gammlr8989: posts big blind $1
ChuckNorrisQ: sits out 
*** HOLE CARDS ***
gammlr8989: checks 
radnkoo: folds 
Emily_GetMan: folds 
CallMeeeCraig: checks 
*** FLOP *** [8h Kd 9c]
CallMeeeCraig: checks 
gammlr8989: bets $2.38
CallMeeeCraig: folds 
Uncalled bet ($2.38) returned to gammlr8989
gammlr8989 collected $2.38 from pot
gammlr8989: doesn't show hand 
*** SUMMARY ***
Total pot $2.50 | Rake $0.12 
Board [8h Kd 9c]
Seat 2: gudrozd
Seat 5: ChuckNorrisQ
Seat 1: Emily_GetMan (small blind) folded before Flop
Seat 3: CallMeeeCraig (big blind) folded on the Flop
Seat 4: gammlr8989 collected ($2.38)
Seat 6: radnkoo (button) folded before Flop (didn't bet)



PokerStars Hand #254276005572:  Hold'em No Limit ($0.50/$1.00 USD) - 2025/01/09 10:53:01 WET [2025/01/09 5:53:01 ET]
Table 'Matra II' 6-max Seat #1 is the button
Seat 2: gudrozd ($100 in chips) is sitting out
Seat 5: ChuckNorrisQ ($100 in chips) is sitting out
Seat 1: Emily_GetMan ($195.50 in chips) 
Seat 3: CallMeeeCraig ($146.15 in chips) 
Seat 4: gammlr8989 ($41.38 in chips) 
Seat 6: radnkoo ($98.50 in chips) 
CallMeeeCraig: posts small blind $0.50
gammlr8989: posts big blind $1
ChuckNorrisQ: sits out 
*** HOLE CARDS ***
radnkoo: folds 
Emily_GetMan: folds 
CallMeeeCraig: raises $2 to $3
gammlr8989: calls $2
*** FLOP *** [Jc 4s 3s]
CallMeeeCraig: checks 
gammlr8989: bets $3
CallMeeeCraig: folds 
Uncalled bet ($3) returned to gammlr8989
gammlr8989 collected $5.70 from pot
gammlr8989: doesn't show hand 
*** SUMMARY ***
Total pot $6 | Rake $0.30 
Board [Jc 4s 3s]
Seat 2: gudrozd
Seat 5: ChuckNorrisQ
Seat 1: Emily_GetMan (button) folded before Flop (didn't bet)
Seat 3: CallMeeeCraig (small blind) folded on the Flop
Seat 4: gammlr8989 (big blind) collected ($5.70)
Seat 6: radnkoo folded before Flop (didn't bet)



PokerStars Hand #254276008593:  Hold'em No Limit ($0.50/$1.00 USD) - 2025/01/09 10:53:27 WET [2025/01/09 5:53:27 ET]
Table 'Matra II' 6-max Seat #3 is the button
Seat 2: gudrozd ($100 in chips) is sitting out
Seat 1: Emily_GetMan ($195.50 in chips) 
Seat 3: CallMeeeCraig ($143.15 in chips) 
Seat 4: gammlr8989 ($44.08 in chips) 
Seat 5: ChuckNorrisQ ($100 in chips) 
Seat 6: radnkoo ($98.50 in chips) 
gammlr8989: posts small blind $0.50
ChuckNorrisQ: posts big blind $1
gudrozd: sits out 
*** HOLE CARDS ***
radnkoo: raises $2 to $3
Emily_GetMan: folds 
CallMeeeCraig: folds 
gammlr8989: calls $2.50
ChuckNorrisQ: folds 
*** FLOP *** [5d Jc Ah]
gammlr8989: bets $1
radnkoo: raises $4 to $5
gammlr8989: calls $4
*** TURN *** [5d Jc Ah] [4s]
gammlr8989: checks 
radnkoo: checks 
*** RIVER *** [5d Jc Ah 4s] [5h]
gammlr8989: checks 
radnkoo: checks 
*** SHOW DOWN ***
gammlr8989: shows [Jd Js] (a full house, Jacks full of Fives)
radnkoo: mucks hand 
gammlr8989 collected $16.15 from pot
*** SUMMARY ***
Total pot $17 | Rake $0.85 
Board [5d Jc Ah 4s 5h]
Seat 2: gudrozd
Seat 1: Emily_GetMan folded before Flop (didn't bet)
Seat 3: CallMeeeCraig (button) folded before Flop (didn't bet)
Seat 4: gammlr8989 (small blind) showed [Jd Js] and won ($16.15) with a full house, Jacks full of Fives
Seat 5: ChuckNorrisQ (big blind) folded before Flop
Seat 6: radnkoo mucked



PokerStars Hand #254276015569:  Hold'em No Limit ($0.50/$1.00 USD) - 2025/01/09 10:54:27 WET [2025/01/09 5:54:27 ET]
Table 'Matra II' 6-max Seat #4 is the button
Seat 2: gudrozd ($100 in chips) is sitting out
Seat 1: Emily_GetMan ($195.50 in chips) 
Seat 3: CallMeeeCraig ($143.15 in chips) 
Seat 4: gammlr8989 ($52.23 in chips) 
Seat 5: ChuckNorrisQ ($100 in chips) 
Seat 6: radnkoo ($90.50 in chips) 
ChuckNorrisQ: posts small blind $0.50
radnkoo: posts big blind $1
gudrozd: sits out 
*** HOLE CARDS ***
Emily_GetMan: folds 
CallMeeeCraig: folds 
gammlr8989: raises $1 to $2
ChuckNorrisQ: raises $6 to $8
radnkoo: folds 
gammlr8989: calls $6
*** FLOP *** [8d Ad 5d]
ChuckNorrisQ: bets $5.33
gammlr8989: calls $5.33
*** TURN *** [8d Ad 5d] [6d]
ChuckNorrisQ: bets $8.67
gammlr8989: raises $8.67 to $17.34
ChuckNorrisQ: calls $8.67
*** RIVER *** [8d Ad 5d 6d] [Jd]
ChuckNorrisQ: checks 
gammlr8989: bets $21.56 and is all-in
ChuckNorrisQ: calls $21.56
*** SHOW DOWN ***
gammlr8989: shows [Qs 7d] (a flush, Ace high)
ChuckNorrisQ: shows [Qd Js] (a flush, Ace high - Queen higher)
ChuckNorrisQ collected $102.96 from pot
*** SUMMARY ***
Total pot $105.46 | Rake $2.50 
Board [8d Ad 5d 6d Jd]
Seat 2: gudrozd
Seat 1: Emily_GetMan folded before Flop (didn't bet)
Seat 3: CallMeeeCraig folded before Flop (didn't bet)
Seat 4: gammlr8989 (button) showed [Qs 7d] and lost with a flush, Ace high
Seat 5: ChuckNorrisQ (small blind) showed [Qd Js] and won ($102.96) with a flush, Ace high
Seat 6: radnkoo (big blind) folded before Flop



PokerStars Hand #254276022190:  Hold'em No Limit ($0.50/$1.00 USD) - 2025/01/09 10:55:26 WET [2025/01/09 5:55:26 ET]
Table 'Matra II' 6-max Seat #5 is the button
Seat 2: gudrozd ($100 in chips) is sitting out
Seat 4: gammlr8989 ($0 in chips) is sitting out
Seat 1: Emily_GetMan ($195.50 in chips) 
Seat 3: CallMeeeCraig ($143.15 in chips) 
Seat 5: ChuckNorrisQ ($150.73 in chips) 
Seat 6: radnkoo ($89.50 in chips) 
radnkoo: posts small blind $0.50
Emily_GetMan: posts big blind $1
gudrozd: sits out 
*** HOLE CARDS ***
CallMeeeCraig: folds 
ChuckNorrisQ: folds 
radnkoo: raises $1 to $2
Emily_GetMan: raises $5 to $7
radnkoo: calls $5
*** FLOP *** [Ad Ts 6s]
radnkoo: checks 
Emily_GetMan: bets $4.39
radnkoo: folds 
Uncalled bet ($4.39) returned to Emily_GetMan
Emily_GetMan collected $13.30 from pot
Emily_GetMan: doesn't show hand 
*** SUMMARY ***
Total pot $14 | Rake $0.70 
Board [Ad Ts 6s]
Seat 2: gudrozd
Seat 4: gammlr8989
Seat 1: Emily_GetMan (big blind) collected ($13.30)
Seat 3: CallMeeeCraig folded before Flop (didn't bet)
Seat 5: ChuckNorrisQ (button) folded before Flop (didn't bet)
Seat 6: radnkoo (small blind) folded on the Flop



PokerStars Hand #254276026145:  Hold'em No Limit ($0.50/$1.00 USD) - 2025/01/09 10:56:05 WET [2025/01/09 5:56:05 ET]
Table 'Matra II' 6-max Seat #6 is the button
Seat 1: Emily_GetMan ($201.80 in chips) 
Seat 2: gudrozd ($100 in chips) 
Seat 3: CallMeeeCraig ($143.15 in chips) 
Seat 4: gammlr8989 ($40 in chips) 
Seat 5: ChuckNorrisQ ($150.73 in chips) 
Seat 6: radnkoo ($82.50 in chips) 
Emily_GetMan: posts small blind $0.50
gudrozd: posts big blind $1
*** HOLE CARDS ***
CallMeeeCraig: raises $1.05 to $2.05
gammlr8989: calls $2.05
ChuckNorrisQ: folds 
radnkoo: folds 
radnkoo leaves the table
Emily_GetMan: folds 
coeeeelho joins the table at seat #6 
gudrozd: calls $1.05
*** FLOP *** [2s 5d Ts]
gudrozd: checks 
CallMeeeCraig: checks 
gammlr8989: bets $2
gudrozd: calls $2
CallMeeeCraig: calls $2
*** TURN *** [2s 5d Ts] [9d]
gudrozd: checks 
CallMeeeCraig: checks 
gammlr8989: bets $6
gudrozd: folds 
CallMeeeCraig: raises $30.03 to $36.03
gammlr8989: calls $29.95 and is all-in
Uncalled bet ($0.08) returned to CallMeeeCraig
*** RIVER *** [2s 5d Ts 9d] [6h]
*** SHOW DOWN ***
CallMeeeCraig: shows [Th Td] (three of a kind, Tens)
gammlr8989: shows [Js Ks] (high card King)
CallMeeeCraig collected $82.05 from pot
*** SUMMARY ***
Total pot $84.55 | Rake $2.50 
Board [2s 5d Ts 9d 6h]
Seat 1: Emily_GetMan (small blind) folded before Flop
Seat 2: gudrozd (big blind) folded on the Turn
Seat 3: CallMeeeCraig showed [Th Td] and won ($82.05) with three of a kind, Tens
Seat 4: gammlr8989 showed [Js Ks] and lost with high card King
Seat 5: ChuckNorrisQ folded before Flop (didn't bet)
Seat 6: radnkoo (button) folded before Flop (didn't bet)



PokerStars Hand #254276035518:  Hold'em No Limit ($0.50/$1.00 USD) - 2025/01/09 10:57:37 WET [2025/01/09 5:57:37 ET]
Table 'Matra II' 6-max Seat #1 is the button
Seat 4: gammlr8989 ($0 in chips) is sitting out
Seat 6: coeeeelho ($100 in chips) is sitting out
Seat 1: Emily_GetMan ($201.30 in chips) 
Seat 2: gudrozd ($100 in chips) 
Seat 3: CallMeeeCraig ($185.20 in chips) 
Seat 5: ChuckNorrisQ ($150.73 in chips) 
gudrozd: posts small blind $0.50
CallMeeeCraig: posts big blind $1
coeeeelho: sits out 
*** HOLE CARDS ***
ChuckNorrisQ: raises $1 to $2
Emily_GetMan: folds 
gudrozd: folds 
CallMeeeCraig: folds 
Uncalled bet ($1) returned to ChuckNorrisQ
ChuckNorrisQ collected $2.50 from pot
ChuckNorrisQ: doesn't show hand 
*** SUMMARY ***
Total pot $2.50 | Rake $0 
Seat 4: gammlr8989
Seat 6: coeeeelho
Seat 1: Emily_GetMan (button) folded before Flop (didn't bet)
Seat 2: gudrozd (small blind) folded before Flop
Seat 3: CallMeeeCraig (big blind) folded before Flop
Seat 5: ChuckNorrisQ collected ($2.50)



PokerStars Hand #254276037185:  Hold'em No Limit ($0.50/$1.00 USD) - 2025/01/09 10:57:54 WET [2025/01/09 5:57:54 ET]
Table 'Matra II' 6-max Seat #2 is the button
Seat 6: coeeeelho ($100 in chips) is sitting out
Seat 1: Emily_GetMan ($201.30 in chips) 
Seat 2: gudrozd ($100 in chips) 
Seat 3: CallMeeeCraig ($184.20 in chips) 
Seat 4: gammlr8989 ($49 in chips) 
Seat 5: ChuckNorrisQ ($152.23 in chips) 
CallMeeeCraig: posts small blind $0.50
gammlr8989: posts big blind $1
coeeeelho: sits out 
*** HOLE CARDS ***
ChuckNorrisQ: folds 
Emily_GetMan: folds 
gudrozd: folds 
CallMeeeCraig: folds 
Uncalled bet ($0.50) returned to gammlr8989
gammlr8989 collected $1 from pot
gammlr8989: doesn't show hand 
*** SUMMARY ***
Total pot $1 | Rake $0 
Seat 6: coeeeelho
Seat 1: Emily_GetMan folded before Flop (didn't bet)
Seat 2: gudrozd (button) folded before Flop (didn't bet)
Seat 3: CallMeeeCraig (small blind) folded before Flop
Seat 4: gammlr8989 (big blind) collected ($1)
Seat 5: ChuckNorrisQ folded before Flop (didn't bet)



PokerStars Hand #254276038395:  Hold'em No Limit ($0.50/$1.00 USD) - 2025/01/09 10:58:06 WET [2025/01/09 5:58:06 ET]
Table 'Matra II' 6-max Seat #3 is the button
Seat 6: coeeeelho ($100 in chips) is sitting out
Seat 1: Emily_GetMan ($201.30 in chips) 
Seat 2: gudrozd ($100 in chips) 
Seat 3: CallMeeeCraig ($183.70 in chips) 
Seat 4: gammlr8989 ($49.50 in chips) 
Seat 5: ChuckNorrisQ ($152.23 in chips) 
gammlr8989: posts small blind $0.50
ChuckNorrisQ: posts big blind $1
coeeeelho: sits out 
*** HOLE CARDS ***
Emily_GetMan: folds 
gudrozd: folds 
CallMeeeCraig: folds 
gammlr8989: calls $0.50
ChuckNorrisQ: checks 
*** FLOP *** [Ts 8d Qc]
gammlr8989: bets $1
ChuckNorrisQ: calls $1
*** TURN *** [Ts 8d Qc] [8h]
gammlr8989: bets $3
ChuckNorrisQ: folds 
Uncalled bet ($3) returned to gammlr8989
gammlr8989 collected $3.80 from pot
gammlr8989: doesn't show hand 
*** SUMMARY ***
Total pot $4 | Rake $0.20 
Board [Ts 8d Qc 8h]
Seat 6: coeeeelho
Seat 1: Emily_GetMan folded before Flop (didn't bet)
Seat 2: gudrozd folded before Flop (didn't bet)
Seat 3: CallMeeeCraig (button) folded before Flop (didn't bet)
Seat 4: gammlr8989 (small blind) collected ($3.80)
Seat 5: ChuckNorrisQ (big blind) folded on the Turn



PokerStars Hand #254276041707:  Hold'em No Limit ($0.50/$1.00 USD) - 2025/01/09 10:58:39 WET [2025/01/09 5:58:39 ET]
Table 'Matra II' 6-max Seat #4 is the button
Seat 1: Emily_GetMan ($201.30 in chips) 
Seat 2: gudrozd ($100 in chips) 
Seat 3: CallMeeeCraig ($183.70 in chips) 
Seat 4: gammlr8989 ($51.30 in chips) 
Seat 5: ChuckNorrisQ ($150.23 in chips) 
Seat 6: coeeeelho ($100 in chips) 
ChuckNorrisQ: posts small blind $0.50
coeeeelho: posts big blind $1
*** HOLE CARDS ***
Emily_GetMan: folds 
gudrozd: folds 
CallMeeeCraig: folds 
gammlr8989: raises $1 to $2
ChuckNorrisQ: raises $8 to $10
coeeeelho: folds 
gammlr8989: calls $8
*** FLOP *** [4s 3d 2d]
ChuckNorrisQ: bets $9.98
gammlr8989: raises $31.32 to $41.30 and is all-in
ChuckNorrisQ: calls $31.32
*** TURN *** [4s 3d 2d] [7s]
*** RIVER *** [4s 3d 2d 7s] [Qc]
*** SHOW DOWN ***
ChuckNorrisQ: shows [Jh Jd] (a pair of Jacks)
gammlr8989: shows [5s 4d] (a pair of Fours)
ChuckNorrisQ collected $101.10 from pot
*** SUMMARY ***
Total pot $103.60 | Rake $2.50 
Board [4s 3d 2d 7s Qc]
Seat 1: Emily_GetMan folded before Flop (didn't bet)
Seat 2: gudrozd folded before Flop (didn't bet)
Seat 3: CallMeeeCraig folded before Flop (didn't bet)
Seat 4: gammlr8989 (button) showed [5s 4d] and lost with a pair of Fours
Seat 5: ChuckNorrisQ (small blind) showed [Jh Jd] and won ($101.10) with a pair of Jacks
Seat 6: coeeeelho (big blind) folded before Flop



PokerStars Hand #254276045632:  Hold'em No Limit ($0.50/$1.00 USD) - 2025/01/09 10:59:18 WET [2025/01/09 5:59:18 ET]
Table 'Matra II' 6-max Seat #5 is the button
Seat 4: gammlr8989 ($0 in chips) is sitting out
Seat 1: Emily_GetMan ($201.30 in chips) 
Seat 2: gudrozd ($100 in chips) 
Seat 3: CallMeeeCraig ($183.70 in chips) 
Seat 5: ChuckNorrisQ ($200.03 in chips) 
Seat 6: coeeeelho ($100 in chips) 
coeeeelho: posts small blind $0.50
Emily_GetMan: posts big blind $1
*** HOLE CARDS ***
gudrozd: folds 
CallMeeeCraig: folds 
ChuckNorrisQ: folds 
coeeeelho: raises $2 to $3
Emily_GetMan: raises $6 to $9
coeeeelho: folds 
Uncalled bet ($6) returned to Emily_GetMan
Emily_GetMan collected $6 from pot
Emily_GetMan: doesn't show hand 
*** SUMMARY ***
Total pot $6 | Rake $0 
Seat 4: gammlr8989
Seat 1: Emily_GetMan (big blind) collected ($6)
Seat 2: gudrozd folded before Flop (didn't bet)
Seat 3: CallMeeeCraig folded before Flop (didn't bet)
Seat 5: ChuckNorrisQ (button) folded before Flop (didn't bet)
Seat 6: coeeeelho (small blind) folded before Flop



PokerStars Hand #254276049000:  Hold'em No Limit ($0.50/$1.00 USD) - 2025/01/09 10:59:51 WET [2025/01/09 5:59:51 ET]
Table 'Matra II' 6-max Seat #6 is the button
Seat 1: Emily_GetMan ($204.30 in chips) 
Seat 2: gudrozd ($100 in chips) 
Seat 3: CallMeeeCraig ($183.70 in chips) 
Seat 4: gammlr8989 ($40 in chips) 
Seat 5: ChuckNorrisQ ($200.03 in chips) 
Seat 6: coeeeelho ($100 in chips) 
Emily_GetMan: posts small blind $0.50
gudrozd: posts big blind $1
*** HOLE CARDS ***
CallMeeeCraig: folds 
gammlr8989: calls $1
ChuckNorrisQ: folds 
coeeeelho: raises $2.50 to $3.50
Emily_GetMan: folds 
gudrozd: folds 
gammlr8989: calls $2.50
*** FLOP *** [Ks 4s Jc]
gammlr8989: checks 
coeeeelho: bets $2.02
gammlr8989: calls $2.02
*** TURN *** [Ks 4s Jc] [Ac]
gammlr8989: checks 
coeeeelho: bets $3.93
gammlr8989: calls $3.93
*** RIVER *** [Ks 4s Jc Ac] [9s]
gammlr8989: bets $9.69
coeeeelho: calls $9.69
*** SHOW DOWN ***
gammlr8989: shows [3h Qd] (high card Ace)
coeeeelho: shows [Ad 5c] (a pair of Aces)
coeeeelho collected $37.79 from pot
*** SUMMARY ***
Total pot $39.78 | Rake $1.99 
Board [Ks 4s Jc Ac 9s]
Seat 1: Emily_GetMan (small blind) folded before Flop
Seat 2: gudrozd (big blind) folded before Flop
Seat 3: CallMeeeCraig folded before Flop (didn't bet)
Seat 4: gammlr8989 showed [3h Qd] and lost with high card Ace
Seat 5: ChuckNorrisQ folded before Flop (didn't bet)
Seat 6: coeeeelho (button) showed [Ad 5c] and won ($37.79) with a pair of Aces



PokerStars Hand #254276053976:  Hold'em No Limit ($0.50/$1.00 USD) - 2025/01/09 11:00:38 WET [2025/01/09 6:00:38 ET]
Table 'Matra II' 6-max Seat #1 is the button
Seat 1: Emily_GetMan ($203.80 in chips) 
Seat 2: gudrozd ($100 in chips) 
Seat 3: CallMeeeCraig ($183.70 in chips) 
Seat 4: gammlr8989 ($20.86 in chips) 
Seat 5: ChuckNorrisQ ($200.03 in chips) 
Seat 6: coeeeelho ($118.65 in chips) 
gudrozd: posts small blind $0.50
CallMeeeCraig: posts big blind $1
*** HOLE CARDS ***
gammlr8989: raises $1 to $2
ChuckNorrisQ: folds 
coeeeelho: folds 
Emily_GetMan: folds 
gudrozd: folds 
CallMeeeCraig: folds 
Uncalled bet ($1) returned to gammlr8989
gammlr8989 collected $2.50 from pot
gammlr8989: doesn't show hand 
*** SUMMARY ***
Total pot $2.50 | Rake $0 
Seat 1: Emily_GetMan (button) folded before Flop (didn't bet)
Seat 2: gudrozd (small blind) folded before Flop
Seat 3: CallMeeeCraig (big blind) folded before Flop
Seat 4: gammlr8989 collected ($2.50)
Seat 5: ChuckNorrisQ folded before Flop (didn't bet)
Seat 6: coeeeelho folded before Flop (didn't bet)



PokerStars Hand #254276057535:  Hold'em No Limit ($0.50/$1.00 USD) - 2025/01/09 11:01:10 WET [2025/01/09 6:01:10 ET]
Table 'Matra II' 6-max Seat #2 is the button
Seat 1: Emily_GetMan ($203.80 in chips) 
Seat 2: gudrozd ($100 in chips) 
Seat 3: CallMeeeCraig ($182.70 in chips) 
Seat 4: gammlr8989 ($22.36 in chips) 
Seat 5: ChuckNorrisQ ($200.03 in chips) 
Seat 6: coeeeelho ($118.65 in chips) 
CallMeeeCraig: posts small blind $0.50
gammlr8989: posts big blind $1
*** HOLE CARDS ***
ChuckNorrisQ: folds 
coeeeelho: folds 
Emily_GetMan: folds 
gudrozd: raises $1.50 to $2.50
CallMeeeCraig: folds 
gammlr8989: calls $1.50
*** FLOP *** [7s 2d 2c]
gammlr8989: bets $1
gudrozd: calls $1
*** TURN *** [7s 2d 2c] [As]
gammlr8989: bets $3
gudrozd: calls $3
*** RIVER *** [7s 2d 2c As] [3c]
gammlr8989: bets $15.86 and is all-in
gudrozd: calls $15.86
*** SHOW DOWN ***
gammlr8989: shows [2s 4d] (three of a kind, Deuces)
gudrozd: shows [Ah 5d] (two pair, Aces and Deuces)
gammlr8989 collected $42.96 from pot
*** SUMMARY ***
Total pot $45.22 | Rake $2.26 
Board [7s 2d 2c As 3c]
Seat 1: Emily_GetMan folded before Flop (didn't bet)
Seat 2: gudrozd (button) showed [Ah 5d] and lost with two pair, Aces and Deuces
Seat 3: CallMeeeCraig (small blind) folded before Flop
Seat 4: gammlr8989 (big blind) showed [2s 4d] and won ($42.96) with three of a kind, Deuces
Seat 5: ChuckNorrisQ folded before Flop (didn't bet)
Seat 6: coeeeelho folded before Flop (didn't bet)



PokerStars Hand #254276064555:  Hold'em No Limit ($0.50/$1.00 USD) - 2025/01/09 11:02:11 WET [2025/01/09 6:02:11 ET]
Table 'Matra II' 6-max Seat #3 is the button
Seat 1: Emily_GetMan ($203.80 in chips) 
Seat 2: gudrozd ($100 in chips) 
Seat 3: CallMeeeCraig ($182.20 in chips) 
Seat 4: gammlr8989 ($42.96 in chips) 
Seat 5: ChuckNorrisQ ($200.03 in chips) 
Seat 6: coeeeelho ($118.65 in chips) 
gammlr8989: posts small blind $0.50
ChuckNorrisQ: posts big blind $1
*** HOLE CARDS ***
coeeeelho: folds 
Emily_GetMan: raises $1 to $2
gudrozd: folds 
CallMeeeCraig: folds 
gammlr8989: calls $1.50
ChuckNorrisQ: calls $1
*** FLOP *** [Ad 8c 6h]
gammlr8989: bets $1
ChuckNorrisQ: folds 
Emily_GetMan: raises $4 to $5
gammlr8989: calls $4
*** TURN *** [Ad 8c 6h] [2d]
gammlr8989: bets $1
Emily_GetMan: raises $12.50 to $13.50
gammlr8989: raises $22.46 to $35.96 and is all-in
Emily_GetMan: calls $22.46
*** RIVER *** [Ad 8c 6h 2d] [Tc]
*** SHOW DOWN ***
gammlr8989: shows [2h 8d] (two pair, Eights and Deuces)
Emily_GetMan: shows [Jd As] (a pair of Aces)
gammlr8989 collected $85.42 from pot
*** SUMMARY ***
Total pot $87.92 | Rake $2.50 
Board [Ad 8c 6h 2d Tc]
Seat 1: Emily_GetMan showed [Jd As] and lost with a pair of Aces
Seat 2: gudrozd folded before Flop (didn't bet)
Seat 3: CallMeeeCraig (button) folded before Flop (didn't bet)
Seat 4: gammlr8989 (small blind) showed [2h 8d] and won ($85.42) with two pair, Eights and Deuces
Seat 5: ChuckNorrisQ (big blind) folded on the Flop
Seat 6: coeeeelho folded before Flop (didn't bet)



PokerStars Hand #254276071596:  Hold'em No Limit ($0.50/$1.00 USD) - 2025/01/09 11:03:11 WET [2025/01/09 6:03:11 ET]
Table 'Matra II' 6-max Seat #4 is the button
Seat 1: Emily_GetMan ($160.84 in chips) 
Seat 2: gudrozd ($100 in chips) 
Seat 3: CallMeeeCraig ($182.20 in chips) 
Seat 4: gammlr8989 ($85.42 in chips) 
Seat 5: ChuckNorrisQ ($198.03 in chips) 
Seat 6: coeeeelho ($118.65 in chips) 
ChuckNorrisQ: posts small blind $0.50
coeeeelho: posts big blind $1
*** HOLE CARDS ***
Emily_GetMan: folds 
gudrozd: folds 
Emily_GetMan leaves the table
CallMeeeCraig: folds 
gammlr8989: raises $1 to $2
ChuckNorrisQ: folds 
coeeeelho: folds 
Uncalled bet ($1) returned to gammlr8989
gammlr8989 collected $2.50 from pot
Nurlanstar92 joins the table at seat #1 
gammlr8989: doesn't show hand 
*** SUMMARY ***
Total pot $2.50 | Rake $0 
Seat 1: Emily_GetMan folded before Flop (didn't bet)
Seat 2: gudrozd folded before Flop (didn't bet)
Seat 3: CallMeeeCraig folded before Flop (didn't bet)
Seat 4: gammlr8989 (button) collected ($2.50)
Seat 5: ChuckNorrisQ (small blind) folded before Flop
Seat 6: coeeeelho (big blind) folded before Flop



PokerStars Hand #254276073245:  Hold'em No Limit ($0.50/$1.00 USD) - 2025/01/09 11:03:26 WET [2025/01/09 6:03:26 ET]
Table 'Matra II' 6-max Seat #5 is the button
Seat 1: Nurlanstar92 ($167.99 in chips) 
Seat 2: gudrozd ($100 in chips) 
Seat 3: CallMeeeCraig ($182.20 in chips) 
Seat 4: gammlr8989 ($86.92 in chips) 
Seat 5: ChuckNorrisQ ($197.53 in chips) 
Seat 6: coeeeelho ($117.65 in chips) 
coeeeelho: posts small blind $0.50
Nurlanstar92: posts big blind $1
*** HOLE CARDS ***
gudrozd: folds 
CallMeeeCraig: folds 
gammlr8989: calls $1
ChuckNorrisQ: folds 
coeeeelho: folds 
Nurlanstar92: raises $4 to $5
gammlr8989: calls $4
*** FLOP *** [5h 9d 6d]
Nurlanstar92: checks 
gammlr8989: bets $4
Nurlanstar92: folds 
Uncalled bet ($4) returned to gammlr8989
gammlr8989 collected $9.98 from pot
gammlr8989: doesn't show hand 
*** SUMMARY ***
Total pot $10.50 | Rake $0.52 
Board [5h 9d 6d]
Seat 1: Nurlanstar92 (big blind) folded on the Flop
Seat 2: gudrozd folded before Flop (didn't bet)
Seat 3: CallMeeeCraig folded before Flop (didn't bet)
Seat 4: gammlr8989 collected ($9.98)
Seat 5: ChuckNorrisQ (button) folded before Flop (didn't bet)
Seat 6: coeeeelho (small blind) folded before Flop



PokerStars Hand #254276079562:  Hold'em No Limit ($0.50/$1.00 USD) - 2025/01/09 11:04:18 WET [2025/01/09 6:04:18 ET]
Table 'Matra II' 6-max Seat #6 is the button
Seat 1: Nurlanstar92 ($162.99 in chips) 
Seat 2: gudrozd ($100 in chips) 
Seat 3: CallMeeeCraig ($182.20 in chips) 
Seat 4: gammlr8989 ($91.90 in chips) 
Seat 5: ChuckNorrisQ ($197.53 in chips) 
Seat 6: coeeeelho ($117.15 in chips) 
Nurlanstar92: posts small blind $0.50
gudrozd: posts big blind $1
*** HOLE CARDS ***
CallMeeeCraig: raises $1.05 to $2.05
gammlr8989: folds 
ChuckNorrisQ: folds 
coeeeelho: folds 
Nurlanstar92: folds 
gudrozd: folds 
Uncalled bet ($1.05) returned to CallMeeeCraig
CallMeeeCraig collected $2.50 from pot
CallMeeeCraig: doesn't show hand 
*** SUMMARY ***
Total pot $2.50 | Rake $0 
Seat 1: Nurlanstar92 (small blind) folded before Flop
Seat 2: gudrozd (big blind) folded before Flop
Seat 3: CallMeeeCraig collected ($2.50)
Seat 4: gammlr8989 folded before Flop (didn't bet)
Seat 5: ChuckNorrisQ folded before Flop (didn't bet)
Seat 6: coeeeelho (button) folded before Flop (didn't bet)



PokerStars Hand #254276081211:  Hold'em No Limit ($0.50/$1.00 USD) - 2025/01/09 11:04:32 WET [2025/01/09 6:04:32 ET]
Table 'Matra II' 6-max Seat #1 is the button
Seat 1: Nurlanstar92 ($162.49 in chips) 
Seat 2: gudrozd ($100 in chips) 
Seat 3: CallMeeeCraig ($183.70 in chips) 
Seat 4: gammlr8989 ($91.90 in chips) 
Seat 5: ChuckNorrisQ ($197.53 in chips) 
Seat 6: coeeeelho ($117.15 in chips) 
gudrozd: posts small blind $0.50
CallMeeeCraig: posts big blind $1
*** HOLE CARDS ***
gammlr8989: calls $1
ChuckNorrisQ: raises $3 to $4
coeeeelho: folds 
Nurlanstar92: folds 
gudrozd: folds 
CallMeeeCraig: folds 
gammlr8989: raises $3 to $7
ChuckNorrisQ: calls $3
*** FLOP *** [Td 8s 3c]
gammlr8989: bets $7.36
ChuckNorrisQ: folds 
Uncalled bet ($7.36) returned to gammlr8989
gammlr8989 collected $14.72 from pot
gammlr8989: doesn't show hand 
*** SUMMARY ***
Total pot $15.50 | Rake $0.78 
Board [Td 8s 3c]
Seat 1: Nurlanstar92 (button) folded before Flop (didn't bet)
Seat 2: gudrozd (small blind) folded before Flop
Seat 3: CallMeeeCraig (big blind) folded before Flop
Seat 4: gammlr8989 collected ($14.72)
Seat 5: ChuckNorrisQ folded on the Flop
Seat 6: coeeeelho folded before Flop (didn't bet)



PokerStars Hand #254276084867:  Hold'em No Limit ($0.50/$1.00 USD) - 2025/01/09 11:05:02 WET [2025/01/09 6:05:02 ET]
Table 'Matra II' 6-max Seat #2 is the button
Seat 1: Nurlanstar92 ($162.49 in chips) 
Seat 2: gudrozd ($100 in chips) 
Seat 3: CallMeeeCraig ($182.70 in chips) 
Seat 4: gammlr8989 ($99.62 in chips) 
Seat 5: ChuckNorrisQ ($190.53 in chips) 
Seat 6: coeeeelho ($117.15 in chips) 
CallMeeeCraig: posts small blind $0.50
gammlr8989: posts big blind $1
*** HOLE CARDS ***
ChuckNorrisQ: folds 
coeeeelho: folds 
Nurlanstar92: folds 
gudrozd: folds 
CallMeeeCraig: calls $0.50
gammlr8989: checks 
*** FLOP *** [Kd 6d 3s]
CallMeeeCraig: checks 
gammlr8989: checks 
*** TURN *** [Kd 6d 3s] [7d]
CallMeeeCraig: checks 
gammlr8989: checks 
*** RIVER *** [Kd 6d 3s 7d] [4s]
CallMeeeCraig: bets $2.38
gammlr8989: raises $3.66 to $6.04
CallMeeeCraig: folds 
Uncalled bet ($3.66) returned to gammlr8989
gammlr8989 collected $6.42 from pot
gammlr8989: doesn't show hand 
*** SUMMARY ***
Total pot $6.76 | Rake $0.34 
Board [Kd 6d 3s 7d 4s]
Seat 1: Nurlanstar92 folded before Flop (didn't bet)
Seat 2: gudrozd (button) folded before Flop (didn't bet)
Seat 3: CallMeeeCraig (small blind) folded on the River
Seat 4: gammlr8989 (big blind) collected ($6.42)
Seat 5: ChuckNorrisQ folded before Flop (didn't bet)
Seat 6: coeeeelho folded before Flop (didn't bet)



PokerStars Hand #254276089836:  Hold'em No Limit ($0.50/$1.00 USD) - 2025/01/09 11:05:43 WET [2025/01/09 6:05:43 ET]
Table 'Matra II' 6-max Seat #3 is the button
Seat 1: Nurlanstar92 ($162.49 in chips) 
Seat 2: gudrozd ($100 in chips) 
Seat 3: CallMeeeCraig ($179.32 in chips) 
Seat 4: gammlr8989 ($102.66 in chips) 
Seat 5: ChuckNorrisQ ($190.53 in chips) 
Seat 6: coeeeelho ($117.15 in chips) 
gammlr8989: posts small blind $0.50
ChuckNorrisQ: posts big blind $1
*** HOLE CARDS ***
coeeeelho: folds 
Nurlanstar92: folds 
gudrozd: raises $1.50 to $2.50
CallMeeeCraig: raises $5.50 to $8
gammlr8989: calls $7.50
ChuckNorrisQ: folds 
gudrozd: folds 
*** FLOP *** [8s 7c 4c]
gammlr8989: checks 
CallMeeeCraig: bets $9
gammlr8989: calls $9
*** TURN *** [8s 7c 4c] [Qd]
gammlr8989: checks 
CallMeeeCraig: bets $18
gammlr8989: calls $18
*** RIVER *** [8s 7c 4c Qd] [5h]
gammlr8989: bets $67.66 and is all-in
CallMeeeCraig: calls $67.66
*** SHOW DOWN ***
gammlr8989: shows [6s 6c] (a straight, Four to Eight)
CallMeeeCraig: shows [Ah Qh] (a pair of Queens)
gammlr8989 collected $206.32 from pot
*** SUMMARY ***
Total pot $208.82 | Rake $2.50 
Board [8s 7c 4c Qd 5h]
Seat 1: Nurlanstar92 folded before Flop (didn't bet)
Seat 2: gudrozd folded before Flop
Seat 3: CallMeeeCraig (button) showed [Ah Qh] and lost with a pair of Queens
Seat 4: gammlr8989 (small blind) showed [6s 6c] and won ($206.32) with a straight, Four to Eight
Seat 5: ChuckNorrisQ (big blind) folded before Flop
Seat 6: coeeeelho folded before Flop (didn't bet)



PokerStars Hand #254276096839:  Hold'em No Limit ($0.50/$1.00 USD) - 2025/01/09 11:06:41 WET [2025/01/09 6:06:41 ET]
Table 'Matra II' 6-max Seat #4 is the button
Seat 1: Nurlanstar92 ($162.49 in chips) 
Seat 2: gudrozd ($100 in chips) 
Seat 3: CallMeeeCraig ($100 in chips) 
Seat 4: gammlr8989 ($206.32 in chips) 
Seat 5: ChuckNorrisQ ($189.53 in chips) 
Seat 6: coeeeelho ($117.15 in chips) 
ChuckNorrisQ: posts small blind $0.50
coeeeelho: posts big blind $1
*** HOLE CARDS ***
Nurlanstar92: folds 
gudrozd: folds 
CallMeeeCraig: folds 
gammlr8989: calls $1
ChuckNorrisQ: raises $4 to $5
coeeeelho: folds 
gammlr8989: calls $4
*** FLOP *** [Jc Jh Kc]
ChuckNorrisQ: bets $3.45
gammlr8989: calls $3.45
*** TURN *** [Jc Jh Kc] [Kh]
ChuckNorrisQ: checks 
gammlr8989: checks 
*** RIVER *** [Jc Jh Kc Kh] [3c]
ChuckNorrisQ: checks 
gammlr8989: bets $17
ChuckNorrisQ: calls $17
*** SHOW DOWN ***
gammlr8989: shows [Ah 5h] (two pair, Kings and Jacks)
ChuckNorrisQ: mucks hand 
gammlr8989 collected $49.40 from pot
*** SUMMARY ***
Total pot $51.90 | Rake $2.50 
Board [Jc Jh Kc Kh 3c]
Seat 1: Nurlanstar92 folded before Flop (didn't bet)
Seat 2: gudrozd folded before Flop (didn't bet)
Seat 3: CallMeeeCraig folded before Flop (didn't bet)
Seat 4: gammlr8989 (button) showed [Ah 5h] and won ($49.40) with two pair, Kings and Jacks
Seat 5: ChuckNorrisQ (small blind) mucked
Seat 6: coeeeelho (big blind) folded before Flop



PokerStars Hand #254276101614:  Hold'em No Limit ($0.50/$1.00 USD) - 2025/01/09 11:07:21 WET [2025/01/09 6:07:21 ET]
Table 'Matra II' 6-max Seat #5 is the button
Seat 1: Nurlanstar92 ($162.49 in chips) 
Seat 2: gudrozd ($100 in chips) 
Seat 3: CallMeeeCraig ($100 in chips) 
Seat 4: gammlr8989 ($230.27 in chips) 
Seat 5: ChuckNorrisQ ($164.08 in chips) 
Seat 6: coeeeelho ($116.15 in chips) 
coeeeelho: posts small blind $0.50
Nurlanstar92: posts big blind $1
*** HOLE CARDS ***
gudrozd: raises $1.50 to $2.50
CallMeeeCraig: raises $5.50 to $8
gammlr8989: folds 
ChuckNorrisQ: folds 
coeeeelho: folds 
Nurlanstar92: folds 
gudrozd: folds 
Uncalled bet ($5.50) returned to CallMeeeCraig
CallMeeeCraig collected $6.50 from pot
CallMeeeCraig: doesn't show hand 
*** SUMMARY ***
Total pot $6.50 | Rake $0 
Seat 1: Nurlanstar92 (big blind) folded before Flop
Seat 2: gudrozd folded before Flop
Seat 3: CallMeeeCraig collected ($6.50)
Seat 4: gammlr8989 folded before Flop (didn't bet)
Seat 5: ChuckNorrisQ (button) folded before Flop (didn't bet)
Seat 6: coeeeelho (small blind) folded before Flop



PokerStars Hand #254276104208:  Hold'em No Limit ($0.50/$1.00 USD) - 2025/01/09 11:07:43 WET [2025/01/09 6:07:43 ET]
Table 'Matra II' 6-max Seat #6 is the button
Seat 1: Nurlanstar92 ($161.49 in chips) 
Seat 2: gudrozd ($100 in chips) 
Seat 3: CallMeeeCraig ($104 in chips) 
Seat 4: gammlr8989 ($230.27 in chips) 
Seat 5: ChuckNorrisQ ($164.08 in chips) 
Seat 6: coeeeelho ($115.65 in chips) 
Nurlanstar92: posts small blind $0.50
gudrozd: posts big blind $1
*** HOLE CARDS ***
CallMeeeCraig: folds 
gammlr8989: folds 
ChuckNorrisQ: folds 
coeeeelho: raises $1.50 to $2.50
Nurlanstar92: folds 
gudrozd: raises $9.50 to $12
gammlr8989 leaves the table
coeeeelho: folds 
Uncalled bet ($9.50) returned to gudrozd
gudrozd collected $5.50 from pot
gudrozd: doesn't show hand 
*** SUMMARY ***
Total pot $5.50 | Rake $0 
Seat 1: Nurlanstar92 (small blind) folded before Flop
Seat 2: gudrozd (big blind) collected ($5.50)
Seat 3: CallMeeeCraig folded before Flop (didn't bet)
Seat 4: gammlr8989 folded before Flop (didn't bet)
Seat 5: ChuckNorrisQ folded before Flop (didn't bet)
Seat 6: coeeeelho (button) folded before Flop



PokerStars Hand #254276108251:  Hold'em No Limit ($0.50/$1.00 USD) - 2025/01/09 11:08:16 WET [2025/01/09 6:08:16 ET]
Table 'Matra II' 6-max Seat #1 is the button
Seat 2: gudrozd ($103 in chips) is sitting out
Seat 1: Nurlanstar92 ($160.99 in chips) 
Seat 3: CallMeeeCraig ($104 in chips) 
Seat 5: ChuckNorrisQ ($164.08 in chips) 
Seat 6: coeeeelho ($113.15 in chips) 
CallMeeeCraig: posts small blind $0.50
ChuckNorrisQ: posts big blind $1
*** HOLE CARDS ***
gudrozd leaves the table
coeeeelho: folds 
Nurlanstar92: folds 
CallMeeeCraig: folds 
Uncalled bet ($0.50) returned to ChuckNorrisQ
ChuckNorrisQ collected $1 from pot
ChuckNorrisQ: doesn't show hand 
*** SUMMARY ***
Total pot $1 | Rake $0 
Seat 2: gudrozd
Seat 1: Nurlanstar92 (button) folded before Flop (didn't bet)
Seat 3: CallMeeeCraig (small blind) folded before Flop
Seat 5: ChuckNorrisQ (big blind) collected ($1)
Seat 6: coeeeelho folded before Flop (didn't bet)



PokerStars Hand #254276109355:  Hold'em No Limit ($0.50/$1.00 USD) - 2025/01/09 11:08:26 WET [2025/01/09 6:08:26 ET]
Table 'Matra II' 6-max Seat #5 is the button
Seat 1: Nurlanstar92 ($160.99 in chips) is sitting out
Seat 6: coeeeelho ($113.15 in chips) is sitting out
Seat 3: CallMeeeCraig ($103.50 in chips) 
Seat 5: ChuckNorrisQ ($164.58 in chips) 
ChuckNorrisQ: posts small blind $0.50
coeeeelho: is sitting out 
Nurlanstar92: is sitting out 
CallMeeeCraig: posts big blind $1
*** HOLE CARDS ***
ChuckNorrisQ: raises $1.50 to $2.50
Nurlanstar92 leaves the table
CallMeeeCraig: folds 
Uncalled bet ($1.50) returned to ChuckNorrisQ
ChuckNorrisQ collected $2 from pot
ChuckNorrisQ: doesn't show hand 
*** SUMMARY ***
Total pot $2 | Rake $0 
Seat 1: Nurlanstar92
Seat 6: coeeeelho
Seat 3: CallMeeeCraig (big blind) folded before Flop
Seat 5: ChuckNorrisQ (button) (small blind) collected ($2)



PokerStars Hand #254276110555:  Hold'em No Limit ($0.50/$1.00 USD) - 2025/01/09 11:08:36 WET [2025/01/09 6:08:36 ET]
Table 'Matra II' 6-max Seat #3 is the button
Seat 6: coeeeelho ($113.15 in chips) is sitting out
Seat 3: CallMeeeCraig ($102.50 in chips) 
Seat 5: ChuckNorrisQ ($165.58 in chips) 
CallMeeeCraig: posts small blind $0.50
ChuckNorrisQ: posts big blind $1
*** HOLE CARDS ***
CallMeeeCraig: raises $1.20 to $2.20
ChuckNorrisQ: folds 
Uncalled bet ($1.20) returned to CallMeeeCraig
CallMeeeCraig collected $2 from pot
CallMeeeCraig: doesn't show hand 
coeeeelho leaves the table
*** SUMMARY ***
Total pot $2 | Rake $0 
Seat 6: coeeeelho
Seat 3: CallMeeeCraig (button) (small blind) collected ($2)
Seat 5: ChuckNorrisQ (big blind) folded before Flop



PokerStars Hand #254276111830:  Hold'em No Limit ($0.50/$1.00 USD) - 2025/01/09 11:08:46 WET [2025/01/09 6:08:46 ET]
Table 'Matra II' 6-max Seat #5 is the button
Seat 3: CallMeeeCraig ($103.50 in chips) 
Seat 5: ChuckNorrisQ ($164.58 in chips) 
ChuckNorrisQ: posts small blind $0.50
CallMeeeCraig: posts big blind $1
*** HOLE CARDS ***
gammlr8989 joins the table at seat #4 
gudrozd joins the table at seat #1 
ChuckNorrisQ: raises $1.50 to $2.50
Slami4 joins the table at seat #6 
gammlr8989 leaves the table
Aescul@pius joins the table at seat #4 
gudrozd leaves the table
CallMeeeCraig: raises $9.50 to $12
ChuckNorrisQ: folds 
Uncalled bet ($9.50) returned to CallMeeeCraig
CallMeeeCraig collected $5 from pot
CallMeeeCraig: doesn't show hand 
*** SUMMARY ***
Total pot $5 | Rake $0 
Seat 3: CallMeeeCraig (big blind) collected ($5)
Seat 5: ChuckNorrisQ (button) (small blind) folded before Flop



PokerStars Hand #254276116946:  Hold'em No Limit ($0.50/$1.00 USD) - 2025/01/09 11:09:29 WET [2025/01/09 6:09:29 ET]
Table 'Matra II' 6-max Seat #3 is the button
Seat 4: Aescul@pius ($209.66 in chips) is sitting out
Seat 3: CallMeeeCraig ($106 in chips) 
Seat 5: ChuckNorrisQ ($162.08 in chips) 
Seat 6: Slami4 ($100 in chips) 
ChuckNorrisQ: posts small blind $0.50
Slami4: posts big blind $1
*** HOLE CARDS ***
CallMeeeCraig: folds 
ChuckNorrisQ: folds 
Uncalled bet ($0.50) returned to Slami4
Slami4 collected $1 from pot
Slami4: doesn't show hand 
*** SUMMARY ***
Total pot $1 | Rake $0 
Seat 4: Aescul@pius
Seat 3: CallMeeeCraig (button) folded before Flop (didn't bet)
Seat 5: ChuckNorrisQ (small blind) folded before Flop
Seat 6: Slami4 (big blind) collected ($1)



PokerStars Hand #254276118058:  Hold'em No Limit ($0.50/$1.00 USD) - 2025/01/09 11:09:38 WET [2025/01/09 6:09:38 ET]
Table 'Matra II' 6-max Seat #5 is the button
Seat 4: Aescul@pius ($209.66 in chips) is sitting out
Seat 3: CallMeeeCraig ($106 in chips) 
Seat 5: ChuckNorrisQ ($161.58 in chips) 
Seat 6: Slami4 ($100.50 in chips) 
Slami4: posts small blind $0.50
CallMeeeCraig: posts big blind $1
Aescul@pius: sits out 
*** HOLE CARDS ***
ChuckNorrisQ: folds 
Slami4: folds 
Uncalled bet ($0.50) returned to CallMeeeCraig
CallMeeeCraig collected $1 from pot
CallMeeeCraig: doesn't show hand 
*** SUMMARY ***
Total pot $1 | Rake $0 
Seat 4: Aescul@pius
Seat 3: CallMeeeCraig (big blind) collected ($1)
Seat 5: ChuckNorrisQ (button) folded before Flop (didn't bet)
Seat 6: Slami4 (small blind) folded before Flop



PokerStars Hand #254276119021:  Hold'em No Limit ($0.50/$1.00 USD) - 2025/01/09 11:09:46 WET [2025/01/09 6:09:46 ET]
Table 'Matra II' 6-max Seat #6 is the button
Seat 3: CallMeeeCraig ($106.50 in chips) 
Seat 4: Aescul@pius ($209.66 in chips) 
Seat 5: ChuckNorrisQ ($161.58 in chips) 
Seat 6: Slami4 ($100 in chips) 
CallMeeeCraig: posts small blind $0.50
Aescul@pius: posts big blind $1
*** HOLE CARDS ***
ChuckNorrisQ: folds 
Slami4: folds 
CallMeeeCraig: raises $2 to $3
Aescul@pius: folds 
Uncalled bet ($2) returned to CallMeeeCraig
CallMeeeCraig collected $2 from pot
CallMeeeCraig: doesn't show hand 
*** SUMMARY ***
Total pot $2 | Rake $0 
Seat 3: CallMeeeCraig (small blind) collected ($2)
Seat 4: Aescul@pius (big blind) folded before Flop
Seat 5: ChuckNorrisQ folded before Flop (didn't bet)
Seat 6: Slami4 (button) folded before Flop (didn't bet)



PokerStars Hand #254276120904:  Hold'em No Limit ($0.50/$1.00 USD) - 2025/01/09 11:10:01 WET [2025/01/09 6:10:01 ET]
Table 'Matra II' 6-max Seat #3 is the button
Seat 3: CallMeeeCraig ($107.50 in chips) 
Seat 4: Aescul@pius ($208.66 in chips) 
Seat 5: ChuckNorrisQ ($161.58 in chips) 
Seat 6: Slami4 ($100 in chips) 
Aescul@pius: posts small blind $0.50
ChuckNorrisQ: posts big blind $1
*** HOLE CARDS ***
Slami4: raises $1.50 to $2.50
CallMeeeCraig: folds 
Aescul@pius: folds 
ChuckNorrisQ: folds 
Uncalled bet ($1.50) returned to Slami4
Slami4 collected $2.50 from pot
Slami4: doesn't show hand 
*** SUMMARY ***
Total pot $2.50 | Rake $0 
Seat 3: CallMeeeCraig (button) folded before Flop (didn't bet)
Seat 4: Aescul@pius (small blind) folded before Flop
Seat 5: ChuckNorrisQ (big blind) folded before Flop
Seat 6: Slami4 collected ($2.50)



PokerStars Hand #254276122833:  Hold'em No Limit ($0.50/$1.00 USD) - 2025/01/09 11:10:17 WET [2025/01/09 6:10:17 ET]
Table 'Matra II' 6-max Seat #4 is the button
Seat 6: Slami4 ($101.50 in chips) is sitting out
Seat 3: CallMeeeCraig ($107.50 in chips) 
Seat 4: Aescul@pius ($208.16 in chips) 
Seat 5: ChuckNorrisQ ($160.58 in chips) 
ChuckNorrisQ: posts small blind $0.50
Slami4: is sitting out 
CallMeeeCraig: posts big blind $1
*** HOLE CARDS ***
Slami4 leaves the table
Aescul@pius: folds 
ChuckNorrisQ: raises $2 to $3
CallMeeeCraig: folds 
Uncalled bet ($2) returned to ChuckNorrisQ
ChuckNorrisQ collected $2 from pot
ChuckNorrisQ: doesn't show hand 
*** SUMMARY ***
Total pot $2 | Rake $0 
Seat 6: Slami4
Seat 3: CallMeeeCraig (big blind) folded before Flop
Seat 4: Aescul@pius (button) folded before Flop (didn't bet)
Seat 5: ChuckNorrisQ (small blind) collected ($2)



PokerStars Hand #254276126435:  Hold'em No Limit ($0.50/$1.00 USD) - 2025/01/09 11:10:46 WET [2025/01/09 6:10:46 ET]
Table 'Matra II' 6-max Seat #5 is the button
Seat 3: CallMeeeCraig ($106.50 in chips) 
Seat 4: Aescul@pius ($208.16 in chips) 
Seat 5: ChuckNorrisQ ($161.58 in chips) 
CallMeeeCraig: posts small blind $0.50
Aescul@pius: posts big blind $1
*** HOLE CARDS ***
ChuckNorrisQ: folds 
CallMeeeCraig: raises $2 to $3
Aescul@pius: folds 
Uncalled bet ($2) returned to CallMeeeCraig
CallMeeeCraig collected $2 from pot
CallMeeeCraig: doesn't show hand 
*** SUMMARY ***
Total pot $2 | Rake $0 
Seat 3: CallMeeeCraig (small blind) collected ($2)
Seat 4: Aescul@pius (big blind) folded before Flop
Seat 5: ChuckNorrisQ (button) folded before Flop (didn't bet)



PokerStars Hand #254276128132:  Hold'em No Limit ($0.50/$1.00 USD) - 2025/01/09 11:11:00 WET [2025/01/09 6:11:00 ET]
Table 'Matra II' 6-max Seat #4 is the button
Seat 5: ChuckNorrisQ ($161.58 in chips) is sitting out
Seat 3: CallMeeeCraig ($107.50 in chips) 
Seat 4: Aescul@pius ($207.16 in chips) 
Aescul@pius: posts small blind $0.50
ChuckNorrisQ: is sitting out 
CallMeeeCraig: posts big blind $1
*** HOLE CARDS ***
ChuckNorrisQ leaves the table
Aescul@pius: raises $1.20 to $2.20
CallMeeeCraig: calls $1.20
*** FLOP *** [4s Ts 9h]
CallMeeeCraig: checks 
Aescul@pius: checks 
*** TURN *** [4s Ts 9h] [As]
CallMeeeCraig: checks 
Aescul@pius: checks 
*** RIVER *** [4s Ts 9h As] [Ac]
CallMeeeCraig: bets $1
Aescul@pius: calls $1
*** SHOW DOWN ***
CallMeeeCraig: shows [8h 9s] (two pair, Aces and Nines)
Aescul@pius: shows [Jd 9c] (two pair, Aces and Nines - Jack kicker)
Aescul@pius collected $6.08 from pot
*** SUMMARY ***
Total pot $6.40 | Rake $0.32 
Board [4s Ts 9h As Ac]
Seat 5: ChuckNorrisQ
Seat 3: CallMeeeCraig (big blind) showed [8h 9s] and lost with two pair, Aces and Nines
Seat 4: Aescul@pius (button) (small blind) showed [Jd 9c] and won ($6.08) with two pair, Aces and Nines



PokerStars Hand #254276133246:  Hold'em No Limit ($0.50/$1.00 USD) - 2025/01/09 11:11:42 WET [2025/01/09 6:11:42 ET]
Table 'Matra II' 6-max Seat #3 is the button
Seat 3: CallMeeeCraig ($104.30 in chips) 
Seat 4: Aescul@pius ($210.04 in chips) 
CallMeeeCraig: posts small blind $0.50
Aescul@pius: posts big blind $1
*** HOLE CARDS ***
CallMeeeCraig: raises $1.20 to $2.20
Aescul@pius: calls $1.20
*** FLOP *** [2h 7d 8d]
Aescul@pius: checks 
CallMeeeCraig: checks 
*** TURN *** [2h 7d 8d] [6h]
Aescul@pius: bets $1.38
CallMeeeCraig: folds 
Uncalled bet ($1.38) returned to Aescul@pius
Aescul@pius collected $4.18 from pot
Aescul@pius: doesn't show hand 
*** SUMMARY ***
Total pot $4.40 | Rake $0.22 
Board [2h 7d 8d 6h]
Seat 3: CallMeeeCraig (button) (small blind) folded on the Turn
Seat 4: Aescul@pius (big blind) collected ($4.18)



PokerStars Hand #254276138649:  Hold'em No Limit ($0.50/$1.00 USD) - 2025/01/09 11:12:26 WET [2025/01/09 6:12:26 ET]
Table 'Matra II' 6-max Seat #4 is the button
Seat 3: CallMeeeCraig ($102.10 in chips) 
Seat 4: Aescul@pius ($212.02 in chips) 
Aescul@pius: posts small blind $0.50
CallMeeeCraig: posts big blind $1
*** HOLE CARDS ***
Aescul@pius: raises $1.20 to $2.20
CallMeeeCraig: folds 
Uncalled bet ($1.20) returned to Aescul@pius
Aescul@pius collected $2 from pot
Aescul@pius: doesn't show hand 
*** SUMMARY ***
Total pot $2 | Rake $0 
Seat 3: CallMeeeCraig (big blind) folded before Flop
Seat 4: Aescul@pius (button) (small blind) collected ($2)



PokerStars Hand #254276140154:  Hold'em No Limit ($0.50/$1.00 USD) - 2025/01/09 11:12:39 WET [2025/01/09 6:12:39 ET]
Table 'Matra II' 6-max Seat #3 is the button
Seat 3: CallMeeeCraig ($101.10 in chips) 
Seat 4: Aescul@pius ($213.02 in chips) 
CallMeeeCraig: posts small blind $0.50
Aescul@pius: posts big blind $1
*** HOLE CARDS ***
CallMeeeCraig: raises $1.20 to $2.20
Aescul@pius: raises $8.80 to $11
CallMeeeCraig: folds 
Uncalled bet ($8.80) returned to Aescul@pius
Aescul@pius collected $4.40 from pot
Aescul@pius: doesn't show hand 
*** SUMMARY ***
Total pot $4.40 | Rake $0 
Seat 3: CallMeeeCraig (button) (small blind) folded before Flop
Seat 4: Aescul@pius (big blind) collected ($4.40)



PokerStars Hand #254276144131:  Hold'em No Limit ($0.50/$1.00 USD) - 2025/01/09 11:13:12 WET [2025/01/09 6:13:12 ET]
Table 'Matra II' 6-max Seat #4 is the button
Seat 3: CallMeeeCraig ($100 in chips) 
Seat 4: Aescul@pius ($215.22 in chips) 
Aescul@pius: posts small blind $0.50
CallMeeeCraig: posts big blind $1
*** HOLE CARDS ***
Aescul@pius: folds 
Uncalled bet ($0.50) returned to CallMeeeCraig
CallMeeeCraig collected $1 from pot
CallMeeeCraig: doesn't show hand 
*** SUMMARY ***
Total pot $1 | Rake $0 
Seat 3: CallMeeeCraig (big blind) collected ($1)
Seat 4: Aescul@pius (button) (small blind) folded before Flop



PokerStars Hand #254276145522:  Hold'em No Limit ($0.50/$1.00 USD) - 2025/01/09 11:13:23 WET [2025/01/09 6:13:23 ET]
Table 'Matra II' 6-max Seat #3 is the button
Seat 3: CallMeeeCraig ($100.50 in chips) 
Seat 4: Aescul@pius ($214.72 in chips) 
CallMeeeCraig: posts small blind $0.50
Aescul@pius: posts big blind $1
*** HOLE CARDS ***
CallMeeeCraig: folds 
Uncalled bet ($0.50) returned to Aescul@pius
Aescul@pius collected $1 from pot
Aescul@pius: doesn't show hand 
*** SUMMARY ***
Total pot $1 | Rake $0 
Seat 3: CallMeeeCraig (button) (small blind) folded before Flop
Seat 4: Aescul@pius (big blind) collected ($1)



PokerStars Hand #254276146190:  Hold'em No Limit ($0.50/$1.00 USD) - 2025/01/09 11:13:29 WET [2025/01/09 6:13:29 ET]
Table 'Matra II' 6-max Seat #4 is the button
Seat 3: CallMeeeCraig ($100 in chips) 
Seat 4: Aescul@pius ($215.22 in chips) 
Aescul@pius: posts small blind $0.50
CallMeeeCraig: posts big blind $1
*** HOLE CARDS ***
Aescul@pius: raises $1.20 to $2.20
CallMeeeCraig: calls $1.20
*** FLOP *** [As 6d Kc]
CallMeeeCraig: checks 
Aescul@pius: bets $5.22
CallMeeeCraig: folds 
Uncalled bet ($5.22) returned to Aescul@pius
Aescul@pius collected $4.18 from pot
Aescul@pius: doesn't show hand 
*** SUMMARY ***
Total pot $4.40 | Rake $0.22 
Board [As 6d Kc]
Seat 3: CallMeeeCraig (big blind) folded on the Flop
Seat 4: Aescul@pius (button) (small blind) collected ($4.18)



PokerStars Hand #254276150328:  Hold'em No Limit ($0.50/$1.00 USD) - 2025/01/09 11:14:03 WET [2025/01/09 6:14:03 ET]
Table 'Matra II' 6-max Seat #3 is the button
Seat 3: CallMeeeCraig ($100 in chips) 
Seat 4: Aescul@pius ($217.20 in chips) 
CallMeeeCraig: posts small blind $0.50
Aescul@pius: posts big blind $1
*** HOLE CARDS ***
CallMeeeCraig: raises $1.20 to $2.20
Aescul@pius: calls $1.20
*** FLOP *** [Jd 3c 2s]
Aescul@pius: checks 
CallMeeeCraig: bets $1.38
Aescul@pius: calls $1.38
*** TURN *** [Jd 3c 2s] [Jc]
G.HANSEN333 joins the table at seat #1 
Aescul@pius: bets $5.03
CallMeeeCraig: folds 
Uncalled bet ($5.03) returned to Aescul@pius
Aescul@pius collected $6.80 from pot
Aescul@pius: doesn't show hand 
*** SUMMARY ***
Total pot $7.16 | Rake $0.36 
Board [Jd 3c 2s Jc]
Seat 3: CallMeeeCraig (button) (small blind) folded on the Turn
Seat 4: Aescul@pius (big blind) collected ($6.80)



PokerStars Hand #254276155884:  Hold'em No Limit ($0.50/$1.00 USD) - 2025/01/09 11:14:49 WET [2025/01/09 6:14:49 ET]
Table 'Matra II' 6-max Seat #3 is the button
Seat 1: G.HANSEN333 ($100 in chips) 
Seat 3: CallMeeeCraig ($100 in chips) 
Seat 4: Aescul@pius ($220.42 in chips) 
Aescul@pius: posts small blind $0.50
G.HANSEN333: posts big blind $1
*** HOLE CARDS ***
CallMeeeCraig: raises $1.20 to $2.20
Aescul@pius: folds 
G.HANSEN333: folds 
Uncalled bet ($1.20) returned to CallMeeeCraig
CallMeeeCraig collected $2.50 from pot
CallMeeeCraig: doesn't show hand 
*** SUMMARY ***
Total pot $2.50 | Rake $0 
Seat 1: G.HANSEN333 (big blind) folded before Flop
Seat 3: CallMeeeCraig (button) collected ($2.50)
Seat 4: Aescul@pius (small blind) folded before Flop



PokerStars Hand #254276157508:  Hold'em No Limit ($0.50/$1.00 USD) - 2025/01/09 11:15:01 WET [2025/01/09 6:15:01 ET]
Table 'Matra II' 6-max Seat #4 is the button
Seat 1: G.HANSEN333 ($100 in chips) 
Seat 3: CallMeeeCraig ($101.50 in chips) 
Seat 4: Aescul@pius ($219.92 in chips) 
G.HANSEN333: posts small blind $0.50
CallMeeeCraig: posts big blind $1
*** HOLE CARDS ***
Aescul@pius: raises $1.20 to $2.20
G.HANSEN333: folds 
CallMeeeCraig: raises $7.80 to $10
Aescul@pius: calls $7.80
*** FLOP *** [6d 3c 4c]
CallMeeeCraig: checks 
Aescul@pius: checks 
*** TURN *** [6d 3c 4c] [Th]
CallMeeeCraig: checks 
Aescul@pius: checks 
*** RIVER *** [6d 3c 4c Th] [7h]
CallMeeeCraig: checks 
Aescul@pius: bets $12.57
CallMeeeCraig: calls $12.57
*** SHOW DOWN ***
Aescul@pius: shows [4h Ah] (a pair of Fours)
CallMeeeCraig: mucks hand 
Aescul@pius collected $44.64 from pot
*** SUMMARY ***
Total pot $45.64 | Rake $1 
Board [6d 3c 4c Th 7h]
Seat 1: G.HANSEN333 (small blind) folded before Flop
Seat 3: CallMeeeCraig (big blind) mucked
Seat 4: Aescul@pius (button) showed [4h Ah] and won ($44.64) with a pair of Fours



PokerStars Hand #254276172667:  Hold'em No Limit ($0.50/$1.00 USD) - 2025/01/09 11:17:02 WET [2025/01/09 6:17:02 ET]
Table 'Matra II' 6-max Seat #1 is the button
Seat 1: G.HANSEN333 ($100 in chips) 
Seat 3: CallMeeeCraig ($100 in chips) 
Seat 4: Aescul@pius ($241.99 in chips) 
CallMeeeCraig: posts small blind $0.50
Aescul@pius: posts big blind $1
*** HOLE CARDS ***
G.HANSEN333: folds 
CallMeeeCraig: folds 
Uncalled bet ($0.50) returned to Aescul@pius
Aescul@pius collected $1 from pot
Aescul@pius: doesn't show hand 
*** SUMMARY ***
Total pot $1 | Rake $0 
Seat 1: G.HANSEN333 (button) folded before Flop (didn't bet)
Seat 3: CallMeeeCraig (small blind) folded before Flop
Seat 4: Aescul@pius (big blind) collected ($1)



PokerStars Hand #254276174135:  Hold'em No Limit ($0.50/$1.00 USD) - 2025/01/09 11:17:14 WET [2025/01/09 6:17:14 ET]
Table 'Matra II' 6-max Seat #3 is the button
Seat 1: G.HANSEN333 ($100 in chips) 
Seat 3: CallMeeeCraig ($100 in chips) 
Seat 4: Aescul@pius ($242.49 in chips) 
Aescul@pius: posts small blind $0.50
G.HANSEN333: posts big blind $1
*** HOLE CARDS ***
CallMeeeCraig: folds 
Aescul@pius: raises $2 to $3
G.HANSEN333: calls $2
*** FLOP *** [7d 2d 4h]
Aescul@pius: checks 
G.HANSEN333: bets $3.71
Aescul@pius: raises $9.71 to $13.42
G.HANSEN333: calls $9.71
*** TURN *** [7d 2d 4h] [3s]
Aescul@pius: bets $26.76
G.HANSEN333: folds 
Uncalled bet ($26.76) returned to Aescul@pius
Aescul@pius collected $31.84 from pot
Aescul@pius: doesn't show hand 
*** SUMMARY ***
Total pot $32.84 | Rake $1 
Board [7d 2d 4h 3s]
Seat 1: G.HANSEN333 (big blind) folded on the Turn
Seat 3: CallMeeeCraig (button) folded before Flop (didn't bet)
Seat 4: Aescul@pius (small blind) collected ($31.84)



PokerStars Hand #254276184687:  Hold'em No Limit ($0.50/$1.00 USD) - 2025/01/09 11:18:38 WET [2025/01/09 6:18:38 ET]
Table 'Matra II' 6-max Seat #4 is the button
Seat 1: G.HANSEN333 ($100 in chips) 
Seat 3: CallMeeeCraig ($100 in chips) 
Seat 4: Aescul@pius ($257.91 in chips) 
G.HANSEN333: posts small blind $0.50
CallMeeeCraig: posts big blind $1
*** HOLE CARDS ***
Aescul@pius: raises $1.20 to $2.20
G.HANSEN333: folds 
CallMeeeCraig: folds 
Uncalled bet ($1.20) returned to Aescul@pius
Aescul@pius collected $2.50 from pot
Aescul@pius: doesn't show hand 
*** SUMMARY ***
Total pot $2.50 | Rake $0 
Seat 1: G.HANSEN333 (small blind) folded before Flop
Seat 3: CallMeeeCraig (big blind) folded before Flop
Seat 4: Aescul@pius (button) collected ($2.50)



PokerStars Hand #254276186152:  Hold'em No Limit ($0.50/$1.00 USD) - 2025/01/09 11:18:50 WET [2025/01/09 6:18:50 ET]
Table 'Matra II' 6-max Seat #1 is the button
Seat 1: G.HANSEN333 ($100 in chips) 
Seat 3: CallMeeeCraig ($100 in chips) 
Seat 4: Aescul@pius ($259.41 in chips) 
CallMeeeCraig: posts small blind $0.50
Aescul@pius: posts big blind $1
*** HOLE CARDS ***
G.HANSEN333: folds 
CallMeeeCraig: raises $2 to $3
Aescul@pius: folds 
Uncalled bet ($2) returned to CallMeeeCraig
CallMeeeCraig collected $2 from pot
CallMeeeCraig: doesn't show hand 
*** SUMMARY ***
Total pot $2 | Rake $0 
Seat 1: G.HANSEN333 (button) folded before Flop (didn't bet)
Seat 3: CallMeeeCraig (small blind) collected ($2)
Seat 4: Aescul@pius (big blind) folded before Flop



PokerStars Hand #254276187929:  Hold'em No Limit ($0.50/$1.00 USD) - 2025/01/09 11:19:04 WET [2025/01/09 6:19:04 ET]
Table 'Matra II' 6-max Seat #3 is the button
Seat 1: G.HANSEN333 ($100 in chips) 
Seat 3: CallMeeeCraig ($101 in chips) 
Seat 4: Aescul@pius ($258.41 in chips) 
Aescul@pius: posts small blind $0.50
G.HANSEN333: posts big blind $1
*** HOLE CARDS ***
CallMeeeCraig: folds 
Aescul@pius: folds 
Uncalled bet ($0.50) returned to G.HANSEN333
G.HANSEN333 collected $1 from pot
G.HANSEN333: doesn't show hand 
*** SUMMARY ***
Total pot $1 | Rake $0 
Seat 1: G.HANSEN333 (big blind) collected ($1)
Seat 3: CallMeeeCraig (button) folded before Flop (didn't bet)
Seat 4: Aescul@pius (small blind) folded before Flop



PokerStars Hand #254276189189:  Hold'em No Limit ($0.50/$1.00 USD) - 2025/01/09 11:19:14 WET [2025/01/09 6:19:14 ET]
Table 'Matra II' 6-max Seat #4 is the button
Seat 1: G.HANSEN333 ($100.50 in chips) 
Seat 3: CallMeeeCraig ($101 in chips) 
Seat 4: Aescul@pius ($257.91 in chips) 
G.HANSEN333: posts small blind $0.50
CallMeeeCraig: posts big blind $1
*** HOLE CARDS ***
Aescul@pius: folds 
G.HANSEN333: folds 
Uncalled bet ($0.50) returned to CallMeeeCraig
CallMeeeCraig collected $1 from pot
CallMeeeCraig: doesn't show hand 
*** SUMMARY ***
Total pot $1 | Rake $0 
Seat 1: G.HANSEN333 (small blind) folded before Flop
Seat 3: CallMeeeCraig (big blind) collected ($1)
Seat 4: Aescul@pius (button) folded before Flop (didn't bet)



PokerStars Hand #254276190071:  Hold'em No Limit ($0.50/$1.00 USD) - 2025/01/09 11:19:21 WET [2025/01/09 6:19:21 ET]
Table 'Matra II' 6-max Seat #1 is the button
Seat 1: G.HANSEN333 ($100 in chips) 
Seat 3: CallMeeeCraig ($101.50 in chips) 
Seat 4: Aescul@pius ($257.91 in chips) 
CallMeeeCraig: posts small blind $0.50
Aescul@pius: posts big blind $1
*** HOLE CARDS ***
G.HANSEN333: folds 
CallMeeeCraig: folds 
Uncalled bet ($0.50) returned to Aescul@pius
Aescul@pius collected $1 from pot
Aescul@pius: doesn't show hand 
*** SUMMARY ***
Total pot $1 | Rake $0 
Seat 1: G.HANSEN333 (button) folded before Flop (didn't bet)
Seat 3: CallMeeeCraig (small blind) folded before Flop
Seat 4: Aescul@pius (big blind) collected ($1)



PokerStars Hand #254276191604:  Hold'em No Limit ($0.50/$1.00 USD) - 2025/01/09 11:19:33 WET [2025/01/09 6:19:33 ET]
Table 'Matra II' 6-max Seat #3 is the button
Seat 1: G.HANSEN333 ($100 in chips) 
Seat 3: CallMeeeCraig ($101 in chips) 
Seat 4: Aescul@pius ($258.41 in chips) 
Aescul@pius: posts small blind $0.50
G.HANSEN333: posts big blind $1
*** HOLE CARDS ***
CallMeeeCraig: raises $1.20 to $2.20
Aescul@pius: folds 
G.HANSEN333: folds 
Uncalled bet ($1.20) returned to CallMeeeCraig
CallMeeeCraig collected $2.50 from pot
CallMeeeCraig: doesn't show hand 
*** SUMMARY ***
Total pot $2.50 | Rake $0 
Seat 1: G.HANSEN333 (big blind) folded before Flop
Seat 3: CallMeeeCraig (button) collected ($2.50)
Seat 4: Aescul@pius (small blind) folded before Flop



PokerStars Hand #254276193096:  Hold'em No Limit ($0.50/$1.00 USD) - 2025/01/09 11:19:44 WET [2025/01/09 6:19:44 ET]
Table 'Matra II' 6-max Seat #4 is the button
Seat 1: G.HANSEN333 ($100 in chips) 
Seat 3: CallMeeeCraig ($102.50 in chips) 
Seat 4: Aescul@pius ($257.91 in chips) 
G.HANSEN333: posts small blind $0.50
CallMeeeCraig: posts big blind $1
*** HOLE CARDS ***
Aescul@pius: folds 
G.HANSEN333: raises $2 to $3
CallMeeeCraig: raises $7 to $10
G.HANSEN333: folds 
Uncalled bet ($7) returned to CallMeeeCraig
CallMeeeCraig collected $6 from pot
CallMeeeCraig: doesn't show hand 
*** SUMMARY ***
Total pot $6 | Rake $0 
Seat 1: G.HANSEN333 (small blind) folded before Flop
Seat 3: CallMeeeCraig (big blind) collected ($6)
Seat 4: Aescul@pius (button) folded before Flop (didn't bet)



PokerStars Hand #254276195524:  Hold'em No Limit ($0.50/$1.00 USD) - 2025/01/09 11:20:04 WET [2025/01/09 6:20:04 ET]
Table 'Matra II' 6-max Seat #1 is the button
Seat 1: G.HANSEN333 ($100 in chips) 
Seat 3: CallMeeeCraig ($105.50 in chips) 
Seat 4: Aescul@pius ($257.91 in chips) 
CallMeeeCraig: posts small blind $0.50
Aescul@pius: posts big blind $1
*** HOLE CARDS ***
G.HANSEN333: folds 
CallMeeeCraig: raises $2 to $3
Aescul@pius: folds 
Uncalled bet ($2) returned to CallMeeeCraig
CallMeeeCraig collected $2 from pot
CallMeeeCraig: doesn't show hand 
*** SUMMARY ***
Total pot $2 | Rake $0 
Seat 1: G.HANSEN333 (button) folded before Flop (didn't bet)
Seat 3: CallMeeeCraig (small blind) collected ($2)
Seat 4: Aescul@pius (big blind) folded before Flop



PokerStars Hand #254276197697:  Hold'em No Limit ($0.50/$1.00 USD) - 2025/01/09 11:20:21 WET [2025/01/09 6:20:21 ET]
Table 'Matra II' 6-max Seat #3 is the button
Seat 1: G.HANSEN333 ($100 in chips) 
Seat 3: CallMeeeCraig ($106.50 in chips) 
Seat 4: Aescul@pius ($256.91 in chips) 
Aescul@pius: posts small blind $0.50
G.HANSEN333: posts big blind $1
*** HOLE CARDS ***
CallMeeeCraig: raises $1.20 to $2.20
Ipownyomama joins the table at seat #5 
Aescul@pius: folds 
G.HANSEN333: calls $1.20
*** FLOP *** [3h 4c 2d]
G.HANSEN333: checks 
CallMeeeCraig: bets $2
G.HANSEN333: folds 
Uncalled bet ($2) returned to CallMeeeCraig
CallMeeeCraig collected $4.66 from pot
CallMeeeCraig: doesn't show hand 
*** SUMMARY ***
Total pot $4.90 | Rake $0.24 
Board [3h 4c 2d]
Seat 1: G.HANSEN333 (big blind) folded on the Flop
Seat 3: CallMeeeCraig (button) collected ($4.66)
Seat 4: Aescul@pius (small blind) folded before Flop



PokerStars Hand #254276201097:  Hold'em No Limit ($0.50/$1.00 USD) - 2025/01/09 11:20:48 WET [2025/01/09 6:20:48 ET]
Table 'Matra II' 6-max Seat #4 is the button
Seat 5: Ipownyomama ($100 in chips) is sitting out
Seat 1: G.HANSEN333 ($100 in chips) 
Seat 3: CallMeeeCraig ($108.96 in chips) 
Seat 4: Aescul@pius ($256.41 in chips) 
G.HANSEN333: posts small blind $0.50
CallMeeeCraig: posts big blind $1
*** HOLE CARDS ***
Aescul@pius: raises $1.20 to $2.20
G.HANSEN333: folds 
CallMeeeCraig: folds 
Uncalled bet ($1.20) returned to Aescul@pius
Aescul@pius collected $2.50 from pot
Aescul@pius: doesn't show hand 
*** SUMMARY ***
Total pot $2.50 | Rake $0 
Seat 5: Ipownyomama
Seat 1: G.HANSEN333 (small blind) folded before Flop
Seat 3: CallMeeeCraig (big blind) folded before Flop
Seat 4: Aescul@pius (button) collected ($2.50)



PokerStars Hand #254276203075:  Hold'em No Limit ($0.50/$1.00 USD) - 2025/01/09 11:21:03 WET [2025/01/09 6:21:03 ET]
Table 'Matra II' 6-max Seat #1 is the button
Seat 5: Ipownyomama ($100 in chips) is sitting out
Seat 1: G.HANSEN333 ($100 in chips) 
Seat 3: CallMeeeCraig ($107.96 in chips) 
Seat 4: Aescul@pius ($257.91 in chips) 
CallMeeeCraig: posts small blind $0.50
Aescul@pius: posts big blind $1
Ipownyomama: sits out 
*** HOLE CARDS ***
G.HANSEN333: folds 
CallMeeeCraig: raises $2 to $3
Aescul@pius: folds 
Uncalled bet ($2) returned to CallMeeeCraig
CallMeeeCraig collected $2 from pot
CallMeeeCraig: doesn't show hand 
*** SUMMARY ***
Total pot $2 | Rake $0 
Seat 5: Ipownyomama
Seat 1: G.HANSEN333 (button) folded before Flop (didn't bet)
Seat 3: CallMeeeCraig (small blind) collected ($2)
Seat 4: Aescul@pius (big blind) folded before Flop



PokerStars Hand #254276204687:  Hold'em No Limit ($0.50/$1.00 USD) - 2025/01/09 11:21:16 WET [2025/01/09 6:21:16 ET]
Table 'Matra II' 6-max Seat #3 is the button
Seat 1: G.HANSEN333 ($100 in chips) 
Seat 3: CallMeeeCraig ($108.96 in chips) 
Seat 4: Aescul@pius ($256.91 in chips) 
Seat 5: Ipownyomama ($100 in chips) 
Aescul@pius: posts small blind $0.50
Ipownyomama: posts big blind $1
*** HOLE CARDS ***
G.HANSEN333: folds 
CallMeeeCraig: folds 
Aescul@pius: folds 
Uncalled bet ($0.50) returned to Ipownyomama
Ipownyomama collected $1 from pot
Ipownyomama: doesn't show hand 
*** SUMMARY ***
Total pot $1 | Rake $0 
Seat 1: G.HANSEN333 folded before Flop (didn't bet)
Seat 3: CallMeeeCraig (button) folded before Flop (didn't bet)
Seat 4: Aescul@pius (small blind) folded before Flop
Seat 5: Ipownyomama (big blind) collected ($1)



PokerStars Hand #254276206582:  Hold'em No Limit ($0.50/$1.00 USD) - 2025/01/09 11:21:31 WET [2025/01/09 6:21:31 ET]
Table 'Matra II' 6-max Seat #4 is the button
Seat 1: G.HANSEN333 ($100 in chips) 
Seat 3: CallMeeeCraig ($108.96 in chips) 
Seat 4: Aescul@pius ($256.41 in chips) 
Seat 5: Ipownyomama ($100.50 in chips) 
Ipownyomama: posts small blind $0.50
G.HANSEN333: posts big blind $1
*** HOLE CARDS ***
CallMeeeCraig: folds 
Aescul@pius: raises $1.20 to $2.20
Ipownyomama: folds 
G.HANSEN333: calls $1.20
*** FLOP *** [7s Ts 7c]
G.HANSEN333: checks 
Aescul@pius: checks 
*** TURN *** [7s Ts 7c] [Ah]
G.HANSEN333: checks 
Aescul@pius: bets $3.42
G.HANSEN333: folds 
Uncalled bet ($3.42) returned to Aescul@pius
Aescul@pius collected $4.66 from pot
Aescul@pius: doesn't show hand 
*** SUMMARY ***
Total pot $4.90 | Rake $0.24 
Board [7s Ts 7c Ah]
Seat 1: G.HANSEN333 (big blind) folded on the Turn
Seat 3: CallMeeeCraig folded before Flop (didn't bet)
Seat 4: Aescul@pius (button) collected ($4.66)
Seat 5: Ipownyomama (small blind) folded before Flop



PokerStars Hand #254276213277:  Hold'em No Limit ($0.50/$1.00 USD) - 2025/01/09 11:22:23 WET [2025/01/09 6:22:23 ET]
Table 'Matra II' 6-max Seat #5 is the button
Seat 1: G.HANSEN333 ($100 in chips) 
Seat 3: CallMeeeCraig ($108.96 in chips) 
Seat 4: Aescul@pius ($258.87 in chips) 
Seat 5: Ipownyomama ($100 in chips) 
G.HANSEN333: posts small blind $0.50
CallMeeeCraig: posts big blind $1
*** HOLE CARDS ***
Aescul@pius: folds 
Ipownyomama: raises $1.50 to $2.50
G.HANSEN333: folds 
CallMeeeCraig: calls $1.50
*** FLOP *** [9c 8s 7d]
CallMeeeCraig: checks 
Ipownyomama: checks 
*** TURN *** [9c 8s 7d] [2s]
CallMeeeCraig: checks 
Ipownyomama: bets $3.92
CallMeeeCraig: calls $3.92
*** RIVER *** [9c 8s 7d 2s] [Ks]
CallMeeeCraig: checks 
Ipownyomama: checks 
*** SHOW DOWN ***
CallMeeeCraig: shows [As Td] (high card Ace)
Ipownyomama: shows [8h Qs] (a pair of Eights)
Ipownyomama collected $12.67 from pot
*** SUMMARY ***
Total pot $13.34 | Rake $0.67 
Board [9c 8s 7d 2s Ks]
Seat 1: G.HANSEN333 (small blind) folded before Flop
Seat 3: CallMeeeCraig (big blind) showed [As Td] and lost with high card Ace
Seat 4: Aescul@pius folded before Flop (didn't bet)
Seat 5: Ipownyomama (button) showed [8h Qs] and won ($12.67) with a pair of Eights



PokerStars Hand #254276224792:  Hold'em No Limit ($0.50/$1.00 USD) - 2025/01/09 11:23:54 WET [2025/01/09 6:23:54 ET]
Table 'Matra II' 6-max Seat #1 is the button
Seat 1: G.HANSEN333 ($100 in chips) 
Seat 3: CallMeeeCraig ($102.54 in chips) 
Seat 4: Aescul@pius ($258.87 in chips) 
Seat 5: Ipownyomama ($106.25 in chips) 
CallMeeeCraig: posts small blind $0.50
Aescul@pius: posts big blind $1
*** HOLE CARDS ***
Ipownyomama: raises $1.30 to $2.30
G.HANSEN333: raises $5.70 to $8
CallMeeeCraig: folds 
Aescul@pius: folds 
Ipownyomama: folds 
Uncalled bet ($5.70) returned to G.HANSEN333
G.HANSEN333 collected $6.10 from pot
G.HANSEN333: doesn't show hand 
*** SUMMARY ***
Total pot $6.10 | Rake $0 
Seat 1: G.HANSEN333 (button) collected ($6.10)
Seat 3: CallMeeeCraig (small blind) folded before Flop
Seat 4: Aescul@pius (big blind) folded before Flop
Seat 5: Ipownyomama folded before Flop



PokerStars Hand #254276227269:  Hold'em No Limit ($0.50/$1.00 USD) - 2025/01/09 11:24:14 WET [2025/01/09 6:24:14 ET]
Table 'Matra II' 6-max Seat #3 is the button
Seat 1: G.HANSEN333 ($103.80 in chips) 
Seat 3: CallMeeeCraig ($102.04 in chips) 
Seat 4: Aescul@pius ($257.87 in chips) 
Seat 5: Ipownyomama ($103.95 in chips) 
Aescul@pius: posts small blind $0.50
Ipownyomama: posts big blind $1
*** HOLE CARDS ***
G.HANSEN333: folds 
CallMeeeCraig: folds 
Aescul@pius: raises $2 to $3
Ipownyomama: folds 
Uncalled bet ($2) returned to Aescul@pius
Aescul@pius collected $2 from pot
Aescul@pius: doesn't show hand 
*** SUMMARY ***
Total pot $2 | Rake $0 
Seat 1: G.HANSEN333 folded before Flop (didn't bet)
Seat 3: CallMeeeCraig (button) folded before Flop (didn't bet)
Seat 4: Aescul@pius (small blind) collected ($2)
Seat 5: Ipownyomama (big blind) folded before Flop



PokerStars Hand #254276230414:  Hold'em No Limit ($0.50/$1.00 USD) - 2025/01/09 11:24:39 WET [2025/01/09 6:24:39 ET]
Table 'Matra II' 6-max Seat #4 is the button
Seat 1: G.HANSEN333 ($103.80 in chips) 
Seat 3: CallMeeeCraig ($102.04 in chips) 
Seat 4: Aescul@pius ($258.87 in chips) 
Seat 5: Ipownyomama ($102.95 in chips) 
Ipownyomama: posts small blind $0.50
G.HANSEN333: posts big blind $1
*** HOLE CARDS ***
CallMeeeCraig: folds 
Aescul@pius: folds 
Ipownyomama: raises $1.50 to $2.50
G.HANSEN333: raises $6.50 to $9
Ipownyomama: folds 
Uncalled bet ($6.50) returned to G.HANSEN333
G.HANSEN333 collected $5 from pot
G.HANSEN333: doesn't show hand 
*** SUMMARY ***
Total pot $5 | Rake $0 
Seat 1: G.HANSEN333 (big blind) collected ($5)
Seat 3: CallMeeeCraig folded before Flop (didn't bet)
Seat 4: Aescul@pius (button) folded before Flop (didn't bet)
Seat 5: Ipownyomama (small blind) folded before Flop



PokerStars Hand #254276233318:  Hold'em No Limit ($0.50/$1.00 USD) - 2025/01/09 11:25:02 WET [2025/01/09 6:25:02 ET]
Table 'Matra II' 6-max Seat #5 is the button
Seat 1: G.HANSEN333 ($106.30 in chips) 
Seat 3: CallMeeeCraig ($102.04 in chips) 
Seat 4: Aescul@pius ($258.87 in chips) 
Seat 5: Ipownyomama ($100.45 in chips) 
G.HANSEN333: posts small blind $0.50
CallMeeeCraig: posts big blind $1
*** HOLE CARDS ***
Aescul@pius: folds 
Ipownyomama: raises $1.50 to $2.50
G.HANSEN333: raises $8.50 to $11
CallMeeeCraig: folds 
Ipownyomama: folds 
Uncalled bet ($8.50) returned to G.HANSEN333
G.HANSEN333 collected $6 from pot
G.HANSEN333: doesn't show hand 
*** SUMMARY ***
Total pot $6 | Rake $0 
Seat 1: G.HANSEN333 (small blind) collected ($6)
Seat 3: CallMeeeCraig (big blind) folded before Flop
Seat 4: Aescul@pius folded before Flop (didn't bet)
Seat 5: Ipownyomama (button) folded before Flop



PokerStars Hand #254276235844:  Hold'em No Limit ($0.50/$1.00 USD) - 2025/01/09 11:25:22 WET [2025/01/09 6:25:22 ET]
Table 'Matra II' 6-max Seat #1 is the button
Seat 1: G.HANSEN333 ($109.80 in chips) 
Seat 3: CallMeeeCraig ($101.04 in chips) 
Seat 4: Aescul@pius ($258.87 in chips) 
Seat 5: Ipownyomama ($100 in chips) 
CallMeeeCraig: posts small blind $0.50
Aescul@pius: posts big blind $1
*** HOLE CARDS ***
Ipownyomama: folds 
G.HANSEN333: folds 
CallMeeeCraig: folds 
Uncalled bet ($0.50) returned to Aescul@pius
Aescul@pius collected $1 from pot
Aescul@pius: doesn't show hand 
*** SUMMARY ***
Total pot $1 | Rake $0 
Seat 1: G.HANSEN333 (button) folded before Flop (didn't bet)
Seat 3: CallMeeeCraig (small blind) folded before Flop
Seat 4: Aescul@pius (big blind) collected ($1)
Seat 5: Ipownyomama folded before Flop (didn't bet)



PokerStars Hand #254276238008:  Hold'em No Limit ($0.50/$1.00 USD) - 2025/01/09 11:25:39 WET [2025/01/09 6:25:39 ET]
Table 'Matra II' 6-max Seat #3 is the button
Seat 1: G.HANSEN333 ($109.80 in chips) 
Seat 3: CallMeeeCraig ($100.54 in chips) 
Seat 4: Aescul@pius ($259.37 in chips) 
Seat 5: Ipownyomama ($100 in chips) 
Aescul@pius: posts small blind $0.50
Ipownyomama: posts big blind $1
*** HOLE CARDS ***
G.HANSEN333: raises $1.50 to $2.50
CallMeeeCraig: raises $5.50 to $8
Aescul@pius: folds 
Ipownyomama: raises $14 to $22
G.HANSEN333: folds 
CallMeeeCraig: folds 
Uncalled bet ($14) returned to Ipownyomama
Ipownyomama collected $19 from pot
Ipownyomama: doesn't show hand 
*** SUMMARY ***
Total pot $19 | Rake $0 
Seat 1: G.HANSEN333 folded before Flop
Seat 3: CallMeeeCraig (button) folded before Flop
Seat 4: Aescul@pius (small blind) folded before Flop
Seat 5: Ipownyomama (big blind) collected ($19)



PokerStars Hand #254276244159:  Hold'em No Limit ($0.50/$1.00 USD) - 2025/01/09 11:26:27 WET [2025/01/09 6:26:27 ET]
Table 'Matra II' 6-max Seat #4 is the button
Seat 1: G.HANSEN333 ($107.30 in chips) 
Seat 3: CallMeeeCraig ($100 in chips) 
Seat 4: Aescul@pius ($258.87 in chips) 
Seat 5: Ipownyomama ($111 in chips) 
Ipownyomama: posts small blind $0.50
G.HANSEN333: posts big blind $1
*** HOLE CARDS ***
CallMeeeCraig: folds 
Aescul@pius: raises $1.20 to $2.20
Ipownyomama: folds 
G.HANSEN333: calls $1.20
*** FLOP *** [5s Qd Ad]
G.HANSEN333: checks 
Aescul@pius: bets $5.83
G.HANSEN333: folds 
Uncalled bet ($5.83) returned to Aescul@pius
Aescul@pius collected $4.66 from pot
Aescul@pius: doesn't show hand 
*** SUMMARY ***
Total pot $4.90 | Rake $0.24 
Board [5s Qd Ad]
Seat 1: G.HANSEN333 (big blind) folded on the Flop
Seat 3: CallMeeeCraig folded before Flop (didn't bet)
Seat 4: Aescul@pius (button) collected ($4.66)
Seat 5: Ipownyomama (small blind) folded before Flop



PokerStars Hand #254276249433:  Hold'em No Limit ($0.50/$1.00 USD) - 2025/01/09 11:27:09 WET [2025/01/09 6:27:09 ET]
Table 'Matra II' 6-max Seat #5 is the button
Seat 1: G.HANSEN333 ($105.10 in chips) 
Seat 3: CallMeeeCraig ($100 in chips) 
Seat 4: Aescul@pius ($261.33 in chips) 
Seat 5: Ipownyomama ($110.50 in chips) 
G.HANSEN333: posts small blind $0.50
CallMeeeCraig: posts big blind $1
*** HOLE CARDS ***
Aescul@pius: folds 
Ipownyomama: folds 
G.HANSEN333: raises $2 to $3
CallMeeeCraig: calls $2
*** FLOP *** [Ah Ts Qc]
G.HANSEN333: checks 
CallMeeeCraig: bets $1.88
G.HANSEN333: folds 
Uncalled bet ($1.88) returned to CallMeeeCraig
CallMeeeCraig collected $5.70 from pot
CallMeeeCraig: doesn't show hand 
*** SUMMARY ***
Total pot $6 | Rake $0.30 
Board [Ah Ts Qc]
Seat 1: G.HANSEN333 (small blind) folded on the Flop
Seat 3: CallMeeeCraig (big blind) collected ($5.70)
Seat 4: Aescul@pius folded before Flop (didn't bet)
Seat 5: Ipownyomama (button) folded before Flop (didn't bet)



PokerStars Hand #254276254321:  Hold'em No Limit ($0.50/$1.00 USD) - 2025/01/09 11:27:48 WET [2025/01/09 6:27:48 ET]
Table 'Matra II' 6-max Seat #1 is the button
Seat 1: G.HANSEN333 ($102.10 in chips) 
Seat 3: CallMeeeCraig ($102.70 in chips) 
Seat 4: Aescul@pius ($261.33 in chips) 
Seat 5: Ipownyomama ($110.50 in chips) 
CallMeeeCraig: posts small blind $0.50
Aescul@pius: posts big blind $1
*** HOLE CARDS ***
Ipownyomama: raises $1.30 to $2.30
G.HANSEN333: folds 
CallMeeeCraig: raises $7.70 to $10
Aescul@pius: raises $14 to $24
Ipownyomama: folds 
CallMeeeCraig: raises $78.70 to $102.70 and is all-in
Aescul@pius: calls $78.70
*** FLOP *** [Ah 2c Kd]
*** TURN *** [Ah 2c Kd] [4d]
*** RIVER *** [Ah 2c Kd 4d] [5d]
*** SHOW DOWN ***
CallMeeeCraig: shows [Td Th] (a pair of Tens)
Aescul@pius: shows [Ks As] (two pair, Aces and Kings)
Aescul@pius collected $206.70 from pot
*** SUMMARY ***
Total pot $207.70 | Rake $1 
Board [Ah 2c Kd 4d 5d]
Seat 1: G.HANSEN333 (button) folded before Flop (didn't bet)
Seat 3: CallMeeeCraig (small blind) showed [Td Th] and lost with a pair of Tens
Seat 4: Aescul@pius (big blind) showed [Ks As] and won ($206.70) with two pair, Aces and Kings
Seat 5: Ipownyomama folded before Flop



PokerStars Hand #254276262520:  Hold'em No Limit ($0.50/$1.00 USD) - 2025/01/09 11:28:52 WET [2025/01/09 6:28:52 ET]
Table 'Matra II' 6-max Seat #3 is the button
Seat 5: Ipownyomama ($108.20 in chips) is sitting out
Seat 1: G.HANSEN333 ($102.10 in chips) 
Seat 3: CallMeeeCraig ($100 in chips) 
Seat 4: Aescul@pius ($365.33 in chips) 
Aescul@pius: posts small blind $0.50
Ipownyomama: is sitting out 
G.HANSEN333: posts big blind $1
*** HOLE CARDS ***
CallMeeeCraig: folds 
Ipownyomama leaves the table
Aescul@pius: folds 
Uncalled bet ($0.50) returned to G.HANSEN333
G.HANSEN333 collected $1 from pot
G.HANSEN333: doesn't show hand 
*** SUMMARY ***
Total pot $1 | Rake $0 
Seat 5: Ipownyomama
Seat 1: G.HANSEN333 (big blind) collected ($1)
Seat 3: CallMeeeCraig (button) folded before Flop (didn't bet)
Seat 4: Aescul@pius (small blind) folded before Flop



PokerStars Hand #254276287072:  Hold'em No Limit ($0.50/$1.00 USD) - 2025/01/09 11:32:04 WET [2025/01/09 6:32:04 ET]
Table 'Matra II' 6-max Seat #1 is the button
Seat 1: G.HANSEN333 ($100 in chips) 
Seat 3: CallMeeeCraig ($124.70 in chips) 
Seat 4: Aescul@pius ($346.53 in chips) 
CallMeeeCraig: posts small blind $0.50
Aescul@pius: posts big blind $1
*** HOLE CARDS ***
G.HANSEN333: folds 
CallMeeeCraig: raises $2 to $3
Aescul@pius: calls $2
*** FLOP *** [Kd 6h 7s]
CallMeeeCraig: checks 
Aescul@pius: bets $1.88
CallMeeeCraig: folds 
Uncalled bet ($1.88) returned to Aescul@pius
Aescul@pius collected $5.70 from pot
Aescul@pius: doesn't show hand 
*** SUMMARY ***
Total pot $6 | Rake $0.30 
Board [Kd 6h 7s]
Seat 1: G.HANSEN333 (button) folded before Flop (didn't bet)
Seat 3: CallMeeeCraig (small blind) folded on the Flop
Seat 4: Aescul@pius (big blind) collected ($5.70)



PokerStars Hand #254276292188:  Hold'em No Limit ($0.50/$1.00 USD) - 2025/01/09 11:32:45 WET [2025/01/09 6:32:45 ET]
Table 'Matra II' 6-max Seat #3 is the button
Seat 1: G.HANSEN333 ($100 in chips) 
Seat 3: CallMeeeCraig ($121.70 in chips) 
Seat 4: Aescul@pius ($349.23 in chips) 
Aescul@pius: posts small blind $0.50
G.HANSEN333: posts big blind $1
*** HOLE CARDS ***
CallMeeeCraig: folds 
Aescul@pius: folds 
Uncalled bet ($0.50) returned to G.HANSEN333
G.HANSEN333 collected $1 from pot
G.HANSEN333: doesn't show hand 
*** SUMMARY ***
Total pot $1 | Rake $0 
Seat 1: G.HANSEN333 (big blind) collected ($1)
Seat 3: CallMeeeCraig (button) folded before Flop (didn't bet)
Seat 4: Aescul@pius (small blind) folded before Flop



PokerStars Hand #254276293215:  Hold'em No Limit ($0.50/$1.00 USD) - 2025/01/09 11:32:53 WET [2025/01/09 6:32:53 ET]
Table 'Matra II' 6-max Seat #4 is the button
Seat 1: G.HANSEN333 ($100.50 in chips) 
Seat 3: CallMeeeCraig ($121.70 in chips) 
Seat 4: Aescul@pius ($348.73 in chips) 
G.HANSEN333: posts small blind $0.50
CallMeeeCraig: posts big blind $1
*** HOLE CARDS ***
Aescul@pius: raises $1.20 to $2.20
G.HANSEN333: folds 
CallMeeeCraig: folds 
Uncalled bet ($1.20) returned to Aescul@pius
Aescul@pius collected $2.50 from pot
Aescul@pius: doesn't show hand 
*** SUMMARY ***
Total pot $2.50 | Rake $0 
Seat 1: G.HANSEN333 (small blind) folded before Flop
Seat 3: CallMeeeCraig (big blind) folded before Flop
Seat 4: Aescul@pius (button) collected ($2.50)



PokerStars Hand #254276294799:  Hold'em No Limit ($0.50/$1.00 USD) - 2025/01/09 11:33:05 WET [2025/01/09 6:33:05 ET]
Table 'Matra II' 6-max Seat #1 is the button
Seat 1: G.HANSEN333 ($100 in chips) 
Seat 3: CallMeeeCraig ($120.70 in chips) 
Seat 4: Aescul@pius ($350.23 in chips) 
CallMeeeCraig: posts small blind $0.50
Aescul@pius: posts big blind $1
*** HOLE CARDS ***
G.HANSEN333: folds 
CallMeeeCraig: raises $2 to $3
Aescul@pius: folds 
Uncalled bet ($2) returned to CallMeeeCraig
CallMeeeCraig collected $2 from pot
CallMeeeCraig: doesn't show hand 
*** SUMMARY ***
Total pot $2 | Rake $0 
Seat 1: G.HANSEN333 (button) folded before Flop (didn't bet)
Seat 3: CallMeeeCraig (small blind) collected ($2)
Seat 4: Aescul@pius (big blind) folded before Flop



PokerStars Hand #254276296762:  Hold'em No Limit ($0.50/$1.00 USD) - 2025/01/09 11:33:20 WET [2025/01/09 6:33:20 ET]
Table 'Matra II' 6-max Seat #3 is the button
Seat 1: G.HANSEN333 ($100 in chips) 
Seat 3: CallMeeeCraig ($121.70 in chips) 
Seat 4: Aescul@pius ($349.23 in chips) 
Aescul@pius: posts small blind $0.50
G.HANSEN333: posts big blind $1
*** HOLE CARDS ***
CallMeeeCraig: raises $1.20 to $2.20
Aescul@pius: raises $8.30 to $10.50
G.HANSEN333: raises $12.50 to $23
CallMeeeCraig: folds 
Aescul@pius: folds 
Uncalled bet ($12.50) returned to G.HANSEN333
G.HANSEN333 collected $23.20 from pot
G.HANSEN333: doesn't show hand 
*** SUMMARY ***
Total pot $23.20 | Rake $0 
Seat 1: G.HANSEN333 (big blind) collected ($23.20)
Seat 3: CallMeeeCraig (button) folded before Flop
Seat 4: Aescul@pius (small blind) folded before Flop



PokerStars Hand #254276300183:  Hold'em No Limit ($0.50/$1.00 USD) - 2025/01/09 11:33:45 WET [2025/01/09 6:33:45 ET]
Table 'Matra II' 6-max Seat #4 is the button
Seat 1: G.HANSEN333 ($112.70 in chips) 
Seat 3: CallMeeeCraig ($119.50 in chips) 
Seat 4: Aescul@pius ($338.73 in chips) 
G.HANSEN333: posts small blind $0.50
CallMeeeCraig: posts big blind $1
*** HOLE CARDS ***
Aescul@pius: folds 
G.HANSEN333: raises $2 to $3
CallMeeeCraig: calls $2
*** FLOP *** [Jd 7h Jc]
G.HANSEN333: checks 
CallMeeeCraig: checks 
*** TURN *** [Jd 7h Jc] [Qc]
G.HANSEN333: checks 
CallMeeeCraig: checks 
*** RIVER *** [Jd 7h Jc Qc] [3h]
G.HANSEN333: checks 
CallMeeeCraig: bets $12
G.HANSEN333: folds 
Uncalled bet ($12) returned to CallMeeeCraig
CallMeeeCraig collected $5.70 from pot
CallMeeeCraig: doesn't show hand 
*** SUMMARY ***
Total pot $6 | Rake $0.30 
Board [Jd 7h Jc Qc 3h]
Seat 1: G.HANSEN333 (small blind) folded on the River
Seat 3: CallMeeeCraig (big blind) collected ($5.70)
Seat 4: Aescul@pius (button) folded before Flop (didn't bet)



PokerStars Hand #254276308836:  Hold'em No Limit ($0.50/$1.00 USD) - 2025/01/09 11:34:50 WET [2025/01/09 6:34:50 ET]
Table 'Matra II' 6-max Seat #1 is the button
Seat 1: G.HANSEN333 ($109.70 in chips) 
Seat 3: CallMeeeCraig ($122.20 in chips) 
Seat 4: Aescul@pius ($338.73 in chips) 
CallMeeeCraig: posts small blind $0.50
Aescul@pius: posts big blind $1
*** HOLE CARDS ***
G.HANSEN333: folds 
CallMeeeCraig: folds 
Uncalled bet ($0.50) returned to Aescul@pius
Aescul@pius collected $1 from pot
Aescul@pius: doesn't show hand 
*** SUMMARY ***
Total pot $1 | Rake $0 
Seat 1: G.HANSEN333 (button) folded before Flop (didn't bet)
Seat 3: CallMeeeCraig (small blind) folded before Flop
Seat 4: Aescul@pius (big blind) collected ($1)



PokerStars Hand #254276310414:  Hold'em No Limit ($0.50/$1.00 USD) - 2025/01/09 11:35:02 WET [2025/01/09 6:35:02 ET]
Table 'Matra II' 6-max Seat #3 is the button
Seat 1: G.HANSEN333 ($109.70 in chips) 
Seat 3: CallMeeeCraig ($121.70 in chips) 
Seat 4: Aescul@pius ($339.23 in chips) 
Aescul@pius: posts small blind $0.50
G.HANSEN333: posts big blind $1
*** HOLE CARDS ***
CallMeeeCraig: folds 
Aescul@pius: folds 
Uncalled bet ($0.50) returned to G.HANSEN333
G.HANSEN333 collected $1 from pot
G.HANSEN333: doesn't show hand 
*** SUMMARY ***
Total pot $1 | Rake $0 
Seat 1: G.HANSEN333 (big blind) collected ($1)
Seat 3: CallMeeeCraig (button) folded before Flop (didn't bet)
Seat 4: Aescul@pius (small blind) folded before Flop



PokerStars Hand #254276311586:  Hold'em No Limit ($0.50/$1.00 USD) - 2025/01/09 11:35:10 WET [2025/01/09 6:35:10 ET]
Table 'Matra II' 6-max Seat #4 is the button
Seat 1: G.HANSEN333 ($110.20 in chips) 
Seat 3: CallMeeeCraig ($121.70 in chips) 
Seat 4: Aescul@pius ($338.73 in chips) 
G.HANSEN333: posts small blind $0.50
CallMeeeCraig: posts big blind $1
*** HOLE CARDS ***
Aescul@pius: raises $1.20 to $2.20
G.HANSEN333: folds 
CallMeeeCraig: raises $7.80 to $10
Aescul@pius: calls $7.80
*** FLOP *** [2d 7c 4s]
CallMeeeCraig: bets $13.65
Aescul@pius: folds 
Uncalled bet ($13.65) returned to CallMeeeCraig
CallMeeeCraig collected $19.50 from pot
CallMeeeCraig: doesn't show hand 
*** SUMMARY ***
Total pot $20.50 | Rake $1 
Board [2d 7c 4s]
Seat 1: G.HANSEN333 (small blind) folded before Flop
Seat 3: CallMeeeCraig (big blind) collected ($19.50)
Seat 4: Aescul@pius (button) folded on the Flop



PokerStars Hand #254276317518:  Hold'em No Limit ($0.50/$1.00 USD) - 2025/01/09 11:35:54 WET [2025/01/09 6:35:54 ET]
Table 'Matra II' 6-max Seat #1 is the button
Seat 1: G.HANSEN333 ($109.70 in chips) 
Seat 3: CallMeeeCraig ($131.20 in chips) 
Seat 4: Aescul@pius ($328.73 in chips) 
CallMeeeCraig: posts small blind $0.50
Aescul@pius: posts big blind $1
*** HOLE CARDS ***
G.HANSEN333: raises $1.50 to $2.50
CallMeeeCraig: folds 
Aescul@pius: calls $1.50
*** FLOP *** [Jd 8d 5h]
Aescul@pius: checks 
G.HANSEN333: checks 
*** TURN *** [Jd 8d 5h] [5s]
Aescul@pius: bets $6.52
G.HANSEN333: folds 
Uncalled bet ($6.52) returned to Aescul@pius
Aescul@pius collected $5.22 from pot
Aescul@pius: doesn't show hand 
*** SUMMARY ***
Total pot $5.50 | Rake $0.28 
Board [Jd 8d 5h 5s]
Seat 1: G.HANSEN333 (button) folded on the Turn
Seat 3: CallMeeeCraig (small blind) folded before Flop
Seat 4: Aescul@pius (big blind) collected ($5.22)



PokerStars Hand #254276321243:  Hold'em No Limit ($0.50/$1.00 USD) - 2025/01/09 11:36:22 WET [2025/01/09 6:36:22 ET]
Table 'Matra II' 6-max Seat #3 is the button
Seat 1: G.HANSEN333 ($107.20 in chips) 
Seat 3: CallMeeeCraig ($130.70 in chips) 
Seat 4: Aescul@pius ($331.45 in chips) 
Aescul@pius: posts small blind $0.50
G.HANSEN333: posts big blind $1
*** HOLE CARDS ***
CallMeeeCraig: raises $1.20 to $2.20
Aescul@pius: folds 
G.HANSEN333: folds 
Uncalled bet ($1.20) returned to CallMeeeCraig
CallMeeeCraig collected $2.50 from pot
CallMeeeCraig: doesn't show hand 
*** SUMMARY ***
Total pot $2.50 | Rake $0 
Seat 1: G.HANSEN333 (big blind) folded before Flop
Seat 3: CallMeeeCraig (button) collected ($2.50)
Seat 4: Aescul@pius (small blind) folded before Flop



PokerStars Hand #254276322700:  Hold'em No Limit ($0.50/$1.00 USD) - 2025/01/09 11:36:32 WET [2025/01/09 6:36:32 ET]
Table 'Matra II' 6-max Seat #4 is the button
Seat 1: G.HANSEN333 ($106.20 in chips) 
Seat 3: CallMeeeCraig ($132.20 in chips) 
Seat 4: Aescul@pius ($330.95 in chips) 
G.HANSEN333: posts small blind $0.50
CallMeeeCraig: posts big blind $1
*** HOLE CARDS ***
Aescul@pius: raises $1.20 to $2.20
G.HANSEN333: folds 
CallMeeeCraig: raises $7.80 to $10
Aescul@pius: calls $7.80
*** FLOP *** [4c 2s 2c]
CallMeeeCraig: bets $13.65
Aescul@pius: calls $13.65
*** TURN *** [4c 2s 2c] [Td]
CallMeeeCraig: bets $32.76
Aescul@pius: calls $32.76
*** RIVER *** [4c 2s 2c Td] [Qd]
CallMeeeCraig: bets $75.79 and is all-in
Aescul@pius: folds 
Uncalled bet ($75.79) returned to CallMeeeCraig
CallMeeeCraig collected $112.32 from pot
CallMeeeCraig: doesn't show hand 
*** SUMMARY ***
Total pot $113.32 | Rake $1 
Board [4c 2s 2c Td Qd]
Seat 1: G.HANSEN333 (small blind) folded before Flop
Seat 3: CallMeeeCraig (big blind) collected ($112.32)
Seat 4: Aescul@pius (button) folded on the River



PokerStars Hand #254276334899:  Hold'em No Limit ($0.50/$1.00 USD) - 2025/01/09 11:38:03 WET [2025/01/09 6:38:03 ET]
Table 'Matra II' 6-max Seat #1 is the button
Seat 1: G.HANSEN333 ($105.70 in chips) 
Seat 3: CallMeeeCraig ($188.11 in chips) 
Seat 4: Aescul@pius ($274.54 in chips) 
CallMeeeCraig: posts small blind $0.50
Aescul@pius: posts big blind $1
*** HOLE CARDS ***
G.HANSEN333: raises $1.50 to $2.50
CallMeeeCraig: folds 
Aescul@pius: calls $1.50
*** FLOP *** [Jh 5s 3c]
Aescul@pius: checks 
G.HANSEN333: bets $3.39
Aescul@pius: folds 
Uncalled bet ($3.39) returned to G.HANSEN333
G.HANSEN333 collected $5.22 from pot
G.HANSEN333: doesn't show hand 
*** SUMMARY ***
Total pot $5.50 | Rake $0.28 
Board [Jh 5s 3c]
Seat 1: G.HANSEN333 (button) collected ($5.22)
Seat 3: CallMeeeCraig (small blind) folded before Flop
Seat 4: Aescul@pius (big blind) folded on the Flop



PokerStars Hand #254276337702:  Hold'em No Limit ($0.50/$1.00 USD) - 2025/01/09 11:38:23 WET [2025/01/09 6:38:23 ET]
Table 'Matra II' 6-max Seat #3 is the button
Seat 1: G.HANSEN333 ($108.42 in chips) 
Seat 3: CallMeeeCraig ($187.61 in chips) 
Seat 4: Aescul@pius ($272.04 in chips) 
Aescul@pius: posts small blind $0.50
G.HANSEN333: posts big blind $1
*** HOLE CARDS ***
Conor-Daley joins the table at seat #5 
Conor-Daley is disconnected 
CallMeeeCraig: folds 
Aescul@pius: folds 
Uncalled bet ($0.50) returned to G.HANSEN333
G.HANSEN333 collected $1 from pot
G.HANSEN333: doesn't show hand 
gudrozd joins the table at seat #2 
*** SUMMARY ***
Total pot $1 | Rake $0 
Seat 1: G.HANSEN333 (big blind) collected ($1)
Seat 3: CallMeeeCraig (button) folded before Flop (didn't bet)
Seat 4: Aescul@pius (small blind) folded before Flop



PokerStars Hand #254276338778:  Hold'em No Limit ($0.50/$1.00 USD) - 2025/01/09 11:38:31 WET [2025/01/09 6:38:31 ET]
Table 'Matra II' 6-max Seat #4 is the button
Seat 5: Conor-Daley ($100 in chips) is sitting out
Seat 1: G.HANSEN333 ($108.92 in chips) 
Seat 2: gudrozd ($103 in chips) 
Seat 3: CallMeeeCraig ($187.61 in chips) 
Seat 4: Aescul@pius ($271.54 in chips) 
G.HANSEN333: posts small blind $0.50
gudrozd: posts big blind $1
*** HOLE CARDS ***
CallMeeeCraig: folds 
Aescul@pius: folds 
G.HANSEN333: folds 
Uncalled bet ($0.50) returned to gudrozd
gudrozd collected $1 from pot
gudrozd: doesn't show hand 
D€est7oye€R joins the table at seat #6 
*** SUMMARY ***
Total pot $1 | Rake $0 
Seat 5: Conor-Daley
Seat 1: G.HANSEN333 (small blind) folded before Flop
Seat 2: gudrozd (big blind) collected ($1)
Seat 3: CallMeeeCraig folded before Flop (didn't bet)
Seat 4: Aescul@pius (button) folded before Flop (didn't bet)



PokerStars Hand #254276339776:  Hold'em No Limit ($0.50/$1.00 USD) - 2025/01/09 11:38:39 WET [2025/01/09 6:38:39 ET]
Table 'Matra II' 6-max Seat #1 is the button
Seat 5: Conor-Daley ($100 in chips) is sitting out
Seat 6: D€est7oye€R ($100 in chips) is sitting out
Seat 1: G.HANSEN333 ($108.42 in chips) 
Seat 2: gudrozd ($103.50 in chips) 
Seat 3: CallMeeeCraig ($187.61 in chips) 
Seat 4: Aescul@pius ($271.54 in chips) 
gudrozd: posts small blind $0.50
CallMeeeCraig: posts big blind $1
Conor-Daley: sits out 
D€est7oye€R: sits out 
*** HOLE CARDS ***
Aescul@pius: folds 
G.HANSEN333: folds 
gudrozd: folds 
Uncalled bet ($0.50) returned to CallMeeeCraig
CallMeeeCraig collected $1 from pot
CallMeeeCraig: doesn't show hand 
*** SUMMARY ***
Total pot $1 | Rake $0 
Seat 5: Conor-Daley
Seat 6: D€est7oye€R
Seat 1: G.HANSEN333 (button) folded before Flop (didn't bet)
Seat 2: gudrozd (small blind) folded before Flop
Seat 3: CallMeeeCraig (big blind) collected ($1)
Seat 4: Aescul@pius folded before Flop (didn't bet)



PokerStars Hand #254276341026:  Hold'em No Limit ($0.50/$1.00 USD) - 2025/01/09 11:38:48 WET [2025/01/09 6:38:48 ET]
Table 'Matra II' 6-max Seat #2 is the button
Seat 5: Conor-Daley ($100 in chips) is sitting out
Seat 6: D€est7oye€R ($100 in chips) is sitting out
Seat 1: G.HANSEN333 ($108.42 in chips) 
Seat 2: gudrozd ($103 in chips) 
Seat 3: CallMeeeCraig ($188.11 in chips) 
Seat 4: Aescul@pius ($271.54 in chips) 
CallMeeeCraig: posts small blind $0.50
Aescul@pius: posts big blind $1
Conor-Daley: sits out 
D€est7oye€R: sits out 
*** HOLE CARDS ***
G.HANSEN333: folds 
gudrozd: folds 
CallMeeeCraig: folds 
Uncalled bet ($0.50) returned to Aescul@pius
Aescul@pius collected $1 from pot
Aescul@pius: doesn't show hand 
*** SUMMARY ***
Total pot $1 | Rake $0 
Seat 5: Conor-Daley
Seat 6: D€est7oye€R
Seat 1: G.HANSEN333 folded before Flop (didn't bet)
Seat 2: gudrozd (button) folded before Flop (didn't bet)
Seat 3: CallMeeeCraig (small blind) folded before Flop
Seat 4: Aescul@pius (big blind) collected ($1)



PokerStars Hand #254276341875:  Hold'em No Limit ($0.50/$1.00 USD) - 2025/01/09 11:38:54 WET [2025/01/09 6:38:54 ET]
Table 'Matra II' 6-max Seat #3 is the button
Seat 6: D€est7oye€R ($100 in chips) is sitting out
Seat 1: G.HANSEN333 ($108.42 in chips) 
Seat 2: gudrozd ($103 in chips) 
Seat 3: CallMeeeCraig ($187.61 in chips) 
Seat 4: Aescul@pius ($272.04 in chips) 
Seat 5: Conor-Daley ($100 in chips) 
Aescul@pius: posts small blind $0.50
Conor-Daley: posts big blind $1
D€est7oye€R: sits out 
*** HOLE CARDS ***
G.HANSEN333: folds 
gudrozd: folds 
CallMeeeCraig: raises $1.20 to $2.20
Aescul@pius: folds 
Conor-Daley: calls $1.20
*** FLOP *** [3d 7c 5h]
Conor-Daley: checks 
CallMeeeCraig: checks 
*** TURN *** [3d 7c 5h] [Ad]
Conor-Daley: checks 
CallMeeeCraig: bets $1.54
Conor-Daley: calls $1.54
*** RIVER *** [3d 7c 5h Ad] [9c]
Conor-Daley: checks 
CallMeeeCraig: checks 
*** SHOW DOWN ***
Conor-Daley: shows [6d 5c] (a pair of Fives)
CallMeeeCraig: mucks hand 
Conor-Daley collected $7.58 from pot
*** SUMMARY ***
Total pot $7.98 | Rake $0.40 
Board [3d 7c 5h Ad 9c]
Seat 6: D€est7oye€R
Seat 1: G.HANSEN333 folded before Flop (didn't bet)
Seat 2: gudrozd folded before Flop (didn't bet)
Seat 3: CallMeeeCraig (button) mucked
Seat 4: Aescul@pius (small blind) folded before Flop
Seat 5: Conor-Daley (big blind) showed [6d 5c] and won ($7.58) with a pair of Fives



PokerStars Hand #254276347425:  Hold'em No Limit ($0.50/$1.00 USD) - 2025/01/09 11:39:35 WET [2025/01/09 6:39:35 ET]
Table 'Matra II' 6-max Seat #4 is the button
Seat 1: G.HANSEN333 ($108.42 in chips) 
Seat 2: gudrozd ($103 in chips) 
Seat 3: CallMeeeCraig ($183.87 in chips) 
Seat 4: Aescul@pius ($271.54 in chips) 
Seat 5: Conor-Daley ($103.84 in chips) 
Seat 6: D€est7oye€R ($100 in chips) 
Conor-Daley: posts small blind $0.50
D€est7oye€R: posts big blind $1
*** HOLE CARDS ***
G.HANSEN333: raises $1.50 to $2.50
gudrozd: folds 
CallMeeeCraig: folds 
Aescul@pius: folds 
Conor-Daley: folds 
D€est7oye€R: folds 
Uncalled bet ($1.50) returned to G.HANSEN333
G.HANSEN333 collected $2.50 from pot
G.HANSEN333: doesn't show hand 
*** SUMMARY ***
Total pot $2.50 | Rake $0 
Seat 1: G.HANSEN333 collected ($2.50)
Seat 2: gudrozd folded before Flop (didn't bet)
Seat 3: CallMeeeCraig folded before Flop (didn't bet)
Seat 4: Aescul@pius (button) folded before Flop (didn't bet)
Seat 5: Conor-Daley (small blind) folded before Flop
Seat 6: D€est7oye€R (big blind) folded before Flop



PokerStars Hand #254276350230:  Hold'em No Limit ($0.50/$1.00 USD) - 2025/01/09 11:39:55 WET [2025/01/09 6:39:55 ET]
Table 'Matra II' 6-max Seat #5 is the button
Seat 1: G.HANSEN333 ($109.92 in chips) 
Seat 2: gudrozd ($103 in chips) 
Seat 3: CallMeeeCraig ($183.87 in chips) 
Seat 4: Aescul@pius ($271.54 in chips) 
Seat 5: Conor-Daley ($103.34 in chips) 
Seat 6: D€est7oye€R ($100 in chips) 
D€est7oye€R: posts small blind $0.50
G.HANSEN333: posts big blind $1
*** HOLE CARDS ***
gudrozd: folds 
CallMeeeCraig: folds 
Aescul@pius: raises $1.20 to $2.20
Conor-Daley: folds 
D€est7oye€R: folds 
G.HANSEN333: calls $1.20
*** FLOP *** [Th Kc 2h]
G.HANSEN333: checks 
Aescul@pius: bets $3.42
G.HANSEN333: calls $3.42
*** TURN *** [Th Kc 2h] [7s]
G.HANSEN333: checks 
Aescul@pius: bets $8.25
G.HANSEN333: calls $8.25
*** RIVER *** [Th Kc 2h 7s] [Jh]
G.HANSEN333: checks 
Aescul@pius: bets $15.42
Conor-Daley leaves the table
G.HANSEN333: folds 
Uncalled bet ($15.42) returned to Aescul@pius
Aescul@pius collected $26.83 from pot
Aescul@pius: doesn't show hand 
*** SUMMARY ***
Total pot $28.24 | Rake $1.41 
Board [Th Kc 2h 7s Jh]
Seat 1: G.HANSEN333 (big blind) folded on the River
Seat 2: gudrozd folded before Flop (didn't bet)
Seat 3: CallMeeeCraig folded before Flop (didn't bet)
Seat 4: Aescul@pius collected ($26.83)
Seat 5: Conor-Daley (button) folded before Flop (didn't bet)
Seat 6: D€est7oye€R (small blind) folded before Flop



PokerStars Hand #254276364688:  Hold'em No Limit ($0.50/$1.00 USD) - 2025/01/09 11:41:39 WET [2025/01/09 6:41:39 ET]
Table 'Matra II' 6-max Seat #6 is the button
Seat 1: G.HANSEN333 ($100 in chips) 
Seat 2: gudrozd ($103 in chips) 
Seat 3: CallMeeeCraig ($183.87 in chips) 
Seat 4: Aescul@pius ($284.50 in chips) 
Seat 6: D€est7oye€R ($100 in chips) 
G.HANSEN333: posts small blind $0.50
gudrozd: posts big blind $1
*** HOLE CARDS ***
CallMeeeCraig: raises $1.05 to $2.05
Aescul@pius: folds 
D€est7oye€R: folds 
G.HANSEN333: folds 
gudrozd: folds 
Uncalled bet ($1.05) returned to CallMeeeCraig
CallMeeeCraig collected $2.50 from pot
CallMeeeCraig: doesn't show hand 
gudrozd leaves the table
*** SUMMARY ***
Total pot $2.50 | Rake $0 
Seat 1: G.HANSEN333 (small blind) folded before Flop
Seat 2: gudrozd (big blind) folded before Flop
Seat 3: CallMeeeCraig collected ($2.50)
Seat 4: Aescul@pius folded before Flop (didn't bet)
Seat 6: D€est7oye€R (button) folded before Flop (didn't bet)



PokerStars Hand #254276366513:  Hold'em No Limit ($0.50/$1.00 USD) - 2025/01/09 11:41:52 WET [2025/01/09 6:41:52 ET]
Table 'Matra II' 6-max Seat #1 is the button
Seat 1: G.HANSEN333 ($100 in chips) 
Seat 3: CallMeeeCraig ($185.37 in chips) 
Seat 4: Aescul@pius ($284.50 in chips) 
Seat 6: D€est7oye€R ($100 in chips) 
CallMeeeCraig: posts small blind $0.50
Aescul@pius: posts big blind $1
*** HOLE CARDS ***
D€est7oye€R: folds 
G.HANSEN333: folds 
CallMeeeCraig: raises $2 to $3
Aescul@pius: calls $2
*** FLOP *** [3h 9c Jh]
CallMeeeCraig: checks 
Aescul@pius: checks 
*** TURN *** [3h 9c Jh] [7s]
CallMeeeCraig: checks 
Aescul@pius: checks 
*** RIVER *** [3h 9c Jh 7s] [8c]
CallMeeeCraig: bets $3.99
Aescul@pius: folds 
Uncalled bet ($3.99) returned to CallMeeeCraig
CallMeeeCraig collected $5.70 from pot
CallMeeeCraig: doesn't show hand 
*** SUMMARY ***
Total pot $6 | Rake $0.30 
Board [3h 9c Jh 7s 8c]
Seat 1: G.HANSEN333 (button) folded before Flop (didn't bet)
Seat 3: CallMeeeCraig (small blind) collected ($5.70)
Seat 4: Aescul@pius (big blind) folded on the River
Seat 6: D€est7oye€R folded before Flop (didn't bet)



PokerStars Hand #254276375442:  Hold'em No Limit ($0.50/$1.00 USD) - 2025/01/09 11:42:57 WET [2025/01/09 6:42:57 ET]
Table 'Matra II' 6-max Seat #3 is the button
Seat 6: D€est7oye€R ($100 in chips) is sitting out
Seat 1: G.HANSEN333 ($100 in chips) 
Seat 3: CallMeeeCraig ($188.07 in chips) 
Seat 4: Aescul@pius ($281.50 in chips) 
Aescul@pius: posts small blind $0.50
D€est7oye€R: is sitting out 
G.HANSEN333: posts big blind $1
*** HOLE CARDS ***
D€est7oye€R leaves the table
CallMeeeCraig: folds 
Aescul@pius: folds 
Uncalled bet ($0.50) returned to G.HANSEN333
G.HANSEN333 collected $1 from pot
G.HANSEN333: doesn't show hand 
*** SUMMARY ***
Total pot $1 | Rake $0 
Seat 6: D€est7oye€R
Seat 1: G.HANSEN333 (big blind) collected ($1)
Seat 3: CallMeeeCraig (button) folded before Flop (didn't bet)
Seat 4: Aescul@pius (small blind) folded before Flop



PokerStars Hand #254276378528:  Hold'em No Limit ($0.50/$1.00 USD) - 2025/01/09 11:43:19 WET [2025/01/09 6:43:19 ET]
Table 'Matra II' 6-max Seat #4 is the button
Seat 1: G.HANSEN333 ($100.50 in chips) 
Seat 3: CallMeeeCraig ($188.07 in chips) 
Seat 4: Aescul@pius ($281 in chips) 
G.HANSEN333: posts small blind $0.50
CallMeeeCraig: posts big blind $1
*** HOLE CARDS ***
Aescul@pius: folds 
G.HANSEN333: raises $2 to $3
CallMeeeCraig: folds 
Uncalled bet ($2) returned to G.HANSEN333
G.HANSEN333 collected $2 from pot
G.HANSEN333: doesn't show hand 
*** SUMMARY ***
Total pot $2 | Rake $0 
Seat 1: G.HANSEN333 (small blind) collected ($2)
Seat 3: CallMeeeCraig (big blind) folded before Flop
Seat 4: Aescul@pius (button) folded before Flop (didn't bet)



PokerStars Hand #254276380305:  Hold'em No Limit ($0.50/$1.00 USD) - 2025/01/09 11:43:32 WET [2025/01/09 6:43:32 ET]
Table 'Matra II' 6-max Seat #1 is the button
Seat 1: G.HANSEN333 ($101.50 in chips) 
Seat 3: CallMeeeCraig ($187.07 in chips) 
Seat 4: Aescul@pius ($281 in chips) 
CallMeeeCraig: posts small blind $0.50
Aescul@pius: posts big blind $1
*** HOLE CARDS ***
G.HANSEN333: folds 
CallMeeeCraig: raises $2 to $3
Aescul@pius: folds 
Uncalled bet ($2) returned to CallMeeeCraig
CallMeeeCraig collected $2 from pot
CallMeeeCraig: doesn't show hand 
*** SUMMARY ***
Total pot $2 | Rake $0 
Seat 1: G.HANSEN333 (button) folded before Flop (didn't bet)
Seat 3: CallMeeeCraig (small blind) collected ($2)
Seat 4: Aescul@pius (big blind) folded before Flop



PokerStars Hand #254276381903:  Hold'em No Limit ($0.50/$1.00 USD) - 2025/01/09 11:43:44 WET [2025/01/09 6:43:44 ET]
Table 'Matra II' 6-max Seat #3 is the button
Seat 1: G.HANSEN333 ($101.50 in chips) 
Seat 3: CallMeeeCraig ($188.07 in chips) 
Seat 4: Aescul@pius ($280 in chips) 
Aescul@pius: posts small blind $0.50
G.HANSEN333: posts big blind $1
*** HOLE CARDS ***
CallMeeeCraig: folds 
Aescul@pius: folds 
Uncalled bet ($0.50) returned to G.HANSEN333
G.HANSEN333 collected $1 from pot
G.HANSEN333: doesn't show hand 
*** SUMMARY ***
Total pot $1 | Rake $0 
Seat 1: G.HANSEN333 (big blind) collected ($1)
Seat 3: CallMeeeCraig (button) folded before Flop (didn't bet)
Seat 4: Aescul@pius (small blind) folded before Flop



PokerStars Hand #254276382922:  Hold'em No Limit ($0.50/$1.00 USD) - 2025/01/09 11:43:51 WET [2025/01/09 6:43:51 ET]
Table 'Matra II' 6-max Seat #4 is the button
Seat 1: G.HANSEN333 ($102 in chips) 
Seat 3: CallMeeeCraig ($188.07 in chips) 
Seat 4: Aescul@pius ($279.50 in chips) 
G.HANSEN333: posts small blind $0.50
CallMeeeCraig: posts big blind $1
*** HOLE CARDS ***
Aescul@pius: raises $1.50 to $2.50
G.HANSEN333: folds 
CallMeeeCraig: folds 
Uncalled bet ($1.50) returned to Aescul@pius
Aescul@pius collected $2.50 from pot
Aescul@pius: doesn't show hand 
*** SUMMARY ***
Total pot $2.50 | Rake $0 
Seat 1: G.HANSEN333 (small blind) folded before Flop
Seat 3: CallMeeeCraig (big blind) folded before Flop
Seat 4: Aescul@pius (button) collected ($2.50)



PokerStars Hand #254276384503:  Hold'em No Limit ($0.50/$1.00 USD) - 2025/01/09 11:44:03 WET [2025/01/09 6:44:03 ET]
Table 'Matra II' 6-max Seat #1 is the button
Seat 1: G.HANSEN333 ($101.50 in chips) 
Seat 3: CallMeeeCraig ($187.07 in chips) 
Seat 4: Aescul@pius ($281 in chips) 
CallMeeeCraig: posts small blind $0.50
Aescul@pius: posts big blind $1
*** HOLE CARDS ***
G.HANSEN333: raises $1.50 to $2.50
CallMeeeCraig: folds 
Aescul@pius: folds 
Uncalled bet ($1.50) returned to G.HANSEN333
G.HANSEN333 collected $2.50 from pot
G.HANSEN333: doesn't show hand 
*** SUMMARY ***
Total pot $2.50 | Rake $0 
Seat 1: G.HANSEN333 (button) collected ($2.50)
Seat 3: CallMeeeCraig (small blind) folded before Flop
Seat 4: Aescul@pius (big blind) folded before Flop



PokerStars Hand #254276385747:  Hold'em No Limit ($0.50/$1.00 USD) - 2025/01/09 11:44:12 WET [2025/01/09 6:44:12 ET]
Table 'Matra II' 6-max Seat #3 is the button
Seat 1: G.HANSEN333 ($103 in chips) 
Seat 3: CallMeeeCraig ($186.57 in chips) 
Seat 4: Aescul@pius ($280 in chips) 
Aescul@pius: posts small blind $0.50
G.HANSEN333: posts big blind $1
*** HOLE CARDS ***
CallMeeeCraig: folds 
Aescul@pius: raises $2 to $3
G.HANSEN333: folds 
Uncalled bet ($2) returned to Aescul@pius
Aescul@pius collected $2 from pot
Aescul@pius: doesn't show hand 
*** SUMMARY ***
Total pot $2 | Rake $0 
Seat 1: G.HANSEN333 (big blind) folded before Flop
Seat 3: CallMeeeCraig (button) folded before Flop (didn't bet)
Seat 4: Aescul@pius (small blind) collected ($2)



PokerStars Hand #254276387464:  Hold'em No Limit ($0.50/$1.00 USD) - 2025/01/09 11:44:24 WET [2025/01/09 6:44:24 ET]
Table 'Matra II' 6-max Seat #4 is the button
Seat 1: G.HANSEN333 ($102 in chips) 
Seat 3: CallMeeeCraig ($186.57 in chips) 
Seat 4: Aescul@pius ($281 in chips) 
G.HANSEN333: posts small blind $0.50
CallMeeeCraig: posts big blind $1
*** HOLE CARDS ***
Aescul@pius: raises $1.20 to $2.20
G.HANSEN333: folds 
CallMeeeCraig: folds 
Uncalled bet ($1.20) returned to Aescul@pius
Aescul@pius collected $2.50 from pot
Aescul@pius: doesn't show hand 
*** SUMMARY ***
Total pot $2.50 | Rake $0 
Seat 1: G.HANSEN333 (small blind) folded before Flop
Seat 3: CallMeeeCraig (big blind) folded before Flop
Seat 4: Aescul@pius (button) collected ($2.50)



PokerStars Hand #254276389927:  Hold'em No Limit ($0.50/$1.00 USD) - 2025/01/09 11:44:42 WET [2025/01/09 6:44:42 ET]
Table 'Matra II' 6-max Seat #1 is the button
Seat 1: G.HANSEN333 ($101.50 in chips) 
Seat 3: CallMeeeCraig ($185.57 in chips) 
Seat 4: Aescul@pius ($282.50 in chips) 
CallMeeeCraig: posts small blind $0.50
Aescul@pius: posts big blind $1
*** HOLE CARDS ***
G.HANSEN333: folds 
CallMeeeCraig: raises $2 to $3
Aescul@pius: folds 
Uncalled bet ($2) returned to CallMeeeCraig
CallMeeeCraig collected $2 from pot
CallMeeeCraig: doesn't show hand 
*** SUMMARY ***
Total pot $2 | Rake $0 
Seat 1: G.HANSEN333 (button) folded before Flop (didn't bet)
Seat 3: CallMeeeCraig (small blind) collected ($2)
Seat 4: Aescul@pius (big blind) folded before Flop



PokerStars Hand #254276394357:  Hold'em No Limit ($0.50/$1.00 USD) - 2025/01/09 11:45:15 WET [2025/01/09 6:45:15 ET]
Table 'Matra II' 6-max Seat #3 is the button
Seat 1: G.HANSEN333 ($101.50 in chips) 
Seat 3: CallMeeeCraig ($186.57 in chips) 
Seat 4: Aescul@pius ($281.50 in chips) 
Aescul@pius: posts small blind $0.50
G.HANSEN333: posts big blind $1
*** HOLE CARDS ***
CallMeeeCraig: raises $1.20 to $2.20
Aescul@pius: folds 
G.HANSEN333: folds 
Uncalled bet ($1.20) returned to CallMeeeCraig
CallMeeeCraig collected $2.50 from pot
CallMeeeCraig: doesn't show hand 
*** SUMMARY ***
Total pot $2.50 | Rake $0 
Seat 1: G.HANSEN333 (big blind) folded before Flop
Seat 3: CallMeeeCraig (button) collected ($2.50)
Seat 4: Aescul@pius (small blind) folded before Flop



PokerStars Hand #254276396025:  Hold'em No Limit ($0.50/$1.00 USD) - 2025/01/09 11:45:27 WET [2025/01/09 6:45:27 ET]
Table 'Matra II' 6-max Seat #4 is the button
Seat 1: G.HANSEN333 ($100.50 in chips) 
Seat 3: CallMeeeCraig ($188.07 in chips) 
Seat 4: Aescul@pius ($281 in chips) 
G.HANSEN333: posts small blind $0.50
CallMeeeCraig: posts big blind $1
*** HOLE CARDS ***
Aescul@pius: folds 
G.HANSEN333: raises $2 to $3
CallMeeeCraig: raises $7 to $10
G.HANSEN333: calls $7
*** FLOP *** [Kd Qh 4h]
G.HANSEN333: checks 
CallMeeeCraig: bets $6.27
G.HANSEN333: calls $6.27
*** TURN *** [Kd Qh 4h] [Tc]
G.HANSEN333: checks 
CallMeeeCraig: bets $22.08
G.HANSEN333: raises $62.15 to $84.23 and is all-in
CallMeeeCraig: calls $62.15
*** RIVER *** [Kd Qh 4h Tc] [4d]
*** SHOW DOWN ***
G.HANSEN333: shows [Ts Ks] (two pair, Kings and Tens)
CallMeeeCraig: shows [Kh Td] (two pair, Kings and Tens)
G.HANSEN333 collected $100 from pot
CallMeeeCraig collected $100 from pot
*** SUMMARY ***
Total pot $201 | Rake $1 
Board [Kd Qh 4h Tc 4d]
Seat 1: G.HANSEN333 (small blind) showed [Ts Ks] and won ($100) with two pair, Kings and Tens
Seat 3: CallMeeeCraig (big blind) showed [Kh Td] and won ($100) with two pair, Kings and Tens
Seat 4: Aescul@pius (button) folded before Flop (didn't bet)



PokerStars Hand #254276408541:  Hold'em No Limit ($0.50/$1.00 USD) - 2025/01/09 11:46:58 WET [2025/01/09 6:46:58 ET]
Table 'Matra II' 6-max Seat #1 is the button
Seat 1: G.HANSEN333 ($100 in chips) 
Seat 3: CallMeeeCraig ($187.57 in chips) 
Seat 4: Aescul@pius ($281 in chips) 
CallMeeeCraig: posts small blind $0.50
Aescul@pius: posts big blind $1
*** HOLE CARDS ***
G.HANSEN333: folds 
CallMeeeCraig: folds 
Uncalled bet ($0.50) returned to Aescul@pius
Aescul@pius collected $1 from pot
Aescul@pius: doesn't show hand 
*** SUMMARY ***
Total pot $1 | Rake $0 
Seat 1: G.HANSEN333 (button) folded before Flop (didn't bet)
Seat 3: CallMeeeCraig (small blind) folded before Flop
Seat 4: Aescul@pius (big blind) collected ($1)



PokerStars Hand #254276409919:  Hold'em No Limit ($0.50/$1.00 USD) - 2025/01/09 11:47:09 WET [2025/01/09 6:47:09 ET]
Table 'Matra II' 6-max Seat #3 is the button
Seat 1: G.HANSEN333 ($100 in chips) 
Seat 3: CallMeeeCraig ($187.07 in chips) 
Seat 4: Aescul@pius ($281.50 in chips) 
Aescul@pius: posts small blind $0.50
G.HANSEN333: posts big blind $1
*** HOLE CARDS ***
CallMeeeCraig: folds 
Aescul@pius: folds 
Uncalled bet ($0.50) returned to G.HANSEN333
G.HANSEN333 collected $1 from pot
G.HANSEN333: doesn't show hand 
*** SUMMARY ***
Total pot $1 | Rake $0 
Seat 1: G.HANSEN333 (big blind) collected ($1)
Seat 3: CallMeeeCraig (button) folded before Flop (didn't bet)
Seat 4: Aescul@pius (small blind) folded before Flop



PokerStars Hand #254276410993:  Hold'em No Limit ($0.50/$1.00 USD) - 2025/01/09 11:47:16 WET [2025/01/09 6:47:16 ET]
Table 'Matra II' 6-max Seat #4 is the button
Seat 1: G.HANSEN333 ($100.50 in chips) 
Seat 3: CallMeeeCraig ($187.07 in chips) 
Seat 4: Aescul@pius ($281 in chips) 
G.HANSEN333: posts small blind $0.50
CallMeeeCraig: posts big blind $1
*** HOLE CARDS ***
Aescul@pius: raises $1.50 to $2.50
G.HANSEN333: folds 
CallMeeeCraig: calls $1.50
*** FLOP *** [4s Qs 4c]
CallMeeeCraig: checks 
Aescul@pius: bets $3.52
CallMeeeCraig: calls $3.52
*** TURN *** [4s Qs 4c] [Jd]
CallMeeeCraig: checks 
Aescul@pius: bets $8.81
CallMeeeCraig: calls $8.81
*** RIVER *** [4s Qs 4c Jd] [8d]
CallMeeeCraig: checks 
Aescul@pius: bets $19.58
CallMeeeCraig: folds 
Uncalled bet ($19.58) returned to Aescul@pius
Aescul@pius collected $29.16 from pot
Aescul@pius: doesn't show hand 
*** SUMMARY ***
Total pot $30.16 | Rake $1 
Board [4s Qs 4c Jd 8d]
Seat 1: G.HANSEN333 (small blind) folded before Flop
Seat 3: CallMeeeCraig (big blind) folded on the River
Seat 4: Aescul@pius (button) collected ($29.16)



PokerStars Hand #254276428382:  Hold'em No Limit ($0.50/$1.00 USD) - 2025/01/09 11:49:23 WET [2025/01/09 6:49:23 ET]
Table 'Matra II' 6-max Seat #1 is the button
Seat 1: G.HANSEN333 ($100 in chips) 
Seat 3: CallMeeeCraig ($172.24 in chips) 
Seat 4: Aescul@pius ($295.33 in chips) 
CallMeeeCraig: posts small blind $0.50
Aescul@pius: posts big blind $1
*** HOLE CARDS ***
G.HANSEN333: raises $1.50 to $2.50
CallMeeeCraig: raises $9.50 to $12
Aescul@pius: raises $14 to $26
G.HANSEN333: folds 
CallMeeeCraig: calls $14
*** FLOP *** [9s 2c 9c]
CallMeeeCraig: checks 
Aescul@pius: bets $13.38
CallMeeeCraig: raises $25.62 to $39
Aescul@pius: calls $25.62
*** TURN *** [9s 2c 9c] [Kd]
CallMeeeCraig: checks 
Aescul@pius: bets $32.88
CallMeeeCraig: folds 
Uncalled bet ($32.88) returned to Aescul@pius
Aescul@pius collected $131.50 from pot
Aescul@pius: doesn't show hand 
*** SUMMARY ***
Total pot $132.50 | Rake $1 
Board [9s 2c 9c Kd]
Seat 1: G.HANSEN333 (button) folded before Flop
Seat 3: CallMeeeCraig (small blind) folded on the Turn
Seat 4: Aescul@pius (big blind) collected ($131.50)



PokerStars Hand #254276448183:  Hold'em No Limit ($0.50/$1.00 USD) - 2025/01/09 11:51:48 WET [2025/01/09 6:51:48 ET]
Table 'Matra II' 6-max Seat #3 is the button
Seat 1: G.HANSEN333 ($100 in chips) 
Seat 3: CallMeeeCraig ($107.24 in chips) 
Seat 4: Aescul@pius ($361.83 in chips) 
Aescul@pius: posts small blind $0.50
G.HANSEN333: posts big blind $1
*** HOLE CARDS ***
CallMeeeCraig: folds 
Aescul@pius: raises $2 to $3
G.HANSEN333: folds 
Uncalled bet ($2) returned to Aescul@pius
Aescul@pius collected $2 from pot
Aescul@pius: doesn't show hand 
*** SUMMARY ***
Total pot $2 | Rake $0 
Seat 1: G.HANSEN333 (big blind) folded before Flop
Seat 3: CallMeeeCraig (button) folded before Flop (didn't bet)
Seat 4: Aescul@pius (small blind) collected ($2)



PokerStars Hand #254276450808:  Hold'em No Limit ($0.50/$1.00 USD) - 2025/01/09 11:52:08 WET [2025/01/09 6:52:08 ET]
Table 'Matra II' 6-max Seat #4 is the button
Seat 1: G.HANSEN333 ($100 in chips) 
Seat 3: CallMeeeCraig ($107.24 in chips) 
Seat 4: Aescul@pius ($362.83 in chips) 
G.HANSEN333: posts small blind $0.50
CallMeeeCraig: posts big blind $1
*** HOLE CARDS ***
Aescul@pius: folds 
G.HANSEN333: raises $2 to $3
CallMeeeCraig: calls $2
*** FLOP *** [Qh Qd 5s]
G.HANSEN333: checks 
CallMeeeCraig: bets $1.88
G.HANSEN333: raises $8.12 to $10
CallMeeeCraig: folds 
Uncalled bet ($8.12) returned to G.HANSEN333
G.HANSEN333 collected $9.27 from pot
G.HANSEN333: doesn't show hand 
*** SUMMARY ***
Total pot $9.76 | Rake $0.49 
Board [Qh Qd 5s]
Seat 1: G.HANSEN333 (small blind) collected ($9.27)
Seat 3: CallMeeeCraig (big blind) folded on the Flop
Seat 4: Aescul@pius (button) folded before Flop (didn't bet)



PokerStars Hand #254276456499:  Hold'em No Limit ($0.50/$1.00 USD) - 2025/01/09 11:52:50 WET [2025/01/09 6:52:50 ET]
Table 'Matra II' 6-max Seat #1 is the button
Seat 1: G.HANSEN333 ($104.39 in chips) 
Seat 3: CallMeeeCraig ($102.36 in chips) 
Seat 4: Aescul@pius ($362.83 in chips) 
CallMeeeCraig: posts small blind $0.50
Aescul@pius: posts big blind $1
*** HOLE CARDS ***
G.HANSEN333: folds 
CallMeeeCraig: raises $2 to $3
Aescul@pius: calls $2
*** FLOP *** [8s 7h 9d]
CallMeeeCraig: checks 
Aescul@pius: bets $1.88
CallMeeeCraig: folds 
Uncalled bet ($1.88) returned to Aescul@pius
Aescul@pius collected $5.70 from pot
Aescul@pius: doesn't show hand 
*** SUMMARY ***
Total pot $6 | Rake $0.30 
Board [8s 7h 9d]
Seat 1: G.HANSEN333 (button) folded before Flop (didn't bet)
Seat 3: CallMeeeCraig (small blind) folded on the Flop
Seat 4: Aescul@pius (big blind) collected ($5.70)



PokerStars Hand #254276460647:  Hold'em No Limit ($0.50/$1.00 USD) - 2025/01/09 11:53:20 WET [2025/01/09 6:53:20 ET]
Table 'Matra II' 6-max Seat #3 is the button
Seat 1: G.HANSEN333 ($104.39 in chips) 
Seat 3: CallMeeeCraig ($100 in chips) 
Seat 4: Aescul@pius ($365.53 in chips) 
Aescul@pius: posts small blind $0.50
G.HANSEN333: posts big blind $1
*** HOLE CARDS ***
CallMeeeCraig: raises $1.20 to $2.20
Aescul@pius: folds 
G.HANSEN333: folds 
Uncalled bet ($1.20) returned to CallMeeeCraig
CallMeeeCraig collected $2.50 from pot
CallMeeeCraig: doesn't show hand 
*** SUMMARY ***
Total pot $2.50 | Rake $0 
Seat 1: G.HANSEN333 (big blind) folded before Flop
Seat 3: CallMeeeCraig (button) collected ($2.50)
Seat 4: Aescul@pius (small blind) folded before Flop



PokerStars Hand #254276462140:  Hold'em No Limit ($0.50/$1.00 USD) - 2025/01/09 11:53:30 WET [2025/01/09 6:53:30 ET]
Table 'Matra II' 6-max Seat #4 is the button
Seat 1: G.HANSEN333 ($103.39 in chips) 
Seat 3: CallMeeeCraig ($101.50 in chips) 
Seat 4: Aescul@pius ($365.03 in chips) 
G.HANSEN333: posts small blind $0.50
CallMeeeCraig: posts big blind $1
*** HOLE CARDS ***
Aescul@pius: folds 
G.HANSEN333: raises $2 to $3
CallMeeeCraig: calls $2
*** FLOP *** [Qc Ts As]
G.HANSEN333: checks 
CallMeeeCraig: checks 
*** TURN *** [Qc Ts As] [Jh]
G.HANSEN333: checks 
CallMeeeCraig: checks 
*** RIVER *** [Qc Ts As Jh] [4h]
G.HANSEN333: checks 
CallMeeeCraig: bets $1
G.HANSEN333: folds 
Uncalled bet ($1) returned to CallMeeeCraig
CallMeeeCraig collected $5.70 from pot
CallMeeeCraig: doesn't show hand 
*** SUMMARY ***
Total pot $6 | Rake $0.30 
Board [Qc Ts As Jh 4h]
Seat 1: G.HANSEN333 (small blind) folded on the River
Seat 3: CallMeeeCraig (big blind) collected ($5.70)
Seat 4: Aescul@pius (button) folded before Flop (didn't bet)



PokerStars Hand #254276473128:  Hold'em No Limit ($0.50/$1.00 USD) - 2025/01/09 11:54:51 WET [2025/01/09 6:54:51 ET]
Table 'Matra II' 6-max Seat #1 is the button
Seat 1: G.HANSEN333 ($100.39 in chips) 
Seat 3: CallMeeeCraig ($104.20 in chips) 
Seat 4: Aescul@pius ($365.03 in chips) 
CallMeeeCraig: posts small blind $0.50
Aescul@pius: posts big blind $1
*** HOLE CARDS ***
G.HANSEN333: folds 
CallMeeeCraig: raises $2 to $3
Aescul@pius: calls $2
*** FLOP *** [Kh 5s 7d]
CallMeeeCraig: checks 
Aescul@pius: checks 
*** TURN *** [Kh 5s 7d] [Qc]
CallMeeeCraig: checks 
Aescul@pius: checks 
*** RIVER *** [Kh 5s 7d Qc] [Jh]
CallMeeeCraig: checks 
Aescul@pius: bets $1.88
CallMeeeCraig: folds 
Uncalled bet ($1.88) returned to Aescul@pius
Aescul@pius collected $5.70 from pot
Aescul@pius: doesn't show hand 
*** SUMMARY ***
Total pot $6 | Rake $0.30 
Board [Kh 5s 7d Qc Jh]
Seat 1: G.HANSEN333 (button) folded before Flop (didn't bet)
Seat 3: CallMeeeCraig (small blind) folded on the River
Seat 4: Aescul@pius (big blind) collected ($5.70)



PokerStars Hand #254276482771:  Hold'em No Limit ($0.50/$1.00 USD) - 2025/01/09 11:56:11 WET [2025/01/09 6:56:11 ET]
Table 'Matra II' 6-max Seat #3 is the button
Seat 1: G.HANSEN333 ($100.39 in chips) 
Seat 3: CallMeeeCraig ($101.20 in chips) 
Seat 4: Aescul@pius ($367.73 in chips) 
Aescul@pius: posts small blind $0.50
G.HANSEN333: posts big blind $1
*** HOLE CARDS ***
CallMeeeCraig: folds 
Aescul@pius: raises $2 to $3
G.HANSEN333: calls $2
*** FLOP *** [Kd Ks Kh]
Aescul@pius: bets $1
G.HANSEN333: folds 
Uncalled bet ($1) returned to Aescul@pius
Aescul@pius collected $5.70 from pot
Aescul@pius: doesn't show hand 
*** SUMMARY ***
Total pot $6 | Rake $0.30 
Board [Kd Ks Kh]
Seat 1: G.HANSEN333 (big blind) folded on the Flop
Seat 3: CallMeeeCraig (button) folded before Flop (didn't bet)
Seat 4: Aescul@pius (small blind) collected ($5.70)



PokerStars Hand #254276486525:  Hold'em No Limit ($0.50/$1.00 USD) - 2025/01/09 11:56:44 WET [2025/01/09 6:56:44 ET]
Table 'Matra II' 6-max Seat #4 is the button
Seat 1: G.HANSEN333 ($100 in chips) 
Seat 3: CallMeeeCraig ($101.20 in chips) 
Seat 4: Aescul@pius ($370.43 in chips) 
G.HANSEN333: posts small blind $0.50
CallMeeeCraig: posts big blind $1
*** HOLE CARDS ***
Aescul@pius: raises $1.20 to $2.20
G.HANSEN333: folds 
CallMeeeCraig: folds 
Uncalled bet ($1.20) returned to Aescul@pius
Aescul@pius collected $2.50 from pot
Aescul@pius: doesn't show hand 
*** SUMMARY ***
Total pot $2.50 | Rake $0 
Seat 1: G.HANSEN333 (small blind) folded before Flop
Seat 3: CallMeeeCraig (big blind) folded before Flop
Seat 4: Aescul@pius (button) collected ($2.50)



PokerStars Hand #254276489077:  Hold'em No Limit ($0.50/$1.00 USD) - 2025/01/09 11:57:06 WET [2025/01/09 6:57:06 ET]
Table 'Matra II' 6-max Seat #1 is the button
Seat 1: G.HANSEN333 ($100 in chips) 
Seat 3: CallMeeeCraig ($100.20 in chips) 
Seat 4: Aescul@pius ($371.93 in chips) 
CallMeeeCraig: posts small blind $0.50
Aescul@pius: posts big blind $1
*** HOLE CARDS ***
G.HANSEN333: raises $1.50 to $2.50
CallMeeeCraig: folds 
Aescul@pius: raises $8.50 to $11
G.HANSEN333: folds 
Uncalled bet ($8.50) returned to Aescul@pius
Aescul@pius collected $5.50 from pot
Aescul@pius: doesn't show hand 
*** SUMMARY ***
Total pot $5.50 | Rake $0 
Seat 1: G.HANSEN333 (button) folded before Flop
Seat 3: CallMeeeCraig (small blind) folded before Flop
Seat 4: Aescul@pius (big blind) collected ($5.50)



PokerStars Hand #254276492015:  Hold'em No Limit ($0.50/$1.00 USD) - 2025/01/09 11:57:32 WET [2025/01/09 6:57:32 ET]
Table 'Matra II' 6-max Seat #4 is the button
Seat 1: G.HANSEN333 ($100 in chips) is sitting out
Seat 3: CallMeeeCraig ($100 in chips) 
Seat 4: Aescul@pius ($374.93 in chips) 
Aescul@pius: posts small blind $0.50
G.HANSEN333: is sitting out 
CallMeeeCraig: posts big blind $1
*** HOLE CARDS ***
G.HANSEN333 leaves the table
Aescul@pius: raises $1.20 to $2.20
CallMeeeCraig: folds 
Uncalled bet ($1.20) returned to Aescul@pius
Aescul@pius collected $2 from pot
Aescul@pius: doesn't show hand 
*** SUMMARY ***
Total pot $2 | Rake $0 
Seat 1: G.HANSEN333
Seat 3: CallMeeeCraig (big blind) folded before Flop
Seat 4: Aescul@pius (button) (small blind) collected ($2)



PokerStars Hand #254276494675:  Hold'em No Limit ($0.50/$1.00 USD) - 2025/01/09 11:57:54 WET [2025/01/09 6:57:54 ET]
Table 'Matra II' 6-max Seat #3 is the button
Seat 3: CallMeeeCraig ($100 in chips) 
Seat 4: Aescul@pius ($375.93 in chips) 
CallMeeeCraig: posts small blind $0.50
Aescul@pius: posts big blind $1
*** HOLE CARDS ***
CallMeeeCraig: folds 
Uncalled bet ($0.50) returned to Aescul@pius
Aescul@pius collected $1 from pot
Aescul@pius: doesn't show hand 
*** SUMMARY ***
Total pot $1 | Rake $0 
Seat 3: CallMeeeCraig (button) (small blind) folded before Flop
Seat 4: Aescul@pius (big blind) collected ($1)



PokerStars Hand #254276495982:  Hold'em No Limit ($0.50/$1.00 USD) - 2025/01/09 11:58:06 WET [2025/01/09 6:58:06 ET]
Table 'Matra II' 6-max Seat #4 is the button
Seat 3: CallMeeeCraig ($100 in chips) 
Seat 4: Aescul@pius ($376.43 in chips) 
Aescul@pius: posts small blind $0.50
CallMeeeCraig: posts big blind $1
*** HOLE CARDS ***
Aescul@pius: folds 
Uncalled bet ($0.50) returned to CallMeeeCraig
CallMeeeCraig collected $1 from pot
CallMeeeCraig: doesn't show hand 
*** SUMMARY ***
Total pot $1 | Rake $0 
Seat 3: CallMeeeCraig (big blind) collected ($1)
Seat 4: Aescul@pius (button) (small blind) folded before Flop



PokerStars Hand #254276496757:  Hold'em No Limit ($0.50/$1.00 USD) - 2025/01/09 11:58:12 WET [2025/01/09 6:58:12 ET]
Table 'Matra II' 6-max Seat #3 is the button
Seat 3: CallMeeeCraig ($100.50 in chips) 
Seat 4: Aescul@pius ($375.93 in chips) 
CallMeeeCraig: posts small blind $0.50
Aescul@pius: posts big blind $1
*** HOLE CARDS ***
CallMeeeCraig: folds 
Uncalled bet ($0.50) returned to Aescul@pius
Aescul@pius collected $1 from pot
Aescul@pius: doesn't show hand 
*** SUMMARY ***
Total pot $1 | Rake $0 
Seat 3: CallMeeeCraig (button) (small blind) folded before Flop
Seat 4: Aescul@pius (big blind) collected ($1)



PokerStars Hand #254276498327:  Hold'em No Limit ($0.50/$1.00 USD) - 2025/01/09 11:58:26 WET [2025/01/09 6:58:26 ET]
Table 'Matra II' 6-max Seat #4 is the button
Seat 3: CallMeeeCraig ($100 in chips) 
Seat 4: Aescul@pius ($376.43 in chips) 
Aescul@pius: posts small blind $0.50
CallMeeeCraig: posts big blind $1
*** HOLE CARDS ***
Aescul@pius: raises $1.50 to $2.50
CallMeeeCraig: folds 
Uncalled bet ($1.50) returned to Aescul@pius
Aescul@pius collected $2 from pot
Aescul@pius: doesn't show hand 
*** SUMMARY ***
Total pot $2 | Rake $0 
Seat 3: CallMeeeCraig (big blind) folded before Flop
Seat 4: Aescul@pius (button) (small blind) collected ($2)



PokerStars Hand #254276500104:  Hold'em No Limit ($0.50/$1.00 USD) - 2025/01/09 11:58:41 WET [2025/01/09 6:58:41 ET]
Table 'Matra II' 6-max Seat #3 is the button
Seat 3: CallMeeeCraig ($100 in chips) 
Seat 4: Aescul@pius ($377.43 in chips) 
CallMeeeCraig: posts small blind $0.50
Aescul@pius: posts big blind $1
*** HOLE CARDS ***
CallMeeeCraig: raises $1.20 to $2.20
Aescul@pius: raises $8.80 to $11
CallMeeeCraig: calls $8.80
*** FLOP *** [7d 5d 3h]
Aescul@pius: bets $366.43 and is all-in
CallMeeeCraig: calls $89 and is all-in
Uncalled bet ($277.43) returned to Aescul@pius
*** TURN *** [7d 5d 3h] [5c]
*** RIVER *** [7d 5d 3h 5c] [Js]
*** SHOW DOWN ***
Aescul@pius: shows [8s 8c] (two pair, Eights and Fives)
CallMeeeCraig: shows [3s 3c] (a full house, Threes full of Fives)
CallMeeeCraig collected $199 from pot
*** SUMMARY ***
Total pot $200 | Rake $1 
Board [7d 5d 3h 5c Js]
Seat 3: CallMeeeCraig (button) (small blind) showed [3s 3c] and won ($199) with a full house, Threes full of Fives
Seat 4: Aescul@pius (big blind) showed [8s 8c] and lost with two pair, Eights and Fives



PokerStars Hand #254276506241:  Hold'em No Limit ($0.50/$1.00 USD) - 2025/01/09 11:59:34 WET [2025/01/09 6:59:34 ET]
Table 'Matra II' 6-max Seat #4 is the button
Seat 3: CallMeeeCraig ($199 in chips) 
Seat 4: Aescul@pius ($277.43 in chips) 
Aescul@pius: posts small blind $0.50
CallMeeeCraig: posts big blind $1
*** HOLE CARDS ***
Aescul@pius: raises $1.50 to $2.50
CallMeeeCraig: folds 
Uncalled bet ($1.50) returned to Aescul@pius
Aescul@pius collected $2 from pot
Aescul@pius: doesn't show hand 
*** SUMMARY ***
Total pot $2 | Rake $0 
Seat 3: CallMeeeCraig (big blind) folded before Flop
Seat 4: Aescul@pius (button) (small blind) collected ($2)



PokerStars Hand #254276507288:  Hold'em No Limit ($0.50/$1.00 USD) - 2025/01/09 11:59:43 WET [2025/01/09 6:59:43 ET]
Table 'Matra II' 6-max Seat #3 is the button
Seat 3: CallMeeeCraig ($198 in chips) 
Seat 4: Aescul@pius ($278.43 in chips) 
CallMeeeCraig: posts small blind $0.50
Aescul@pius: posts big blind $1
*** HOLE CARDS ***
CallMeeeCraig: raises $1.20 to $2.20
Aescul@pius: calls $1.20
*** FLOP *** [Qh 5h Jh]
Aescul@pius: checks 
CallMeeeCraig: checks 
*** TURN *** [Qh 5h Jh] [5s]
Aescul@pius: checks 
CallMeeeCraig: checks 
*** RIVER *** [Qh 5h Jh 5s] [Kc]
Aescul@pius: checks 
CallMeeeCraig: checks 
*** SHOW DOWN ***
Aescul@pius: shows [Qd 8c] (two pair, Queens and Fives)
CallMeeeCraig: mucks hand 
Aescul@pius collected $4.18 from pot
*** SUMMARY ***
Total pot $4.40 | Rake $0.22 
Board [Qh 5h Jh 5s Kc]
Seat 3: CallMeeeCraig (button) (small blind) mucked
Seat 4: Aescul@pius (big blind) showed [Qd 8c] and won ($4.18) with two pair, Queens and Fives



PokerStars Hand #254276513315:  Hold'em No Limit ($0.50/$1.00 USD) - 2025/01/09 12:00:34 WET [2025/01/09 7:00:34 ET]
Table 'Matra II' 6-max Seat #4 is the button
Seat 3: CallMeeeCraig ($195.80 in chips) 
Seat 4: Aescul@pius ($280.41 in chips) 
Aescul@pius: posts small blind $0.50
CallMeeeCraig: posts big blind $1
*** HOLE CARDS ***
Aescul@pius: folds 
Uncalled bet ($0.50) returned to CallMeeeCraig
CallMeeeCraig collected $1 from pot
CallMeeeCraig: doesn't show hand 
*** SUMMARY ***
Total pot $1 | Rake $0 
Seat 3: CallMeeeCraig (big blind) collected ($1)
Seat 4: Aescul@pius (button) (small blind) folded before Flop



PokerStars Hand #254276514142:  Hold'em No Limit ($0.50/$1.00 USD) - 2025/01/09 12:00:41 WET [2025/01/09 7:00:41 ET]
Table 'Matra II' 6-max Seat #3 is the button
Seat 3: CallMeeeCraig ($196.30 in chips) 
Seat 4: Aescul@pius ($279.91 in chips) 
CallMeeeCraig: posts small blind $0.50
Aescul@pius: posts big blind $1
*** HOLE CARDS ***
CallMeeeCraig: raises $1.20 to $2.20
Aescul@pius: raises $9.80 to $12
CallMeeeCraig: folds 
Uncalled bet ($9.80) returned to Aescul@pius
Aescul@pius collected $4.40 from pot
Aescul@pius: doesn't show hand 
*** SUMMARY ***
Total pot $4.40 | Rake $0 
Seat 3: CallMeeeCraig (button) (small blind) folded before Flop
Seat 4: Aescul@pius (big blind) collected ($4.40)



PokerStars Hand #254276517384:  Hold'em No Limit ($0.50/$1.00 USD) - 2025/01/09 12:01:05 WET [2025/01/09 7:01:05 ET]
Table 'Matra II' 6-max Seat #4 is the button
Seat 3: CallMeeeCraig ($194.10 in chips) 
Seat 4: Aescul@pius ($282.11 in chips) 
Aescul@pius: posts small blind $0.50
CallMeeeCraig: posts big blind $1
*** HOLE CARDS ***
Aescul@pius: folds 
Uncalled bet ($0.50) returned to CallMeeeCraig
CallMeeeCraig collected $1 from pot
CallMeeeCraig: doesn't show hand 
*** SUMMARY ***
Total pot $1 | Rake $0 
Seat 3: CallMeeeCraig (big blind) collected ($1)
Seat 4: Aescul@pius (button) (small blind) folded before Flop



PokerStars Hand #254276518641:  Hold'em No Limit ($0.50/$1.00 USD) - 2025/01/09 12:01:15 WET [2025/01/09 7:01:15 ET]
Table 'Matra II' 6-max Seat #3 is the button
Seat 3: CallMeeeCraig ($194.60 in chips) 
Seat 4: Aescul@pius ($281.61 in chips) 
CallMeeeCraig: posts small blind $0.50
Aescul@pius: posts big blind $1
*** HOLE CARDS ***
CallMeeeCraig: folds 
Uncalled bet ($0.50) returned to Aescul@pius
Aescul@pius collected $1 from pot
Aescul@pius: doesn't show hand 
*** SUMMARY ***
Total pot $1 | Rake $0 
Seat 3: CallMeeeCraig (button) (small blind) folded before Flop
Seat 4: Aescul@pius (big blind) collected ($1)



PokerStars Hand #254276519384:  Hold'em No Limit ($0.50/$1.00 USD) - 2025/01/09 12:01:20 WET [2025/01/09 7:01:20 ET]
Table 'Matra II' 6-max Seat #4 is the button
Seat 3: CallMeeeCraig ($194.10 in chips) 
Seat 4: Aescul@pius ($282.11 in chips) 
Aescul@pius: posts small blind $0.50
CallMeeeCraig: posts big blind $1
*** HOLE CARDS ***
Aescul@pius: folds 
Uncalled bet ($0.50) returned to CallMeeeCraig
CallMeeeCraig collected $1 from pot
CallMeeeCraig: doesn't show hand 
*** SUMMARY ***
Total pot $1 | Rake $0 
Seat 3: CallMeeeCraig (big blind) collected ($1)
Seat 4: Aescul@pius (button) (small blind) folded before Flop



PokerStars Hand #254276520250:  Hold'em No Limit ($0.50/$1.00 USD) - 2025/01/09 12:01:27 WET [2025/01/09 7:01:27 ET]
Table 'Matra II' 6-max Seat #3 is the button
Seat 3: CallMeeeCraig ($194.60 in chips) 
Seat 4: Aescul@pius ($281.61 in chips) 
CallMeeeCraig: posts small blind $0.50
Aescul@pius: posts big blind $1
*** HOLE CARDS ***
CallMeeeCraig: folds 
Uncalled bet ($0.50) returned to Aescul@pius
Aescul@pius collected $1 from pot
Aescul@pius: doesn't show hand 
*** SUMMARY ***
Total pot $1 | Rake $0 
Seat 3: CallMeeeCraig (button) (small blind) folded before Flop
Seat 4: Aescul@pius (big blind) collected ($1)



PokerStars Hand #254276520942:  Hold'em No Limit ($0.50/$1.00 USD) - 2025/01/09 12:01:32 WET [2025/01/09 7:01:32 ET]
Table 'Matra II' 6-max Seat #4 is the button
Seat 3: CallMeeeCraig ($194.10 in chips) 
Seat 4: Aescul@pius ($282.11 in chips) 
Aescul@pius: posts small blind $0.50
CallMeeeCraig: posts big blind $1
*** HOLE CARDS ***
Aescul@pius: raises $1.50 to $2.50
CallMeeeCraig: calls $1.50
*** FLOP *** [Qs Th 9s]
CallMeeeCraig: checks 
Aescul@pius: checks 
*** TURN *** [Qs Th 9s] [Kh]
CallMeeeCraig: checks 
Aescul@pius: bets $3.52
CallMeeeCraig: calls $3.52
*** RIVER *** [Qs Th 9s Kh] [Jh]
CallMeeeCraig: checks 
Aescul@pius: bets $8.47
CallMeeeCraig: folds 
Uncalled bet ($8.47) returned to Aescul@pius
Aescul@pius collected $11.44 from pot
Aescul@pius: doesn't show hand 
*** SUMMARY ***
Total pot $12.04 | Rake $0.60 
Board [Qs Th 9s Kh Jh]
Seat 3: CallMeeeCraig (big blind) folded on the River
Seat 4: Aescul@pius (button) (small blind) collected ($11.44)



PokerStars Hand #254276530700:  Hold'em No Limit ($0.50/$1.00 USD) - 2025/01/09 12:02:45 WET [2025/01/09 7:02:45 ET]
Table 'Matra II' 6-max Seat #3 is the button
Seat 3: CallMeeeCraig ($188.08 in chips) 
Seat 4: Aescul@pius ($287.53 in chips) 
CallMeeeCraig: posts small blind $0.50
Aescul@pius: posts big blind $1
*** HOLE CARDS ***
CallMeeeCraig: folds 
Uncalled bet ($0.50) returned to Aescul@pius
Aescul@pius collected $1 from pot
Aescul@pius: doesn't show hand 
*** SUMMARY ***
Total pot $1 | Rake $0 
Seat 3: CallMeeeCraig (button) (small blind) folded before Flop
Seat 4: Aescul@pius (big blind) collected ($1)



PokerStars Hand #254276531547:  Hold'em No Limit ($0.50/$1.00 USD) - 2025/01/09 12:02:51 WET [2025/01/09 7:02:51 ET]
Table 'Matra II' 6-max Seat #4 is the button
Seat 3: CallMeeeCraig ($187.58 in chips) 
Seat 4: Aescul@pius ($288.03 in chips) 
Aescul@pius: posts small blind $0.50
CallMeeeCraig: posts big blind $1
*** HOLE CARDS ***
Aescul@pius: raises $1.50 to $2.50
CallMeeeCraig: folds 
Uncalled bet ($1.50) returned to Aescul@pius
Aescul@pius collected $2 from pot
Aescul@pius: doesn't show hand 
*** SUMMARY ***
Total pot $2 | Rake $0 
Seat 3: CallMeeeCraig (big blind) folded before Flop
Seat 4: Aescul@pius (button) (small blind) collected ($2)



PokerStars Hand #254276533309:  Hold'em No Limit ($0.50/$1.00 USD) - 2025/01/09 12:03:04 WET [2025/01/09 7:03:04 ET]
Table 'Matra II' 6-max Seat #3 is the button
Seat 3: CallMeeeCraig ($186.58 in chips) 
Seat 4: Aescul@pius ($289.03 in chips) 
CallMeeeCraig: posts small blind $0.50
Aescul@pius: posts big blind $1
*** HOLE CARDS ***
CallMeeeCraig: folds 
Uncalled bet ($0.50) returned to Aescul@pius
Aescul@pius collected $1 from pot
Aescul@pius: doesn't show hand 
*** SUMMARY ***
Total pot $1 | Rake $0 
Seat 3: CallMeeeCraig (button) (small blind) folded before Flop
Seat 4: Aescul@pius (big blind) collected ($1)



PokerStars Hand #254276534063:  Hold'em No Limit ($0.50/$1.00 USD) - 2025/01/09 12:03:09 WET [2025/01/09 7:03:09 ET]
Table 'Matra II' 6-max Seat #4 is the button
Seat 3: CallMeeeCraig ($186.08 in chips) 
Seat 4: Aescul@pius ($289.53 in chips) 
Aescul@pius: posts small blind $0.50
CallMeeeCraig: posts big blind $1
*** HOLE CARDS ***
Aescul@pius: raises $1.50 to $2.50
CallMeeeCraig: folds 
Uncalled bet ($1.50) returned to Aescul@pius
Aescul@pius collected $2 from pot
Aescul@pius: doesn't show hand 
*** SUMMARY ***
Total pot $2 | Rake $0 
Seat 3: CallMeeeCraig (big blind) folded before Flop
Seat 4: Aescul@pius (button) (small blind) collected ($2)



PokerStars Hand #254276536172:  Hold'em No Limit ($0.50/$1.00 USD) - 2025/01/09 12:03:25 WET [2025/01/09 7:03:25 ET]
Table 'Matra II' 6-max Seat #3 is the button
Seat 3: CallMeeeCraig ($185.08 in chips) 
Seat 4: Aescul@pius ($290.53 in chips) 
CallMeeeCraig: posts small blind $0.50
Aescul@pius: posts big blind $1
*** HOLE CARDS ***
CallMeeeCraig: raises $1.20 to $2.20
Aescul@pius: calls $1.20
*** FLOP *** [Jc 7s 6d]
Aescul@pius: checks 
CallMeeeCraig: checks 
*** TURN *** [Jc 7s 6d] [7h]
Aescul@pius: checks 
CallMeeeCraig: checks 
*** RIVER *** [Jc 7s 6d 7h] [Qh]
Aescul@pius: bets $5.22
CallMeeeCraig: folds 
Uncalled bet ($5.22) returned to Aescul@pius
Aescul@pius collected $4.18 from pot
Aescul@pius: doesn't show hand 
*** SUMMARY ***
Total pot $4.40 | Rake $0.22 
Board [Jc 7s 6d 7h Qh]
Seat 3: CallMeeeCraig (button) (small blind) folded on the River
Seat 4: Aescul@pius (big blind) collected ($4.18)



PokerStars Hand #254276545100:  Hold'em No Limit ($0.50/$1.00 USD) - 2025/01/09 12:04:31 WET [2025/01/09 7:04:31 ET]
Table 'Matra II' 6-max Seat #4 is the button
Seat 3: CallMeeeCraig ($182.88 in chips) 
Seat 4: Aescul@pius ($292.51 in chips) 
Aescul@pius: posts small blind $0.50
CallMeeeCraig: posts big blind $1
*** HOLE CARDS ***
Aescul@pius: raises $1.50 to $2.50
CallMeeeCraig: folds 
Uncalled bet ($1.50) returned to Aescul@pius
Aescul@pius collected $2 from pot
Aescul@pius: doesn't show hand 
*** SUMMARY ***
Total pot $2 | Rake $0 
Seat 3: CallMeeeCraig (big blind) folded before Flop
Seat 4: Aescul@pius (button) (small blind) collected ($2)



PokerStars Hand #254276547641:  Hold'em No Limit ($0.50/$1.00 USD) - 2025/01/09 12:04:50 WET [2025/01/09 7:04:50 ET]
Table 'Matra II' 6-max Seat #3 is the button
Seat 3: CallMeeeCraig ($181.88 in chips) 
Seat 4: Aescul@pius ($293.51 in chips) 
CallMeeeCraig: posts small blind $0.50
Aescul@pius: posts big blind $1
*** HOLE CARDS ***
CallMeeeCraig: raises $1.20 to $2.20
Aescul@pius: raises $10.80 to $13
CallMeeeCraig: calls $10.80
*** FLOP *** [Kd 8c Tc]
Aescul@pius: bets $22.50
CallMeeeCraig: folds 
Uncalled bet ($22.50) returned to Aescul@pius
Aescul@pius collected $25 from pot
Aescul@pius: doesn't show hand 
*** SUMMARY ***
Total pot $26 | Rake $1 
Board [Kd 8c Tc]
Seat 3: CallMeeeCraig (button) (small blind) folded on the Flop
Seat 4: Aescul@pius (big blind) collected ($25)



PokerStars Hand #254276552336:  Hold'em No Limit ($0.50/$1.00 USD) - 2025/01/09 12:05:24 WET [2025/01/09 7:05:24 ET]
Table 'Matra II' 6-max Seat #4 is the button
Seat 3: CallMeeeCraig ($168.88 in chips) 
Seat 4: Aescul@pius ($305.51 in chips) 
Aescul@pius: posts small blind $0.50
CallMeeeCraig: posts big blind $1
*** HOLE CARDS ***
Aescul@pius: raises $1.50 to $2.50
CallMeeeCraig: folds 
Uncalled bet ($1.50) returned to Aescul@pius
Aescul@pius collected $2 from pot
Aescul@pius: doesn't show hand 
*** SUMMARY ***
Total pot $2 | Rake $0 
Seat 3: CallMeeeCraig (big blind) folded before Flop
Seat 4: Aescul@pius (button) (small blind) collected ($2)



PokerStars Hand #254276553592:  Hold'em No Limit ($0.50/$1.00 USD) - 2025/01/09 12:05:33 WET [2025/01/09 7:05:33 ET]
Table 'Matra II' 6-max Seat #3 is the button
Seat 3: CallMeeeCraig ($167.88 in chips) 
Seat 4: Aescul@pius ($306.51 in chips) 
CallMeeeCraig: posts small blind $0.50
Aescul@pius: posts big blind $1
*** HOLE CARDS ***
CallMeeeCraig: raises $1.20 to $2.20
Aescul@pius: raises $9.80 to $12
CallMeeeCraig: calls $9.80
*** FLOP *** [2c 9h Qd]
Aescul@pius: bets $7.59
CallMeeeCraig: calls $7.59
*** TURN *** [2c 9h Qd] [Th]
Aescul@pius: bets $52.27
CallMeeeCraig: folds 
Uncalled bet ($52.27) returned to Aescul@pius
Aescul@pius collected $38.18 from pot
Aescul@pius: doesn't show hand 
*** SUMMARY ***
Total pot $39.18 | Rake $1 
Board [2c 9h Qd Th]
Seat 3: CallMeeeCraig (button) (small blind) folded on the Turn
Seat 4: Aescul@pius (big blind) collected ($38.18)



