PokerStars Hand #254276403838:  Hold'em No Limit ($0.50/$1.00 USD) - 2025/01/09 11:46:24 WET [2025/01/09 6:46:24 ET]
Table 'Shura II' 6-max Seat #6 is the button
Seat 2: fobot21 ($100 in chips) 
Seat 4: CapoDiTutti17 ($27.40 in chips) 
Seat 5: equilibrium_tv ($28 in chips) 
Seat 6: blistein ($100 in chips) 
fobot21: posts small blind $0.50
CapoDiTutti17: posts big blind $1
*** HOLE CARDS ***
equilibrium_tv: folds 
blistein: raises $1.50 to $2.50
fobot21: calls $2
CapoDiTutti17: calls $1.50
*** FLOP *** [Kd 3c 9h]
b2k-Snick joins the table at seat #1 
fobot21: checks 
CapoDiTutti17: checks 
blistein: bets $1.78
ChuckNorrisQ joins the table at seat #3 
fobot21: calls $1.78
CapoDiTutti17: calls $1.78
*** TURN *** [Kd 3c 9h] [2s]
fobot21: checks 
CapoDiTutti17: checks 
blistein: checks 
*** RIVER *** [Kd 3c 9h 2s] [2d]
fobot21: checks 
CapoDiTutti17: checks 
blistein: checks 
*** SHOW DOWN ***
fobot21: shows [Th Qd] (a pair of Deuces)
CapoDiTutti17: shows [Ad 5c] (a pair of Deuces - Ace kicker)
blistein: shows [Ac Js] (a pair of Deuces - Ace+King+Jack kicker)
blistein collected $12.20 from pot
*** SUMMARY ***
Total pot $12.84 | Rake $0.64 
Board [Kd 3c 9h 2s 2d]
Seat 2: fobot21 (small blind) showed [Th Qd] and lost with a pair of Deuces
Seat 4: CapoDiTutti17 (big blind) showed [Ad 5c] and lost with a pair of Deuces
Seat 5: equilibrium_tv folded before Flop (didn't bet)
Seat 6: blistein (button) showed [Ac Js] and won ($12.20) with a pair of Deuces



PokerStars Hand #254276416446:  Hold'em No Limit ($0.50/$1.00 USD) - 2025/01/09 11:47:55 WET [2025/01/09 6:47:55 ET]
Table 'Shura II' 6-max Seat #2 is the button
Seat 1: b2k-Snick ($100 in chips) is sitting out
Seat 3: ChuckNorrisQ ($100 in chips) is sitting out
Seat 2: fobot21 ($100 in chips) 
Seat 4: CapoDiTutti17 ($23.12 in chips) 
Seat 5: equilibrium_tv ($28 in chips) 
Seat 6: blistein ($107.92 in chips) 
CapoDiTutti17: posts small blind $0.50
equilibrium_tv: posts big blind $1
b2k-Snick: sits out 
*** HOLE CARDS ***
blistein: folds 
fobot21: raises $1.50 to $2.50
CapoDiTutti17: folds 
equilibrium_tv: calls $1.50
*** FLOP *** [4c Th 8c]
equilibrium_tv: checks 
fobot21: checks 
*** TURN *** [4c Th 8c] [7d]
equilibrium_tv: checks 
fobot21: checks 
*** RIVER *** [4c Th 8c 7d] [5d]
equilibrium_tv: checks 
fobot21: checks 
*** SHOW DOWN ***
equilibrium_tv: shows [5h Kh] (a pair of Fives)
fobot21: mucks hand 
equilibrium_tv collected $5.22 from pot
*** SUMMARY ***
Total pot $5.50 | Rake $0.28 
Board [4c Th 8c 7d 5d]
Seat 1: b2k-Snick
Seat 3: ChuckNorrisQ
Seat 2: fobot21 (button) mucked
Seat 4: CapoDiTutti17 (small blind) folded before Flop
Seat 5: equilibrium_tv (big blind) showed [5h Kh] and won ($5.22) with a pair of Fives
Seat 6: blistein folded before Flop (didn't bet)



PokerStars Hand #254276424073:  Hold'em No Limit ($0.50/$1.00 USD) - 2025/01/09 11:48:51 WET [2025/01/09 6:48:51 ET]
Table 'Shura II' 6-max Seat #4 is the button
Seat 1: b2k-Snick ($100 in chips) is sitting out
Seat 3: ChuckNorrisQ ($100 in chips) is sitting out
Seat 2: fobot21 ($100 in chips) 
Seat 4: CapoDiTutti17 ($22.62 in chips) 
Seat 5: equilibrium_tv ($30.72 in chips) 
Seat 6: blistein ($107.92 in chips) 
equilibrium_tv: posts small blind $0.50
blistein: posts big blind $1
b2k-Snick: sits out 
ChuckNorrisQ: sits out 
*** HOLE CARDS ***
fobot21: folds 
CapoDiTutti17: calls $1
equilibrium_tv: raises $2.50 to $3.50
blistein: folds 
CapoDiTutti17: calls $2.50
*** FLOP *** [Kh Tc 4d]
equilibrium_tv: bets $1.90
CapoDiTutti17: folds 
Uncalled bet ($1.90) returned to equilibrium_tv
equilibrium_tv collected $7.60 from pot
*** SUMMARY ***
Total pot $8 | Rake $0.40 
Board [Kh Tc 4d]
Seat 1: b2k-Snick
Seat 3: ChuckNorrisQ
Seat 2: fobot21 folded before Flop (didn't bet)
Seat 4: CapoDiTutti17 (button) folded on the Flop
Seat 5: equilibrium_tv (small blind) collected ($7.60)
Seat 6: blistein (big blind) folded before Flop



PokerStars Hand #254276432492:  Hold'em No Limit ($0.50/$1.00 USD) - 2025/01/09 11:49:53 WET [2025/01/09 6:49:53 ET]
Table 'Shura II' 6-max Seat #5 is the button
Seat 3: ChuckNorrisQ ($100 in chips) is sitting out
Seat 1: b2k-Snick ($100 in chips) 
Seat 2: fobot21 ($100 in chips) 
Seat 4: CapoDiTutti17 ($19.12 in chips) 
Seat 5: equilibrium_tv ($34.82 in chips) 
Seat 6: blistein ($106.92 in chips) 
blistein: posts small blind $0.50
b2k-Snick: posts big blind $1
ChuckNorrisQ: sits out 
*** HOLE CARDS ***
fobot21: folds 
CapoDiTutti17: folds 
equilibrium_tv: folds 
blistein: raises $2 to $3
b2k-Snick: raises $6 to $9
blistein: folds 
Uncalled bet ($6) returned to b2k-Snick
b2k-Snick collected $6 from pot
b2k-Snick: doesn't show hand 
*** SUMMARY ***
Total pot $6 | Rake $0 
Seat 3: ChuckNorrisQ
Seat 1: b2k-Snick (big blind) collected ($6)
Seat 2: fobot21 folded before Flop (didn't bet)
Seat 4: CapoDiTutti17 folded before Flop (didn't bet)
Seat 5: equilibrium_tv (button) folded before Flop (didn't bet)
Seat 6: blistein (small blind) folded before Flop



PokerStars Hand #254276436345:  Hold'em No Limit ($0.50/$1.00 USD) - 2025/01/09 11:50:21 WET [2025/01/09 6:50:21 ET]
Table 'Shura II' 6-max Seat #6 is the button
Seat 3: ChuckNorrisQ ($100 in chips) is sitting out
Seat 1: b2k-Snick ($103 in chips) 
Seat 2: fobot21 ($100 in chips) 
Seat 4: CapoDiTutti17 ($19.12 in chips) 
Seat 5: equilibrium_tv ($34.82 in chips) 
Seat 6: blistein ($103.92 in chips) 
b2k-Snick: posts small blind $0.50
fobot21: posts big blind $1
ChuckNorrisQ: sits out 
*** HOLE CARDS ***
ChuckNorrisQ leaves the table
coeeeelho joins the table at seat #3 
CapoDiTutti17: folds 
equilibrium_tv: folds 
blistein: raises $1.50 to $2.50
b2k-Snick: folds 
fobot21: folds 
Uncalled bet ($1.50) returned to blistein
blistein collected $2.50 from pot
blistein: doesn't show hand 
*** SUMMARY ***
Total pot $2.50 | Rake $0 
Seat 3: ChuckNorrisQ
Seat 1: b2k-Snick (small blind) folded before Flop
Seat 2: fobot21 (big blind) folded before Flop
Seat 4: CapoDiTutti17 folded before Flop (didn't bet)
Seat 5: equilibrium_tv folded before Flop (didn't bet)
Seat 6: blistein (button) collected ($2.50)



PokerStars Hand #254276439861:  Hold'em No Limit ($0.50/$1.00 USD) - 2025/01/09 11:50:47 WET [2025/01/09 6:50:47 ET]
Table 'Shura II' 6-max Seat #1 is the button
Seat 1: b2k-Snick ($102.50 in chips) 
Seat 2: fobot21 ($100 in chips) 
Seat 3: coeeeelho ($100 in chips) 
Seat 4: CapoDiTutti17 ($19.12 in chips) 
Seat 5: equilibrium_tv ($34.82 in chips) 
Seat 6: blistein ($105.42 in chips) 
fobot21: posts small blind $0.50
coeeeelho: posts big blind $1
*** HOLE CARDS ***
CapoDiTutti17: calls $1
equilibrium_tv: folds 
blistein: folds 
b2k-Snick: folds 
fobot21: folds 
coeeeelho: checks 
*** FLOP *** [Tc 4h Ts]
coeeeelho: checks 
CapoDiTutti17: checks 
*** TURN *** [Tc 4h Ts] [3d]
coeeeelho: checks 
CapoDiTutti17: bets $1
coeeeelho: folds 
Uncalled bet ($1) returned to CapoDiTutti17
CapoDiTutti17 collected $2.38 from pot
*** SUMMARY ***
Total pot $2.50 | Rake $0.12 
Board [Tc 4h Ts 3d]
Seat 1: b2k-Snick (button) folded before Flop (didn't bet)
Seat 2: fobot21 (small blind) folded before Flop
Seat 3: coeeeelho (big blind) folded on the Turn
Seat 4: CapoDiTutti17 collected ($2.38)
Seat 5: equilibrium_tv folded before Flop (didn't bet)
Seat 6: blistein folded before Flop (didn't bet)



PokerStars Hand #254276449003:  Hold'em No Limit ($0.50/$1.00 USD) - 2025/01/09 11:51:54 WET [2025/01/09 6:51:54 ET]
Table 'Shura II' 6-max Seat #2 is the button
Seat 1: b2k-Snick ($102.50 in chips) 
Seat 2: fobot21 ($100 in chips) 
Seat 3: coeeeelho ($100 in chips) 
Seat 4: CapoDiTutti17 ($20.50 in chips) 
Seat 5: equilibrium_tv ($34.82 in chips) 
Seat 6: blistein ($105.42 in chips) 
coeeeelho: posts small blind $0.50
CapoDiTutti17: posts big blind $1
*** HOLE CARDS ***
equilibrium_tv: raises $1 to $2
blistein: folds 
b2k-Snick: folds 
fobot21: folds 
coeeeelho: folds 
CapoDiTutti17: calls $1
*** FLOP *** [As 8h Td]
CapoDiTutti17: checks 
equilibrium_tv: bets $1.41
CapoDiTutti17: calls $1.41
*** TURN *** [As 8h Td] [4s]
CapoDiTutti17: checks 
equilibrium_tv: bets $5.21
CapoDiTutti17: calls $5.21
*** RIVER *** [As 8h Td 4s] [2d]
CapoDiTutti17: checks 
equilibrium_tv: bets $26.20 and is all-in
CapoDiTutti17: folds 
Uncalled bet ($26.20) returned to equilibrium_tv
equilibrium_tv collected $16.85 from pot
*** SUMMARY ***
Total pot $17.74 | Rake $0.89 
Board [As 8h Td 4s 2d]
Seat 1: b2k-Snick folded before Flop (didn't bet)
Seat 2: fobot21 (button) folded before Flop (didn't bet)
Seat 3: coeeeelho (small blind) folded before Flop
Seat 4: CapoDiTutti17 (big blind) folded on the River
Seat 5: equilibrium_tv collected ($16.85)
Seat 6: blistein folded before Flop (didn't bet)



PokerStars Hand #254276467418:  Hold'em No Limit ($0.50/$1.00 USD) - 2025/01/09 11:54:09 WET [2025/01/09 6:54:09 ET]
Table 'Shura II' 6-max Seat #3 is the button
Seat 1: b2k-Snick ($102.50 in chips) 
Seat 2: fobot21 ($100 in chips) 
Seat 3: coeeeelho ($100 in chips) 
Seat 4: CapoDiTutti17 ($11.88 in chips) 
Seat 5: equilibrium_tv ($43.05 in chips) 
Seat 6: blistein ($105.42 in chips) 
CapoDiTutti17: posts small blind $0.50
equilibrium_tv: posts big blind $1
*** HOLE CARDS ***
blistein: folds 
b2k-Snick: folds 
fobot21: folds 
coeeeelho: folds 
CapoDiTutti17: calls $0.50
equilibrium_tv: raises $11 to $12
CapoDiTutti17: folds 
Uncalled bet ($11) returned to equilibrium_tv
equilibrium_tv collected $2 from pot
*** SUMMARY ***
Total pot $2 | Rake $0 
Seat 1: b2k-Snick folded before Flop (didn't bet)
Seat 2: fobot21 folded before Flop (didn't bet)
Seat 3: coeeeelho (button) folded before Flop (didn't bet)
Seat 4: CapoDiTutti17 (small blind) folded before Flop
Seat 5: equilibrium_tv (big blind) collected ($2)
Seat 6: blistein folded before Flop (didn't bet)



PokerStars Hand #254276472808:  Hold'em No Limit ($0.50/$1.00 USD) - 2025/01/09 11:54:48 WET [2025/01/09 6:54:48 ET]
Table 'Shura II' 6-max Seat #4 is the button
Seat 1: b2k-Snick ($102.50 in chips) 
Seat 2: fobot21 ($100 in chips) 
Seat 3: coeeeelho ($100 in chips) 
Seat 4: CapoDiTutti17 ($10.88 in chips) 
Seat 5: equilibrium_tv ($44.05 in chips) 
Seat 6: blistein ($105.42 in chips) 
equilibrium_tv: posts small blind $0.50
blistein: posts big blind $1
*** HOLE CARDS ***
b2k-Snick: raises $1.10 to $2.10
fobot21: folds 
coeeeelho: folds 
CapoDiTutti17: calls $2.10
equilibrium_tv: folds 
blistein: folds 
*** FLOP *** [7h 9s Ks]
b2k-Snick: bets $1.19
CapoDiTutti17: calls $1.19
*** TURN *** [7h 9s Ks] [5c]
b2k-Snick: checks 
CapoDiTutti17: checks 
*** RIVER *** [7h 9s Ks 5c] [4s]
b2k-Snick: checks 
CapoDiTutti17: bets $7.59 and is all-in
b2k-Snick: calls $7.59
*** SHOW DOWN ***
CapoDiTutti17: shows [Qs 9c] (a pair of Nines)
b2k-Snick: shows [Ad Qh] (high card Ace)
CapoDiTutti17 collected $22.10 from pot
*** SUMMARY ***
Total pot $23.26 | Rake $1.16 
Board [7h 9s Ks 5c 4s]
Seat 1: b2k-Snick showed [Ad Qh] and lost with high card Ace
Seat 2: fobot21 folded before Flop (didn't bet)
Seat 3: coeeeelho folded before Flop (didn't bet)
Seat 4: CapoDiTutti17 (button) showed [Qs 9c] and won ($22.10) with a pair of Nines
Seat 5: equilibrium_tv (small blind) folded before Flop
Seat 6: blistein (big blind) folded before Flop



PokerStars Hand #254276482053:  Hold'em No Limit ($0.50/$1.00 USD) - 2025/01/09 11:56:05 WET [2025/01/09 6:56:05 ET]
Table 'Shura II' 6-max Seat #5 is the button
Seat 1: b2k-Snick ($100 in chips) 
Seat 2: fobot21 ($100 in chips) 
Seat 3: coeeeelho ($100 in chips) 
Seat 4: CapoDiTutti17 ($22.10 in chips) 
Seat 5: equilibrium_tv ($43.55 in chips) 
Seat 6: blistein ($104.42 in chips) 
blistein: posts small blind $0.50
b2k-Snick: posts big blind $1
*** HOLE CARDS ***
fobot21: folds 
coeeeelho: folds 
CapoDiTutti17: folds 
equilibrium_tv: raises $1 to $2
blistein: raises $8 to $10
b2k-Snick: folds 
equilibrium_tv: folds 
Uncalled bet ($8) returned to blistein
blistein collected $5 from pot
blistein: doesn't show hand 
*** SUMMARY ***
Total pot $5 | Rake $0 
Seat 1: b2k-Snick (big blind) folded before Flop
Seat 2: fobot21 folded before Flop (didn't bet)
Seat 3: coeeeelho folded before Flop (didn't bet)
Seat 4: CapoDiTutti17 folded before Flop (didn't bet)
Seat 5: equilibrium_tv (button) folded before Flop
Seat 6: blistein (small blind) collected ($5)



PokerStars Hand #254276486763:  Hold'em No Limit ($0.50/$1.00 USD) - 2025/01/09 11:56:46 WET [2025/01/09 6:56:46 ET]
Table 'Shura II' 6-max Seat #6 is the button
Seat 1: b2k-Snick ($100 in chips) 
Seat 2: fobot21 ($100 in chips) 
Seat 3: coeeeelho ($100 in chips) 
Seat 4: CapoDiTutti17 ($22.10 in chips) 
Seat 5: equilibrium_tv ($41.55 in chips) 
Seat 6: blistein ($107.42 in chips) 
b2k-Snick: posts small blind $0.50
fobot21: posts big blind $1
*** HOLE CARDS ***
coeeeelho: folds 
CapoDiTutti17: calls $1
equilibrium_tv: folds 
blistein: folds 
b2k-Snick: raises $4 to $5
fobot21: folds 
CapoDiTutti17: folds 
Uncalled bet ($4) returned to b2k-Snick
b2k-Snick collected $3 from pot
b2k-Snick: doesn't show hand 
*** SUMMARY ***
Total pot $3 | Rake $0 
Seat 1: b2k-Snick (small blind) collected ($3)
Seat 2: fobot21 (big blind) folded before Flop
Seat 3: coeeeelho folded before Flop (didn't bet)
Seat 4: CapoDiTutti17 folded before Flop
Seat 5: equilibrium_tv folded before Flop (didn't bet)
Seat 6: blistein (button) folded before Flop (didn't bet)



PokerStars Hand #254276489495:  Hold'em No Limit ($0.50/$1.00 USD) - 2025/01/09 11:57:10 WET [2025/01/09 6:57:10 ET]
Table 'Shura II' 6-max Seat #1 is the button
Seat 1: b2k-Snick ($102 in chips) 
Seat 2: fobot21 ($100 in chips) 
Seat 3: coeeeelho ($100 in chips) 
Seat 4: CapoDiTutti17 ($21.10 in chips) 
Seat 5: equilibrium_tv ($41.55 in chips) 
Seat 6: blistein ($107.42 in chips) 
fobot21: posts small blind $0.50
coeeeelho: posts big blind $1
*** HOLE CARDS ***
CapoDiTutti17: folds 
equilibrium_tv: folds 
blistein: folds 
b2k-Snick: raises $1.50 to $2.50
fobot21: folds 
coeeeelho: folds 
Uncalled bet ($1.50) returned to b2k-Snick
b2k-Snick collected $2.50 from pot
b2k-Snick: doesn't show hand 
*** SUMMARY ***
Total pot $2.50 | Rake $0 
Seat 1: b2k-Snick (button) collected ($2.50)
Seat 2: fobot21 (small blind) folded before Flop
Seat 3: coeeeelho (big blind) folded before Flop
Seat 4: CapoDiTutti17 folded before Flop (didn't bet)
Seat 5: equilibrium_tv folded before Flop (didn't bet)
Seat 6: blistein folded before Flop (didn't bet)



PokerStars Hand #254276491271:  Hold'em No Limit ($0.50/$1.00 USD) - 2025/01/09 11:57:26 WET [2025/01/09 6:57:26 ET]
Table 'Shura II' 6-max Seat #2 is the button
Seat 1: b2k-Snick ($103.50 in chips) 
Seat 2: fobot21 ($100 in chips) 
Seat 3: coeeeelho ($100 in chips) 
Seat 4: CapoDiTutti17 ($21.10 in chips) 
Seat 5: equilibrium_tv ($41.55 in chips) 
Seat 6: blistein ($107.42 in chips) 
coeeeelho: posts small blind $0.50
CapoDiTutti17: posts big blind $1
*** HOLE CARDS ***
equilibrium_tv: folds 
blistein: folds 
b2k-Snick: folds 
fobot21: raises $1.50 to $2.50
coeeeelho: folds 
CapoDiTutti17: calls $1.50
*** FLOP *** [7h 2d Js]
CapoDiTutti17: checks 
fobot21: bets $2.82
CapoDiTutti17: calls $2.82
*** TURN *** [7h 2d Js] [4d]
CapoDiTutti17: checks 
fobot21: bets $8.04
CapoDiTutti17: folds 
Uncalled bet ($8.04) returned to fobot21
fobot21 collected $10.58 from pot
fobot21: doesn't show hand 
*** SUMMARY ***
Total pot $11.14 | Rake $0.56 
Board [7h 2d Js 4d]
Seat 1: b2k-Snick folded before Flop (didn't bet)
Seat 2: fobot21 (button) collected ($10.58)
Seat 3: coeeeelho (small blind) folded before Flop
Seat 4: CapoDiTutti17 (big blind) folded on the Turn
Seat 5: equilibrium_tv folded before Flop (didn't bet)
Seat 6: blistein folded before Flop (didn't bet)



PokerStars Hand #254276501790:  Hold'em No Limit ($0.50/$1.00 USD) - 2025/01/09 11:58:56 WET [2025/01/09 6:58:56 ET]
Table 'Shura II' 6-max Seat #3 is the button
Seat 1: b2k-Snick ($103.50 in chips) 
Seat 2: fobot21 ($105.26 in chips) 
Seat 3: coeeeelho ($100 in chips) 
Seat 4: CapoDiTutti17 ($15.78 in chips) 
Seat 5: equilibrium_tv ($41.55 in chips) 
Seat 6: blistein ($107.42 in chips) 
CapoDiTutti17: posts small blind $0.50
equilibrium_tv: posts big blind $1
*** HOLE CARDS ***
blistein: folds 
b2k-Snick: folds 
fobot21: folds 
coeeeelho: folds 
CapoDiTutti17: calls $0.50
equilibrium_tv: checks 
*** FLOP *** [Jh 9c Qd]
CapoDiTutti17: checks 
equilibrium_tv: checks 
*** TURN *** [Jh 9c Qd] [5d]
CapoDiTutti17: checks 
equilibrium_tv: bets $1
CapoDiTutti17: calls $1
*** RIVER *** [Jh 9c Qd 5d] [Qc]
CapoDiTutti17: checks 
equilibrium_tv: bets $2
CapoDiTutti17: folds 
Uncalled bet ($2) returned to equilibrium_tv
equilibrium_tv collected $3.80 from pot
*** SUMMARY ***
Total pot $4 | Rake $0.20 
Board [Jh 9c Qd 5d Qc]
Seat 1: b2k-Snick folded before Flop (didn't bet)
Seat 2: fobot21 folded before Flop (didn't bet)
Seat 3: coeeeelho (button) folded before Flop (didn't bet)
Seat 4: CapoDiTutti17 (small blind) folded on the River
Seat 5: equilibrium_tv (big blind) collected ($3.80)
Seat 6: blistein folded before Flop (didn't bet)



PokerStars Hand #254276507483:  Hold'em No Limit ($0.50/$1.00 USD) - 2025/01/09 11:59:45 WET [2025/01/09 6:59:45 ET]
Table 'Shura II' 6-max Seat #4 is the button
Seat 1: b2k-Snick ($103.50 in chips) 
Seat 2: fobot21 ($105.26 in chips) 
Seat 3: coeeeelho ($100 in chips) 
Seat 4: CapoDiTutti17 ($13.78 in chips) 
Seat 5: equilibrium_tv ($43.35 in chips) 
Seat 6: blistein ($107.42 in chips) 
equilibrium_tv: posts small blind $0.50
blistein: posts big blind $1
*** HOLE CARDS ***
b2k-Snick: folds 
fobot21: raises $1 to $2
coeeeelho: folds 
CapoDiTutti17: calls $2
equilibrium_tv: folds 
blistein: folds 
*** FLOP *** [3s 8c Ks]
fobot21: bets $77.23
CapoDiTutti17: folds 
Uncalled bet ($77.23) returned to fobot21
fobot21 collected $5.22 from pot
fobot21: doesn't show hand 
*** SUMMARY ***
Total pot $5.50 | Rake $0.28 
Board [3s 8c Ks]
Seat 1: b2k-Snick folded before Flop (didn't bet)
Seat 2: fobot21 collected ($5.22)
Seat 3: coeeeelho folded before Flop (didn't bet)
Seat 4: CapoDiTutti17 (button) folded on the Flop
Seat 5: equilibrium_tv (small blind) folded before Flop
Seat 6: blistein (big blind) folded before Flop



PokerStars Hand #254276511664:  Hold'em No Limit ($0.50/$1.00 USD) - 2025/01/09 12:00:20 WET [2025/01/09 7:00:20 ET]
Table 'Shura II' 6-max Seat #5 is the button
Seat 1: b2k-Snick ($103.50 in chips) 
Seat 2: fobot21 ($108.48 in chips) 
Seat 3: coeeeelho ($100 in chips) 
Seat 4: CapoDiTutti17 ($11.78 in chips) 
Seat 5: equilibrium_tv ($42.85 in chips) 
Seat 6: blistein ($106.42 in chips) 
blistein: posts small blind $0.50
b2k-Snick: posts big blind $1
*** HOLE CARDS ***
fobot21: raises $1 to $2
coeeeelho: folds 
CapoDiTutti17: calls $2
equilibrium_tv: folds 
blistein: folds 
b2k-Snick: folds 
*** FLOP *** [Qs 7c 8s]
fobot21: bets $3.97
CapoDiTutti17: calls $3.97
*** TURN *** [Qs 7c 8s] [6s]
fobot21: bets $8.51
CapoDiTutti17: calls $5.81 and is all-in
Uncalled bet ($2.70) returned to fobot21
*** RIVER *** [Qs 7c 8s 6s] [6d]
*** SHOW DOWN ***
fobot21: shows [Qd Jh] (two pair, Queens and Sixes)
CapoDiTutti17: shows [4d 7s] (two pair, Sevens and Sixes)
fobot21 collected $23.81 from pot
*** SUMMARY ***
Total pot $25.06 | Rake $1.25 
Board [Qs 7c 8s 6s 6d]
Seat 1: b2k-Snick (big blind) folded before Flop
Seat 2: fobot21 showed [Qd Jh] and won ($23.81) with two pair, Queens and Sixes
Seat 3: coeeeelho folded before Flop (didn't bet)
Seat 4: CapoDiTutti17 showed [4d 7s] and lost with two pair, Sevens and Sixes
Seat 5: equilibrium_tv (button) folded before Flop (didn't bet)
Seat 6: blistein (small blind) folded before Flop



PokerStars Hand #254276518816:  Hold'em No Limit ($0.50/$1.00 USD) - 2025/01/09 12:01:16 WET [2025/01/09 7:01:16 ET]
Table 'Shura II' 6-max Seat #6 is the button
Seat 4: CapoDiTutti17 ($0 in chips) is sitting out
Seat 1: b2k-Snick ($102.50 in chips) 
Seat 2: fobot21 ($120.51 in chips) 
Seat 3: coeeeelho ($100 in chips) 
Seat 5: equilibrium_tv ($42.85 in chips) 
Seat 6: blistein ($105.92 in chips) 
b2k-Snick: posts small blind $0.50
fobot21: posts big blind $1
*** HOLE CARDS ***
CapoDiTutti17 leaves the table
coeeeelho: folds 
equilibrium_tv: raises $1 to $2
blistein: folds 
b2k-Snick: folds 
fobot21: folds 
Uncalled bet ($1) returned to equilibrium_tv
equilibrium_tv collected $2.50 from pot
*** SUMMARY ***
Total pot $2.50 | Rake $0 
Seat 4: CapoDiTutti17
Seat 1: b2k-Snick (small blind) folded before Flop
Seat 2: fobot21 (big blind) folded before Flop
Seat 3: coeeeelho folded before Flop (didn't bet)
Seat 5: equilibrium_tv collected ($2.50)
Seat 6: blistein (button) folded before Flop (didn't bet)



PokerStars Hand #254276522450:  Hold'em No Limit ($0.50/$1.00 USD) - 2025/01/09 12:01:43 WET [2025/01/09 7:01:43 ET]
Table 'Shura II' 6-max Seat #1 is the button
Seat 5: equilibrium_tv ($44.35 in chips) is sitting out
Seat 1: b2k-Snick ($102 in chips) 
Seat 2: fobot21 ($119.51 in chips) 
Seat 3: coeeeelho ($100 in chips) 
Seat 6: blistein ($105.92 in chips) 
fobot21: posts small blind $0.50
coeeeelho: posts big blind $1
*** HOLE CARDS ***
XattexStomil joins the table at seat #4 
equilibrium_tv leaves the table
blistein: folds 
b2k-Snick: raises $1.50 to $2.50
fobot21: folds 
coeeeelho: calls $1.50
*** FLOP *** [3h 3c Jh]
coeeeelho: checks 
b2k-Snick: checks 
*** TURN *** [3h 3c Jh] [9c]
coeeeelho: checks 
b2k-Snick: bets $1.72
coeeeelho: calls $1.72
*** RIVER *** [3h 3c Jh 9c] [Qs]
coeeeelho: checks 
b2k-Snick: bets $15
coeeeelho: folds 
Uncalled bet ($15) returned to b2k-Snick
b2k-Snick collected $8.49 from pot
b2k-Snick: doesn't show hand 
*** SUMMARY ***
Total pot $8.94 | Rake $0.45 
Board [3h 3c Jh 9c Qs]
Seat 5: equilibrium_tv
Seat 1: b2k-Snick (button) collected ($8.49)
Seat 2: fobot21 (small blind) folded before Flop
Seat 3: coeeeelho (big blind) folded on the River
Seat 6: blistein folded before Flop (didn't bet)



PokerStars Hand #254276533722:  Hold'em No Limit ($0.50/$1.00 USD) - 2025/01/09 12:03:07 WET [2025/01/09 7:03:07 ET]
Table 'Shura II' 6-max Seat #2 is the button
Seat 1: b2k-Snick ($106.27 in chips) 
Seat 2: fobot21 ($119.01 in chips) 
Seat 3: coeeeelho ($100 in chips) 
Seat 4: XattexStomil ($100 in chips) 
Seat 6: blistein ($105.92 in chips) 
coeeeelho: posts small blind $0.50
XattexStomil: posts big blind $1
*** HOLE CARDS ***
blistein: folds 
b2k-Snick: raises $1.50 to $2.50
fobot21: folds 
coeeeelho: folds 
XattexStomil: folds 
Uncalled bet ($1.50) returned to b2k-Snick
b2k-Snick collected $2.50 from pot
b2k-Snick: doesn't show hand 
*** SUMMARY ***
Total pot $2.50 | Rake $0 
Seat 1: b2k-Snick collected ($2.50)
Seat 2: fobot21 (button) folded before Flop (didn't bet)
Seat 3: coeeeelho (small blind) folded before Flop
Seat 4: XattexStomil (big blind) folded before Flop
Seat 6: blistein folded before Flop (didn't bet)



PokerStars Hand #254276547428:  Hold'em No Limit ($0.50/$1.00 USD) - 2025/01/09 12:04:49 WET [2025/01/09 7:04:49 ET]
Table 'Shura II' 6-max Seat #4 is the button
Seat 1: blistein ($105.92 in chips) 
Seat 2: fobot21 ($119.01 in chips) 
Seat 4: XattexStomil ($100 in chips) 
Seat 6: Dr. Fvinagre ($19.56 in chips) 
Dr. Fvinagre: posts small blind $0.50
blistein: posts big blind $1
*** HOLE CARDS ***
fobot21: raises $1.50 to $2.50
XattexStomil: folds 
Dr. Fvinagre: folds 
blistein: folds 
Uncalled bet ($1.50) returned to fobot21
fobot21 collected $2.50 from pot
fobot21: doesn't show hand 
*** SUMMARY ***
Total pot $2.50 | Rake $0 
Seat 1: blistein (big blind) folded before Flop
Seat 2: fobot21 collected ($2.50)
Seat 4: XattexStomil (button) folded before Flop (didn't bet)
Seat 6: Dr. Fvinagre (small blind) folded before Flop



PokerStars Hand #254276550574:  Hold'em No Limit ($0.50/$1.00 USD) - 2025/01/09 12:05:11 WET [2025/01/09 7:05:11 ET]
Table 'Shura II' 6-max Seat #6 is the button
Seat 1: blistein ($104.92 in chips) 
Seat 2: fobot21 ($120.51 in chips) 
Seat 4: XattexStomil ($100 in chips) 
Seat 6: Dr. Fvinagre ($19.06 in chips) 
blistein: posts small blind $0.50
fobot21: posts big blind $1
*** HOLE CARDS ***
XattexStomil: raises $1.50 to $2.50
ddyyjj joins the table at seat #5 
Dr. Fvinagre: raises $16.56 to $19.06 and is all-in
blistein: folds 
fobot21: folds 
XattexStomil: folds 
Uncalled bet ($16.56) returned to Dr. Fvinagre
Dr. Fvinagre collected $6.50 from pot
*** SUMMARY ***
Total pot $6.50 | Rake $0 
Seat 1: blistein (small blind) folded before Flop
Seat 2: fobot21 (big blind) folded before Flop
Seat 4: XattexStomil folded before Flop
Seat 6: Dr. Fvinagre (button) collected ($6.50)



PokerStars Hand #254276553525:  Hold'em No Limit ($0.50/$1.00 USD) - 2025/01/09 12:05:33 WET [2025/01/09 7:05:33 ET]
Table 'Shura II' 6-max Seat #1 is the button
Seat 5: ddyyjj ($100 in chips) is sitting out
Seat 1: blistein ($104.42 in chips) 
Seat 2: fobot21 ($119.51 in chips) 
Seat 4: XattexStomil ($100 in chips) 
Seat 6: Dr. Fvinagre ($23.06 in chips) 
fobot21: posts small blind $0.50
XattexStomil: posts big blind $1
ddyyjj: sits out 
*** HOLE CARDS ***
Dr. Fvinagre: folds 
blistein: raises $1.50 to $2.50
fobot21: folds 
XattexStomil: folds 
Uncalled bet ($1.50) returned to blistein
blistein collected $2.50 from pot
blistein: doesn't show hand 
*** SUMMARY ***
Total pot $2.50 | Rake $0 
Seat 5: ddyyjj
Seat 1: blistein (button) collected ($2.50)
Seat 2: fobot21 (small blind) folded before Flop
Seat 4: XattexStomil (big blind) folded before Flop
Seat 6: Dr. Fvinagre folded before Flop (didn't bet)



PokerStars Hand #254276556419:  Hold'em No Limit ($0.50/$1.00 USD) - 2025/01/09 12:05:53 WET [2025/01/09 7:05:53 ET]
Table 'Shura II' 6-max Seat #2 is the button
Seat 1: blistein ($105.92 in chips) 
Seat 2: fobot21 ($119.01 in chips) 
Seat 4: XattexStomil ($100 in chips) 
Seat 5: ddyyjj ($100 in chips) 
Seat 6: Dr. Fvinagre ($23.06 in chips) 
XattexStomil: posts small blind $0.50
ddyyjj: posts big blind $1
*** HOLE CARDS ***
Dr. Fvinagre: raises $22.06 to $23.06 and is all-in
blistein: folds 
fobot21: folds 
XattexStomil: folds 
ddyyjj: folds 
Uncalled bet ($22.06) returned to Dr. Fvinagre
Dr. Fvinagre collected $2.50 from pot
*** SUMMARY ***
Total pot $2.50 | Rake $0 
Seat 1: blistein folded before Flop (didn't bet)
Seat 2: fobot21 (button) folded before Flop (didn't bet)
Seat 4: XattexStomil (small blind) folded before Flop
Seat 5: ddyyjj (big blind) folded before Flop
Seat 6: Dr. Fvinagre collected ($2.50)



PokerStars Hand #254276558611:  Hold'em No Limit ($0.50/$1.00 USD) - 2025/01/09 12:06:10 WET [2025/01/09 7:06:10 ET]
Table 'Shura II' 6-max Seat #4 is the button
Seat 1: blistein ($105.92 in chips) 
Seat 2: fobot21 ($119.01 in chips) 
Seat 4: XattexStomil ($100 in chips) 
Seat 5: ddyyjj ($99 in chips) 
Seat 6: Dr. Fvinagre ($24.56 in chips) 
ddyyjj: posts small blind $0.50
Dr. Fvinagre: posts big blind $1
*** HOLE CARDS ***
blistein: folds 
fobot21: folds 
XattexStomil: folds 
ddyyjj: folds 
Uncalled bet ($0.50) returned to Dr. Fvinagre
Dr. Fvinagre collected $1 from pot
*** SUMMARY ***
Total pot $1 | Rake $0 
Seat 1: blistein folded before Flop (didn't bet)
Seat 2: fobot21 folded before Flop (didn't bet)
Seat 4: XattexStomil (button) folded before Flop (didn't bet)
Seat 5: ddyyjj (small blind) folded before Flop
Seat 6: Dr. Fvinagre (big blind) collected ($1)



PokerStars Hand #254276560821:  Hold'em No Limit ($0.50/$1.00 USD) - 2025/01/09 12:06:25 WET [2025/01/09 7:06:25 ET]
Table 'Shura II' 6-max Seat #5 is the button
Seat 1: blistein ($105.92 in chips) 
Seat 2: fobot21 ($119.01 in chips) 
Seat 4: XattexStomil ($100 in chips) 
Seat 5: ddyyjj ($98.50 in chips) 
Seat 6: Dr. Fvinagre ($25.06 in chips) 
Dr. Fvinagre: posts small blind $0.50
blistein: posts big blind $1
*** HOLE CARDS ***
fobot21: folds 
fobot21 leaves the table
XattexStomil: folds 
ddyyjj: folds 
Dr. Fvinagre: calls $0.50
blistein: checks 
*** FLOP *** [5d Ac 8c]
Dr. Fvinagre: bets $1
blistein: folds 
Uncalled bet ($1) returned to Dr. Fvinagre
Dr. Fvinagre collected $1.90 from pot
*** SUMMARY ***
Total pot $2 | Rake $0.10 
Board [5d Ac 8c]
Seat 1: blistein (big blind) folded on the Flop
Seat 2: fobot21 folded before Flop (didn't bet)
Seat 4: XattexStomil folded before Flop (didn't bet)
Seat 5: ddyyjj (button) folded before Flop (didn't bet)
Seat 6: Dr. Fvinagre (small blind) collected ($1.90)



PokerStars Hand #254276565932:  Hold'em No Limit ($0.50/$1.00 USD) - 2025/01/09 12:07:03 WET [2025/01/09 7:07:03 ET]
Table 'Shura II' 6-max Seat #6 is the button
Seat 1: blistein ($104.92 in chips) 
Seat 4: XattexStomil ($100 in chips) 
Seat 5: ddyyjj ($98.50 in chips) 
Seat 6: Dr. Fvinagre ($25.96 in chips) 
blistein: posts small blind $0.50
XattexStomil: posts big blind $1
*** HOLE CARDS ***
ddyyjj: raises $1.50 to $2.50
Dr. Fvinagre: folds 
blistein: folds 
XattexStomil: folds 
Uncalled bet ($1.50) returned to ddyyjj
ddyyjj collected $2.50 from pot
ddyyjj: doesn't show hand 
*** SUMMARY ***
Total pot $2.50 | Rake $0 
Seat 1: blistein (small blind) folded before Flop
Seat 4: XattexStomil (big blind) folded before Flop
Seat 5: ddyyjj collected ($2.50)
Seat 6: Dr. Fvinagre (button) folded before Flop (didn't bet)



PokerStars Hand #254276567827:  Hold'em No Limit ($0.50/$1.00 USD) - 2025/01/09 12:07:17 WET [2025/01/09 7:07:17 ET]
Table 'Shura II' 6-max Seat #1 is the button
Seat 1: blistein ($104.42 in chips) 
Seat 4: XattexStomil ($100 in chips) 
Seat 5: ddyyjj ($100 in chips) 
Seat 6: Dr. Fvinagre ($25.96 in chips) 
XattexStomil: posts small blind $0.50
ddyyjj: posts big blind $1
*** HOLE CARDS ***
Dr. Fvinagre: folds 
blistein: folds 
XattexStomil: folds 
Uncalled bet ($0.50) returned to ddyyjj
ddyyjj collected $1 from pot
ddyyjj: doesn't show hand 
*** SUMMARY ***
Total pot $1 | Rake $0 
Seat 1: blistein (button) folded before Flop (didn't bet)
Seat 4: XattexStomil (small blind) folded before Flop
Seat 5: ddyyjj (big blind) collected ($1)
Seat 6: Dr. Fvinagre folded before Flop (didn't bet)



PokerStars Hand #254276569388:  Hold'em No Limit ($0.50/$1.00 USD) - 2025/01/09 12:07:28 WET [2025/01/09 7:07:28 ET]
Table 'Shura II' 6-max Seat #4 is the button
Seat 1: blistein ($104.42 in chips) 
Seat 4: XattexStomil ($100 in chips) 
Seat 5: ddyyjj ($100.50 in chips) 
Seat 6: Dr. Fvinagre ($25.96 in chips) 
ddyyjj: posts small blind $0.50
Dr. Fvinagre: posts big blind $1
*** HOLE CARDS ***
blistein: raises $1.30 to $2.30
XattexStomil: folds 
ddyyjj: calls $1.80
Dr. Fvinagre: calls $1.30
*** FLOP *** [4s Jd 6s]
ddyyjj: checks 
Dr. Fvinagre: checks 
blistein: checks 
*** TURN *** [4s Jd 6s] [Td]
jesperb1982 joins the table at seat #3 
jesperb1982 is disconnected 
ddyyjj: bets $2.95
Dr. Fvinagre: raises $20.71 to $23.66 and is all-in
blistein: folds 
ddyyjj: folds 
Uncalled bet ($20.71) returned to Dr. Fvinagre
Dr. Fvinagre collected $12.16 from pot
*** SUMMARY ***
Total pot $12.80 | Rake $0.64 
Board [4s Jd 6s Td]
Seat 1: blistein folded on the Turn
Seat 4: XattexStomil (button) folded before Flop (didn't bet)
Seat 5: ddyyjj (small blind) folded on the Turn
Seat 6: Dr. Fvinagre (big blind) collected ($12.16)



PokerStars Hand #254276577116:  Hold'em No Limit ($0.50/$1.00 USD) - 2025/01/09 12:08:25 WET [2025/01/09 7:08:25 ET]
Table 'Shura II' 6-max Seat #5 is the button
Seat 3: jesperb1982 ($66.95 in chips) is sitting out
Seat 1: blistein ($102.12 in chips) 
Seat 4: XattexStomil ($100 in chips) 
Seat 5: ddyyjj ($95.25 in chips) 
Seat 6: Dr. Fvinagre ($32.87 in chips) 
Dr. Fvinagre: posts small blind $0.50
blistein: posts big blind $1
jesperb1982: sits out 
*** HOLE CARDS ***
XattexStomil: folds 
ddyyjj: folds 
Dr. Fvinagre: raises $2 to $3
blistein: folds 
Uncalled bet ($2) returned to Dr. Fvinagre
Dr. Fvinagre collected $2 from pot
TheBraveGirl joins the table at seat #2 
*** SUMMARY ***
Total pot $2 | Rake $0 
Seat 3: jesperb1982
Seat 1: blistein (big blind) folded before Flop
Seat 4: XattexStomil folded before Flop (didn't bet)
Seat 5: ddyyjj (button) folded before Flop (didn't bet)
Seat 6: Dr. Fvinagre (small blind) collected ($2)



PokerStars Hand #254276579577:  Hold'em No Limit ($0.50/$1.00 USD) - 2025/01/09 12:08:43 WET [2025/01/09 7:08:43 ET]
Table 'Shura II' 6-max Seat #6 is the button
Seat 3: jesperb1982 ($66.95 in chips) is sitting out
Seat 1: blistein ($101.12 in chips) 
Seat 2: TheBraveGirl ($100 in chips) 
Seat 4: XattexStomil ($100 in chips) 
Seat 5: ddyyjj ($95.25 in chips) 
Seat 6: Dr. Fvinagre ($33.87 in chips) 
blistein: posts small blind $0.50
TheBraveGirl is connected 
TheBraveGirl: posts big blind $1
jesperb1982: sits out 
*** HOLE CARDS ***
XattexStomil: raises $1.50 to $2.50
ddyyjj: folds 
Dr. Fvinagre: raises $6.50 to $9
blistein: folds 
TheBraveGirl: folds 
XattexStomil: raises $13.50 to $22.50
Dr. Fvinagre: raises $11.37 to $33.87 and is all-in
XattexStomil: calls $11.37
Dr. Fvinagre has timed out
*** FLOP *** [Jc Kc 9d]
*** TURN *** [Jc Kc 9d] [8s]
*** RIVER *** [Jc Kc 9d 8s] [Qd]
*** SHOW DOWN ***
XattexStomil: shows [Ac Ad] (a pair of Aces)
Dr. Fvinagre: shows [7d 7c] (a pair of Sevens)
XattexStomil collected $66.74 from pot
*** SUMMARY ***
Total pot $69.24 | Rake $2.50 
Board [Jc Kc 9d 8s Qd]
Seat 3: jesperb1982
Seat 1: blistein (small blind) folded before Flop
Seat 2: TheBraveGirl (big blind) folded before Flop
Seat 4: XattexStomil showed [Ac Ad] and won ($66.74) with a pair of Aces
Seat 5: ddyyjj folded before Flop (didn't bet)
Seat 6: Dr. Fvinagre (button) showed [7d 7c] and lost with a pair of Sevens



PokerStars Hand #254276588839:  Hold'em No Limit ($0.50/$1.00 USD) - 2025/01/09 12:09:51 WET [2025/01/09 7:09:51 ET]
Table 'Shura II' 6-max Seat #1 is the button
Seat 6: Dr. Fvinagre ($0 in chips) is sitting out
Seat 1: blistein ($100.62 in chips) 
Seat 2: TheBraveGirl ($100 in chips) 
Seat 3: jesperb1982 ($66.95 in chips) 
Seat 4: XattexStomil ($132.87 in chips) 
Seat 5: ddyyjj ($95.25 in chips) 
TheBraveGirl: posts small blind $0.50
jesperb1982: posts big blind $1
*** HOLE CARDS ***
XattexStomil: folds 
ddyyjj: folds 
blistein: folds 
TheBraveGirl: folds 
Uncalled bet ($0.50) returned to jesperb1982
jesperb1982 collected $1 from pot
blistein leaves the table
*** SUMMARY ***
Total pot $1 | Rake $0 
Seat 6: Dr. Fvinagre
Seat 1: blistein (button) folded before Flop (didn't bet)
Seat 2: TheBraveGirl (small blind) folded before Flop
Seat 3: jesperb1982 (big blind) collected ($1)
Seat 4: XattexStomil folded before Flop (didn't bet)
Seat 5: ddyyjj folded before Flop (didn't bet)



PokerStars Hand #254276590833:  Hold'em No Limit ($0.50/$1.00 USD) - 2025/01/09 12:10:05 WET [2025/01/09 7:10:05 ET]
Table 'Shura II' 6-max Seat #2 is the button
Seat 2: TheBraveGirl ($100 in chips) 
Seat 3: jesperb1982 ($67.45 in chips) 
Seat 4: XattexStomil ($132.87 in chips) 
Seat 5: ddyyjj ($95.25 in chips) 
Seat 6: Dr. Fvinagre ($20.12 in chips) 
jesperb1982: posts small blind $0.50
XattexStomil: posts big blind $1
*** HOLE CARDS ***
ddyyjj: folds 
Dr. Fvinagre: folds 
TheBraveGirl: folds 
jesperb1982: raises $2 to $3
coeeeelho joins the table at seat #1 
XattexStomil: folds 
Uncalled bet ($2) returned to jesperb1982
jesperb1982 collected $2 from pot
*** SUMMARY ***
Total pot $2 | Rake $0 
Seat 2: TheBraveGirl (button) folded before Flop (didn't bet)
Seat 3: jesperb1982 (small blind) collected ($2)
Seat 4: XattexStomil (big blind) folded before Flop
Seat 5: ddyyjj folded before Flop (didn't bet)
Seat 6: Dr. Fvinagre folded before Flop (didn't bet)



PokerStars Hand #254276594058:  Hold'em No Limit ($0.50/$1.00 USD) - 2025/01/09 12:10:29 WET [2025/01/09 7:10:29 ET]
Table 'Shura II' 6-max Seat #3 is the button
Seat 1: coeeeelho ($100 in chips) is sitting out
Seat 2: TheBraveGirl ($100 in chips) 
Seat 3: jesperb1982 ($68.45 in chips) 
Seat 4: XattexStomil ($131.87 in chips) 
Seat 5: ddyyjj ($95.25 in chips) 
Seat 6: Dr. Fvinagre ($20.12 in chips) 
XattexStomil: posts small blind $0.50
ddyyjj: posts big blind $1
coeeeelho: sits out 
*** HOLE CARDS ***
Dr. Fvinagre: folds 
TheBraveGirl: folds 
jesperb1982: folds 
XattexStomil: raises $2 to $3
ddyyjj: folds 
Uncalled bet ($2) returned to XattexStomil
XattexStomil collected $2 from pot
XattexStomil: doesn't show hand 
*** SUMMARY ***
Total pot $2 | Rake $0 
Seat 1: coeeeelho
Seat 2: TheBraveGirl folded before Flop (didn't bet)
Seat 3: jesperb1982 (button) folded before Flop (didn't bet)
Seat 4: XattexStomil (small blind) collected ($2)
Seat 5: ddyyjj (big blind) folded before Flop
Seat 6: Dr. Fvinagre folded before Flop (didn't bet)



PokerStars Hand #254276598777:  Hold'em No Limit ($0.50/$1.00 USD) - 2025/01/09 12:11:02 WET [2025/01/09 7:11:02 ET]
Table 'Shura II' 6-max Seat #4 is the button
Seat 1: coeeeelho ($100 in chips) is sitting out
Seat 2: TheBraveGirl ($100 in chips) 
Seat 3: jesperb1982 ($68.45 in chips) 
Seat 4: XattexStomil ($132.87 in chips) 
Seat 5: ddyyjj ($94.25 in chips) 
Seat 6: Dr. Fvinagre ($20.12 in chips) 
ddyyjj: posts small blind $0.50
Dr. Fvinagre: posts big blind $1
coeeeelho: sits out 
*** HOLE CARDS ***
TheBraveGirl: folds 
jesperb1982: folds 
XattexStomil: folds 
ddyyjj: folds 
Uncalled bet ($0.50) returned to Dr. Fvinagre
Dr. Fvinagre collected $1 from pot
*** SUMMARY ***
Total pot $1 | Rake $0 
Seat 1: coeeeelho
Seat 2: TheBraveGirl folded before Flop (didn't bet)
Seat 3: jesperb1982 folded before Flop (didn't bet)
Seat 4: XattexStomil (button) folded before Flop (didn't bet)
Seat 5: ddyyjj (small blind) folded before Flop
Seat 6: Dr. Fvinagre (big blind) collected ($1)



PokerStars Hand #254276600924:  Hold'em No Limit ($0.50/$1.00 USD) - 2025/01/09 12:11:18 WET [2025/01/09 7:11:18 ET]
Table 'Shura II' 6-max Seat #5 is the button
Seat 1: coeeeelho ($100 in chips) 
Seat 2: TheBraveGirl ($100 in chips) 
Seat 3: jesperb1982 ($68.45 in chips) 
Seat 4: XattexStomil ($132.87 in chips) 
Seat 5: ddyyjj ($93.75 in chips) 
Seat 6: Dr. Fvinagre ($20.62 in chips) 
Dr. Fvinagre: posts small blind $0.50
coeeeelho: posts big blind $1
*** HOLE CARDS ***
TheBraveGirl: folds 
jesperb1982: folds 
XattexStomil: folds 
ddyyjj: raises $1.50 to $2.50
Dr. Fvinagre: folds 
coeeeelho: calls $1.50
*** FLOP *** [5d 4h Ah]
coeeeelho: checks 
ddyyjj: bets $2.35
coeeeelho: folds 
Uncalled bet ($2.35) returned to ddyyjj
ddyyjj collected $5.22 from pot
ddyyjj: doesn't show hand 
*** SUMMARY ***
Total pot $5.50 | Rake $0.28 
Board [5d 4h Ah]
Seat 1: coeeeelho (big blind) folded on the Flop
Seat 2: TheBraveGirl folded before Flop (didn't bet)
Seat 3: jesperb1982 folded before Flop (didn't bet)
Seat 4: XattexStomil folded before Flop (didn't bet)
Seat 5: ddyyjj (button) collected ($5.22)
Seat 6: Dr. Fvinagre (small blind) folded before Flop



PokerStars Hand #254276605880:  Hold'em No Limit ($0.50/$1.00 USD) - 2025/01/09 12:11:53 WET [2025/01/09 7:11:53 ET]
Table 'Shura II' 6-max Seat #6 is the button
Seat 1: coeeeelho ($100 in chips) 
Seat 2: TheBraveGirl ($100 in chips) 
Seat 3: jesperb1982 ($68.45 in chips) 
Seat 4: XattexStomil ($132.87 in chips) 
Seat 5: ddyyjj ($96.47 in chips) 
Seat 6: Dr. Fvinagre ($20.12 in chips) 
coeeeelho: posts small blind $0.50
TheBraveGirl: posts big blind $1
*** HOLE CARDS ***
jesperb1982: folds 
XattexStomil: folds 
ddyyjj: folds 
Dr. Fvinagre: folds 
coeeeelho: raises $2 to $3
TheBraveGirl: calls $2
*** FLOP *** [Tc 2d Kc]
coeeeelho: bets $1.43
TheBraveGirl: calls $1.43
*** TURN *** [Tc 2d Kc] [8d]
coeeeelho: checks 
TheBraveGirl: bets $13.53
coeeeelho: calls $13.53
*** RIVER *** [Tc 2d Kc 8d] [Ac]
coeeeelho: checks 
TheBraveGirl: checks 
*** SHOW DOWN ***
coeeeelho: shows [Ad Td] (two pair, Aces and Tens)
TheBraveGirl: mucks hand 
coeeeelho collected $34.12 from pot
*** SUMMARY ***
Total pot $35.92 | Rake $1.80 
Board [Tc 2d Kc 8d Ac]
Seat 1: coeeeelho (small blind) showed [Ad Td] and won ($34.12) with two pair, Aces and Tens
Seat 2: TheBraveGirl (big blind) mucked
Seat 3: jesperb1982 folded before Flop (didn't bet)
Seat 4: XattexStomil folded before Flop (didn't bet)
Seat 5: ddyyjj folded before Flop (didn't bet)
Seat 6: Dr. Fvinagre (button) folded before Flop (didn't bet)



PokerStars Hand #254276616708:  Hold'em No Limit ($0.50/$1.00 USD) - 2025/01/09 12:13:11 WET [2025/01/09 7:13:11 ET]
Table 'Shura II' 6-max Seat #1 is the button
Seat 1: coeeeelho ($116.16 in chips) 
Seat 2: TheBraveGirl ($100 in chips) 
Seat 3: jesperb1982 ($68.45 in chips) 
Seat 4: XattexStomil ($132.87 in chips) 
Seat 5: ddyyjj ($96.47 in chips) 
Seat 6: Dr. Fvinagre ($20.12 in chips) 
TheBraveGirl: posts small blind $0.50
jesperb1982: posts big blind $1
*** HOLE CARDS ***
XattexStomil: folds 
XattexStomil leaves the table
ddyyjj: raises $1.50 to $2.50
Dr. Fvinagre: folds 
coeeeelho: folds 
TheBraveGirl: raises $9 to $11.50
jesperb1982: folds 
ddyyjj: calls $9
*** FLOP *** [Tc 6d Jd]
TheBraveGirl: bets $11.40
ddyyjj: folds 
Uncalled bet ($11.40) returned to TheBraveGirl
TheBraveGirl collected $22.80 from pot
TheBraveGirl: doesn't show hand 
chinokevin13 joins the table at seat #4 
*** SUMMARY ***
Total pot $24 | Rake $1.20 
Board [Tc 6d Jd]
Seat 1: coeeeelho (button) folded before Flop (didn't bet)
Seat 2: TheBraveGirl (small blind) collected ($22.80)
Seat 3: jesperb1982 (big blind) folded before Flop
Seat 4: XattexStomil folded before Flop (didn't bet)
Seat 5: ddyyjj folded on the Flop
Seat 6: Dr. Fvinagre folded before Flop (didn't bet)



PokerStars Hand #254276625003:  Hold'em No Limit ($0.50/$1.00 USD) - 2025/01/09 12:14:09 WET [2025/01/09 7:14:09 ET]
Table 'Shura II' 6-max Seat #2 is the button
Seat 1: coeeeelho ($116.16 in chips) 
Seat 2: TheBraveGirl ($111.30 in chips) 
Seat 3: jesperb1982 ($67.45 in chips) 
Seat 4: chinokevin13 ($100 in chips) 
Seat 5: ddyyjj ($84.97 in chips) 
Seat 6: Dr. Fvinagre ($20.12 in chips) 
jesperb1982: posts small blind $0.50
chinokevin13: posts big blind $1
*** HOLE CARDS ***
ddyyjj: folds 
Dr. Fvinagre: folds 
coeeeelho: folds 
TheBraveGirl: folds 
jesperb1982: raises $2 to $3
chinokevin13: calls $2
*** FLOP *** [5s 4s Ad]
jesperb1982: bets $2.85
chinokevin13: calls $2.85
*** TURN *** [5s 4s Ad] [Ah]
jesperb1982: bets $5.56
chinokevin13: calls $5.56
*** RIVER *** [5s 4s Ad Ah] [Td]
jesperb1982: checks 
chinokevin13: checks 
*** SHOW DOWN ***
jesperb1982: shows [2c Kc] (a pair of Aces)
chinokevin13: shows [Ts 6s] (two pair, Aces and Tens)
chinokevin13 collected $21.68 from pot
*** SUMMARY ***
Total pot $22.82 | Rake $1.14 
Board [5s 4s Ad Ah Td]
Seat 1: coeeeelho folded before Flop (didn't bet)
Seat 2: TheBraveGirl (button) folded before Flop (didn't bet)
Seat 3: jesperb1982 (small blind) showed [2c Kc] and lost with a pair of Aces
Seat 4: chinokevin13 (big blind) showed [Ts 6s] and won ($21.68) with two pair, Aces and Tens
Seat 5: ddyyjj folded before Flop (didn't bet)
Seat 6: Dr. Fvinagre folded before Flop (didn't bet)



PokerStars Hand #254276636471:  Hold'em No Limit ($0.50/$1.00 USD) - 2025/01/09 12:15:31 WET [2025/01/09 7:15:31 ET]
Table 'Shura II' 6-max Seat #3 is the button
Seat 1: coeeeelho ($116.16 in chips) 
Seat 2: TheBraveGirl ($111.30 in chips) 
Seat 3: jesperb1982 ($56.04 in chips) 
Seat 4: chinokevin13 ($110.27 in chips) 
Seat 5: ddyyjj ($84.97 in chips) 
Seat 6: Dr. Fvinagre ($20.12 in chips) 
chinokevin13: posts small blind $0.50
ddyyjj: posts big blind $1
*** HOLE CARDS ***
Dr. Fvinagre: folds 
coeeeelho: folds 
TheBraveGirl: raises $1 to $2
jesperb1982: calls $2
chinokevin13: folds 
ddyyjj: calls $1
*** FLOP *** [Tc 2c Js]
ddyyjj: checks 
TheBraveGirl: checks 
jesperb1982: bets $3.09
ddyyjj: folds 
TheBraveGirl: raises $15.45 to $18.54
jesperb1982: raises $15.45 to $33.99
TheBraveGirl: raises $75.31 to $109.30 and is all-in
jesperb1982: calls $20.05 and is all-in
Uncalled bet ($55.26) returned to TheBraveGirl
*** TURN *** [Tc 2c Js] [4s]
*** RIVER *** [Tc 2c Js 4s] [Ac]
*** SHOW DOWN ***
TheBraveGirl: shows [Qc Jd] (a pair of Jacks)
jesperb1982: shows [Jc Ts] (two pair, Jacks and Tens)
jesperb1982 collected $112.08 from pot
*** SUMMARY ***
Total pot $114.58 | Rake $2.50 
Board [Tc 2c Js 4s Ac]
Seat 1: coeeeelho folded before Flop (didn't bet)
Seat 2: TheBraveGirl showed [Qc Jd] and lost with a pair of Jacks
Seat 3: jesperb1982 (button) showed [Jc Ts] and won ($112.08) with two pair, Jacks and Tens
Seat 4: chinokevin13 (small blind) folded before Flop
Seat 5: ddyyjj (big blind) folded on the Flop
Seat 6: Dr. Fvinagre folded before Flop (didn't bet)



PokerStars Hand #254276646205:  Hold'em No Limit ($0.50/$1.00 USD) - 2025/01/09 12:16:39 WET [2025/01/09 7:16:39 ET]
Table 'Shura II' 6-max Seat #4 is the button
Seat 1: coeeeelho ($116.16 in chips) 
Seat 2: TheBraveGirl ($100 in chips) 
Seat 3: jesperb1982 ($112.08 in chips) 
Seat 4: chinokevin13 ($109.77 in chips) 
Seat 5: ddyyjj ($82.97 in chips) 
Seat 6: Dr. Fvinagre ($20.12 in chips) 
ddyyjj: posts small blind $0.50
Dr. Fvinagre: posts big blind $1
*** HOLE CARDS ***
coeeeelho: folds 
TheBraveGirl: folds 
jesperb1982: folds 
chinokevin13: raises $1.50 to $2.50
ddyyjj: folds 
Dr. Fvinagre: folds 
Uncalled bet ($1.50) returned to chinokevin13
chinokevin13 collected $2.50 from pot
chinokevin13: doesn't show hand 
*** SUMMARY ***
Total pot $2.50 | Rake $0 
Seat 1: coeeeelho folded before Flop (didn't bet)
Seat 2: TheBraveGirl folded before Flop (didn't bet)
Seat 3: jesperb1982 folded before Flop (didn't bet)
Seat 4: chinokevin13 (button) collected ($2.50)
Seat 5: ddyyjj (small blind) folded before Flop
Seat 6: Dr. Fvinagre (big blind) folded before Flop



PokerStars Hand #254276649790:  Hold'em No Limit ($0.50/$1.00 USD) - 2025/01/09 12:17:05 WET [2025/01/09 7:17:05 ET]
Table 'Shura II' 6-max Seat #5 is the button
Seat 1: coeeeelho ($116.16 in chips) 
Seat 2: TheBraveGirl ($100 in chips) 
Seat 3: jesperb1982 ($112.08 in chips) 
Seat 4: chinokevin13 ($111.27 in chips) 
Seat 5: ddyyjj ($82.47 in chips) 
Seat 6: Dr. Fvinagre ($19.12 in chips) 
Dr. Fvinagre: posts small blind $0.50
coeeeelho: posts big blind $1
*** HOLE CARDS ***
TheBraveGirl: folds 
jesperb1982: folds 
chinokevin13: folds 
ddyyjj: folds 
Dr. Fvinagre: calls $0.50
coeeeelho: checks 
*** FLOP *** [Kh 8h 6s]
Dr. Fvinagre: checks 
coeeeelho: bets $1
Dr. Fvinagre: folds 
Uncalled bet ($1) returned to coeeeelho
coeeeelho collected $1.90 from pot
*** SUMMARY ***
Total pot $2 | Rake $0.10 
Board [Kh 8h 6s]
Seat 1: coeeeelho (big blind) collected ($1.90)
Seat 2: TheBraveGirl folded before Flop (didn't bet)
Seat 3: jesperb1982 folded before Flop (didn't bet)
Seat 4: chinokevin13 folded before Flop (didn't bet)
Seat 5: ddyyjj (button) folded before Flop (didn't bet)
Seat 6: Dr. Fvinagre (small blind) folded on the Flop



PokerStars Hand #254276657132:  Hold'em No Limit ($0.50/$1.00 USD) - 2025/01/09 12:17:56 WET [2025/01/09 7:17:56 ET]
Table 'Shura II' 6-max Seat #6 is the button
Seat 1: coeeeelho ($117.06 in chips) 
Seat 2: TheBraveGirl ($100 in chips) 
Seat 3: jesperb1982 ($112.08 in chips) 
Seat 4: chinokevin13 ($111.27 in chips) 
Seat 5: ddyyjj ($82.47 in chips) 
Seat 6: Dr. Fvinagre ($18.12 in chips) 
coeeeelho: posts small blind $0.50
TheBraveGirl: posts big blind $1
*** HOLE CARDS ***
jesperb1982: folds 
chinokevin13: folds 
ddyyjj: folds 
Dr. Fvinagre: folds 
coeeeelho: raises $2 to $3
TheBraveGirl: folds 
Uncalled bet ($2) returned to coeeeelho
coeeeelho collected $2 from pot
*** SUMMARY ***
Total pot $2 | Rake $0 
Seat 1: coeeeelho (small blind) collected ($2)
Seat 2: TheBraveGirl (big blind) folded before Flop
Seat 3: jesperb1982 folded before Flop (didn't bet)
Seat 4: chinokevin13 folded before Flop (didn't bet)
Seat 5: ddyyjj folded before Flop (didn't bet)
Seat 6: Dr. Fvinagre (button) folded before Flop (didn't bet)



PokerStars Hand #254276660602:  Hold'em No Limit ($0.50/$1.00 USD) - 2025/01/09 12:18:21 WET [2025/01/09 7:18:21 ET]
Table 'Shura II' 6-max Seat #2 is the button
Seat 2: TheBraveGirl ($100 in chips) 
Seat 3: jesperb1982 ($112.08 in chips) 
Seat 4: chinokevin13 ($111.27 in chips) 
Seat 5: ddyyjj ($82.47 in chips) 
Seat 6: Dr. Fvinagre ($18.12 in chips) 
jesperb1982: posts small blind $0.50
chinokevin13: posts big blind $1
*** HOLE CARDS ***
ddyyjj: folds 
Dr. Fvinagre: folds 
TheBraveGirl: raises $1 to $2
jesperb1982: calls $1.50
chinokevin13: folds 
*** FLOP *** [Kd 9s 3h]
CallMeeeCraig joins the table at seat #1 
jesperb1982: bets $2.38
TheBraveGirl: calls $2.38
*** TURN *** [Kd 9s 3h] [Ad]
jesperb1982: checks 
TheBraveGirl: bets $2.60
jesperb1982: calls $2.60
*** RIVER *** [Kd 9s 3h Ad] [9d]
jesperb1982: checks 
TheBraveGirl: bets $7.11
jesperb1982: raises $7.11 to $14.22
TheBraveGirl: calls $7.11
*** SHOW DOWN ***
jesperb1982: shows [9c Qh] (three of a kind, Nines)
TheBraveGirl: mucks hand 
jesperb1982 collected $41.23 from pot
*** SUMMARY ***
Total pot $43.40 | Rake $2.17 
Board [Kd 9s 3h Ad 9d]
Seat 2: TheBraveGirl (button) mucked
Seat 3: jesperb1982 (small blind) showed [9c Qh] and won ($41.23) with three of a kind, Nines
Seat 4: chinokevin13 (big blind) folded before Flop
Seat 5: ddyyjj folded before Flop (didn't bet)
Seat 6: Dr. Fvinagre folded before Flop (didn't bet)



PokerStars Hand #254276666987:  Hold'em No Limit ($0.50/$1.00 USD) - 2025/01/09 12:19:05 WET [2025/01/09 7:19:05 ET]
Table 'Shura II' 6-max Seat #3 is the button
Seat 1: CallMeeeCraig ($100 in chips) is sitting out
Seat 2: TheBraveGirl ($100 in chips) 
Seat 3: jesperb1982 ($132.11 in chips) 
Seat 4: chinokevin13 ($110.27 in chips) 
Seat 5: ddyyjj ($82.47 in chips) 
Seat 6: Dr. Fvinagre ($18.12 in chips) 
chinokevin13: posts small blind $0.50
ddyyjj: posts big blind $1
CallMeeeCraig: sits out 
*** HOLE CARDS ***
Dr. Fvinagre: folds 
TheBraveGirl: folds 
jesperb1982: folds 
chinokevin13: folds 
Uncalled bet ($0.50) returned to ddyyjj
ddyyjj collected $1 from pot
ddyyjj: doesn't show hand 
*** SUMMARY ***
Total pot $1 | Rake $0 
Seat 1: CallMeeeCraig
Seat 2: TheBraveGirl folded before Flop (didn't bet)
Seat 3: jesperb1982 (button) folded before Flop (didn't bet)
Seat 4: chinokevin13 (small blind) folded before Flop
Seat 5: ddyyjj (big blind) collected ($1)
Seat 6: Dr. Fvinagre folded before Flop (didn't bet)



PokerStars Hand #254276669614:  Hold'em No Limit ($0.50/$1.00 USD) - 2025/01/09 12:19:24 WET [2025/01/09 7:19:24 ET]
Table 'Shura II' 6-max Seat #4 is the button
Seat 1: CallMeeeCraig ($100 in chips) is sitting out
Seat 2: TheBraveGirl ($100 in chips) 
Seat 3: jesperb1982 ($132.11 in chips) 
Seat 4: chinokevin13 ($109.77 in chips) 
Seat 5: ddyyjj ($82.97 in chips) 
Seat 6: Dr. Fvinagre ($18.12 in chips) 
ddyyjj: posts small blind $0.50
Dr. Fvinagre: posts big blind $1
CallMeeeCraig: sits out 
*** HOLE CARDS ***
TheBraveGirl: folds 
jesperb1982: folds 
chinokevin13: raises $1.50 to $2.50
ddyyjj: folds 
Dr. Fvinagre: folds 
Uncalled bet ($1.50) returned to chinokevin13
ddyyjj leaves the table
chinokevin13 collected $2.50 from pot
chinokevin13: doesn't show hand 
*** SUMMARY ***
Total pot $2.50 | Rake $0 
Seat 1: CallMeeeCraig
Seat 2: TheBraveGirl folded before Flop (didn't bet)
Seat 3: jesperb1982 folded before Flop (didn't bet)
Seat 4: chinokevin13 (button) collected ($2.50)
Seat 5: ddyyjj (small blind) folded before Flop
Seat 6: Dr. Fvinagre (big blind) folded before Flop



PokerStars Hand #254276671861:  Hold'em No Limit ($0.50/$1.00 USD) - 2025/01/09 12:19:40 WET [2025/01/09 7:19:40 ET]
Table 'Shura II' 6-max Seat #6 is the button
Seat 1: CallMeeeCraig ($100 in chips) is sitting out
Seat 2: TheBraveGirl ($100 in chips) 
Seat 3: jesperb1982 ($132.11 in chips) 
Seat 4: chinokevin13 ($111.27 in chips) 
Seat 6: Dr. Fvinagre ($17.12 in chips) 
TheBraveGirl: posts small blind $0.50
jesperb1982: posts big blind $1
*** HOLE CARDS ***
chinokevin13: folds 
Dr. Fvinagre: folds 
TheBraveGirl: folds 
Uncalled bet ($0.50) returned to jesperb1982
shootingGRID joins the table at seat #5 
jesperb1982 collected $1 from pot
*** SUMMARY ***
Total pot $1 | Rake $0 
Seat 1: CallMeeeCraig
Seat 2: TheBraveGirl (small blind) folded before Flop
Seat 3: jesperb1982 (big blind) collected ($1)
Seat 4: chinokevin13 folded before Flop (didn't bet)
Seat 6: Dr. Fvinagre (button) folded before Flop (didn't bet)



PokerStars Hand #254276674122:  Hold'em No Limit ($0.50/$1.00 USD) - 2025/01/09 12:19:56 WET [2025/01/09 7:19:56 ET]
Table 'Shura II' 6-max Seat #2 is the button
Seat 1: CallMeeeCraig ($100 in chips) is sitting out
Seat 5: shootingGRID ($100 in chips) is sitting out
Seat 2: TheBraveGirl ($100 in chips) 
Seat 3: jesperb1982 ($132.61 in chips) 
Seat 4: chinokevin13 ($111.27 in chips) 
Seat 6: Dr. Fvinagre ($17.12 in chips) 
jesperb1982: posts small blind $0.50
chinokevin13: posts big blind $1
shootingGRID: sits out 
CallMeeeCraig: sits out 
*** HOLE CARDS ***
Dr. Fvinagre: folds 
TheBraveGirl: raises $2.50 to $3.50
jesperb1982: folds 
chinokevin13: calls $2.50
*** FLOP *** [Ad Th Ks]
chinokevin13: checks 
TheBraveGirl: bets $1.99
chinokevin13: calls $1.99
*** TURN *** [Ad Th Ks] [2d]
chinokevin13: checks 
TheBraveGirl: bets $8.18
chinokevin13: folds 
Uncalled bet ($8.18) returned to TheBraveGirl
TheBraveGirl collected $10.91 from pot
TheBraveGirl: doesn't show hand 
*** SUMMARY ***
Total pot $11.48 | Rake $0.57 
Board [Ad Th Ks 2d]
Seat 1: CallMeeeCraig
Seat 5: shootingGRID
Seat 2: TheBraveGirl (button) collected ($10.91)
Seat 3: jesperb1982 (small blind) folded before Flop
Seat 4: chinokevin13 (big blind) folded on the Turn
Seat 6: Dr. Fvinagre folded before Flop (didn't bet)



PokerStars Hand #254276683696:  Hold'em No Limit ($0.50/$1.00 USD) - 2025/01/09 12:21:05 WET [2025/01/09 7:21:05 ET]
Table 'Shura II' 6-max Seat #3 is the button
Seat 1: CallMeeeCraig ($100 in chips) is sitting out
Seat 2: TheBraveGirl ($105.42 in chips) 
Seat 3: jesperb1982 ($132.11 in chips) 
Seat 4: chinokevin13 ($105.78 in chips) 
Seat 5: shootingGRID ($100 in chips) 
Seat 6: Dr. Fvinagre ($17.12 in chips) 
chinokevin13: posts small blind $0.50
shootingGRID: posts big blind $1
CallMeeeCraig: sits out 
*** HOLE CARDS ***
Dr. Fvinagre: raises $16.12 to $17.12 and is all-in
TheBraveGirl: folds 
jesperb1982: folds 
chinokevin13: folds 
shootingGRID: folds 
Uncalled bet ($16.12) returned to Dr. Fvinagre
Dr. Fvinagre collected $2.50 from pot
*** SUMMARY ***
Total pot $2.50 | Rake $0 
Seat 1: CallMeeeCraig
Seat 2: TheBraveGirl folded before Flop (didn't bet)
Seat 3: jesperb1982 (button) folded before Flop (didn't bet)
Seat 4: chinokevin13 (small blind) folded before Flop
Seat 5: shootingGRID (big blind) folded before Flop
Seat 6: Dr. Fvinagre collected ($2.50)



PokerStars Hand #254276687042:  Hold'em No Limit ($0.50/$1.00 USD) - 2025/01/09 12:21:29 WET [2025/01/09 7:21:29 ET]
Table 'Shura II' 6-max Seat #4 is the button
Seat 1: CallMeeeCraig ($100 in chips) is sitting out
Seat 2: TheBraveGirl ($105.42 in chips) 
Seat 3: jesperb1982 ($132.11 in chips) 
Seat 4: chinokevin13 ($105.28 in chips) 
Seat 5: shootingGRID ($100 in chips) 
Seat 6: Dr. Fvinagre ($18.62 in chips) 
shootingGRID: posts small blind $0.50
Dr. Fvinagre: posts big blind $1
CallMeeeCraig: sits out 
*** HOLE CARDS ***
TheBraveGirl: folds 
jesperb1982: folds 
chinokevin13: folds 
shootingGRID: folds 
Uncalled bet ($0.50) returned to Dr. Fvinagre
Dr. Fvinagre collected $1 from pot
*** SUMMARY ***
Total pot $1 | Rake $0 
Seat 1: CallMeeeCraig
Seat 2: TheBraveGirl folded before Flop (didn't bet)
Seat 3: jesperb1982 folded before Flop (didn't bet)
Seat 4: chinokevin13 (button) folded before Flop (didn't bet)
Seat 5: shootingGRID (small blind) folded before Flop
Seat 6: Dr. Fvinagre (big blind) collected ($1)



PokerStars Hand #254276689127:  Hold'em No Limit ($0.50/$1.00 USD) - 2025/01/09 12:21:44 WET [2025/01/09 7:21:44 ET]
Table 'Shura II' 6-max Seat #5 is the button
Seat 1: CallMeeeCraig ($100 in chips) 
Seat 2: TheBraveGirl ($105.42 in chips) 
Seat 3: jesperb1982 ($132.11 in chips) 
Seat 4: chinokevin13 ($105.28 in chips) 
Seat 5: shootingGRID ($100 in chips) 
Seat 6: Dr. Fvinagre ($19.12 in chips) 
Dr. Fvinagre: posts small blind $0.50
CallMeeeCraig: posts big blind $1
*** HOLE CARDS ***
TheBraveGirl: folds 
jesperb1982: folds 
chinokevin13: folds 
shootingGRID: folds 
Dr. Fvinagre: raises $18.12 to $19.12 and is all-in
CallMeeeCraig: folds 
Uncalled bet ($18.12) returned to Dr. Fvinagre
Dr. Fvinagre collected $2 from pot
*** SUMMARY ***
Total pot $2 | Rake $0 
Seat 1: CallMeeeCraig (big blind) folded before Flop
Seat 2: TheBraveGirl folded before Flop (didn't bet)
Seat 3: jesperb1982 folded before Flop (didn't bet)
Seat 4: chinokevin13 folded before Flop (didn't bet)
Seat 5: shootingGRID (button) folded before Flop (didn't bet)
Seat 6: Dr. Fvinagre (small blind) collected ($2)



PokerStars Hand #254276693931:  Hold'em No Limit ($0.50/$1.00 USD) - 2025/01/09 12:22:18 WET [2025/01/09 7:22:18 ET]
Table 'Shura II' 6-max Seat #6 is the button
Seat 1: CallMeeeCraig ($100 in chips) 
Seat 2: TheBraveGirl ($105.42 in chips) 
Seat 3: jesperb1982 ($132.11 in chips) 
Seat 4: chinokevin13 ($105.28 in chips) 
Seat 5: shootingGRID ($100 in chips) 
Seat 6: Dr. Fvinagre ($20.12 in chips) 
CallMeeeCraig: posts small blind $0.50
TheBraveGirl: posts big blind $1
*** HOLE CARDS ***
jesperb1982: folds 
chinokevin13: raises $1.20 to $2.20
shootingGRID: folds 
Dr. Fvinagre: folds 
CallMeeeCraig: folds 
TheBraveGirl: folds 
Uncalled bet ($1.20) returned to chinokevin13
chinokevin13 collected $2.50 from pot
chinokevin13: doesn't show hand 
*** SUMMARY ***
Total pot $2.50 | Rake $0 
Seat 1: CallMeeeCraig (small blind) folded before Flop
Seat 2: TheBraveGirl (big blind) folded before Flop
Seat 3: jesperb1982 folded before Flop (didn't bet)
Seat 4: chinokevin13 collected ($2.50)
Seat 5: shootingGRID folded before Flop (didn't bet)
Seat 6: Dr. Fvinagre (button) folded before Flop (didn't bet)



PokerStars Hand #254276697820:  Hold'em No Limit ($0.50/$1.00 USD) - 2025/01/09 12:22:46 WET [2025/01/09 7:22:46 ET]
Table 'Shura II' 6-max Seat #1 is the button
Seat 1: CallMeeeCraig ($100 in chips) 
Seat 2: TheBraveGirl ($104.42 in chips) 
Seat 3: jesperb1982 ($132.11 in chips) 
Seat 4: chinokevin13 ($106.78 in chips) 
Seat 5: shootingGRID ($100 in chips) 
Seat 6: Dr. Fvinagre ($20.12 in chips) 
TheBraveGirl: posts small blind $0.50
jesperb1982: posts big blind $1
*** HOLE CARDS ***
chinokevin13: folds 
shootingGRID: raises $1.25 to $2.25
Dr. Fvinagre: folds 
CallMeeeCraig: raises $4.75 to $7
TheBraveGirl: folds 
jesperb1982: folds 
shootingGRID: folds 
Uncalled bet ($4.75) returned to CallMeeeCraig
CallMeeeCraig collected $6 from pot
CallMeeeCraig: doesn't show hand 
*** SUMMARY ***
Total pot $6 | Rake $0 
Seat 1: CallMeeeCraig (button) collected ($6)
Seat 2: TheBraveGirl (small blind) folded before Flop
Seat 3: jesperb1982 (big blind) folded before Flop
Seat 4: chinokevin13 folded before Flop (didn't bet)
Seat 5: shootingGRID folded before Flop
Seat 6: Dr. Fvinagre folded before Flop (didn't bet)



PokerStars Hand #254276704205:  Hold'em No Limit ($0.50/$1.00 USD) - 2025/01/09 12:23:31 WET [2025/01/09 7:23:31 ET]
Table 'Shura II' 6-max Seat #2 is the button
Seat 4: chinokevin13 ($106.78 in chips) is sitting out
Seat 1: CallMeeeCraig ($103.75 in chips) 
Seat 2: TheBraveGirl ($103.92 in chips) 
Seat 3: jesperb1982 ($131.11 in chips) 
Seat 5: shootingGRID ($100 in chips) 
Seat 6: Dr. Fvinagre ($20.12 in chips) 
jesperb1982: posts small blind $0.50
chinokevin13: is sitting out 
shootingGRID: posts big blind $1
*** HOLE CARDS ***
Dr. Fvinagre: folds 
CallMeeeCraig: folds 
TheBraveGirl: folds 
chinokevin13 leaves the table
jesperb1982: raises $2 to $3
shootingGRID: folds 
Uncalled bet ($2) returned to jesperb1982
jesperb1982 collected $2 from pot
*** SUMMARY ***
Total pot $2 | Rake $0 
Seat 4: chinokevin13
Seat 1: CallMeeeCraig folded before Flop (didn't bet)
Seat 2: TheBraveGirl (button) folded before Flop (didn't bet)
Seat 3: jesperb1982 (small blind) collected ($2)
Seat 5: shootingGRID (big blind) folded before Flop
Seat 6: Dr. Fvinagre folded before Flop (didn't bet)



PokerStars Hand #254276706445:  Hold'em No Limit ($0.50/$1.00 USD) - 2025/01/09 12:23:47 WET [2025/01/09 7:23:47 ET]
Table 'Shura II' 6-max Seat #3 is the button
Seat 1: CallMeeeCraig ($103.75 in chips) 
Seat 2: TheBraveGirl ($103.92 in chips) 
Seat 3: jesperb1982 ($132.11 in chips) 
Seat 5: shootingGRID ($100 in chips) 
Seat 6: Dr. Fvinagre ($20.12 in chips) 
shootingGRID: posts small blind $0.50
Dr. Fvinagre: posts big blind $1
*** HOLE CARDS ***
CallMeeeCraig: folds 
TheBraveGirl: folds 
jesperb1982: folds 
shootingGRID: folds 
Uncalled bet ($0.50) returned to Dr. Fvinagre
Dr. Fvinagre collected $1 from pot
*** SUMMARY ***
Total pot $1 | Rake $0 
Seat 1: CallMeeeCraig folded before Flop (didn't bet)
Seat 2: TheBraveGirl folded before Flop (didn't bet)
Seat 3: jesperb1982 (button) folded before Flop (didn't bet)
Seat 5: shootingGRID (small blind) folded before Flop
Seat 6: Dr. Fvinagre (big blind) collected ($1)



PokerStars Hand #254276708415:  Hold'em No Limit ($0.50/$1.00 USD) - 2025/01/09 12:24:01 WET [2025/01/09 7:24:01 ET]
Table 'Shura II' 6-max Seat #5 is the button
Seat 1: CallMeeeCraig ($103.75 in chips) 
Seat 2: TheBraveGirl ($103.92 in chips) 
Seat 3: jesperb1982 ($132.11 in chips) 
Seat 5: shootingGRID ($100 in chips) 
Seat 6: Dr. Fvinagre ($20.62 in chips) 
Dr. Fvinagre: posts small blind $0.50
CallMeeeCraig: posts big blind $1
*** HOLE CARDS ***
TheBraveGirl: folds 
jesperb1982: raises $2 to $3
shootingGRID: folds 
Dr. Fvinagre: folds 
CallMeeeCraig: folds 
Uncalled bet ($2) returned to jesperb1982
jesperb1982 collected $2.50 from pot
*** SUMMARY ***
Total pot $2.50 | Rake $0 
Seat 1: CallMeeeCraig (big blind) folded before Flop
Seat 2: TheBraveGirl folded before Flop (didn't bet)
Seat 3: jesperb1982 collected ($2.50)
Seat 5: shootingGRID (button) folded before Flop (didn't bet)
Seat 6: Dr. Fvinagre (small blind) folded before Flop



PokerStars Hand #254276711851:  Hold'em No Limit ($0.50/$1.00 USD) - 2025/01/09 12:24:25 WET [2025/01/09 7:24:25 ET]
Table 'Shura II' 6-max Seat #6 is the button
Seat 1: CallMeeeCraig ($102.75 in chips) 
Seat 2: TheBraveGirl ($103.92 in chips) 
Seat 3: jesperb1982 ($133.61 in chips) 
Seat 5: shootingGRID ($100 in chips) 
Seat 6: Dr. Fvinagre ($20.12 in chips) 
CallMeeeCraig: posts small blind $0.50
TheBraveGirl: posts big blind $1
*** HOLE CARDS ***
jesperb1982: raises $2 to $3
shootingGRID: folds 
Dr. Fvinagre: folds 
coeeeelho joins the table at seat #4 
CallMeeeCraig: folds 
TheBraveGirl: calls $2
*** FLOP *** [4d 7c 2s]
TheBraveGirl: checks 
jesperb1982: checks 
*** TURN *** [4d 7c 2s] [7d]
TheBraveGirl: bets $1.73
jesperb1982: folds 
Uncalled bet ($1.73) returned to TheBraveGirl
TheBraveGirl collected $6.18 from pot
TheBraveGirl: doesn't show hand 
*** SUMMARY ***
Total pot $6.50 | Rake $0.32 
Board [4d 7c 2s 7d]
Seat 1: CallMeeeCraig (small blind) folded before Flop
Seat 2: TheBraveGirl (big blind) collected ($6.18)
Seat 3: jesperb1982 folded on the Turn
Seat 5: shootingGRID folded before Flop (didn't bet)
Seat 6: Dr. Fvinagre (button) folded before Flop (didn't bet)



PokerStars Hand #254276718086:  Hold'em No Limit ($0.50/$1.00 USD) - 2025/01/09 12:25:08 WET [2025/01/09 7:25:08 ET]
Table 'Shura II' 6-max Seat #1 is the button
Seat 4: coeeeelho ($118.06 in chips) is sitting out
Seat 1: CallMeeeCraig ($102.25 in chips) 
Seat 2: TheBraveGirl ($107.10 in chips) 
Seat 3: jesperb1982 ($130.61 in chips) 
Seat 5: shootingGRID ($100 in chips) 
Seat 6: Dr. Fvinagre ($20.12 in chips) 
TheBraveGirl: posts small blind $0.50
jesperb1982: posts big blind $1
coeeeelho: sits out 
*** HOLE CARDS ***
shootingGRID: folds 
Dr. Fvinagre: folds 
CallMeeeCraig: folds 
TheBraveGirl: raises $2 to $3
jesperb1982: folds 
Uncalled bet ($2) returned to TheBraveGirl
TheBraveGirl collected $2 from pot
TheBraveGirl: doesn't show hand 
*** SUMMARY ***
Total pot $2 | Rake $0 
Seat 4: coeeeelho
Seat 1: CallMeeeCraig (button) folded before Flop (didn't bet)
Seat 2: TheBraveGirl (small blind) collected ($2)
Seat 3: jesperb1982 (big blind) folded before Flop
Seat 5: shootingGRID folded before Flop (didn't bet)
Seat 6: Dr. Fvinagre folded before Flop (didn't bet)



PokerStars Hand #254276722379:  Hold'em No Limit ($0.50/$1.00 USD) - 2025/01/09 12:25:38 WET [2025/01/09 7:25:38 ET]
Table 'Shura II' 6-max Seat #2 is the button
Seat 1: CallMeeeCraig ($102.25 in chips) 
Seat 2: TheBraveGirl ($108.10 in chips) 
Seat 3: jesperb1982 ($129.61 in chips) 
Seat 4: coeeeelho ($118.06 in chips) 
Seat 5: shootingGRID ($100 in chips) 
Seat 6: Dr. Fvinagre ($20.12 in chips) 
jesperb1982: posts small blind $0.50
coeeeelho: posts big blind $1
*** HOLE CARDS ***
shootingGRID: folds 
Dr. Fvinagre: folds 
CallMeeeCraig: raises $1.20 to $2.20
TheBraveGirl: folds 
jesperb1982: folds 
coeeeelho: folds 
Uncalled bet ($1.20) returned to CallMeeeCraig
CallMeeeCraig collected $2.50 from pot
CallMeeeCraig: doesn't show hand 
*** SUMMARY ***
Total pot $2.50 | Rake $0 
Seat 1: CallMeeeCraig collected ($2.50)
Seat 2: TheBraveGirl (button) folded before Flop (didn't bet)
Seat 3: jesperb1982 (small blind) folded before Flop
Seat 4: coeeeelho (big blind) folded before Flop
Seat 5: shootingGRID folded before Flop (didn't bet)
Seat 6: Dr. Fvinagre folded before Flop (didn't bet)



PokerStars Hand #254276725880:  Hold'em No Limit ($0.50/$1.00 USD) - 2025/01/09 12:26:02 WET [2025/01/09 7:26:02 ET]
Table 'Shura II' 6-max Seat #3 is the button
Seat 1: CallMeeeCraig ($103.75 in chips) 
Seat 2: TheBraveGirl ($108.10 in chips) 
Seat 3: jesperb1982 ($129.11 in chips) 
Seat 4: coeeeelho ($117.06 in chips) 
Seat 5: shootingGRID ($100 in chips) 
Seat 6: Dr. Fvinagre ($20.12 in chips) 
coeeeelho: posts small blind $0.50
shootingGRID: posts big blind $1
*** HOLE CARDS ***
Dr. Fvinagre: folds 
CallMeeeCraig: raises $1.05 to $2.05
TheBraveGirl: folds 
jesperb1982: folds 
coeeeelho: folds 
shootingGRID: folds 
Uncalled bet ($1.05) returned to CallMeeeCraig
CallMeeeCraig collected $2.50 from pot
CallMeeeCraig: doesn't show hand 
*** SUMMARY ***
Total pot $2.50 | Rake $0 
Seat 1: CallMeeeCraig collected ($2.50)
Seat 2: TheBraveGirl folded before Flop (didn't bet)
Seat 3: jesperb1982 (button) folded before Flop (didn't bet)
Seat 4: coeeeelho (small blind) folded before Flop
Seat 5: shootingGRID (big blind) folded before Flop
Seat 6: Dr. Fvinagre folded before Flop (didn't bet)



PokerStars Hand #254276728954:  Hold'em No Limit ($0.50/$1.00 USD) - 2025/01/09 12:26:24 WET [2025/01/09 7:26:24 ET]
Table 'Shura II' 6-max Seat #4 is the button
Seat 1: CallMeeeCraig ($105.25 in chips) 
Seat 2: TheBraveGirl ($108.10 in chips) 
Seat 3: jesperb1982 ($129.11 in chips) 
Seat 4: coeeeelho ($116.56 in chips) 
Seat 5: shootingGRID ($100 in chips) 
Seat 6: Dr. Fvinagre ($20.12 in chips) 
shootingGRID: posts small blind $0.50
Dr. Fvinagre: posts big blind $1
*** HOLE CARDS ***
CallMeeeCraig: folds 
TheBraveGirl: folds 
jesperb1982: folds 
coeeeelho: raises $1 to $2
shootingGRID: raises $8 to $10
Dr. Fvinagre: folds 
coeeeelho: folds 
Uncalled bet ($8) returned to shootingGRID
shootingGRID collected $5 from pot
*** SUMMARY ***
Total pot $5 | Rake $0 
Seat 1: CallMeeeCraig folded before Flop (didn't bet)
Seat 2: TheBraveGirl folded before Flop (didn't bet)
Seat 3: jesperb1982 folded before Flop (didn't bet)
Seat 4: coeeeelho (button) folded before Flop
Seat 5: shootingGRID (small blind) collected ($5)
Seat 6: Dr. Fvinagre (big blind) folded before Flop



PokerStars Hand #254276733796:  Hold'em No Limit ($0.50/$1.00 USD) - 2025/01/09 12:26:57 WET [2025/01/09 7:26:57 ET]
Table 'Shura II' 6-max Seat #5 is the button
Seat 1: CallMeeeCraig ($105.25 in chips) 
Seat 2: TheBraveGirl ($108.10 in chips) 
Seat 3: jesperb1982 ($129.11 in chips) 
Seat 4: coeeeelho ($114.56 in chips) 
Seat 5: shootingGRID ($103 in chips) 
Seat 6: Dr. Fvinagre ($19.12 in chips) 
Dr. Fvinagre: posts small blind $0.50
CallMeeeCraig: posts big blind $1
*** HOLE CARDS ***
TheBraveGirl: folds 
jesperb1982: folds 
coeeeelho: folds 
shootingGRID: folds 
Dr. Fvinagre: folds 
Uncalled bet ($0.50) returned to CallMeeeCraig
CallMeeeCraig collected $1 from pot
CallMeeeCraig: doesn't show hand 
*** SUMMARY ***
Total pot $1 | Rake $0 
Seat 1: CallMeeeCraig (big blind) collected ($1)
Seat 2: TheBraveGirl folded before Flop (didn't bet)
Seat 3: jesperb1982 folded before Flop (didn't bet)
Seat 4: coeeeelho folded before Flop (didn't bet)
Seat 5: shootingGRID (button) folded before Flop (didn't bet)
Seat 6: Dr. Fvinagre (small blind) folded before Flop



PokerStars Hand #254276735669:  Hold'em No Limit ($0.50/$1.00 USD) - 2025/01/09 12:27:09 WET [2025/01/09 7:27:09 ET]
Table 'Shura II' 6-max Seat #6 is the button
Seat 1: CallMeeeCraig ($105.75 in chips) 
Seat 2: TheBraveGirl ($108.10 in chips) 
Seat 3: jesperb1982 ($129.11 in chips) 
Seat 4: coeeeelho ($114.56 in chips) 
Seat 5: shootingGRID ($103 in chips) 
Seat 6: Dr. Fvinagre ($18.62 in chips) 
CallMeeeCraig: posts small blind $0.50
TheBraveGirl: posts big blind $1
*** HOLE CARDS ***
jesperb1982: folds 
coeeeelho: raises $1.20 to $2.20
shootingGRID: folds 
Dr. Fvinagre: folds 
CallMeeeCraig: folds 
TheBraveGirl: calls $1.20
*** FLOP *** [7s As 7d]
TheBraveGirl: checks 
coeeeelho: checks 
*** TURN *** [7s As 7d] [Qh]
TheBraveGirl: checks 
coeeeelho: checks 
*** RIVER *** [7s As 7d Qh] [Th]
TheBraveGirl: checks 
coeeeelho: checks 
*** SHOW DOWN ***
TheBraveGirl: shows [9s Td] (two pair, Tens and Sevens)
coeeeelho: shows [Qc Jc] (two pair, Queens and Sevens)
coeeeelho collected $4.66 from pot
*** SUMMARY ***
Total pot $4.90 | Rake $0.24 
Board [7s As 7d Qh Th]
Seat 1: CallMeeeCraig (small blind) folded before Flop
Seat 2: TheBraveGirl (big blind) showed [9s Td] and lost with two pair, Tens and Sevens
Seat 3: jesperb1982 folded before Flop (didn't bet)
Seat 4: coeeeelho showed [Qc Jc] and won ($4.66) with two pair, Queens and Sevens
Seat 5: shootingGRID folded before Flop (didn't bet)
Seat 6: Dr. Fvinagre (button) folded before Flop (didn't bet)



PokerStars Hand #254276742969:  Hold'em No Limit ($0.50/$1.00 USD) - 2025/01/09 12:28:00 WET [2025/01/09 7:28:00 ET]
Table 'Shura II' 6-max Seat #1 is the button
Seat 1: CallMeeeCraig ($105.25 in chips) 
Seat 2: TheBraveGirl ($105.90 in chips) 
Seat 3: jesperb1982 ($129.11 in chips) 
Seat 4: coeeeelho ($117.02 in chips) 
Seat 5: shootingGRID ($103 in chips) 
Seat 6: Dr. Fvinagre ($18.62 in chips) 
TheBraveGirl: posts small blind $0.50
jesperb1982: posts big blind $1
*** HOLE CARDS ***
coeeeelho: folds 
shootingGRID: folds 
Dr. Fvinagre: folds 
CallMeeeCraig: folds 
TheBraveGirl: folds 
Uncalled bet ($0.50) returned to jesperb1982
jesperb1982 collected $1 from pot
*** SUMMARY ***
Total pot $1 | Rake $0 
Seat 1: CallMeeeCraig (button) folded before Flop (didn't bet)
Seat 2: TheBraveGirl (small blind) folded before Flop
Seat 3: jesperb1982 (big blind) collected ($1)
Seat 4: coeeeelho folded before Flop (didn't bet)
Seat 5: shootingGRID folded before Flop (didn't bet)
Seat 6: Dr. Fvinagre folded before Flop (didn't bet)



PokerStars Hand #254276745946:  Hold'em No Limit ($0.50/$1.00 USD) - 2025/01/09 12:28:21 WET [2025/01/09 7:28:21 ET]
Table 'Shura II' 6-max Seat #2 is the button
Seat 1: CallMeeeCraig ($105.25 in chips) 
Seat 2: TheBraveGirl ($105.40 in chips) 
Seat 3: jesperb1982 ($129.61 in chips) 
Seat 4: coeeeelho ($117.02 in chips) 
Seat 5: shootingGRID ($103 in chips) 
Seat 6: Dr. Fvinagre ($18.62 in chips) 
jesperb1982: posts small blind $0.50
coeeeelho: posts big blind $1
*** HOLE CARDS ***
shootingGRID: folds 
Dr. Fvinagre: raises $17.62 to $18.62 and is all-in
CallMeeeCraig: folds 
TheBraveGirl: folds 
jesperb1982: folds 
coeeeelho: folds 
Uncalled bet ($17.62) returned to Dr. Fvinagre
Dr. Fvinagre collected $2.50 from pot
*** SUMMARY ***
Total pot $2.50 | Rake $0 
Seat 1: CallMeeeCraig folded before Flop (didn't bet)
Seat 2: TheBraveGirl (button) folded before Flop (didn't bet)
Seat 3: jesperb1982 (small blind) folded before Flop
Seat 4: coeeeelho (big blind) folded before Flop
Seat 5: shootingGRID folded before Flop (didn't bet)
Seat 6: Dr. Fvinagre collected ($2.50)



PokerStars Hand #254276748565:  Hold'em No Limit ($0.50/$1.00 USD) - 2025/01/09 12:28:39 WET [2025/01/09 7:28:39 ET]
Table 'Shura II' 6-max Seat #3 is the button
Seat 1: CallMeeeCraig ($105.25 in chips) 
Seat 2: TheBraveGirl ($105.40 in chips) 
Seat 3: jesperb1982 ($129.11 in chips) 
Seat 4: coeeeelho ($116.02 in chips) 
Seat 5: shootingGRID ($103 in chips) 
Seat 6: Dr. Fvinagre ($20.12 in chips) 
coeeeelho: posts small blind $0.50
shootingGRID: posts big blind $1
*** HOLE CARDS ***
Dr. Fvinagre: folds 
CallMeeeCraig: folds 
TheBraveGirl: folds 
jesperb1982: raises $2 to $3
coeeeelho: folds 
shootingGRID: calls $2
*** FLOP *** [4h Ah 5d]
shootingGRID: checks 
jesperb1982: bets $3.09
shootingGRID: calls $3.09
*** TURN *** [4h Ah 5d] [2s]
shootingGRID: checks 
jesperb1982: checks 
*** RIVER *** [4h Ah 5d 2s] [9c]
shootingGRID: checks 
jesperb1982: checks 
*** SHOW DOWN ***
shootingGRID: shows [6d Kd] (high card Ace)
jesperb1982: shows [Jc Ac] (a pair of Aces)
jesperb1982 collected $12.05 from pot
*** SUMMARY ***
Total pot $12.68 | Rake $0.63 
Board [4h Ah 5d 2s 9c]
Seat 1: CallMeeeCraig folded before Flop (didn't bet)
Seat 2: TheBraveGirl folded before Flop (didn't bet)
Seat 3: jesperb1982 (button) showed [Jc Ac] and won ($12.05) with a pair of Aces
Seat 4: coeeeelho (small blind) folded before Flop
Seat 5: shootingGRID (big blind) showed [6d Kd] and lost with high card Ace
Seat 6: Dr. Fvinagre folded before Flop (didn't bet)



PokerStars Hand #254276755990:  Hold'em No Limit ($0.50/$1.00 USD) - 2025/01/09 12:29:31 WET [2025/01/09 7:29:31 ET]
Table 'Shura II' 6-max Seat #4 is the button
Seat 1: CallMeeeCraig ($105.25 in chips) 
Seat 2: TheBraveGirl ($105.40 in chips) 
Seat 3: jesperb1982 ($135.07 in chips) 
Seat 4: coeeeelho ($115.52 in chips) 
Seat 5: shootingGRID ($100 in chips) 
Seat 6: Dr. Fvinagre ($20.12 in chips) 
shootingGRID: posts small blind $0.50
Dr. Fvinagre: posts big blind $1
*** HOLE CARDS ***
CallMeeeCraig: folds 
TheBraveGirl: folds 
jesperb1982: raises $2 to $3
coeeeelho: folds 
shootingGRID: folds 
Dr. Fvinagre: folds 
Uncalled bet ($2) returned to jesperb1982
jesperb1982 collected $2.50 from pot
*** SUMMARY ***
Total pot $2.50 | Rake $0 
Seat 1: CallMeeeCraig folded before Flop (didn't bet)
Seat 2: TheBraveGirl folded before Flop (didn't bet)
Seat 3: jesperb1982 collected ($2.50)
Seat 4: coeeeelho (button) folded before Flop (didn't bet)
Seat 5: shootingGRID (small blind) folded before Flop
Seat 6: Dr. Fvinagre (big blind) folded before Flop



PokerStars Hand #254276761171:  Hold'em No Limit ($0.50/$1.00 USD) - 2025/01/09 12:30:06 WET [2025/01/09 7:30:06 ET]
Table 'Shura II' 6-max Seat #5 is the button
Seat 1: CallMeeeCraig ($105.25 in chips) 
Seat 2: TheBraveGirl ($105.40 in chips) 
Seat 3: jesperb1982 ($136.57 in chips) 
Seat 4: coeeeelho ($115.52 in chips) 
Seat 5: shootingGRID ($100 in chips) 
Seat 6: Dr. Fvinagre ($19.12 in chips) 
Dr. Fvinagre: posts small blind $0.50
CallMeeeCraig: posts big blind $1
*** HOLE CARDS ***
TheBraveGirl: raises $1 to $2
jesperb1982: folds 
coeeeelho: folds 
shootingGRID: folds 
Dr. Fvinagre: folds 
CallMeeeCraig: calls $1
*** FLOP *** [2d 2c 5h]
CallMeeeCraig: checks 
TheBraveGirl: checks 
*** TURN *** [2d 2c 5h] [6s]
CallMeeeCraig: bets $1.41
TheBraveGirl: calls $1.41
*** RIVER *** [2d 2c 5h 6s] [Kd]
CallMeeeCraig: checks 
TheBraveGirl: bets $8.69
CallMeeeCraig: raises $93.15 to $101.84 and is all-in
TheBraveGirl: folds 
Uncalled bet ($93.15) returned to CallMeeeCraig
CallMeeeCraig collected $23.46 from pot
CallMeeeCraig: doesn't show hand 
*** SUMMARY ***
Total pot $24.70 | Rake $1.24 
Board [2d 2c 5h 6s Kd]
Seat 1: CallMeeeCraig (big blind) collected ($23.46)
Seat 2: TheBraveGirl folded on the River
Seat 3: jesperb1982 folded before Flop (didn't bet)
Seat 4: coeeeelho folded before Flop (didn't bet)
Seat 5: shootingGRID (button) folded before Flop (didn't bet)
Seat 6: Dr. Fvinagre (small blind) folded before Flop



PokerStars Hand #254276774972:  Hold'em No Limit ($0.50/$1.00 USD) - 2025/01/09 12:31:40 WET [2025/01/09 7:31:40 ET]
Table 'Shura II' 6-max Seat #6 is the button
Seat 1: CallMeeeCraig ($116.61 in chips) 
Seat 2: TheBraveGirl ($100 in chips) 
Seat 3: jesperb1982 ($136.57 in chips) 
Seat 4: coeeeelho ($115.52 in chips) 
Seat 5: shootingGRID ($100 in chips) 
Seat 6: Dr. Fvinagre ($18.62 in chips) 
CallMeeeCraig: posts small blind $0.50
TheBraveGirl: posts big blind $1
*** HOLE CARDS ***
jesperb1982: folds 
coeeeelho: folds 
shootingGRID: folds 
Dr. Fvinagre: folds 
CallMeeeCraig: raises $2 to $3
TheBraveGirl: raises $6.50 to $9.50
CallMeeeCraig: folds 
Uncalled bet ($6.50) returned to TheBraveGirl
TheBraveGirl collected $6 from pot
TheBraveGirl: doesn't show hand 
*** SUMMARY ***
Total pot $6 | Rake $0 
Seat 1: CallMeeeCraig (small blind) folded before Flop
Seat 2: TheBraveGirl (big blind) collected ($6)
Seat 3: jesperb1982 folded before Flop (didn't bet)
Seat 4: coeeeelho folded before Flop (didn't bet)
Seat 5: shootingGRID folded before Flop (didn't bet)
Seat 6: Dr. Fvinagre (button) folded before Flop (didn't bet)



PokerStars Hand #254276778188:  Hold'em No Limit ($0.50/$1.00 USD) - 2025/01/09 12:32:02 WET [2025/01/09 7:32:02 ET]
Table 'Shura II' 6-max Seat #1 is the button
Seat 1: CallMeeeCraig ($113.61 in chips) 
Seat 2: TheBraveGirl ($103 in chips) 
Seat 3: jesperb1982 ($136.57 in chips) 
Seat 4: coeeeelho ($115.52 in chips) 
Seat 5: shootingGRID ($100 in chips) 
Seat 6: Dr. Fvinagre ($18.62 in chips) 
TheBraveGirl: posts small blind $0.50
jesperb1982: posts big blind $1
*** HOLE CARDS ***
coeeeelho: folds 
shootingGRID: folds 
Dr. Fvinagre: raises $17.62 to $18.62 and is all-in
CallMeeeCraig: folds 
TheBraveGirl: folds 
jesperb1982: folds 
Uncalled bet ($17.62) returned to Dr. Fvinagre
Dr. Fvinagre collected $2.50 from pot
*** SUMMARY ***
Total pot $2.50 | Rake $0 
Seat 1: CallMeeeCraig (button) folded before Flop (didn't bet)
Seat 2: TheBraveGirl (small blind) folded before Flop
Seat 3: jesperb1982 (big blind) folded before Flop
Seat 4: coeeeelho folded before Flop (didn't bet)
Seat 5: shootingGRID folded before Flop (didn't bet)
Seat 6: Dr. Fvinagre collected ($2.50)



PokerStars Hand #254276783596:  Hold'em No Limit ($0.50/$1.00 USD) - 2025/01/09 12:32:40 WET [2025/01/09 7:32:40 ET]
Table 'Shura II' 6-max Seat #2 is the button
Seat 1: CallMeeeCraig ($113.61 in chips) 
Seat 2: TheBraveGirl ($102.50 in chips) 
Seat 3: jesperb1982 ($135.57 in chips) 
Seat 4: coeeeelho ($115.52 in chips) 
Seat 5: shootingGRID ($100 in chips) 
Seat 6: Dr. Fvinagre ($20.12 in chips) 
jesperb1982: posts small blind $0.50
coeeeelho: posts big blind $1
*** HOLE CARDS ***
shootingGRID: folds 
Dr. Fvinagre has timed out
Dr. Fvinagre: folds 
CallMeeeCraig: folds 
TheBraveGirl: folds 
jesperb1982: folds 
Uncalled bet ($0.50) returned to coeeeelho
coeeeelho collected $1 from pot
*** SUMMARY ***
Total pot $1 | Rake $0 
Seat 1: CallMeeeCraig folded before Flop (didn't bet)
Seat 2: TheBraveGirl (button) folded before Flop (didn't bet)
Seat 3: jesperb1982 (small blind) folded before Flop
Seat 4: coeeeelho (big blind) collected ($1)
Seat 5: shootingGRID folded before Flop (didn't bet)
Seat 6: Dr. Fvinagre folded before Flop (didn't bet)



PokerStars Hand #254276786256:  Hold'em No Limit ($0.50/$1.00 USD) - 2025/01/09 12:32:57 WET [2025/01/09 7:32:57 ET]
Table 'Shura II' 6-max Seat #3 is the button
Seat 6: Dr. Fvinagre ($20.12 in chips) is sitting out
Seat 1: CallMeeeCraig ($113.61 in chips) 
Seat 2: TheBraveGirl ($102.50 in chips) 
Seat 3: jesperb1982 ($135.07 in chips) 
Seat 4: coeeeelho ($116.02 in chips) 
Seat 5: shootingGRID ($100 in chips) 
coeeeelho: posts small blind $0.50
shootingGRID: posts big blind $1
*** HOLE CARDS ***
CallMeeeCraig: folds 
TheBraveGirl: folds 
jesperb1982: folds 
coeeeelho: folds 
Uncalled bet ($0.50) returned to shootingGRID
shootingGRID collected $1 from pot
*** SUMMARY ***
Total pot $1 | Rake $0 
Seat 6: Dr. Fvinagre
Seat 1: CallMeeeCraig folded before Flop (didn't bet)
Seat 2: TheBraveGirl folded before Flop (didn't bet)
Seat 3: jesperb1982 (button) folded before Flop (didn't bet)
Seat 4: coeeeelho (small blind) folded before Flop
Seat 5: shootingGRID (big blind) collected ($1)



PokerStars Hand #254276788885:  Hold'em No Limit ($0.50/$1.00 USD) - 2025/01/09 12:33:15 WET [2025/01/09 7:33:15 ET]
Table 'Shura II' 6-max Seat #4 is the button
Seat 1: CallMeeeCraig ($113.61 in chips) 
Seat 2: TheBraveGirl ($102.50 in chips) 
Seat 3: jesperb1982 ($135.07 in chips) 
Seat 4: coeeeelho ($115.52 in chips) 
Seat 5: shootingGRID ($100.50 in chips) 
Seat 6: Dr. Fvinagre ($20.12 in chips) 
shootingGRID: posts small blind $0.50
Dr. Fvinagre: posts big blind $1
*** HOLE CARDS ***
CallMeeeCraig: folds 
TheBraveGirl: folds 
jesperb1982: raises $2 to $3
coeeeelho: raises $6 to $9
shootingGRID: folds 
Dr. Fvinagre: folds 
jesperb1982: folds 
Uncalled bet ($6) returned to coeeeelho
coeeeelho collected $7.50 from pot
*** SUMMARY ***
Total pot $7.50 | Rake $0 
Seat 1: CallMeeeCraig folded before Flop (didn't bet)
Seat 2: TheBraveGirl folded before Flop (didn't bet)
Seat 3: jesperb1982 folded before Flop
Seat 4: coeeeelho (button) collected ($7.50)
Seat 5: shootingGRID (small blind) folded before Flop
Seat 6: Dr. Fvinagre (big blind) folded before Flop



PokerStars Hand #254276793697:  Hold'em No Limit ($0.50/$1.00 USD) - 2025/01/09 12:33:48 WET [2025/01/09 7:33:48 ET]
Table 'Shura II' 6-max Seat #5 is the button
Seat 1: CallMeeeCraig ($113.61 in chips) 
Seat 2: TheBraveGirl ($102.50 in chips) 
Seat 3: jesperb1982 ($132.07 in chips) 
Seat 4: coeeeelho ($120.02 in chips) 
Seat 5: shootingGRID ($100 in chips) 
Seat 6: Dr. Fvinagre ($19.12 in chips) 
Dr. Fvinagre: posts small blind $0.50
CallMeeeCraig: posts big blind $1
*** HOLE CARDS ***
TheBraveGirl: folds 
jesperb1982: folds 
coeeeelho: folds 
shootingGRID: folds 
Dr. Fvinagre: calls $0.50
CallMeeeCraig: checks 
*** FLOP *** [Kd 3s 8c]
Dr. Fvinagre: bets $1
CallMeeeCraig: folds 
Uncalled bet ($1) returned to Dr. Fvinagre
Dr. Fvinagre collected $1.90 from pot
*** SUMMARY ***
Total pot $2 | Rake $0.10 
Board [Kd 3s 8c]
Seat 1: CallMeeeCraig (big blind) folded on the Flop
Seat 2: TheBraveGirl folded before Flop (didn't bet)
Seat 3: jesperb1982 folded before Flop (didn't bet)
Seat 4: coeeeelho folded before Flop (didn't bet)
Seat 5: shootingGRID (button) folded before Flop (didn't bet)
Seat 6: Dr. Fvinagre (small blind) collected ($1.90)



PokerStars Hand #254276798157:  Hold'em No Limit ($0.50/$1.00 USD) - 2025/01/09 12:34:18 WET [2025/01/09 7:34:18 ET]
Table 'Shura II' 6-max Seat #6 is the button
Seat 1: CallMeeeCraig ($112.61 in chips) 
Seat 2: TheBraveGirl ($102.50 in chips) 
Seat 3: jesperb1982 ($132.07 in chips) 
Seat 4: coeeeelho ($120.02 in chips) 
Seat 5: shootingGRID ($100 in chips) 
Seat 6: Dr. Fvinagre ($20.02 in chips) 
CallMeeeCraig: posts small blind $0.50
TheBraveGirl: posts big blind $1
*** HOLE CARDS ***
jesperb1982: folds 
coeeeelho: folds 
shootingGRID: folds 
Dr. Fvinagre: raises $1 to $2
CallMeeeCraig: raises $8 to $10
TheBraveGirl: folds 
Dr. Fvinagre: folds 
Uncalled bet ($8) returned to CallMeeeCraig
CallMeeeCraig collected $5 from pot
CallMeeeCraig: doesn't show hand 
*** SUMMARY ***
Total pot $5 | Rake $0 
Seat 1: CallMeeeCraig (small blind) collected ($5)
Seat 2: TheBraveGirl (big blind) folded before Flop
Seat 3: jesperb1982 folded before Flop (didn't bet)
Seat 4: coeeeelho folded before Flop (didn't bet)
Seat 5: shootingGRID folded before Flop (didn't bet)
Seat 6: Dr. Fvinagre (button) folded before Flop



PokerStars Hand #254276806501:  Hold'em No Limit ($0.50/$1.00 USD) - 2025/01/09 12:35:13 WET [2025/01/09 7:35:13 ET]
Table 'Shura II' 6-max Seat #1 is the button
Seat 1: CallMeeeCraig ($115.61 in chips) 
Seat 2: TheBraveGirl ($101.50 in chips) 
Seat 3: jesperb1982 ($132.07 in chips) 
Seat 4: coeeeelho ($120.02 in chips) 
Seat 5: shootingGRID ($100 in chips) 
Seat 6: Dr. Fvinagre ($18.02 in chips) 
TheBraveGirl: posts small blind $0.50
jesperb1982: posts big blind $1
*** HOLE CARDS ***
coeeeelho: raises $1.20 to $2.20
shootingGRID: folds 
Dr. Fvinagre: folds 
CallMeeeCraig: folds 
TheBraveGirl: folds 
jesperb1982: folds 
Uncalled bet ($1.20) returned to coeeeelho
coeeeelho collected $2.50 from pot
*** SUMMARY ***
Total pot $2.50 | Rake $0 
Seat 1: CallMeeeCraig (button) folded before Flop (didn't bet)
Seat 2: TheBraveGirl (small blind) folded before Flop
Seat 3: jesperb1982 (big blind) folded before Flop
Seat 4: coeeeelho collected ($2.50)
Seat 5: shootingGRID folded before Flop (didn't bet)
Seat 6: Dr. Fvinagre folded before Flop (didn't bet)



PokerStars Hand #254276811698:  Hold'em No Limit ($0.50/$1.00 USD) - 2025/01/09 12:35:48 WET [2025/01/09 7:35:48 ET]
Table 'Shura II' 6-max Seat #2 is the button
Seat 1: CallMeeeCraig ($115.61 in chips) 
Seat 2: TheBraveGirl ($101 in chips) 
Seat 3: jesperb1982 ($131.07 in chips) 
Seat 4: coeeeelho ($121.52 in chips) 
Seat 5: shootingGRID ($100 in chips) 
Seat 6: Dr. Fvinagre ($18.02 in chips) 
jesperb1982: posts small blind $0.50
coeeeelho: posts big blind $1
*** HOLE CARDS ***
shootingGRID: raises $1.25 to $2.25
Dr. Fvinagre has timed out
Dr. Fvinagre: folds 
CallMeeeCraig: folds 
TheBraveGirl: calls $2.25
jesperb1982: raises $7.75 to $10
coeeeelho: folds 
shootingGRID: raises $15.50 to $25.50
TheBraveGirl: folds 
jesperb1982: folds 
Uncalled bet ($15.50) returned to shootingGRID
shootingGRID collected $23.25 from pot
*** SUMMARY ***
Total pot $23.25 | Rake $0 
Seat 1: CallMeeeCraig folded before Flop (didn't bet)
Seat 2: TheBraveGirl (button) folded before Flop
Seat 3: jesperb1982 (small blind) folded before Flop
Seat 4: coeeeelho (big blind) folded before Flop
Seat 5: shootingGRID collected ($23.25)
Seat 6: Dr. Fvinagre folded before Flop (didn't bet)



PokerStars Hand #254276820622:  Hold'em No Limit ($0.50/$1.00 USD) - 2025/01/09 12:36:48 WET [2025/01/09 7:36:48 ET]
Table 'Shura II' 6-max Seat #3 is the button
Seat 1: CallMeeeCraig ($115.61 in chips) 
Seat 2: TheBraveGirl ($100 in chips) 
Seat 3: jesperb1982 ($121.07 in chips) 
Seat 4: coeeeelho ($120.52 in chips) 
Seat 5: shootingGRID ($113.25 in chips) 
Seat 6: Dr. Fvinagre ($18.02 in chips) 
coeeeelho: posts small blind $0.50
shootingGRID: posts big blind $1
*** HOLE CARDS ***
Dr. Fvinagre has timed out
Dr. Fvinagre: folds 
CallMeeeCraig: raises $1.05 to $2.05
TheBraveGirl: folds 
jesperb1982: calls $2.05
coeeeelho: folds 
shootingGRID: calls $1.05
*** FLOP *** [2d Jd Tc]
shootingGRID: checks 
CallMeeeCraig: bets $2.09
jesperb1982: folds 
shootingGRID: folds 
Uncalled bet ($2.09) returned to CallMeeeCraig
CallMeeeCraig collected $6.32 from pot
CallMeeeCraig: doesn't show hand 
*** SUMMARY ***
Total pot $6.65 | Rake $0.33 
Board [2d Jd Tc]
Seat 1: CallMeeeCraig collected ($6.32)
Seat 2: TheBraveGirl folded before Flop (didn't bet)
Seat 3: jesperb1982 (button) folded on the Flop
Seat 4: coeeeelho (small blind) folded before Flop
Seat 5: shootingGRID (big blind) folded on the Flop
Seat 6: Dr. Fvinagre folded before Flop (didn't bet)



PokerStars Hand #254276830452:  Hold'em No Limit ($0.50/$1.00 USD) - 2025/01/09 12:37:55 WET [2025/01/09 7:37:55 ET]
Table 'Shura II' 6-max Seat #4 is the button
Seat 1: CallMeeeCraig ($119.88 in chips) 
Seat 2: TheBraveGirl ($100 in chips) 
Seat 3: jesperb1982 ($119.02 in chips) 
Seat 4: coeeeelho ($120.02 in chips) 
Seat 5: shootingGRID ($111.20 in chips) 
Seat 6: Dr. Fvinagre ($18.02 in chips) 
shootingGRID: posts small blind $0.50
Dr. Fvinagre: posts big blind $1
*** HOLE CARDS ***
CallMeeeCraig: folds 
TheBraveGirl: raises $1 to $2
jesperb1982: folds 
coeeeelho: folds 
jesperb1982 leaves the table
shootingGRID: folds 
Dr. Fvinagre: raises $16.02 to $18.02 and is all-in
TheBraveGirl: folds 
Uncalled bet ($16.02) returned to Dr. Fvinagre
Dr. Fvinagre collected $4.50 from pot
*** SUMMARY ***
Total pot $4.50 | Rake $0 
Seat 1: CallMeeeCraig folded before Flop (didn't bet)
Seat 2: TheBraveGirl folded before Flop
Seat 3: jesperb1982 folded before Flop (didn't bet)
Seat 4: coeeeelho (button) folded before Flop (didn't bet)
Seat 5: shootingGRID (small blind) folded before Flop
Seat 6: Dr. Fvinagre (big blind) collected ($4.50)



PokerStars Hand #254276835435:  Hold'em No Limit ($0.50/$1.00 USD) - 2025/01/09 12:38:28 WET [2025/01/09 7:38:28 ET]
Table 'Shura II' 6-max Seat #5 is the button
Seat 1: CallMeeeCraig ($119.88 in chips) 
Seat 2: TheBraveGirl ($100 in chips) 
Seat 4: coeeeelho ($120.02 in chips) 
Seat 5: shootingGRID ($110.70 in chips) 
Seat 6: Dr. Fvinagre ($20.52 in chips) 
Dr. Fvinagre: posts small blind $0.50
CallMeeeCraig: posts big blind $1
*** HOLE CARDS ***
TheBraveGirl: folds 
coeeeelho: folds 
shootingGRID: folds 
Dr. Fvinagre: folds 
Uncalled bet ($0.50) returned to CallMeeeCraig
CallMeeeCraig collected $1 from pot
CallMeeeCraig: doesn't show hand 
*** SUMMARY ***
Total pot $1 | Rake $0 
Seat 1: CallMeeeCraig (big blind) collected ($1)
Seat 2: TheBraveGirl folded before Flop (didn't bet)
Seat 4: coeeeelho folded before Flop (didn't bet)
Seat 5: shootingGRID (button) folded before Flop (didn't bet)
Seat 6: Dr. Fvinagre (small blind) folded before Flop



PokerStars Hand #254276838525:  Hold'em No Limit ($0.50/$1.00 USD) - 2025/01/09 12:38:48 WET [2025/01/09 7:38:48 ET]
Table 'Shura II' 6-max Seat #6 is the button
Seat 1: CallMeeeCraig ($120.38 in chips) 
Seat 2: TheBraveGirl ($100 in chips) 
Seat 4: coeeeelho ($120.02 in chips) 
Seat 5: shootingGRID ($110.70 in chips) 
Seat 6: Dr. Fvinagre ($20.02 in chips) 
CallMeeeCraig: posts small blind $0.50
TheBraveGirl: posts big blind $1
*** HOLE CARDS ***
coeeeelho: folds 
shootingGRID: raises $1.25 to $2.25
Dr. Fvinagre: raises $17.77 to $20.02 and is all-in
CallMeeeCraig: folds 
TheBraveGirl: folds 
shootingGRID: folds 
Uncalled bet ($17.77) returned to Dr. Fvinagre
Dr. Fvinagre collected $6 from pot
*** SUMMARY ***
Total pot $6 | Rake $0 
Seat 1: CallMeeeCraig (small blind) folded before Flop
Seat 2: TheBraveGirl (big blind) folded before Flop
Seat 4: coeeeelho folded before Flop (didn't bet)
Seat 5: shootingGRID folded before Flop
Seat 6: Dr. Fvinagre (button) collected ($6)



PokerStars Hand #254276842870:  Hold'em No Limit ($0.50/$1.00 USD) - 2025/01/09 12:39:17 WET [2025/01/09 7:39:17 ET]
Table 'Shura II' 6-max Seat #1 is the button
Seat 1: CallMeeeCraig ($119.88 in chips) 
Seat 2: TheBraveGirl ($100 in chips) 
Seat 4: coeeeelho ($120.02 in chips) 
Seat 5: shootingGRID ($108.45 in chips) 
Seat 6: Dr. Fvinagre ($23.77 in chips) 
TheBraveGirl: posts small blind $0.50
coeeeelho: posts big blind $1
*** HOLE CARDS ***
shootingGRID: folds 
Bessie0009 joins the table at seat #3 
Bessie0009 is disconnected 
Dr. Fvinagre has timed out
Dr. Fvinagre: folds 
CallMeeeCraig: folds 
TheBraveGirl: folds 
Uncalled bet ($0.50) returned to coeeeelho
coeeeelho collected $1 from pot
*** SUMMARY ***
Total pot $1 | Rake $0 
Seat 1: CallMeeeCraig (button) folded before Flop (didn't bet)
Seat 2: TheBraveGirl (small blind) folded before Flop
Seat 4: coeeeelho (big blind) collected ($1)
Seat 5: shootingGRID folded before Flop (didn't bet)
Seat 6: Dr. Fvinagre folded before Flop (didn't bet)



PokerStars Hand #254276846592:  Hold'em No Limit ($0.50/$1.00 USD) - 2025/01/09 12:39:42 WET [2025/01/09 7:39:42 ET]
Table 'Shura II' 6-max Seat #2 is the button
Seat 3: Bessie0009 ($24.70 in chips) is sitting out
Seat 1: CallMeeeCraig ($119.88 in chips) 
Seat 2: TheBraveGirl ($100 in chips) 
Seat 4: coeeeelho ($120.52 in chips) 
Seat 5: shootingGRID ($108.45 in chips) 
Seat 6: Dr. Fvinagre ($23.77 in chips) 
coeeeelho: posts small blind $0.50
shootingGRID: posts big blind $1
*** HOLE CARDS ***
Dr. Fvinagre: folds 
CallMeeeCraig: folds 
TheBraveGirl: raises $1 to $2
coeeeelho: folds 
shootingGRID: calls $1
*** FLOP *** [Kh Jc 5c]
shootingGRID: checks 
TheBraveGirl: bets $3.21
shootingGRID: calls $3.21
*** TURN *** [Kh Jc 5c] [9h]
shootingGRID: checks 
TheBraveGirl: checks 
*** RIVER *** [Kh Jc 5c 9h] [Qd]
shootingGRID: bets $7.78
TheBraveGirl: folds 
Uncalled bet ($7.78) returned to shootingGRID
shootingGRID collected $10.37 from pot
*** SUMMARY ***
Total pot $10.92 | Rake $0.55 
Board [Kh Jc 5c 9h Qd]
Seat 3: Bessie0009
Seat 1: CallMeeeCraig folded before Flop (didn't bet)
Seat 2: TheBraveGirl (button) folded on the River
Seat 4: coeeeelho (small blind) folded before Flop
Seat 5: shootingGRID (big blind) collected ($10.37)
Seat 6: Dr. Fvinagre folded before Flop (didn't bet)



PokerStars Hand #254276863226:  Hold'em No Limit ($0.50/$1.00 USD) - 2025/01/09 12:41:28 WET [2025/01/09 7:41:28 ET]
Table 'Shura II' 6-max Seat #4 is the button
Seat 3: Bessie0009 ($24.70 in chips) is sitting out
Seat 1: CallMeeeCraig ($119.88 in chips) 
Seat 2: TheBraveGirl ($100 in chips) 
Seat 4: coeeeelho ($120.02 in chips) 
Seat 5: shootingGRID ($113.61 in chips) 
Seat 6: Dr. Fvinagre ($23.77 in chips) 
shootingGRID: posts small blind $0.50
Dr. Fvinagre: posts big blind $1
Bessie0009: sits out 
*** HOLE CARDS ***
CallMeeeCraig: raises $1.05 to $2.05
TheBraveGirl: raises $5.45 to $7.50
coeeeelho: folds 
shootingGRID: folds 
Dr. Fvinagre: folds 
CallMeeeCraig: folds 
Uncalled bet ($5.45) returned to TheBraveGirl
TheBraveGirl collected $5.60 from pot
TheBraveGirl: doesn't show hand 
*** SUMMARY ***
Total pot $5.60 | Rake $0 
Seat 3: Bessie0009
Seat 1: CallMeeeCraig folded before Flop
Seat 2: TheBraveGirl collected ($5.60)
Seat 4: coeeeelho (button) folded before Flop (didn't bet)
Seat 5: shootingGRID (small blind) folded before Flop
Seat 6: Dr. Fvinagre (big blind) folded before Flop



PokerStars Hand #254276867721:  Hold'em No Limit ($0.50/$1.00 USD) - 2025/01/09 12:41:57 WET [2025/01/09 7:41:57 ET]
Table 'Shura II' 6-max Seat #5 is the button
Seat 3: Bessie0009 ($24.70 in chips) is sitting out
Seat 1: CallMeeeCraig ($117.83 in chips) 
Seat 2: TheBraveGirl ($103.55 in chips) 
Seat 4: coeeeelho ($120.02 in chips) 
Seat 5: shootingGRID ($113.11 in chips) 
Seat 6: Dr. Fvinagre ($22.77 in chips) 
Dr. Fvinagre: posts small blind $0.50
CallMeeeCraig: posts big blind $1
Bessie0009: sits out 
*** HOLE CARDS ***
TheBraveGirl: folds 
coeeeelho: folds 
shootingGRID: raises $1.25 to $2.25
Dr. Fvinagre: folds 
CallMeeeCraig: folds 
Uncalled bet ($1.25) returned to shootingGRID
shootingGRID collected $2.50 from pot
*** SUMMARY ***
Total pot $2.50 | Rake $0 
Seat 3: Bessie0009
Seat 1: CallMeeeCraig (big blind) folded before Flop
Seat 2: TheBraveGirl folded before Flop (didn't bet)
Seat 4: coeeeelho folded before Flop (didn't bet)
Seat 5: shootingGRID (button) collected ($2.50)
Seat 6: Dr. Fvinagre (small blind) folded before Flop



PokerStars Hand #254276871388:  Hold'em No Limit ($0.50/$1.00 USD) - 2025/01/09 12:42:21 WET [2025/01/09 7:42:21 ET]
Table 'Shura II' 6-max Seat #6 is the button
Seat 3: Bessie0009 ($24.70 in chips) is sitting out
Seat 1: CallMeeeCraig ($116.83 in chips) 
Seat 2: TheBraveGirl ($103.55 in chips) 
Seat 4: coeeeelho ($120.02 in chips) 
Seat 5: shootingGRID ($114.61 in chips) 
Seat 6: Dr. Fvinagre ($22.27 in chips) 
CallMeeeCraig: posts small blind $0.50
TheBraveGirl: posts big blind $1
Bessie0009: sits out 
*** HOLE CARDS ***
coeeeelho: folds 
shootingGRID: raises $1.25 to $2.25
Dr. Fvinagre: folds 
Dr. Fvinagre leaves the table
CallMeeeCraig: folds 
TheBraveGirl: folds 
Uncalled bet ($1.25) returned to shootingGRID
shootingGRID collected $2.50 from pot
*** SUMMARY ***
Total pot $2.50 | Rake $0 
Seat 3: Bessie0009
Seat 1: CallMeeeCraig (small blind) folded before Flop
Seat 2: TheBraveGirl (big blind) folded before Flop
Seat 4: coeeeelho folded before Flop (didn't bet)
Seat 5: shootingGRID collected ($2.50)
Seat 6: Dr. Fvinagre (button) folded before Flop (didn't bet)



PokerStars Hand #254276875844:  Hold'em No Limit ($0.50/$1.00 USD) - 2025/01/09 12:42:49 WET [2025/01/09 7:42:49 ET]
Table 'Shura II' 6-max Seat #1 is the button
Seat 1: CallMeeeCraig ($116.33 in chips) 
Seat 2: TheBraveGirl ($102.55 in chips) 
Seat 3: Bessie0009 ($24.70 in chips) 
Seat 4: coeeeelho ($120.02 in chips) 
Seat 5: shootingGRID ($116.11 in chips) 
TheBraveGirl: posts small blind $0.50
Bessie0009: posts big blind $1
*** HOLE CARDS ***
Debomeg joins the table at seat #6 
coeeeelho: folds 
shootingGRID: raises $1.25 to $2.25
CallMeeeCraig: raises $4.75 to $7
TheBraveGirl: folds 
Bessie0009: folds 
shootingGRID: raises $13 to $20
CallMeeeCraig: folds 
Uncalled bet ($13) returned to shootingGRID
shootingGRID collected $15.50 from pot
*** SUMMARY ***
Total pot $15.50 | Rake $0 
Seat 1: CallMeeeCraig (button) folded before Flop
Seat 2: TheBraveGirl (small blind) folded before Flop
Seat 3: Bessie0009 (big blind) folded before Flop
Seat 4: coeeeelho folded before Flop (didn't bet)
Seat 5: shootingGRID collected ($15.50)



PokerStars Hand #254276882618:  Hold'em No Limit ($0.50/$1.00 USD) - 2025/01/09 12:43:32 WET [2025/01/09 7:43:32 ET]
Table 'Shura II' 6-max Seat #2 is the button
Seat 6: Debomeg ($100 in chips) is sitting out
Seat 1: CallMeeeCraig ($109.33 in chips) 
Seat 2: TheBraveGirl ($102.05 in chips) 
Seat 3: Bessie0009 ($23.70 in chips) 
Seat 4: coeeeelho ($120.02 in chips) 
Seat 5: shootingGRID ($124.61 in chips) 
Bessie0009: posts small blind $0.50
coeeeelho: posts big blind $1
Debomeg: sits out 
*** HOLE CARDS ***
shootingGRID: folds 
CallMeeeCraig: folds 
TheBraveGirl: raises $1 to $2
Bessie0009: folds 
coeeeelho: calls $1
*** FLOP *** [6d Jh Kd]
coeeeelho: checks 
TheBraveGirl: checks 
*** TURN *** [6d Jh Kd] [5s]
coeeeelho: bets $6.42
TheBraveGirl: calls $6.42
*** RIVER *** [6d Jh Kd 5s] [Ac]
coeeeelho: bets $12.35
TheBraveGirl: raises $81.28 to $93.63 and is all-in
coeeeelho: folds 
Uncalled bet ($81.28) returned to TheBraveGirl
TheBraveGirl collected $39.94 from pot
TheBraveGirl: doesn't show hand 
*** SUMMARY ***
Total pot $42.04 | Rake $2.10 
Board [6d Jh Kd 5s Ac]
Seat 6: Debomeg
Seat 1: CallMeeeCraig folded before Flop (didn't bet)
Seat 2: TheBraveGirl (button) collected ($39.94)
Seat 3: Bessie0009 (small blind) folded before Flop
Seat 4: coeeeelho (big blind) folded on the River
Seat 5: shootingGRID folded before Flop (didn't bet)



PokerStars Hand #254276891642:  Hold'em No Limit ($0.50/$1.00 USD) - 2025/01/09 12:44:30 WET [2025/01/09 7:44:30 ET]
Table 'Shura II' 6-max Seat #3 is the button
Seat 6: Debomeg ($100 in chips) is sitting out
Seat 1: CallMeeeCraig ($109.33 in chips) 
Seat 2: TheBraveGirl ($121.22 in chips) 
Seat 3: Bessie0009 ($23.20 in chips) 
Seat 4: coeeeelho ($100 in chips) 
Seat 5: shootingGRID ($124.61 in chips) 
coeeeelho: posts small blind $0.50
shootingGRID: posts big blind $1
Debomeg: sits out 
*** HOLE CARDS ***
CallMeeeCraig: folds 
TheBraveGirl: folds 
Bessie0009: raises $2.50 to $3.50
coeeeelho: folds 
shootingGRID: calls $2.50
*** FLOP *** [Ac 4c 5s]
shootingGRID: checks 
Bessie0009: bets $7.12
shootingGRID: raises $21.36 to $28.48
Bessie0009: folds 
Uncalled bet ($21.36) returned to shootingGRID
shootingGRID collected $20.65 from pot
*** SUMMARY ***
Total pot $21.74 | Rake $1.09 
Board [Ac 4c 5s]
Seat 6: Debomeg
Seat 1: CallMeeeCraig folded before Flop (didn't bet)
Seat 2: TheBraveGirl folded before Flop (didn't bet)
Seat 3: Bessie0009 (button) folded on the Flop
Seat 4: coeeeelho (small blind) folded before Flop
Seat 5: shootingGRID (big blind) collected ($20.65)



PokerStars Hand #254276900248:  Hold'em No Limit ($0.50/$1.00 USD) - 2025/01/09 12:45:24 WET [2025/01/09 7:45:24 ET]
Table 'Shura II' 6-max Seat #4 is the button
Seat 1: CallMeeeCraig ($109.33 in chips) 
Seat 2: TheBraveGirl ($121.22 in chips) 
Seat 3: Bessie0009 ($12.58 in chips) 
Seat 4: coeeeelho ($100 in chips) 
Seat 5: shootingGRID ($134.64 in chips) 
Seat 6: Debomeg ($100 in chips) 
shootingGRID: posts small blind $0.50
Debomeg: posts big blind $1
*** HOLE CARDS ***
CallMeeeCraig: folds 
TheBraveGirl: folds 
Bessie0009: calls $1
coeeeelho: folds 
shootingGRID: raises $3.50 to $4.50
Debomeg: folds 
Bessie0009: raises $8.08 to $12.58 and is all-in
shootingGRID: calls $8.08
*** FLOP *** [Th 4d 7s]
*** TURN *** [Th 4d 7s] [9c]
*** RIVER *** [Th 4d 7s 9c] [8d]
*** SHOW DOWN ***
shootingGRID: shows [6h 6c] (a straight, Six to Ten)
Bessie0009: shows [Qs Ad] (high card Ace)
shootingGRID collected $24.85 from pot
*** SUMMARY ***
Total pot $26.16 | Rake $1.31 
Board [Th 4d 7s 9c 8d]
Seat 1: CallMeeeCraig folded before Flop (didn't bet)
Seat 2: TheBraveGirl folded before Flop (didn't bet)
Seat 3: Bessie0009 showed [Qs Ad] and lost with high card Ace
Seat 4: coeeeelho (button) folded before Flop (didn't bet)
Seat 5: shootingGRID (small blind) showed [6h 6c] and won ($24.85) with a straight, Six to Ten
Seat 6: Debomeg (big blind) folded before Flop



PokerStars Hand #254276905834:  Hold'em No Limit ($0.50/$1.00 USD) - 2025/01/09 12:45:59 WET [2025/01/09 7:45:59 ET]
Table 'Shura II' 6-max Seat #5 is the button
Seat 1: CallMeeeCraig ($109.33 in chips) is sitting out
Seat 3: Bessie0009 ($0 in chips) is sitting out
Seat 2: TheBraveGirl ($121.22 in chips) 
Seat 4: coeeeelho ($100 in chips) 
Seat 5: shootingGRID ($146.91 in chips) 
Seat 6: Debomeg ($99 in chips) 
Debomeg: posts small blind $0.50
CallMeeeCraig: is sitting out 
TheBraveGirl: posts big blind $1
*** HOLE CARDS ***
coeeeelho: folds 
shootingGRID: raises $1.25 to $2.25
Bessie0009 leaves the table
Debomeg: raises $7.88 to $10.13
TheBraveGirl: folds 
shootingGRID: calls $7.88
*** FLOP *** [6c 6s Ac]
Debomeg: bets $2.44
shootingGRID: folds 
Uncalled bet ($2.44) returned to Debomeg
Debomeg collected $20.26 from pot
Debomeg: doesn't show hand 
*** SUMMARY ***
Total pot $21.26 | Rake $1 
Board [6c 6s Ac]
Seat 1: CallMeeeCraig
Seat 3: Bessie0009
Seat 2: TheBraveGirl (big blind) folded before Flop
Seat 4: coeeeelho folded before Flop (didn't bet)
Seat 5: shootingGRID (button) folded on the Flop
Seat 6: Debomeg (small blind) collected ($20.26)



PokerStars Hand #254276915643:  Hold'em No Limit ($0.50/$1.00 USD) - 2025/01/09 12:47:01 WET [2025/01/09 7:47:01 ET]
Table 'Shura II' 6-max Seat #6 is the button
Seat 1: CallMeeeCraig ($109.33 in chips) is sitting out
Seat 2: TheBraveGirl ($120.22 in chips) 
Seat 4: coeeeelho ($100 in chips) 
Seat 5: shootingGRID ($136.78 in chips) 
Seat 6: Debomeg ($109.13 in chips) 
TheBraveGirl: posts small blind $0.50
coeeeelho: posts big blind $1
*** HOLE CARDS ***
shootingGRID: folds 
Debomeg: folds 
TheBraveGirl: folds 
Uncalled bet ($0.50) returned to coeeeelho
coeeeelho collected $1 from pot
*** SUMMARY ***
Total pot $1 | Rake $0 
Seat 1: CallMeeeCraig
Seat 2: TheBraveGirl (small blind) folded before Flop
Seat 4: coeeeelho (big blind) collected ($1)
Seat 5: shootingGRID folded before Flop (didn't bet)
Seat 6: Debomeg (button) folded before Flop (didn't bet)



PokerStars Hand #254276917650:  Hold'em No Limit ($0.50/$1.00 USD) - 2025/01/09 12:47:13 WET [2025/01/09 7:47:13 ET]
Table 'Shura II' 6-max Seat #2 is the button
Seat 1: CallMeeeCraig ($109.33 in chips) is sitting out
Seat 2: TheBraveGirl ($119.72 in chips) 
Seat 4: coeeeelho ($100.50 in chips) 
Seat 5: shootingGRID ($136.78 in chips) 
Seat 6: Debomeg ($109.13 in chips) 
coeeeelho: posts small blind $0.50
shootingGRID: posts big blind $1
*** HOLE CARDS ***
Debomeg: folds 
TheBraveGirl: raises $1 to $2
coeeeelho: folds 
OO7gee joins the table at seat #3 
OO7gee is disconnected 
shootingGRID: folds 
Uncalled bet ($1) returned to TheBraveGirl
TheBraveGirl collected $2.50 from pot
TheBraveGirl: doesn't show hand 
*** SUMMARY ***
Total pot $2.50 | Rake $0 
Seat 1: CallMeeeCraig
Seat 2: TheBraveGirl (button) collected ($2.50)
Seat 4: coeeeelho (small blind) folded before Flop
Seat 5: shootingGRID (big blind) folded before Flop
Seat 6: Debomeg folded before Flop (didn't bet)



PokerStars Hand #254276919784:  Hold'em No Limit ($0.50/$1.00 USD) - 2025/01/09 12:47:26 WET [2025/01/09 7:47:26 ET]
Table 'Shura II' 6-max Seat #4 is the button
Seat 1: CallMeeeCraig ($109.33 in chips) is sitting out
Seat 3: OO7gee ($10 in chips) is sitting out
Seat 2: TheBraveGirl ($121.22 in chips) 
Seat 4: coeeeelho ($100 in chips) 
Seat 5: shootingGRID ($135.78 in chips) 
Seat 6: Debomeg ($109.13 in chips) 
shootingGRID: posts small blind $0.50
Debomeg: posts big blind $1
OO7gee: sits out 
*** HOLE CARDS ***
TheBraveGirl: folds 
coeeeelho: folds 
shootingGRID: folds 
Uncalled bet ($0.50) returned to Debomeg
Debomeg collected $1 from pot
Debomeg: doesn't show hand 
*** SUMMARY ***
Total pot $1 | Rake $0 
Seat 1: CallMeeeCraig
Seat 3: OO7gee
Seat 2: TheBraveGirl folded before Flop (didn't bet)
Seat 4: coeeeelho (button) folded before Flop (didn't bet)
Seat 5: shootingGRID (small blind) folded before Flop
Seat 6: Debomeg (big blind) collected ($1)



PokerStars Hand #254276922373:  Hold'em No Limit ($0.50/$1.00 USD) - 2025/01/09 12:47:43 WET [2025/01/09 7:47:43 ET]
Table 'Shura II' 6-max Seat #5 is the button
Seat 1: CallMeeeCraig ($109.33 in chips) is sitting out
Seat 2: TheBraveGirl ($121.22 in chips) is sitting out
Seat 3: OO7gee ($10 in chips) 
Seat 4: coeeeelho ($100 in chips) 
Seat 5: shootingGRID ($135.28 in chips) 
Seat 6: Debomeg ($109.63 in chips) 
Debomeg: posts small blind $0.50
TheBraveGirl: is sitting out 
OO7gee: posts big blind $1
*** HOLE CARDS ***
TheBraveGirl leaves the table
coeeeelho: raises $1.20 to $2.20
shootingGRID: folds 
Debomeg: folds 
OO7gee: calls $1.20
*** FLOP *** [5c Jc 2c]
OO7gee: checks 
coeeeelho: bets $1.17
OO7gee: calls $1.17
*** TURN *** [5c Jc 2c] [Qs]
value_ftw joins the table at seat #2 
OO7gee: bets $2
coeeeelho: calls $2
*** RIVER *** [5c Jc 2c Qs] [Qh]
OO7gee: bets $4.63 and is all-in
coeeeelho: calls $4.63
*** SHOW DOWN ***
OO7gee: shows [As 9h] (a pair of Queens)
coeeeelho: shows [Ac Jd] (two pair, Queens and Jacks)
coeeeelho collected $19.50 from pot
*** SUMMARY ***
Total pot $20.50 | Rake $1 
Board [5c Jc 2c Qs Qh]
Seat 1: CallMeeeCraig
Seat 2: TheBraveGirl
Seat 3: OO7gee (big blind) showed [As 9h] and lost with a pair of Queens
Seat 4: coeeeelho showed [Ac Jd] and won ($19.50) with two pair, Queens and Jacks
Seat 5: shootingGRID (button) folded before Flop (didn't bet)
Seat 6: Debomeg (small blind) folded before Flop



PokerStars Hand #254276932944:  Hold'em No Limit ($0.50/$1.00 USD) - 2025/01/09 12:48:51 WET [2025/01/09 7:48:51 ET]
Table 'Shura II' 6-max Seat #6 is the button
Seat 1: CallMeeeCraig ($109.33 in chips) is sitting out
Seat 2: value_ftw ($100 in chips) is sitting out
Seat 3: OO7gee ($0 in chips) is sitting out
Seat 4: coeeeelho ($109.50 in chips) 
Seat 5: shootingGRID ($135.28 in chips) 
Seat 6: Debomeg ($109.13 in chips) 
coeeeelho: posts small blind $0.50
shootingGRID: posts big blind $1
*** HOLE CARDS ***
Debomeg: folds 
coeeeelho: folds 
Uncalled bet ($0.50) returned to shootingGRID
shootingGRID collected $1 from pot
*** SUMMARY ***
Total pot $1 | Rake $0 
Seat 1: CallMeeeCraig
Seat 2: value_ftw
Seat 3: OO7gee
Seat 4: coeeeelho (small blind) folded before Flop
Seat 5: shootingGRID (big blind) collected ($1)
Seat 6: Debomeg (button) folded before Flop (didn't bet)



PokerStars Hand #254276934526:  Hold'em No Limit ($0.50/$1.00 USD) - 2025/01/09 12:49:01 WET [2025/01/09 7:49:01 ET]
Table 'Shura II' 6-max Seat #5 is the button
Seat 1: CallMeeeCraig ($109.33 in chips) is sitting out
Seat 3: OO7gee ($0 in chips) is sitting out
Seat 4: coeeeelho ($109 in chips) is sitting out
Seat 2: value_ftw ($100 in chips) 
Seat 5: shootingGRID ($135.78 in chips) 
Seat 6: Debomeg ($109.13 in chips) 
Debomeg: posts small blind $0.50
value_ftw: posts big blind $1
*** HOLE CARDS ***
shootingGRID: raises $1.25 to $2.25
Debomeg: raises $7.88 to $10.13
value_ftw: folds 
shootingGRID: folds 
Uncalled bet ($7.88) returned to Debomeg
Debomeg collected $5.50 from pot
Debomeg: doesn't show hand 
*** SUMMARY ***
Total pot $5.50 | Rake $0 
Seat 1: CallMeeeCraig
Seat 3: OO7gee
Seat 4: coeeeelho
Seat 2: value_ftw (big blind) folded before Flop
Seat 5: shootingGRID (button) folded before Flop
Seat 6: Debomeg (small blind) collected ($5.50)



PokerStars Hand #254276937463:  Hold'em No Limit ($0.50/$1.00 USD) - 2025/01/09 12:49:19 WET [2025/01/09 7:49:19 ET]
Table 'Shura II' 6-max Seat #6 is the button
Seat 1: CallMeeeCraig ($109.33 in chips) is sitting out
Seat 3: OO7gee ($0 in chips) is sitting out
Seat 4: coeeeelho ($109 in chips) is sitting out
Seat 2: value_ftw ($100 in chips) 
Seat 5: shootingGRID ($133.53 in chips) 
Seat 6: Debomeg ($112.38 in chips) 
value_ftw: posts small blind $0.50
shootingGRID: posts big blind $1
*** HOLE CARDS ***
Debomeg: raises $1 to $2
value_ftw: folds 
shootingGRID: calls $1
*** FLOP *** [8c 2c 6h]
shootingGRID: checks 
Debomeg: bets $1.07
shootingGRID: raises $7.43 to $8.50
Debomeg: calls $7.43
*** TURN *** [8c 2c 6h] [Kc]
shootingGRID: bets $6.77
Debomeg: folds 
Uncalled bet ($6.77) returned to shootingGRID
shootingGRID collected $20.50 from pot
*** SUMMARY ***
Total pot $21.50 | Rake $1 
Board [8c 2c 6h Kc]
Seat 1: CallMeeeCraig
Seat 3: OO7gee
Seat 4: coeeeelho
Seat 2: value_ftw (small blind) folded before Flop
Seat 5: shootingGRID (big blind) collected ($20.50)
Seat 6: Debomeg (button) folded on the Turn



PokerStars Hand #254276945881:  Hold'em No Limit ($0.50/$1.00 USD) - 2025/01/09 12:50:12 WET [2025/01/09 7:50:12 ET]
Table 'Shura II' 6-max Seat #2 is the button
Seat 1: CallMeeeCraig ($109.33 in chips) is sitting out
Seat 3: OO7gee ($0 in chips) is sitting out
Seat 4: coeeeelho ($109 in chips) is sitting out
Seat 2: value_ftw ($100 in chips) 
Seat 5: shootingGRID ($143.53 in chips) 
Seat 6: Debomeg ($101.88 in chips) 
shootingGRID: posts small blind $0.50
Debomeg: posts big blind $1
CallMeeeCraig: sits out 
*** HOLE CARDS ***
coeeeelho leaves the table
value_ftw: raises $1.50 to $2.50
shootingGRID: folds 
Debomeg: folds 
Uncalled bet ($1.50) returned to value_ftw
value_ftw collected $2.50 from pot
value_ftw: doesn't show hand 
shootingGRID leaves the table
*** SUMMARY ***
Total pot $2.50 | Rake $0 
Seat 1: CallMeeeCraig
Seat 3: OO7gee
Seat 4: coeeeelho
Seat 2: value_ftw (button) collected ($2.50)
Seat 5: shootingGRID (small blind) folded before Flop
Seat 6: Debomeg (big blind) folded before Flop



PokerStars Hand #254276949214:  Hold'em No Limit ($0.50/$1.00 USD) - 2025/01/09 12:50:33 WET [2025/01/09 7:50:33 ET]
Table 'Shura II' 6-max Seat #6 is the button
Seat 1: CallMeeeCraig ($109.33 in chips) 
Seat 6: Debomeg ($100.88 in chips) 
Debomeg: posts small blind $0.50
CallMeeeCraig: posts big blind $1
*** HOLE CARDS ***
Debomeg: raises $2 to $3
CallMeeeCraig: folds 
Uncalled bet ($2) returned to Debomeg
Debomeg collected $2 from pot
Debomeg: doesn't show hand 
*** SUMMARY ***
Total pot $2 | Rake $0 
Seat 1: CallMeeeCraig (big blind) folded before Flop
Seat 6: Debomeg (button) (small blind) collected ($2)



