PokerStars Hand #254284900498:  Hold'em No Limit ($0.50/$1.00 USD) - 2025/01/09 21:38:39 WET [2025/01/09 16:38:39 ET]
Table 'Hera III' 6-max Seat #1 is the button
Seat 4: XneferX ($100 in chips) is sitting out
Seat 1: Nazareno1999 ($100 in chips) 
Seat 3: tukeiron ($100 in chips) 
Nazareno1999: posts small blind $0.50
tukeiron: posts big blind $1
*** HOLE CARDS ***
Nazareno1999: raises $1.50 to $2.50
tukeiron: folds 
Uncalled bet ($1.50) returned to Nazareno1999
Nazareno1999 collected $2 from pot
Nazareno1999: doesn't show hand 
*** SUMMARY ***
Total pot $2 | Rake $0 
Seat 4: XneferX
Seat 1: Nazareno1999 (button) (small blind) collected ($2)
Seat 3: tukeiron (big blind) folded before Flop



PokerStars Hand #254284904821:  Hold'em No Limit ($0.50/$1.00 USD) - 2025/01/09 21:38:52 WET [2025/01/09 16:38:52 ET]
Table 'Hera III' 6-max Seat #3 is the button
Seat 4: XneferX ($100 in chips) is sitting out
Seat 1: Nazareno1999 ($101 in chips) 
Seat 3: tukeiron ($100 in chips) 
tukeiron: posts small blind $0.50
Nazareno1999: posts big blind $1
*** HOLE CARDS ***
tukeiron: raises $1.50 to $2.50
Nazareno1999: folds 
Uncalled bet ($1.50) returned to tukeiron
tukeiron collected $2 from pot
*** SUMMARY ***
Total pot $2 | Rake $0 
Seat 4: XneferX
Seat 1: Nazareno1999 (big blind) folded before Flop
Seat 3: tukeiron (button) (small blind) collected ($2)



PokerStars Hand #254284912777:  Hold'em No Limit ($0.50/$1.00 USD) - 2025/01/09 21:39:14 WET [2025/01/09 16:39:14 ET]
Table 'Hera III' 6-max Seat #1 is the button
Seat 1: Nazareno1999 ($100 in chips) 
Seat 3: tukeiron ($101 in chips) 
Seat 4: XneferX ($100 in chips) 
tukeiron: posts small blind $0.50
XneferX: posts big blind $1
*** HOLE CARDS ***
Nazareno1999: raises $1.20 to $2.20
tukeiron: raises $8.30 to $10.50
XneferX: raises $8.30 to $18.80
Nazareno1999: folds 
tukeiron: calls $8.30
*** FLOP *** [Th 3d 4s]
tukeiron: checks 
XneferX: checks 
*** TURN *** [Th 3d 4s] [6s]
tukeiron: checks 
XneferX: checks 
*** RIVER *** [Th 3d 4s 6s] [8d]
tukeiron: bets $21.34
XneferX: calls $21.34
*** SHOW DOWN ***
tukeiron: shows [9s 9c] (a pair of Nines)
XneferX: mucks hand 
tukeiron collected $81.48 from pot
*** SUMMARY ***
Total pot $82.48 | Rake $1 
Board [Th 3d 4s 6s 8d]
Seat 1: Nazareno1999 (button) folded before Flop
Seat 3: tukeiron (small blind) showed [9s 9c] and won ($81.48) with a pair of Nines
Seat 4: XneferX (big blind) mucked



PokerStars Hand #254284934369:  Hold'em No Limit ($0.50/$1.00 USD) - 2025/01/09 21:40:16 WET [2025/01/09 16:40:16 ET]
Table 'Hera III' 6-max Seat #4 is the button
Seat 1: Nazareno1999 ($100 in chips) 
Seat 4: XneferX ($100 in chips) 
XneferX: posts small blind $0.50
Nazareno1999: posts big blind $1
*** HOLE CARDS ***
XneferX: folds 
Uncalled bet ($0.50) returned to Nazareno1999
Nazareno1999 collected $1 from pot
Nazareno1999: doesn't show hand 
*** SUMMARY ***
Total pot $1 | Rake $0 
Seat 1: Nazareno1999 (big blind) collected ($1)
Seat 4: XneferX (button) (small blind) folded before Flop



PokerStars Hand #254284936825:  Hold'em No Limit ($0.50/$1.00 USD) - 2025/01/09 21:40:23 WET [2025/01/09 16:40:23 ET]
Table 'Hera III' 6-max Seat #1 is the button
Seat 1: Nazareno1999 ($100.50 in chips) 
Seat 4: XneferX ($100 in chips) 
Nazareno1999: posts small blind $0.50
XneferX: posts big blind $1
*** HOLE CARDS ***
Nazareno1999: raises $1.20 to $2.20
XneferX: folds 
Uncalled bet ($1.20) returned to Nazareno1999
Nazareno1999 collected $2 from pot
Nazareno1999: doesn't show hand 
*** SUMMARY ***
Total pot $2 | Rake $0 
Seat 1: Nazareno1999 (button) (small blind) collected ($2)
Seat 4: XneferX (big blind) folded before Flop



PokerStars Hand #254284991942:  Hold'em No Limit ($0.50/$1.00 USD) - 2025/01/09 21:43:01 WET [2025/01/09 16:43:01 ET]
Table 'Hera III' 6-max Seat #2 is the button
Seat 1: Nazareno1999 ($101.50 in chips) 
Seat 2: blistein ($100 in chips) 
Seat 3: baboune4 ($100 in chips) 
Seat 4: XneferX ($100 in chips) 
Seat 5: andutu34 ($100 in chips) 
Seat 6: 1.0OO.0OO$ ($100 in chips) 
baboune4: posts small blind $0.50
XneferX: posts big blind $1
*** HOLE CARDS ***
andutu34: folds 
1.0OO.0OO$: folds 
Nazareno1999: raises $1.20 to $2.20
blistein: folds 
baboune4: calls $1.70
XneferX: calls $1.20
*** FLOP *** [5h 9s 3s]
baboune4: checks 
XneferX: checks 
Nazareno1999: checks 
*** TURN *** [5h 9s 3s] [Kh]
baboune4: checks 
XneferX: bets $3.20
Nazareno1999: calls $3.20
baboune4: calls $3.20
*** RIVER *** [5h 9s 3s Kh] [Jh]
baboune4: checks 
XneferX: checks 
Nazareno1999: bets $5.08
baboune4: raises $25.55 to $30.63
XneferX: folds 
Nazareno1999: calls $25.55
*** SHOW DOWN ***
baboune4: shows [Qh 8h] (a flush, King high)
Nazareno1999: mucks hand 
baboune4 collected $74.96 from pot
*** SUMMARY ***
Total pot $77.46 | Rake $2.50 
Board [5h 9s 3s Kh Jh]
Seat 1: Nazareno1999 mucked
Seat 2: blistein (button) folded before Flop (didn't bet)
Seat 3: baboune4 (small blind) showed [Qh 8h] and won ($74.96) with a flush, King high
Seat 4: XneferX (big blind) folded on the River
Seat 5: andutu34 folded before Flop (didn't bet)
Seat 6: 1.0OO.0OO$ folded before Flop (didn't bet)



PokerStars Hand #254285013695:  Hold'em No Limit ($0.50/$1.00 USD) - 2025/01/09 21:44:04 WET [2025/01/09 16:44:04 ET]
Table 'Hera III' 6-max Seat #3 is the button
Seat 1: Nazareno1999 ($100 in chips) 
Seat 2: blistein ($100 in chips) 
Seat 3: baboune4 ($138.93 in chips) 
Seat 4: XneferX ($100 in chips) 
Seat 5: andutu34 ($100 in chips) 
Seat 6: 1.0OO.0OO$ ($100 in chips) 
XneferX: posts small blind $0.50
andutu34: posts big blind $1
*** HOLE CARDS ***
1.0OO.0OO$: raises $1.50 to $2.50
Nazareno1999: folds 
blistein: folds 
baboune4: folds 
XneferX: folds 
andutu34: folds 
Uncalled bet ($1.50) returned to 1.0OO.0OO$
1.0OO.0OO$ collected $2.50 from pot
1.0OO.0OO$: doesn't show hand 
*** SUMMARY ***
Total pot $2.50 | Rake $0 
Seat 1: Nazareno1999 folded before Flop (didn't bet)
Seat 2: blistein folded before Flop (didn't bet)
Seat 3: baboune4 (button) folded before Flop (didn't bet)
Seat 4: XneferX (small blind) folded before Flop
Seat 5: andutu34 (big blind) folded before Flop
Seat 6: 1.0OO.0OO$ collected ($2.50)



PokerStars Hand #254285019214:  Hold'em No Limit ($0.50/$1.00 USD) - 2025/01/09 21:44:20 WET [2025/01/09 16:44:20 ET]
Table 'Hera III' 6-max Seat #4 is the button
Seat 1: Nazareno1999 ($100 in chips) 
Seat 2: blistein ($100 in chips) 
Seat 3: baboune4 ($138.93 in chips) 
Seat 4: XneferX ($100 in chips) 
Seat 5: andutu34 ($100 in chips) 
Seat 6: 1.0OO.0OO$ ($101.50 in chips) 
andutu34: posts small blind $0.50
1.0OO.0OO$: posts big blind $1
*** HOLE CARDS ***
Nazareno1999: raises $1.20 to $2.20
blistein: folds 
baboune4: calls $2.20
XneferX: raises $10.30 to $12.50
andutu34: folds 
1.0OO.0OO$: folds 
Nazareno1999: folds 
baboune4: folds 
Uncalled bet ($10.30) returned to XneferX
XneferX collected $8.10 from pot
XneferX: doesn't show hand 
*** SUMMARY ***
Total pot $8.10 | Rake $0 
Seat 1: Nazareno1999 folded before Flop
Seat 2: blistein folded before Flop (didn't bet)
Seat 3: baboune4 folded before Flop
Seat 4: XneferX (button) collected ($8.10)
Seat 5: andutu34 (small blind) folded before Flop
Seat 6: 1.0OO.0OO$ (big blind) folded before Flop



PokerStars Hand #254285025133:  Hold'em No Limit ($0.50/$1.00 USD) - 2025/01/09 21:44:37 WET [2025/01/09 16:44:37 ET]
Table 'Hera III' 6-max Seat #5 is the button
Seat 1: Nazareno1999 ($100 in chips) 
Seat 2: blistein ($100 in chips) 
Seat 3: baboune4 ($136.73 in chips) 
Seat 4: XneferX ($105.90 in chips) 
Seat 5: andutu34 ($100 in chips) 
Seat 6: 1.0OO.0OO$ ($100.50 in chips) 
1.0OO.0OO$: posts small blind $0.50
Nazareno1999: posts big blind $1
*** HOLE CARDS ***
blistein: raises $1.20 to $2.20
baboune4: calls $2.20
XneferX: raises $10.30 to $12.50
andutu34: folds 
1.0OO.0OO$: folds 
Nazareno1999: folds 
blistein: folds 
baboune4: calls $10.30
*** FLOP *** [4h Qc 4c]
baboune4: checks 
XneferX: bets $9.27
baboune4: calls $9.27
*** TURN *** [4h Qc 4c] [Jd]
baboune4: checks 
XneferX: checks 
*** RIVER *** [4h Qc 4c Jd] [Ad]
baboune4: checks 
XneferX: bets $34.56
baboune4: calls $34.56
*** SHOW DOWN ***
XneferX: shows [As Jc] (two pair, Aces and Jacks)
baboune4: mucks hand 
XneferX collected $113.86 from pot
*** SUMMARY ***
Total pot $116.36 | Rake $2.50 
Board [4h Qc 4c Jd Ad]
Seat 1: Nazareno1999 (big blind) folded before Flop
Seat 2: blistein folded before Flop
Seat 3: baboune4 mucked
Seat 4: XneferX showed [As Jc] and won ($113.86) with two pair, Aces and Jacks
Seat 5: andutu34 (button) folded before Flop (didn't bet)
Seat 6: 1.0OO.0OO$ (small blind) folded before Flop



PokerStars Hand #254285039582:  Hold'em No Limit ($0.50/$1.00 USD) - 2025/01/09 21:45:19 WET [2025/01/09 16:45:19 ET]
Table 'Hera III' 6-max Seat #6 is the button
Seat 1: Nazareno1999 ($100 in chips) 
Seat 2: blistein ($100 in chips) 
Seat 3: baboune4 ($80.40 in chips) 
Seat 4: XneferX ($163.43 in chips) 
Seat 5: andutu34 ($100 in chips) 
Seat 6: 1.0OO.0OO$ ($100 in chips) 
Nazareno1999: posts small blind $0.50
blistein: posts big blind $1
*** HOLE CARDS ***
baboune4: raises $6 to $7
XneferX: folds 
andutu34: folds 
1.0OO.0OO$: folds 
Nazareno1999: folds 
blistein: folds 
Uncalled bet ($6) returned to baboune4
baboune4 collected $2.50 from pot
baboune4: doesn't show hand 
*** SUMMARY ***
Total pot $2.50 | Rake $0 
Seat 1: Nazareno1999 (small blind) folded before Flop
Seat 2: blistein (big blind) folded before Flop
Seat 3: baboune4 collected ($2.50)
Seat 4: XneferX folded before Flop (didn't bet)
Seat 5: andutu34 folded before Flop (didn't bet)
Seat 6: 1.0OO.0OO$ (button) folded before Flop (didn't bet)



PokerStars Hand #254285045528:  Hold'em No Limit ($0.50/$1.00 USD) - 2025/01/09 21:45:36 WET [2025/01/09 16:45:36 ET]
Table 'Hera III' 6-max Seat #1 is the button
Seat 1: Nazareno1999 ($100 in chips) 
Seat 2: blistein ($100 in chips) 
Seat 3: baboune4 ($81.90 in chips) 
Seat 4: XneferX ($163.43 in chips) 
Seat 5: andutu34 ($100 in chips) 
Seat 6: 1.0OO.0OO$ ($100 in chips) 
blistein: posts small blind $0.50
baboune4: posts big blind $1
*** HOLE CARDS ***
XneferX: folds 
andutu34: folds 
1.0OO.0OO$: folds 
Nazareno1999: raises $1.20 to $2.20
blistein: folds 
baboune4: calls $1.20
*** FLOP *** [Ad 2c Jc]
baboune4: bets $4.66
Nazareno1999: folds 
Uncalled bet ($4.66) returned to baboune4
baboune4 collected $4.66 from pot
baboune4: doesn't show hand 
*** SUMMARY ***
Total pot $4.90 | Rake $0.24 
Board [Ad 2c Jc]
Seat 1: Nazareno1999 (button) folded on the Flop
Seat 2: blistein (small blind) folded before Flop
Seat 3: baboune4 (big blind) collected ($4.66)
Seat 4: XneferX folded before Flop (didn't bet)
Seat 5: andutu34 folded before Flop (didn't bet)
Seat 6: 1.0OO.0OO$ folded before Flop (didn't bet)



PokerStars Hand #254285052534:  Hold'em No Limit ($0.50/$1.00 USD) - 2025/01/09 21:45:56 WET [2025/01/09 16:45:56 ET]
Table 'Hera III' 6-max Seat #2 is the button
Seat 1: Nazareno1999 ($100 in chips) 
Seat 2: blistein ($100 in chips) 
Seat 3: baboune4 ($84.36 in chips) 
Seat 4: XneferX ($163.43 in chips) 
Seat 5: andutu34 ($100 in chips) 
Seat 6: 1.0OO.0OO$ ($100 in chips) 
baboune4: posts small blind $0.50
XneferX: posts big blind $1
*** HOLE CARDS ***
andutu34: folds 
1.0OO.0OO$: raises $1.50 to $2.50
Nazareno1999: folds 
blistein: folds 
baboune4: raises $6 to $8.50
XneferX: folds 
1.0OO.0OO$: raises $21.50 to $30
baboune4: calls $21.50
*** FLOP *** [8s 4h 6c]
baboune4: bets $54.36 and is all-in
1.0OO.0OO$: calls $54.36
*** TURN *** [8s 4h 6c] [5h]
*** RIVER *** [8s 4h 6c 5h] [7h]
*** SHOW DOWN ***
baboune4: shows [9s Ks] (a straight, Five to Nine)
1.0OO.0OO$: shows [Ah Qh] (a flush, Ace high)
1.0OO.0OO$ collected $167.22 from pot
*** SUMMARY ***
Total pot $169.72 | Rake $2.50 
Board [8s 4h 6c 5h 7h]
Seat 1: Nazareno1999 folded before Flop (didn't bet)
Seat 2: blistein (button) folded before Flop (didn't bet)
Seat 3: baboune4 (small blind) showed [9s Ks] and lost with a straight, Five to Nine
Seat 4: XneferX (big blind) folded before Flop
Seat 5: andutu34 folded before Flop (didn't bet)
Seat 6: 1.0OO.0OO$ showed [Ah Qh] and won ($167.22) with a flush, Ace high



PokerStars Hand #254285072686:  Hold'em No Limit ($0.50/$1.00 USD) - 2025/01/09 21:46:55 WET [2025/01/09 16:46:55 ET]
Table 'Hera III' 6-max Seat #4 is the button
Seat 3: baboune4 ($0 in chips) is sitting out
Seat 1: Nazareno1999 ($100 in chips) 
Seat 2: blistein ($100 in chips) 
Seat 4: XneferX ($162.43 in chips) 
Seat 5: andutu34 ($100 in chips) 
Seat 6: 1.0OO.0OO$ ($182.86 in chips) 
andutu34: posts small blind $0.50
1.0OO.0OO$: posts big blind $1
*** HOLE CARDS ***
baboune4 leaves the table
Nazareno1999: folds 
blistein: folds 
Nazareno1999 leaves the table
XneferX: raises $1.77 to $2.77
andutu34: raises $8.23 to $11
1.0OO.0OO$: folds 
Maximysss85 joins the table at seat #1 
blistein leaves the table
XneferX: calls $8.23
*** FLOP *** [7c 2h Jc]
andutu34: bets $10.93
XneferX: calls $10.93
*** TURN *** [7c 2h Jc] [9d]
andutu34: checks 
XneferX: checks 
*** RIVER *** [7c 2h Jc 9d] [Ks]
andutu34: bets $78.07 and is all-in
XneferX: folds 
Uncalled bet ($78.07) returned to andutu34
andutu34 collected $42.62 from pot
andutu34: doesn't show hand 
*** SUMMARY ***
Total pot $44.86 | Rake $2.24 
Board [7c 2h Jc 9d Ks]
Seat 3: baboune4
Seat 1: Nazareno1999 folded before Flop (didn't bet)
Seat 2: blistein folded before Flop (didn't bet)
Seat 4: XneferX (button) folded on the River
Seat 5: andutu34 (small blind) collected ($42.62)
Seat 6: 1.0OO.0OO$ (big blind) folded before Flop



PokerStars Hand #254285113617:  Hold'em No Limit ($0.50/$1.00 USD) - 2025/01/09 21:48:55 WET [2025/01/09 16:48:55 ET]
Table 'Hera III' 6-max Seat #5 is the button
Seat 1: Maximysss85 ($100 in chips) 
Seat 4: XneferX ($140.50 in chips) 
Seat 5: andutu34 ($120.69 in chips) 
Seat 6: 1.0OO.0OO$ ($181.86 in chips) 
1.0OO.0OO$: posts small blind $0.50
Maximysss85: posts big blind $1
*** HOLE CARDS ***
XneferX: folds 
andutu34: folds 
1.0OO.0OO$: folds 
Uncalled bet ($0.50) returned to Maximysss85
Maximysss85 collected $1 from pot
Maximysss85: doesn't show hand 
*** SUMMARY ***
Total pot $1 | Rake $0 
Seat 1: Maximysss85 (big blind) collected ($1)
Seat 4: XneferX folded before Flop (didn't bet)
Seat 5: andutu34 (button) folded before Flop (didn't bet)
Seat 6: 1.0OO.0OO$ (small blind) folded before Flop



