PokerStars Hand #254274842106:  Hold'em No Limit ($0.50/$1.00 USD) - 2025/01/09 7:19:49 WET [2025/01/09 2:19:49 ET]
Table 'Cosima II' 6-max Seat #5 is the button
Seat 1: jeffy27dt1 ($102.72 in chips) 
Seat 2: Pon4uk.ua ($105.10 in chips) 
Seat 3: G.HANSEN333 ($103.03 in chips) 
Seat 4: JoeBlack_MS ($100 in chips) 
Seat 5: trueYes.3970 ($38.36 in chips) 
Seat 6: Melenya ($100 in chips) 
Melenya: posts small blind $0.50
jeffy27dt1: posts big blind $1
*** HOLE CARDS ***
Pon4uk.ua: folds 
G.HANSEN333: folds 
JoeBlack_MS: folds 
trueYes.3970: folds 
Melenya: folds 
Uncalled bet ($0.50) returned to jeffy27dt1
jeffy27dt1 collected $1 from pot
jeffy27dt1: doesn't show hand 
*** SUMMARY ***
Total pot $1 | Rake $0 
Seat 1: jeffy27dt1 (big blind) collected ($1)
Seat 2: Pon4uk.ua folded before Flop (didn't bet)
Seat 3: G.HANSEN333 folded before Flop (didn't bet)
Seat 4: JoeBlack_MS folded before Flop (didn't bet)
Seat 5: trueYes.3970 (button) folded before Flop (didn't bet)
Seat 6: Melenya (small blind) folded before Flop



PokerStars Hand #254274843745:  Hold'em No Limit ($0.50/$1.00 USD) - 2025/01/09 7:20:11 WET [2025/01/09 2:20:11 ET]
Table 'Cosima II' 6-max Seat #6 is the button
Seat 1: jeffy27dt1 ($103.22 in chips) 
Seat 2: Pon4uk.ua ($105.10 in chips) 
Seat 3: G.HANSEN333 ($103.03 in chips) 
Seat 4: JoeBlack_MS ($100 in chips) 
Seat 5: trueYes.3970 ($38.36 in chips) 
Seat 6: Melenya ($100 in chips) 
jeffy27dt1: posts small blind $0.50
Pon4uk.ua: posts big blind $1
*** HOLE CARDS ***
G.HANSEN333: folds 
JoeBlack_MS: folds 
trueYes.3970: calls $1
Melenya: folds 
jeffy27dt1: folds 
Pon4uk.ua: raises $3 to $4
trueYes.3970: calls $3
*** FLOP *** [Tc 3c 7h]
Pon4uk.ua: checks 
trueYes.3970: checks 
*** TURN *** [Tc 3c 7h] [9c]
Pon4uk.ua: checks 
trueYes.3970: bets $4.25
Pon4uk.ua: calls $4.25
*** RIVER *** [Tc 3c 7h 9c] [4d]
Pon4uk.ua: checks 
trueYes.3970: checks 
*** SHOW DOWN ***
Pon4uk.ua: shows [Ad 8d] (high card Ace)
trueYes.3970: shows [8c 8s] (a pair of Eights)
trueYes.3970 collected $16.15 from pot
*** SUMMARY ***
Total pot $17 | Rake $0.85 
Board [Tc 3c 7h 9c 4d]
Seat 1: jeffy27dt1 (small blind) folded before Flop
Seat 2: Pon4uk.ua (big blind) showed [Ad 8d] and lost with high card Ace
Seat 3: G.HANSEN333 folded before Flop (didn't bet)
Seat 4: JoeBlack_MS folded before Flop (didn't bet)
Seat 5: trueYes.3970 showed [8c 8s] and won ($16.15) with a pair of Eights
Seat 6: Melenya (button) folded before Flop (didn't bet)



PokerStars Hand #254274847465:  Hold'em No Limit ($0.50/$1.00 USD) - 2025/01/09 7:21:01 WET [2025/01/09 2:21:01 ET]
Table 'Cosima II' 6-max Seat #1 is the button
Seat 1: jeffy27dt1 ($102.72 in chips) 
Seat 2: Pon4uk.ua ($100 in chips) 
Seat 3: G.HANSEN333 ($103.03 in chips) 
Seat 4: JoeBlack_MS ($100 in chips) 
Seat 5: trueYes.3970 ($46.26 in chips) 
Seat 6: Melenya ($100 in chips) 
Pon4uk.ua: posts small blind $0.50
G.HANSEN333: posts big blind $1
*** HOLE CARDS ***
JoeBlack_MS: raises $1 to $2
trueYes.3970: calls $2
Melenya: folds 
jeffy27dt1: folds 
Pon4uk.ua: calls $1.50
G.HANSEN333: folds 
*** FLOP *** [6c 2h 3s]
Pon4uk.ua: checks 
JoeBlack_MS: checks 
trueYes.3970: bets $6.65
Pon4uk.ua: folds 
JoeBlack_MS: raises $91.35 to $98 and is all-in
trueYes.3970: calls $37.61 and is all-in
Uncalled bet ($53.74) returned to JoeBlack_MS
*** TURN *** [6c 2h 3s] [4h]
*** RIVER *** [6c 2h 3s 4h] [5d]
*** SHOW DOWN ***
JoeBlack_MS: shows [9h 9s] (a straight, Deuce to Six)
trueYes.3970: shows [Ks Kc] (a straight, Deuce to Six)
JoeBlack_MS collected $46.51 from pot
trueYes.3970 collected $46.51 from pot
*** SUMMARY ***
Total pot $95.52 | Rake $2.50 
Board [6c 2h 3s 4h 5d]
Seat 1: jeffy27dt1 (button) folded before Flop (didn't bet)
Seat 2: Pon4uk.ua (small blind) folded on the Flop
Seat 3: G.HANSEN333 (big blind) folded before Flop
Seat 4: JoeBlack_MS showed [9h 9s] and won ($46.51) with a straight, Deuce to Six
Seat 5: trueYes.3970 showed [Ks Kc] and won ($46.51) with a straight, Deuce to Six
Seat 6: Melenya folded before Flop (didn't bet)



PokerStars Hand #254274852203:  Hold'em No Limit ($0.50/$1.00 USD) - 2025/01/09 7:22:05 WET [2025/01/09 2:22:05 ET]
Table 'Cosima II' 6-max Seat #2 is the button
Seat 1: jeffy27dt1 ($102.72 in chips) 
Seat 2: Pon4uk.ua ($100 in chips) 
Seat 3: G.HANSEN333 ($102.03 in chips) 
Seat 4: JoeBlack_MS ($100.25 in chips) 
Seat 5: trueYes.3970 ($46.51 in chips) 
Seat 6: Melenya ($100 in chips) 
G.HANSEN333: posts small blind $0.50
JoeBlack_MS: posts big blind $1
*** HOLE CARDS ***
trueYes.3970: calls $1
Melenya: folds 
jeffy27dt1: folds 
Pon4uk.ua: folds 
G.HANSEN333: folds 
JoeBlack_MS: checks 
*** FLOP *** [Td 8h 8s]
JoeBlack_MS: checks 
trueYes.3970: bets $2.38
JoeBlack_MS: raises $4.62 to $7
trueYes.3970: folds 
Uncalled bet ($4.62) returned to JoeBlack_MS
JoeBlack_MS collected $6.90 from pot
JoeBlack_MS: doesn't show hand 
*** SUMMARY ***
Total pot $7.26 | Rake $0.36 
Board [Td 8h 8s]
Seat 1: jeffy27dt1 folded before Flop (didn't bet)
Seat 2: Pon4uk.ua (button) folded before Flop (didn't bet)
Seat 3: G.HANSEN333 (small blind) folded before Flop
Seat 4: JoeBlack_MS (big blind) collected ($6.90)
Seat 5: trueYes.3970 folded on the Flop
Seat 6: Melenya folded before Flop (didn't bet)



PokerStars Hand #254274854880:  Hold'em No Limit ($0.50/$1.00 USD) - 2025/01/09 7:22:42 WET [2025/01/09 2:22:42 ET]
Table 'Cosima II' 6-max Seat #3 is the button
Seat 1: jeffy27dt1 ($102.72 in chips) 
Seat 2: Pon4uk.ua ($100 in chips) 
Seat 3: G.HANSEN333 ($101.53 in chips) 
Seat 4: JoeBlack_MS ($103.77 in chips) 
Seat 5: trueYes.3970 ($43.13 in chips) 
Seat 6: Melenya ($100 in chips) 
JoeBlack_MS: posts small blind $0.50
trueYes.3970: posts big blind $1
*** HOLE CARDS ***
Melenya: raises $1 to $2
jeffy27dt1: folds 
Pon4uk.ua: folds 
G.HANSEN333: folds 
JoeBlack_MS: folds 
trueYes.3970: folds 
Uncalled bet ($1) returned to Melenya
Melenya collected $2.50 from pot
Melenya: doesn't show hand 
*** SUMMARY ***
Total pot $2.50 | Rake $0 
Seat 1: jeffy27dt1 folded before Flop (didn't bet)
Seat 2: Pon4uk.ua folded before Flop (didn't bet)
Seat 3: G.HANSEN333 (button) folded before Flop (didn't bet)
Seat 4: JoeBlack_MS (small blind) folded before Flop
Seat 5: trueYes.3970 (big blind) folded before Flop
Seat 6: Melenya collected ($2.50)



PokerStars Hand #254274856405:  Hold'em No Limit ($0.50/$1.00 USD) - 2025/01/09 7:23:03 WET [2025/01/09 2:23:03 ET]
Table 'Cosima II' 6-max Seat #4 is the button
Seat 1: jeffy27dt1 ($102.72 in chips) 
Seat 2: Pon4uk.ua ($100 in chips) 
Seat 3: G.HANSEN333 ($101.53 in chips) 
Seat 4: JoeBlack_MS ($103.27 in chips) 
Seat 5: trueYes.3970 ($42.13 in chips) 
Seat 6: Melenya ($101.50 in chips) 
trueYes.3970: posts small blind $0.50
Melenya: posts big blind $1
*** HOLE CARDS ***
jeffy27dt1: folds 
Pon4uk.ua: folds 
G.HANSEN333: folds 
JoeBlack_MS: folds 
trueYes.3970: calls $0.50
Melenya: checks 
*** FLOP *** [Ts 4d 3s]
trueYes.3970: bets $1.90
Melenya: calls $1.90
*** TURN *** [Ts 4d 3s] [5d]
trueYes.3970: bets $2.76
Melenya: raises $2.76 to $5.52
trueYes.3970: calls $2.76
*** RIVER *** [Ts 4d 3s 5d] [6c]
trueYes.3970: checks 
Melenya: checks 
*** SHOW DOWN ***
trueYes.3970: shows [Td Ac] (a pair of Tens)
Melenya: mucks hand 
trueYes.3970 collected $16 from pot
*** SUMMARY ***
Total pot $16.84 | Rake $0.84 
Board [Ts 4d 3s 5d 6c]
Seat 1: jeffy27dt1 folded before Flop (didn't bet)
Seat 2: Pon4uk.ua folded before Flop (didn't bet)
Seat 3: G.HANSEN333 folded before Flop (didn't bet)
Seat 4: JoeBlack_MS (button) folded before Flop (didn't bet)
Seat 5: trueYes.3970 (small blind) showed [Td Ac] and won ($16) with a pair of Tens
Seat 6: Melenya (big blind) mucked



PokerStars Hand #254274860179:  Hold'em No Limit ($0.50/$1.00 USD) - 2025/01/09 7:23:54 WET [2025/01/09 2:23:54 ET]
Table 'Cosima II' 6-max Seat #5 is the button
Seat 1: jeffy27dt1 ($102.72 in chips) 
Seat 2: Pon4uk.ua ($100 in chips) 
Seat 3: G.HANSEN333 ($101.53 in chips) 
Seat 4: JoeBlack_MS ($103.27 in chips) 
Seat 5: trueYes.3970 ($49.71 in chips) 
Seat 6: Melenya ($100 in chips) 
Melenya: posts small blind $0.50
jeffy27dt1: posts big blind $1
*** HOLE CARDS ***
Pon4uk.ua: folds 
G.HANSEN333: folds 
JoeBlack_MS: folds 
trueYes.3970: folds 
Melenya: folds 
Uncalled bet ($0.50) returned to jeffy27dt1
jeffy27dt1 collected $1 from pot
jeffy27dt1: doesn't show hand 
*** SUMMARY ***
Total pot $1 | Rake $0 
Seat 1: jeffy27dt1 (big blind) collected ($1)
Seat 2: Pon4uk.ua folded before Flop (didn't bet)
Seat 3: G.HANSEN333 folded before Flop (didn't bet)
Seat 4: JoeBlack_MS folded before Flop (didn't bet)
Seat 5: trueYes.3970 (button) folded before Flop (didn't bet)
Seat 6: Melenya (small blind) folded before Flop



PokerStars Hand #254274861528:  Hold'em No Limit ($0.50/$1.00 USD) - 2025/01/09 7:24:12 WET [2025/01/09 2:24:12 ET]
Table 'Cosima II' 6-max Seat #6 is the button
Seat 1: jeffy27dt1 ($103.22 in chips) 
Seat 2: Pon4uk.ua ($100 in chips) 
Seat 3: G.HANSEN333 ($101.53 in chips) 
Seat 4: JoeBlack_MS ($103.27 in chips) 
Seat 5: trueYes.3970 ($49.71 in chips) 
Seat 6: Melenya ($100 in chips) 
jeffy27dt1: posts small blind $0.50
Pon4uk.ua: posts big blind $1
*** HOLE CARDS ***
G.HANSEN333: folds 
JoeBlack_MS: folds 
trueYes.3970: folds 
Melenya: raises $1.50 to $2.50
jeffy27dt1: folds 
Pon4uk.ua: folds 
Uncalled bet ($1.50) returned to Melenya
Melenya collected $2.50 from pot
Melenya: doesn't show hand 
*** SUMMARY ***
Total pot $2.50 | Rake $0 
Seat 1: jeffy27dt1 (small blind) folded before Flop
Seat 2: Pon4uk.ua (big blind) folded before Flop
Seat 3: G.HANSEN333 folded before Flop (didn't bet)
Seat 4: JoeBlack_MS folded before Flop (didn't bet)
Seat 5: trueYes.3970 folded before Flop (didn't bet)
Seat 6: Melenya (button) collected ($2.50)



PokerStars Hand #254274863095:  Hold'em No Limit ($0.50/$1.00 USD) - 2025/01/09 7:24:34 WET [2025/01/09 2:24:34 ET]
Table 'Cosima II' 6-max Seat #1 is the button
Seat 1: jeffy27dt1 ($102.72 in chips) 
Seat 2: Pon4uk.ua ($100 in chips) 
Seat 3: G.HANSEN333 ($101.53 in chips) 
Seat 4: JoeBlack_MS ($103.27 in chips) 
Seat 5: trueYes.3970 ($49.71 in chips) 
Seat 6: Melenya ($101.50 in chips) 
Pon4uk.ua: posts small blind $0.50
G.HANSEN333: posts big blind $1
*** HOLE CARDS ***
JoeBlack_MS: folds 
trueYes.3970: folds 
Melenya: raises $1.30 to $2.30
jeffy27dt1: folds 
Pon4uk.ua: folds 
G.HANSEN333: raises $8.70 to $11
Melenya: calls $8.70
*** FLOP *** [6d 8d 9d]
G.HANSEN333: checks 
Melenya: checks 
*** TURN *** [6d 8d 9d] [Qh]
G.HANSEN333: checks 
Melenya: checks 
*** RIVER *** [6d 8d 9d Qh] [As]
G.HANSEN333: checks 
Melenya: checks 
*** SHOW DOWN ***
G.HANSEN333: shows [Kd Kh] (a pair of Kings)
Melenya: mucks hand 
G.HANSEN333 collected $21.38 from pot
*** SUMMARY ***
Total pot $22.50 | Rake $1.12 
Board [6d 8d 9d Qh As]
Seat 1: jeffy27dt1 (button) folded before Flop (didn't bet)
Seat 2: Pon4uk.ua (small blind) folded before Flop
Seat 3: G.HANSEN333 (big blind) showed [Kd Kh] and won ($21.38) with a pair of Kings
Seat 4: JoeBlack_MS folded before Flop (didn't bet)
Seat 5: trueYes.3970 folded before Flop (didn't bet)
Seat 6: Melenya mucked



PokerStars Hand #254274866620:  Hold'em No Limit ($0.50/$1.00 USD) - 2025/01/09 7:25:23 WET [2025/01/09 2:25:23 ET]
Table 'Cosima II' 6-max Seat #2 is the button
Seat 1: jeffy27dt1 ($102.72 in chips) 
Seat 2: Pon4uk.ua ($100 in chips) 
Seat 3: G.HANSEN333 ($111.91 in chips) 
Seat 4: JoeBlack_MS ($103.27 in chips) 
Seat 5: trueYes.3970 ($49.71 in chips) 
Seat 6: Melenya ($100 in chips) 
G.HANSEN333: posts small blind $0.50
JoeBlack_MS: posts big blind $1
*** HOLE CARDS ***
trueYes.3970: folds 
Melenya: folds 
jeffy27dt1: folds 
Pon4uk.ua: folds 
G.HANSEN333: folds 
Uncalled bet ($0.50) returned to JoeBlack_MS
JoeBlack_MS collected $1 from pot
JoeBlack_MS: doesn't show hand 
*** SUMMARY ***
Total pot $1 | Rake $0 
Seat 1: jeffy27dt1 folded before Flop (didn't bet)
Seat 2: Pon4uk.ua (button) folded before Flop (didn't bet)
Seat 3: G.HANSEN333 (small blind) folded before Flop
Seat 4: JoeBlack_MS (big blind) collected ($1)
Seat 5: trueYes.3970 folded before Flop (didn't bet)
Seat 6: Melenya folded before Flop (didn't bet)



PokerStars Hand #254274867430:  Hold'em No Limit ($0.50/$1.00 USD) - 2025/01/09 7:25:34 WET [2025/01/09 2:25:34 ET]
Table 'Cosima II' 6-max Seat #3 is the button
Seat 1: jeffy27dt1 ($102.72 in chips) 
Seat 2: Pon4uk.ua ($100 in chips) 
Seat 3: G.HANSEN333 ($111.41 in chips) 
Seat 4: JoeBlack_MS ($103.77 in chips) 
Seat 5: trueYes.3970 ($49.71 in chips) 
Seat 6: Melenya ($100 in chips) 
JoeBlack_MS: posts small blind $0.50
trueYes.3970: posts big blind $1
*** HOLE CARDS ***
Melenya: folds 
jeffy27dt1: folds 
Pon4uk.ua: folds 
G.HANSEN333: folds 
JoeBlack_MS: folds 
Uncalled bet ($0.50) returned to trueYes.3970
trueYes.3970 collected $1 from pot
*** SUMMARY ***
Total pot $1 | Rake $0 
Seat 1: jeffy27dt1 folded before Flop (didn't bet)
Seat 2: Pon4uk.ua folded before Flop (didn't bet)
Seat 3: G.HANSEN333 (button) folded before Flop (didn't bet)
Seat 4: JoeBlack_MS (small blind) folded before Flop
Seat 5: trueYes.3970 (big blind) collected ($1)
Seat 6: Melenya folded before Flop (didn't bet)



PokerStars Hand #254274868486:  Hold'em No Limit ($0.50/$1.00 USD) - 2025/01/09 7:25:49 WET [2025/01/09 2:25:49 ET]
Table 'Cosima II' 6-max Seat #4 is the button
Seat 1: jeffy27dt1 ($102.72 in chips) 
Seat 2: Pon4uk.ua ($100 in chips) 
Seat 3: G.HANSEN333 ($111.41 in chips) 
Seat 4: JoeBlack_MS ($103.27 in chips) 
Seat 5: trueYes.3970 ($50.21 in chips) 
Seat 6: Melenya ($100 in chips) 
trueYes.3970: posts small blind $0.50
Melenya: posts big blind $1
*** HOLE CARDS ***
jeffy27dt1: folds 
Pon4uk.ua: folds 
G.HANSEN333: folds 
JoeBlack_MS: folds 
trueYes.3970: calls $0.50
Melenya: raises $3 to $4
trueYes.3970: calls $3
*** FLOP *** [3c Qd 8d]
trueYes.3970: checks 
Melenya: bets $7.60
trueYes.3970: folds 
Uncalled bet ($7.60) returned to Melenya
Melenya collected $7.60 from pot
Melenya: doesn't show hand 
*** SUMMARY ***
Total pot $8 | Rake $0.40 
Board [3c Qd 8d]
Seat 1: jeffy27dt1 folded before Flop (didn't bet)
Seat 2: Pon4uk.ua folded before Flop (didn't bet)
Seat 3: G.HANSEN333 folded before Flop (didn't bet)
Seat 4: JoeBlack_MS (button) folded before Flop (didn't bet)
Seat 5: trueYes.3970 (small blind) folded on the Flop
Seat 6: Melenya (big blind) collected ($7.60)



PokerStars Hand #254274871306:  Hold'em No Limit ($0.50/$1.00 USD) - 2025/01/09 7:26:29 WET [2025/01/09 2:26:29 ET]
Table 'Cosima II' 6-max Seat #5 is the button
Seat 1: jeffy27dt1 ($102.72 in chips) 
Seat 2: Pon4uk.ua ($100 in chips) 
Seat 3: G.HANSEN333 ($111.41 in chips) 
Seat 4: JoeBlack_MS ($103.27 in chips) 
Seat 5: trueYes.3970 ($46.21 in chips) 
Seat 6: Melenya ($103.60 in chips) 
Melenya: posts small blind $0.50
jeffy27dt1: posts big blind $1
*** HOLE CARDS ***
Pon4uk.ua: folds 
G.HANSEN333: raises $1.50 to $2.50
JoeBlack_MS: folds 
trueYes.3970: folds 
Melenya: raises $9.50 to $12
jeffy27dt1: folds 
G.HANSEN333: folds 
Uncalled bet ($9.50) returned to Melenya
Melenya collected $6 from pot
Melenya: doesn't show hand 
*** SUMMARY ***
Total pot $6 | Rake $0 
Seat 1: jeffy27dt1 (big blind) folded before Flop
Seat 2: Pon4uk.ua folded before Flop (didn't bet)
Seat 3: G.HANSEN333 folded before Flop
Seat 4: JoeBlack_MS folded before Flop (didn't bet)
Seat 5: trueYes.3970 (button) folded before Flop (didn't bet)
Seat 6: Melenya (small blind) collected ($6)



PokerStars Hand #254274873088:  Hold'em No Limit ($0.50/$1.00 USD) - 2025/01/09 7:26:54 WET [2025/01/09 2:26:54 ET]
Table 'Cosima II' 6-max Seat #6 is the button
Seat 1: jeffy27dt1 ($101.72 in chips) 
Seat 2: Pon4uk.ua ($100 in chips) 
Seat 3: G.HANSEN333 ($108.91 in chips) 
Seat 4: JoeBlack_MS ($103.27 in chips) 
Seat 5: trueYes.3970 ($46.21 in chips) 
Seat 6: Melenya ($107.10 in chips) 
jeffy27dt1: posts small blind $0.50
Pon4uk.ua: posts big blind $1
*** HOLE CARDS ***
G.HANSEN333: folds 
JoeBlack_MS: raises $1 to $2
trueYes.3970: folds 
Melenya: folds 
jeffy27dt1: folds 
Pon4uk.ua: calls $1
*** FLOP *** [7c 5c 3d]
Pon4uk.ua: checks 
JoeBlack_MS: checks 
*** TURN *** [7c 5c 3d] [Jd]
Pon4uk.ua: checks 
JoeBlack_MS: checks 
*** RIVER *** [7c 5c 3d Jd] [2d]
Pon4uk.ua: checks 
JoeBlack_MS: checks 
*** SHOW DOWN ***
Pon4uk.ua: shows [Kd Th] (high card King)
JoeBlack_MS: shows [Ac Qs] (high card Ace)
JoeBlack_MS collected $4.28 from pot
*** SUMMARY ***
Total pot $4.50 | Rake $0.22 
Board [7c 5c 3d Jd 2d]
Seat 1: jeffy27dt1 (small blind) folded before Flop
Seat 2: Pon4uk.ua (big blind) showed [Kd Th] and lost with high card King
Seat 3: G.HANSEN333 folded before Flop (didn't bet)
Seat 4: JoeBlack_MS showed [Ac Qs] and won ($4.28) with high card Ace
Seat 5: trueYes.3970 folded before Flop (didn't bet)
Seat 6: Melenya (button) folded before Flop (didn't bet)



PokerStars Hand #254274875723:  Hold'em No Limit ($0.50/$1.00 USD) - 2025/01/09 7:27:29 WET [2025/01/09 2:27:29 ET]
Table 'Cosima II' 6-max Seat #1 is the button
Seat 1: jeffy27dt1 ($101.22 in chips) 
Seat 2: Pon4uk.ua ($100 in chips) 
Seat 3: G.HANSEN333 ($108.91 in chips) 
Seat 4: JoeBlack_MS ($105.55 in chips) 
Seat 5: trueYes.3970 ($46.21 in chips) 
Seat 6: Melenya ($107.10 in chips) 
Pon4uk.ua: posts small blind $0.50
G.HANSEN333: posts big blind $1
*** HOLE CARDS ***
JoeBlack_MS: folds 
trueYes.3970: calls $1
Melenya: folds 
jeffy27dt1: folds 
Pon4uk.ua: folds 
G.HANSEN333: checks 
*** FLOP *** [7d Kc Ac]
G.HANSEN333: checks 
trueYes.3970: checks 
*** TURN *** [7d Kc Ac] [Ad]
G.HANSEN333: checks 
trueYes.3970: bets $2.38
G.HANSEN333: folds 
Uncalled bet ($2.38) returned to trueYes.3970
trueYes.3970 collected $2.38 from pot
*** SUMMARY ***
Total pot $2.50 | Rake $0.12 
Board [7d Kc Ac Ad]
Seat 1: jeffy27dt1 (button) folded before Flop (didn't bet)
Seat 2: Pon4uk.ua (small blind) folded before Flop
Seat 3: G.HANSEN333 (big blind) folded on the Turn
Seat 4: JoeBlack_MS folded before Flop (didn't bet)
Seat 5: trueYes.3970 collected ($2.38)
Seat 6: Melenya folded before Flop (didn't bet)



PokerStars Hand #254274878792:  Hold'em No Limit ($0.50/$1.00 USD) - 2025/01/09 7:28:13 WET [2025/01/09 2:28:13 ET]
Table 'Cosima II' 6-max Seat #2 is the button
Seat 1: jeffy27dt1 ($101.22 in chips) 
Seat 2: Pon4uk.ua ($100 in chips) 
Seat 3: G.HANSEN333 ($107.91 in chips) 
Seat 4: JoeBlack_MS ($105.55 in chips) 
Seat 5: trueYes.3970 ($47.59 in chips) 
Seat 6: Melenya ($107.10 in chips) 
G.HANSEN333: posts small blind $0.50
JoeBlack_MS: posts big blind $1
*** HOLE CARDS ***
trueYes.3970: calls $1
Melenya: raises $2.50 to $3.50
jeffy27dt1: folds 
Pon4uk.ua: folds 
G.HANSEN333: folds 
JoeBlack_MS: folds 
trueYes.3970: calls $2.50
*** FLOP *** [2h 5s 8d]
trueYes.3970: checks 
Melenya: bets $6.06
trueYes.3970: calls $6.06
*** TURN *** [2h 5s 8d] [Qh]
trueYes.3970: checks 
Melenya: bets $14.69
trueYes.3970: folds 
Uncalled bet ($14.69) returned to Melenya
Melenya collected $19.59 from pot
Melenya: doesn't show hand 
*** SUMMARY ***
Total pot $20.62 | Rake $1.03 
Board [2h 5s 8d Qh]
Seat 1: jeffy27dt1 folded before Flop (didn't bet)
Seat 2: Pon4uk.ua (button) folded before Flop (didn't bet)
Seat 3: G.HANSEN333 (small blind) folded before Flop
Seat 4: JoeBlack_MS (big blind) folded before Flop
Seat 5: trueYes.3970 folded on the Turn
Seat 6: Melenya collected ($19.59)



PokerStars Hand #254274881816:  Hold'em No Limit ($0.50/$1.00 USD) - 2025/01/09 7:28:55 WET [2025/01/09 2:28:55 ET]
Table 'Cosima II' 6-max Seat #3 is the button
Seat 1: jeffy27dt1 ($101.22 in chips) 
Seat 2: Pon4uk.ua ($100 in chips) 
Seat 3: G.HANSEN333 ($107.41 in chips) 
Seat 4: JoeBlack_MS ($104.55 in chips) 
Seat 5: trueYes.3970 ($38.03 in chips) 
Seat 6: Melenya ($117.13 in chips) 
JoeBlack_MS: posts small blind $0.50
trueYes.3970: posts big blind $1
*** HOLE CARDS ***
Melenya: folds 
jeffy27dt1: folds 
Pon4uk.ua: raises $1.50 to $2.50
G.HANSEN333: folds 
JoeBlack_MS: folds 
trueYes.3970: calls $1.50
*** FLOP *** [6d Js 5s]
trueYes.3970: checks 
Pon4uk.ua: bets $2.61
trueYes.3970: calls $2.61
*** TURN *** [6d Js 5s] [9c]
trueYes.3970: checks 
Pon4uk.ua: bets $7.64
trueYes.3970: folds 
Uncalled bet ($7.64) returned to Pon4uk.ua
Pon4uk.ua collected $10.18 from pot
Pon4uk.ua: doesn't show hand 
*** SUMMARY ***
Total pot $10.72 | Rake $0.54 
Board [6d Js 5s 9c]
Seat 1: jeffy27dt1 folded before Flop (didn't bet)
Seat 2: Pon4uk.ua collected ($10.18)
Seat 3: G.HANSEN333 (button) folded before Flop (didn't bet)
Seat 4: JoeBlack_MS (small blind) folded before Flop
Seat 5: trueYes.3970 (big blind) folded on the Turn
Seat 6: Melenya folded before Flop (didn't bet)



PokerStars Hand #254274884786:  Hold'em No Limit ($0.50/$1.00 USD) - 2025/01/09 7:29:37 WET [2025/01/09 2:29:37 ET]
Table 'Cosima II' 6-max Seat #4 is the button
Seat 6: Melenya ($117.13 in chips) is sitting out
Seat 1: jeffy27dt1 ($101.22 in chips) 
Seat 2: Pon4uk.ua ($105.07 in chips) 
Seat 3: G.HANSEN333 ($107.41 in chips) 
Seat 4: JoeBlack_MS ($104.05 in chips) 
Seat 5: trueYes.3970 ($32.92 in chips) 
trueYes.3970: posts small blind $0.50
Melenya: is sitting out 
jeffy27dt1: posts big blind $1
*** HOLE CARDS ***
Melenya leaves the table
Pon4uk.ua: folds 
G.HANSEN333: folds 
JoeBlack_MS: raises $1.50 to $2.50
trueYes.3970: folds 
jeffy27dt1: folds 
Uncalled bet ($1.50) returned to JoeBlack_MS
JoeBlack_MS collected $2.50 from pot
JoeBlack_MS: doesn't show hand 
*** SUMMARY ***
Total pot $2.50 | Rake $0 
Seat 6: Melenya
Seat 1: jeffy27dt1 (big blind) folded before Flop
Seat 2: Pon4uk.ua folded before Flop (didn't bet)
Seat 3: G.HANSEN333 folded before Flop (didn't bet)
Seat 4: JoeBlack_MS (button) collected ($2.50)
Seat 5: trueYes.3970 (small blind) folded before Flop



PokerStars Hand #254274886253:  Hold'em No Limit ($0.50/$1.00 USD) - 2025/01/09 7:29:57 WET [2025/01/09 2:29:57 ET]
Table 'Cosima II' 6-max Seat #5 is the button
Seat 1: jeffy27dt1 ($100.22 in chips) 
Seat 2: Pon4uk.ua ($105.07 in chips) 
Seat 3: G.HANSEN333 ($107.41 in chips) 
Seat 4: JoeBlack_MS ($105.55 in chips) 
Seat 5: trueYes.3970 ($32.42 in chips) 
jeffy27dt1: posts small blind $0.50
Pon4uk.ua: posts big blind $1
*** HOLE CARDS ***
G.HANSEN333: folds 
JoeBlack_MS: folds 
trueYes.3970: raises $2 to $3
jeffy27dt1: folds 
Pon4uk.ua: folds 
Uncalled bet ($2) returned to trueYes.3970
trueYes.3970 collected $2.50 from pot
*** SUMMARY ***
Total pot $2.50 | Rake $0 
Seat 1: jeffy27dt1 (small blind) folded before Flop
Seat 2: Pon4uk.ua (big blind) folded before Flop
Seat 3: G.HANSEN333 folded before Flop (didn't bet)
Seat 4: JoeBlack_MS folded before Flop (didn't bet)
Seat 5: trueYes.3970 (button) collected ($2.50)



PokerStars Hand #254274887421:  Hold'em No Limit ($0.50/$1.00 USD) - 2025/01/09 7:30:13 WET [2025/01/09 2:30:13 ET]
Table 'Cosima II' 6-max Seat #1 is the button
Seat 1: jeffy27dt1 ($100 in chips) 
Seat 2: Pon4uk.ua ($104.07 in chips) 
Seat 3: G.HANSEN333 ($107.41 in chips) 
Seat 4: JoeBlack_MS ($105.55 in chips) 
Seat 5: trueYes.3970 ($33.92 in chips) 
Pon4uk.ua: posts small blind $0.50
G.HANSEN333: posts big blind $1
*** HOLE CARDS ***
JoeBlack_MS: folds 
trueYes.3970: calls $1
jeffy27dt1: folds 
Pon4uk.ua: raises $3 to $4
G.HANSEN333: folds 
trueYes.3970: calls $3
*** FLOP *** [6c As 2s]
Pon4uk.ua: bets $2.82
trueYes.3970: folds 
Uncalled bet ($2.82) returned to Pon4uk.ua
Pon4uk.ua collected $8.55 from pot
Pon4uk.ua: doesn't show hand 
*** SUMMARY ***
Total pot $9 | Rake $0.45 
Board [6c As 2s]
Seat 1: jeffy27dt1 (button) folded before Flop (didn't bet)
Seat 2: Pon4uk.ua (small blind) collected ($8.55)
Seat 3: G.HANSEN333 (big blind) folded before Flop
Seat 4: JoeBlack_MS folded before Flop (didn't bet)
Seat 5: trueYes.3970 folded on the Flop



PokerStars Hand #254274888919:  Hold'em No Limit ($0.50/$1.00 USD) - 2025/01/09 7:30:34 WET [2025/01/09 2:30:34 ET]
Table 'Cosima II' 6-max Seat #2 is the button
Seat 1: jeffy27dt1 ($100 in chips) 
Seat 2: Pon4uk.ua ($108.62 in chips) 
Seat 3: G.HANSEN333 ($106.41 in chips) 
Seat 4: JoeBlack_MS ($105.55 in chips) 
Seat 5: trueYes.3970 ($29.92 in chips) 
G.HANSEN333: posts small blind $0.50
JoeBlack_MS: posts big blind $1
*** HOLE CARDS ***
trueYes.3970: calls $1
jeffy27dt1: folds 
Pon4uk.ua: raises $3 to $4
G.HANSEN333: folds 
JoeBlack_MS: folds 
trueYes.3970: calls $3
*** FLOP *** [2h 2s 7s]
trueYes.3970: checks 
Pon4uk.ua: bets $2.98
trueYes.3970: raises $13.98 to $16.96
Pon4uk.ua: raises $13.98 to $30.94
trueYes.3970: calls $8.96 and is all-in
Uncalled bet ($5.02) returned to Pon4uk.ua
*** TURN *** [2h 2s 7s] [9d]
*** RIVER *** [2h 2s 7s 9d] [Jh]
*** SHOW DOWN ***
trueYes.3970: shows [6c 6d] (two pair, Sixes and Deuces)
Pon4uk.ua: shows [Ah 7h] (two pair, Sevens and Deuces)
Pon4uk.ua collected $58.84 from pot
*** SUMMARY ***
Total pot $61.34 | Rake $2.50 
Board [2h 2s 7s 9d Jh]
Seat 1: jeffy27dt1 folded before Flop (didn't bet)
Seat 2: Pon4uk.ua (button) showed [Ah 7h] and won ($58.84) with two pair, Sevens and Deuces
Seat 3: G.HANSEN333 (small blind) folded before Flop
Seat 4: JoeBlack_MS (big blind) folded before Flop
Seat 5: trueYes.3970 showed [6c 6d] and lost with two pair, Sixes and Deuces



PokerStars Hand #254274891843:  Hold'em No Limit ($0.50/$1.00 USD) - 2025/01/09 7:31:16 WET [2025/01/09 2:31:16 ET]
Table 'Cosima II' 6-max Seat #3 is the button
Seat 5: trueYes.3970 ($0 in chips) is sitting out
Seat 1: jeffy27dt1 ($100 in chips) 
Seat 2: Pon4uk.ua ($137.54 in chips) 
Seat 3: G.HANSEN333 ($105.91 in chips) 
Seat 4: JoeBlack_MS ($104.55 in chips) 
JoeBlack_MS: posts small blind $0.50
jeffy27dt1: posts big blind $1
*** HOLE CARDS ***
Pon4uk.ua: folds 
G.HANSEN333: raises $1.50 to $2.50
JoeBlack_MS: folds 
jeffy27dt1: folds 
Uncalled bet ($1.50) returned to G.HANSEN333
G.HANSEN333 collected $2.50 from pot
G.HANSEN333: doesn't show hand 
*** SUMMARY ***
Total pot $2.50 | Rake $0 
Seat 5: trueYes.3970
Seat 1: jeffy27dt1 (big blind) folded before Flop
Seat 2: Pon4uk.ua folded before Flop (didn't bet)
Seat 3: G.HANSEN333 (button) collected ($2.50)
Seat 4: JoeBlack_MS (small blind) folded before Flop



PokerStars Hand #254274892881:  Hold'em No Limit ($0.50/$1.00 USD) - 2025/01/09 7:31:30 WET [2025/01/09 2:31:30 ET]
Table 'Cosima II' 6-max Seat #4 is the button
Seat 2: Pon4uk.ua ($137.54 in chips) is sitting out
Seat 5: trueYes.3970 ($0 in chips) is sitting out
Seat 1: jeffy27dt1 ($100 in chips) 
Seat 3: G.HANSEN333 ($107.41 in chips) 
Seat 4: JoeBlack_MS ($104.05 in chips) 
jeffy27dt1: posts small blind $0.50
Pon4uk.ua: is sitting out 
G.HANSEN333: posts big blind $1
*** HOLE CARDS ***
Pon4uk.ua leaves the table
JoeBlack_MS: raises $1.50 to $2.50
jeffy27dt1: folds 
G.HANSEN333: folds 
Uncalled bet ($1.50) returned to JoeBlack_MS
JoeBlack_MS collected $2.50 from pot
JoeBlack_MS: doesn't show hand 
*** SUMMARY ***
Total pot $2.50 | Rake $0 
Seat 2: Pon4uk.ua
Seat 5: trueYes.3970
Seat 1: jeffy27dt1 (small blind) folded before Flop
Seat 3: G.HANSEN333 (big blind) folded before Flop
Seat 4: JoeBlack_MS (button) collected ($2.50)



PokerStars Hand #254274894348:  Hold'em No Limit ($0.50/$1.00 USD) - 2025/01/09 7:31:51 WET [2025/01/09 2:31:51 ET]
Table 'Cosima II' 6-max Seat #1 is the button
Seat 5: trueYes.3970 ($0 in chips) is sitting out
Seat 1: jeffy27dt1 ($100 in chips) 
Seat 3: G.HANSEN333 ($106.41 in chips) 
Seat 4: JoeBlack_MS ($105.55 in chips) 
G.HANSEN333: posts small blind $0.50
JoeBlack_MS: posts big blind $1
*** HOLE CARDS ***
jeffy27dt1: folds 
G.HANSEN333: raises $2 to $3
JoeBlack_MS: raises $6 to $9
trueYes.3970 leaves the table
G.HANSEN333: folds 
Uncalled bet ($6) returned to JoeBlack_MS
JoeBlack_MS collected $6 from pot
JoeBlack_MS: doesn't show hand 
*** SUMMARY ***
Total pot $6 | Rake $0 
Seat 5: trueYes.3970
Seat 1: jeffy27dt1 (button) folded before Flop (didn't bet)
Seat 3: G.HANSEN333 (small blind) folded before Flop
Seat 4: JoeBlack_MS (big blind) collected ($6)



PokerStars Hand #254274895649:  Hold'em No Limit ($0.50/$1.00 USD) - 2025/01/09 7:32:09 WET [2025/01/09 2:32:09 ET]
Table 'Cosima II' 6-max Seat #3 is the button
Seat 1: jeffy27dt1 ($100 in chips) 
Seat 3: G.HANSEN333 ($103.41 in chips) 
Seat 4: JoeBlack_MS ($108.55 in chips) 
JoeBlack_MS: posts small blind $0.50
jeffy27dt1: posts big blind $1
*** HOLE CARDS ***
G.HANSEN333: raises $1.50 to $2.50
JoeBlack_MS: folds 
jeffy27dt1: raises $9.50 to $12
G.HANSEN333: calls $9.50
*** FLOP *** [Ad Qc 4c]
jeffy27dt1: checks 
G.HANSEN333: bets $7.76
jeffy27dt1: calls $7.76
*** TURN *** [Ad Qc 4c] [6c]
jeffy27dt1: checks 
G.HANSEN333: checks 
*** RIVER *** [Ad Qc 4c 6c] [Qd]
nastja336 joins the table at seat #2 
Mr.Gtk joins the table at seat #6 
jeffy27dt1: checks 
G.HANSEN333: checks 
*** SHOW DOWN ***
jeffy27dt1: shows [Kh Qh] (three of a kind, Queens)
G.HANSEN333: mucks hand 
jeffy27dt1 collected $39.02 from pot
*** SUMMARY ***
Total pot $40.02 | Rake $1 
Board [Ad Qc 4c 6c Qd]
Seat 1: jeffy27dt1 (big blind) showed [Kh Qh] and won ($39.02) with three of a kind, Queens
Seat 3: G.HANSEN333 (button) mucked
Seat 4: JoeBlack_MS (small blind) folded before Flop



PokerStars Hand #254274903390:  Hold'em No Limit ($0.50/$1.00 USD) - 2025/01/09 7:33:58 WET [2025/01/09 2:33:58 ET]
Table 'Cosima II' 6-max Seat #4 is the button
Seat 1: jeffy27dt1 ($119.26 in chips) is sitting out
Seat 2: nastja336 ($100 in chips) is sitting out
Seat 6: Mr.Gtk ($10 in chips) is sitting out
Seat 3: G.HANSEN333 ($100 in chips) 
Seat 4: JoeBlack_MS ($108.05 in chips) 
JoeBlack_MS: posts small blind $0.50
G.HANSEN333: posts big blind $1
*** HOLE CARDS ***
JoeBlack_MS: folds 
Uncalled bet ($0.50) returned to G.HANSEN333
G.HANSEN333 collected $1 from pot
G.HANSEN333: doesn't show hand 
*** SUMMARY ***
Total pot $1 | Rake $0 
Seat 1: jeffy27dt1
Seat 2: nastja336
Seat 6: Mr.Gtk
Seat 3: G.HANSEN333 (big blind) collected ($1)
Seat 4: JoeBlack_MS (button) (small blind) folded before Flop



PokerStars Hand #254274903906:  Hold'em No Limit ($0.50/$1.00 USD) - 2025/01/09 7:34:06 WET [2025/01/09 2:34:06 ET]
Table 'Cosima II' 6-max Seat #3 is the button
Seat 1: jeffy27dt1 ($119.26 in chips) is sitting out
Seat 2: nastja336 ($100 in chips) is sitting out
Seat 3: G.HANSEN333 ($100.50 in chips) 
Seat 4: JoeBlack_MS ($107.55 in chips) 
Seat 6: Mr.Gtk ($10 in chips) 
JoeBlack_MS: posts small blind $0.50
Mr.Gtk: posts big blind $1
nastja336: sits out 
*** HOLE CARDS ***
jeilsons joins the table at seat #5 
G.HANSEN333: raises $1.50 to $2.50
JoeBlack_MS: folds 
Mr.Gtk: folds 
Uncalled bet ($1.50) returned to G.HANSEN333
G.HANSEN333 collected $2.50 from pot
G.HANSEN333: doesn't show hand 
*** SUMMARY ***
Total pot $2.50 | Rake $0 
Seat 1: jeffy27dt1
Seat 2: nastja336
Seat 3: G.HANSEN333 (button) collected ($2.50)
Seat 4: JoeBlack_MS (small blind) folded before Flop
Seat 6: Mr.Gtk (big blind) folded before Flop



PokerStars Hand #254274906087:  Hold'em No Limit ($0.50/$1.00 USD) - 2025/01/09 7:34:36 WET [2025/01/09 2:34:36 ET]
Table 'Cosima II' 6-max Seat #4 is the button
Seat 1: jeffy27dt1 ($119.26 in chips) is sitting out
Seat 5: jeilsons ($100 in chips) is sitting out
Seat 2: nastja336 ($100 in chips) 
Seat 3: G.HANSEN333 ($102 in chips) 
Seat 4: JoeBlack_MS ($107.05 in chips) 
Seat 6: Mr.Gtk ($9 in chips) 
Mr.Gtk: posts small blind $0.50
nastja336: posts big blind $1
*** HOLE CARDS ***
G.HANSEN333: raises $1.50 to $2.50
JoeBlack_MS: folds 
Mr.Gtk: folds 
nastja336: folds 
Uncalled bet ($1.50) returned to G.HANSEN333
G.HANSEN333 collected $2.50 from pot
G.HANSEN333: doesn't show hand 
*** SUMMARY ***
Total pot $2.50 | Rake $0 
Seat 1: jeffy27dt1
Seat 5: jeilsons
Seat 2: nastja336 (big blind) folded before Flop
Seat 3: G.HANSEN333 collected ($2.50)
Seat 4: JoeBlack_MS (button) folded before Flop (didn't bet)
Seat 6: Mr.Gtk (small blind) folded before Flop



PokerStars Hand #254274907045:  Hold'em No Limit ($0.50/$1.00 USD) - 2025/01/09 7:34:50 WET [2025/01/09 2:34:50 ET]
Table 'Cosima II' 6-max Seat #6 is the button
Seat 1: jeffy27dt1 ($119.26 in chips) is sitting out
Seat 5: jeilsons ($100 in chips) is sitting out
Seat 2: nastja336 ($100 in chips) 
Seat 3: G.HANSEN333 ($103.50 in chips) 
Seat 4: JoeBlack_MS ($107.05 in chips) 
Seat 6: Mr.Gtk ($8.50 in chips) 
nastja336: posts small blind $0.50
G.HANSEN333: posts big blind $1
jeilsons: sits out 
*** HOLE CARDS ***
JoeBlack_MS: folds 
Mr.Gtk: raises $7.50 to $8.50 and is all-in
nastja336: folds 
G.HANSEN333: folds 
Uncalled bet ($7.50) returned to Mr.Gtk
Mr.Gtk collected $2.50 from pot
*** SUMMARY ***
Total pot $2.50 | Rake $0 
Seat 1: jeffy27dt1
Seat 5: jeilsons
Seat 2: nastja336 (small blind) folded before Flop
Seat 3: G.HANSEN333 (big blind) folded before Flop
Seat 4: JoeBlack_MS folded before Flop (didn't bet)
Seat 6: Mr.Gtk (button) collected ($2.50)



PokerStars Hand #254274907903:  Hold'em No Limit ($0.50/$1.00 USD) - 2025/01/09 7:35:02 WET [2025/01/09 2:35:02 ET]
Table 'Cosima II' 6-max Seat #2 is the button
Seat 1: jeffy27dt1 ($119.26 in chips) is sitting out
Seat 4: JoeBlack_MS ($107.05 in chips) is sitting out
Seat 2: nastja336 ($100 in chips) 
Seat 3: G.HANSEN333 ($102.50 in chips) 
Seat 5: jeilsons ($100 in chips) 
Seat 6: Mr.Gtk ($10 in chips) 
G.HANSEN333: posts small blind $0.50
JoeBlack_MS: is sitting out 
jeilsons: posts big blind $1
jeffy27dt1: sits out 
*** HOLE CARDS ***
Mr.Gtk: folds 
nastja336: folds 
G.HANSEN333: folds 
Uncalled bet ($0.50) returned to jeilsons
jeilsons collected $1 from pot
jeilsons: doesn't show hand 
*** SUMMARY ***
Total pot $1 | Rake $0 
Seat 1: jeffy27dt1
Seat 4: JoeBlack_MS
Seat 2: nastja336 (button) folded before Flop (didn't bet)
Seat 3: G.HANSEN333 (small blind) folded before Flop
Seat 5: jeilsons (big blind) collected ($1)
Seat 6: Mr.Gtk folded before Flop (didn't bet)



PokerStars Hand #254274908532:  Hold'em No Limit ($0.50/$1.00 USD) - 2025/01/09 7:35:11 WET [2025/01/09 2:35:11 ET]
Table 'Cosima II' 6-max Seat #3 is the button
Seat 1: jeffy27dt1 ($119.26 in chips) is sitting out
Seat 4: JoeBlack_MS ($107.05 in chips) is sitting out
Seat 2: nastja336 ($100 in chips) 
Seat 3: G.HANSEN333 ($102 in chips) 
Seat 5: jeilsons ($100.50 in chips) 
Seat 6: Mr.Gtk ($10 in chips) 
jeilsons: posts small blind $0.50
Mr.Gtk: posts big blind $1
jeffy27dt1: sits out 
*** HOLE CARDS ***
nastja336: folds 
G.HANSEN333: folds 
jeilsons: raises $2 to $3
Mr.Gtk: raises $7 to $10 and is all-in
JoeBlack_MS leaves the table
jeilsons: calls $7
*** FLOP *** [Tc 3c 3s]
*** TURN *** [Tc 3c 3s] [9h]
*** RIVER *** [Tc 3c 3s 9h] [Ks]
*** SHOW DOWN ***
jeilsons: shows [9s 4s] (two pair, Nines and Threes)
Mr.Gtk: shows [Ah 5c] (a pair of Threes)
jeilsons collected $19 from pot
*** SUMMARY ***
Total pot $20 | Rake $1 
Board [Tc 3c 3s 9h Ks]
Seat 1: jeffy27dt1
Seat 4: JoeBlack_MS
Seat 2: nastja336 folded before Flop (didn't bet)
Seat 3: G.HANSEN333 (button) folded before Flop (didn't bet)
Seat 5: jeilsons (small blind) showed [9s 4s] and won ($19) with two pair, Nines and Threes
Seat 6: Mr.Gtk (big blind) showed [Ah 5c] and lost with a pair of Threes



PokerStars Hand #254274909990:  Hold'em No Limit ($0.50/$1.00 USD) - 2025/01/09 7:35:31 WET [2025/01/09 2:35:31 ET]
Table 'Cosima II' 6-max Seat #5 is the button
Seat 1: jeffy27dt1 ($119.26 in chips) is sitting out
Seat 6: Mr.Gtk ($0 in chips) is sitting out
Seat 2: nastja336 ($100 in chips) 
Seat 3: G.HANSEN333 ($102 in chips) 
Seat 5: jeilsons ($109.50 in chips) 
nastja336: posts small blind $0.50
G.HANSEN333: posts big blind $1
*** HOLE CARDS ***
jeilsons: raises $1.50 to $2.50
nastja336: folds 
Nurlanstar92 joins the table at seat #4 
Mr.Gtk leaves the table
G.HANSEN333: folds 
Uncalled bet ($1.50) returned to jeilsons
jeilsons collected $2.50 from pot
jeilsons: doesn't show hand 
*** SUMMARY ***
Total pot $2.50 | Rake $0 
Seat 1: jeffy27dt1
Seat 6: Mr.Gtk
Seat 2: nastja336 (small blind) folded before Flop
Seat 3: G.HANSEN333 (big blind) folded before Flop
Seat 5: jeilsons (button) collected ($2.50)



PokerStars Hand #254274910914:  Hold'em No Limit ($0.50/$1.00 USD) - 2025/01/09 7:35:45 WET [2025/01/09 2:35:45 ET]
Table 'Cosima II' 6-max Seat #2 is the button
Seat 1: jeffy27dt1 ($119.26 in chips) is sitting out
Seat 2: nastja336 ($100 in chips) 
Seat 3: G.HANSEN333 ($101 in chips) 
Seat 4: Nurlanstar92 ($100 in chips) 
Seat 5: jeilsons ($111 in chips) 
G.HANSEN333: posts small blind $0.50
Nurlanstar92: posts big blind $1
jeffy27dt1: sits out 
*** HOLE CARDS ***
jeilsons: raises $1.30 to $2.30
nastja336: folds 
G.HANSEN333: folds 
Nurlanstar92: calls $1.30
*** FLOP *** [4h Ts 4s]
Nurlanstar92: checks 
jeilsons: checks 
*** TURN *** [4h Ts 4s] [3s]
Nurlanstar92: bets $1.60
jeilsons: folds 
Uncalled bet ($1.60) returned to Nurlanstar92
Nurlanstar92 collected $4.84 from pot
Nurlanstar92: doesn't show hand 
*** SUMMARY ***
Total pot $5.10 | Rake $0.26 
Board [4h Ts 4s 3s]
Seat 1: jeffy27dt1
Seat 2: nastja336 (button) folded before Flop (didn't bet)
Seat 3: G.HANSEN333 (small blind) folded before Flop
Seat 4: Nurlanstar92 (big blind) collected ($4.84)
Seat 5: jeilsons folded on the Turn



PokerStars Hand #254274912663:  Hold'em No Limit ($0.50/$1.00 USD) - 2025/01/09 7:36:09 WET [2025/01/09 2:36:09 ET]
Table 'Cosima II' 6-max Seat #3 is the button
Seat 1: jeffy27dt1 ($119.26 in chips) is sitting out
Seat 2: nastja336 ($100 in chips) 
Seat 3: G.HANSEN333 ($100.50 in chips) 
Seat 4: Nurlanstar92 ($102.54 in chips) 
Seat 5: jeilsons ($108.70 in chips) 
Nurlanstar92: posts small blind $0.50
jeilsons: posts big blind $1
jeffy27dt1: sits out 
*** HOLE CARDS ***
nastja336: folds 
G.HANSEN333: folds 
Nurlanstar92: raises $2 to $3
jeilsons: calls $2
*** FLOP *** [9s Tc Td]
Nurlanstar92: checks 
jeilsons: checks 
*** TURN *** [9s Tc Td] [2c]
Nurlanstar92: checks 
jeilsons: bets $4.27
Nurlanstar92: folds 
Uncalled bet ($4.27) returned to jeilsons
jeilsons collected $5.70 from pot
jeilsons: doesn't show hand 
*** SUMMARY ***
Total pot $6 | Rake $0.30 
Board [9s Tc Td 2c]
Seat 1: jeffy27dt1
Seat 2: nastja336 folded before Flop (didn't bet)
Seat 3: G.HANSEN333 (button) folded before Flop (didn't bet)
Seat 4: Nurlanstar92 (small blind) folded on the Turn
Seat 5: jeilsons (big blind) collected ($5.70)



PokerStars Hand #254274914779:  Hold'em No Limit ($0.50/$1.00 USD) - 2025/01/09 7:36:38 WET [2025/01/09 2:36:38 ET]
Table 'Cosima II' 6-max Seat #4 is the button
Seat 1: jeffy27dt1 ($119.26 in chips) 
Seat 2: nastja336 ($100 in chips) 
Seat 3: G.HANSEN333 ($100.50 in chips) 
Seat 4: Nurlanstar92 ($100 in chips) 
Seat 5: jeilsons ($111.40 in chips) 
jeilsons: posts small blind $0.50
jeffy27dt1: posts big blind $1
*** HOLE CARDS ***
nastja336: folds 
G.HANSEN333: folds 
Nurlanstar92: folds 
nastja336 leaves the table
jeilsons: folds 
Uncalled bet ($0.50) returned to jeffy27dt1
jeffy27dt1 collected $1 from pot
jeffy27dt1: doesn't show hand 
*** SUMMARY ***
Total pot $1 | Rake $0 
Seat 1: jeffy27dt1 (big blind) collected ($1)
Seat 2: nastja336 folded before Flop (didn't bet)
Seat 3: G.HANSEN333 folded before Flop (didn't bet)
Seat 4: Nurlanstar92 (button) folded before Flop (didn't bet)
Seat 5: jeilsons (small blind) folded before Flop



PokerStars Hand #254274915341:  Hold'em No Limit ($0.50/$1.00 USD) - 2025/01/09 7:36:46 WET [2025/01/09 2:36:46 ET]
Table 'Cosima II' 6-max Seat #5 is the button
Seat 1: jeffy27dt1 ($119.76 in chips) 
Seat 3: G.HANSEN333 ($100.50 in chips) 
Seat 4: Nurlanstar92 ($100 in chips) 
Seat 5: jeilsons ($110.90 in chips) 
jeffy27dt1: posts small blind $0.50
G.HANSEN333: posts big blind $1
*** HOLE CARDS ***
Nurlanstar92: raises $1.30 to $2.30
jeilsons: raises $4.60 to $6.90
blistein joins the table at seat #2 
Mr.Gtk joins the table at seat #6 
jeffy27dt1: raises $14.10 to $21
G.HANSEN333: folds 
Nurlanstar92: folds 
jeilsons: calls $14.10
*** FLOP *** [4d 6s 9h]
jeffy27dt1: checks 
jeilsons: checks 
*** TURN *** [4d 6s 9h] [6h]
jeffy27dt1: bets $19
jeilsons: folds 
Uncalled bet ($19) returned to jeffy27dt1
jeffy27dt1 collected $44.30 from pot
jeffy27dt1: doesn't show hand 
*** SUMMARY ***
Total pot $45.30 | Rake $1 
Board [4d 6s 9h 6h]
Seat 1: jeffy27dt1 (small blind) collected ($44.30)
Seat 3: G.HANSEN333 (big blind) folded before Flop
Seat 4: Nurlanstar92 folded before Flop
Seat 5: jeilsons (button) folded on the Turn



PokerStars Hand #254274919539:  Hold'em No Limit ($0.50/$1.00 USD) - 2025/01/09 7:37:45 WET [2025/01/09 2:37:45 ET]
Table 'Cosima II' 6-max Seat #1 is the button
Seat 2: blistein ($100 in chips) is sitting out
Seat 6: Mr.Gtk ($10 in chips) is sitting out
Seat 1: jeffy27dt1 ($143.06 in chips) 
Seat 3: G.HANSEN333 ($100 in chips) 
Seat 4: Nurlanstar92 ($100 in chips) 
Seat 5: jeilsons ($100 in chips) 
G.HANSEN333: posts small blind $0.50
Nurlanstar92: posts big blind $1
Mr.Gtk: sits out 
*** HOLE CARDS ***
jeilsons: folds 
jeffy27dt1: raises $1.50 to $2.50
G.HANSEN333: folds 
Nurlanstar92: folds 
Uncalled bet ($1.50) returned to jeffy27dt1
jeffy27dt1 collected $2.50 from pot
jeffy27dt1: doesn't show hand 
*** SUMMARY ***
Total pot $2.50 | Rake $0 
Seat 2: blistein
Seat 6: Mr.Gtk
Seat 1: jeffy27dt1 (button) collected ($2.50)
Seat 3: G.HANSEN333 (small blind) folded before Flop
Seat 4: Nurlanstar92 (big blind) folded before Flop
Seat 5: jeilsons folded before Flop (didn't bet)



PokerStars Hand #254274920300:  Hold'em No Limit ($0.50/$1.00 USD) - 2025/01/09 7:37:55 WET [2025/01/09 2:37:55 ET]
Table 'Cosima II' 6-max Seat #3 is the button
Seat 2: blistein ($100 in chips) is sitting out
Seat 6: Mr.Gtk ($10 in chips) is sitting out
Seat 1: jeffy27dt1 ($144.56 in chips) 
Seat 3: G.HANSEN333 ($100 in chips) 
Seat 4: Nurlanstar92 ($100 in chips) 
Seat 5: jeilsons ($100 in chips) 
Nurlanstar92: posts small blind $0.50
jeilsons: posts big blind $1
Mr.Gtk: sits out 
blistein: sits out 
*** HOLE CARDS ***
jeffy27dt1: folds 
G.HANSEN333: folds 
Nurlanstar92: raises $2 to $3
jeilsons: folds 
Uncalled bet ($2) returned to Nurlanstar92
jeilsons leaves the table
Nurlanstar92 collected $2 from pot
Nurlanstar92: doesn't show hand 
*** SUMMARY ***
Total pot $2 | Rake $0 
Seat 2: blistein
Seat 6: Mr.Gtk
Seat 1: jeffy27dt1 folded before Flop (didn't bet)
Seat 3: G.HANSEN333 (button) folded before Flop (didn't bet)
Seat 4: Nurlanstar92 (small blind) collected ($2)
Seat 5: jeilsons (big blind) folded before Flop



PokerStars Hand #254274921238:  Hold'em No Limit ($0.50/$1.00 USD) - 2025/01/09 7:38:08 WET [2025/01/09 2:38:08 ET]
Table 'Cosima II' 6-max Seat #4 is the button
Seat 6: Mr.Gtk ($10 in chips) is sitting out
Seat 1: jeffy27dt1 ($144.56 in chips) 
Seat 2: blistein ($100 in chips) 
Seat 3: G.HANSEN333 ($100 in chips) 
Seat 4: Nurlanstar92 ($101 in chips) 
jeffy27dt1: posts small blind $0.50
blistein: posts big blind $1
*** HOLE CARDS ***
G.HANSEN333: folds 
Nurlanstar92: folds 
jeffy27dt1: raises $2 to $3
blistein: folds 
Uncalled bet ($2) returned to jeffy27dt1
jeffy27dt1 collected $2 from pot
jeffy27dt1: doesn't show hand 
*** SUMMARY ***
Total pot $2 | Rake $0 
Seat 6: Mr.Gtk
Seat 1: jeffy27dt1 (small blind) collected ($2)
Seat 2: blistein (big blind) folded before Flop
Seat 3: G.HANSEN333 folded before Flop (didn't bet)
Seat 4: Nurlanstar92 (button) folded before Flop (didn't bet)



PokerStars Hand #254274922102:  Hold'em No Limit ($0.50/$1.00 USD) - 2025/01/09 7:38:21 WET [2025/01/09 2:38:21 ET]
Table 'Cosima II' 6-max Seat #1 is the button
Seat 6: Mr.Gtk ($10 in chips) is sitting out
Seat 1: jeffy27dt1 ($145.56 in chips) 
Seat 2: blistein ($100 in chips) 
Seat 3: G.HANSEN333 ($100 in chips) 
Seat 4: Nurlanstar92 ($101 in chips) 
blistein: posts small blind $0.50
G.HANSEN333: posts big blind $1
Mr.Gtk: sits out 
*** HOLE CARDS ***
Nurlanstar92: folds 
jeffy27dt1: folds 
blistein: raises $2 to $3
G.HANSEN333: calls $2
*** FLOP *** [Ac 7h Ad]
Pon4uk.ua joins the table at seat #5 
blistein: checks 
G.HANSEN333: checks 
*** TURN *** [Ac 7h Ad] [Ts]
blistein: checks 
G.HANSEN333: bets $4
blistein: raises $12 to $16
G.HANSEN333: folds 
Uncalled bet ($12) returned to blistein
blistein collected $13.30 from pot
blistein: doesn't show hand 
*** SUMMARY ***
Total pot $14 | Rake $0.70 
Board [Ac 7h Ad Ts]
Seat 6: Mr.Gtk
Seat 1: jeffy27dt1 (button) folded before Flop (didn't bet)
Seat 2: blistein (small blind) collected ($13.30)
Seat 3: G.HANSEN333 (big blind) folded on the Turn
Seat 4: Nurlanstar92 folded before Flop (didn't bet)



PokerStars Hand #254274927182:  Hold'em No Limit ($0.50/$1.00 USD) - 2025/01/09 7:39:30 WET [2025/01/09 2:39:30 ET]
Table 'Cosima II' 6-max Seat #2 is the button
Seat 5: Pon4uk.ua ($137.54 in chips) is sitting out
Seat 6: Mr.Gtk ($10 in chips) is sitting out
Seat 1: jeffy27dt1 ($145.56 in chips) 
Seat 2: blistein ($106.30 in chips) 
Seat 3: G.HANSEN333 ($100 in chips) 
Seat 4: Nurlanstar92 ($101 in chips) 
G.HANSEN333: posts small blind $0.50
Nurlanstar92: posts big blind $1
Pon4uk.ua: sits out 
Mr.Gtk: sits out 
*** HOLE CARDS ***
jeffy27dt1: folds 
blistein: folds 
G.HANSEN333: folds 
Uncalled bet ($0.50) returned to Nurlanstar92
Nurlanstar92 collected $1 from pot
Nurlanstar92: doesn't show hand 
*** SUMMARY ***
Total pot $1 | Rake $0 
Seat 5: Pon4uk.ua
Seat 6: Mr.Gtk
Seat 1: jeffy27dt1 folded before Flop (didn't bet)
Seat 2: blistein (button) folded before Flop (didn't bet)
Seat 3: G.HANSEN333 (small blind) folded before Flop
Seat 4: Nurlanstar92 (big blind) collected ($1)



PokerStars Hand #254274927782:  Hold'em No Limit ($0.50/$1.00 USD) - 2025/01/09 7:39:39 WET [2025/01/09 2:39:39 ET]
Table 'Cosima II' 6-max Seat #3 is the button
Seat 6: Mr.Gtk ($10 in chips) is sitting out
Seat 1: jeffy27dt1 ($145.56 in chips) 
Seat 2: blistein ($106.30 in chips) 
Seat 3: G.HANSEN333 ($100 in chips) 
Seat 4: Nurlanstar92 ($101.50 in chips) 
Seat 5: Pon4uk.ua ($137.54 in chips) 
Nurlanstar92: posts small blind $0.50
Pon4uk.ua: posts big blind $1
Mr.Gtk: sits out 
*** HOLE CARDS ***
jeffy27dt1: folds 
blistein: folds 
G.HANSEN333: raises $1.50 to $2.50
Nurlanstar92: folds 
Pon4uk.ua: folds 
Uncalled bet ($1.50) returned to G.HANSEN333
G.HANSEN333 collected $2.50 from pot
G.HANSEN333: doesn't show hand 
*** SUMMARY ***
Total pot $2.50 | Rake $0 
Seat 6: Mr.Gtk
Seat 1: jeffy27dt1 folded before Flop (didn't bet)
Seat 2: blistein folded before Flop (didn't bet)
Seat 3: G.HANSEN333 (button) collected ($2.50)
Seat 4: Nurlanstar92 (small blind) folded before Flop
Seat 5: Pon4uk.ua (big blind) folded before Flop



PokerStars Hand #254274929138:  Hold'em No Limit ($0.50/$1.00 USD) - 2025/01/09 7:39:57 WET [2025/01/09 2:39:57 ET]
Table 'Cosima II' 6-max Seat #4 is the button
Seat 1: jeffy27dt1 ($145.56 in chips) 
Seat 2: blistein ($106.30 in chips) 
Seat 3: G.HANSEN333 ($101.50 in chips) 
Seat 4: Nurlanstar92 ($101 in chips) 
Seat 5: Pon4uk.ua ($136.54 in chips) 
Seat 6: Mr.Gtk ($10 in chips) 
Pon4uk.ua: posts small blind $0.50
Mr.Gtk: posts big blind $1
*** HOLE CARDS ***
jeffy27dt1: folds 
blistein: folds 
G.HANSEN333: folds 
Nurlanstar92: raises $1 to $2
Pon4uk.ua: raises $9 to $11
Mr.Gtk: calls $9 and is all-in
Nurlanstar92: folds 
Uncalled bet ($1) returned to Pon4uk.ua
*** FLOP *** [7h 5h Jd]
*** TURN *** [7h 5h Jd] [6c]
*** RIVER *** [7h 5h Jd 6c] [5d]
*** SHOW DOWN ***
Pon4uk.ua: shows [5c Ac] (three of a kind, Fives)
Mr.Gtk: shows [Kd Kc] (two pair, Kings and Fives)
Pon4uk.ua collected $20.90 from pot
*** SUMMARY ***
Total pot $22 | Rake $1.10 
Board [7h 5h Jd 6c 5d]
Seat 1: jeffy27dt1 folded before Flop (didn't bet)
Seat 2: blistein folded before Flop (didn't bet)
Seat 3: G.HANSEN333 folded before Flop (didn't bet)
Seat 4: Nurlanstar92 (button) folded before Flop
Seat 5: Pon4uk.ua (small blind) showed [5c Ac] and won ($20.90) with three of a kind, Fives
Seat 6: Mr.Gtk (big blind) showed [Kd Kc] and lost with two pair, Kings and Fives



PokerStars Hand #254274931712:  Hold'em No Limit ($0.50/$1.00 USD) - 2025/01/09 7:40:32 WET [2025/01/09 2:40:32 ET]
Table 'Cosima II' 6-max Seat #5 is the button
Seat 2: blistein ($106.30 in chips) is sitting out
Seat 6: Mr.Gtk ($0 in chips) is sitting out
Seat 1: jeffy27dt1 ($145.56 in chips) 
Seat 3: G.HANSEN333 ($101.50 in chips) 
Seat 4: Nurlanstar92 ($100 in chips) 
Seat 5: Pon4uk.ua ($147.44 in chips) 
jeffy27dt1: posts small blind $0.50
blistein: is sitting out 
G.HANSEN333: posts big blind $1
*** HOLE CARDS ***
blistein leaves the table
Nurlanstar92: raises $1.30 to $2.30
Pon4uk.ua: folds 
jeffy27dt1: folds 
Mr.Gtk leaves the table
G.HANSEN333: calls $1.30
*** FLOP *** [3h 4h 3s]
G.HANSEN333: checks 
Nurlanstar92: checks 
*** TURN *** [3h 4h 3s] [2s]
G.HANSEN333: bets $3.63
Nurlanstar92: folds 
Uncalled bet ($3.63) returned to G.HANSEN333
G.HANSEN333 collected $4.84 from pot
G.HANSEN333: doesn't show hand 
*** SUMMARY ***
Total pot $5.10 | Rake $0.26 
Board [3h 4h 3s 2s]
Seat 2: blistein
Seat 6: Mr.Gtk
Seat 1: jeffy27dt1 (small blind) folded before Flop
Seat 3: G.HANSEN333 (big blind) collected ($4.84)
Seat 4: Nurlanstar92 folded on the Turn
Seat 5: Pon4uk.ua (button) folded before Flop (didn't bet)



PokerStars Hand #254274793299:  Hold'em No Limit ($0.50/$1.00 USD) - 2025/01/09 7:08:33 WET [2025/01/09 2:08:33 ET]
Table 'Cosima II' 6-max Seat #3 is the button
Seat 4: JoeBlack_MS ($100 in chips) is sitting out
Seat 1: jeffy27dt1 ($100 in chips) 
Seat 3: G.HANSEN333 ($100 in chips) 
trueYes.3970 joins the table at seat #5 
G.HANSEN333: posts small blind $0.50
jeffy27dt1: posts big blind $1
*** HOLE CARDS ***
trueYes.3970 is disconnected 
nastja336 joins the table at seat #6 
G.HANSEN333: folds 
Uncalled bet ($0.50) returned to jeffy27dt1
jeffy27dt1 collected $1 from pot
jeffy27dt1: doesn't show hand 
*** SUMMARY ***
Total pot $1 | Rake $0 
Seat 4: JoeBlack_MS
Seat 1: jeffy27dt1 (big blind) collected ($1)
Seat 3: G.HANSEN333 (button) (small blind) folded before Flop



PokerStars Hand #254274794174:  Hold'em No Limit ($0.50/$1.00 USD) - 2025/01/09 7:08:45 WET [2025/01/09 2:08:45 ET]
Table 'Cosima II' 6-max Seat #1 is the button
Seat 6: nastja336 ($100 in chips) is sitting out
Seat 1: jeffy27dt1 ($100.50 in chips) 
Seat 3: G.HANSEN333 ($100 in chips) 
Seat 4: JoeBlack_MS ($100 in chips) 
Seat 5: trueYes.3970 ($10 in chips) 
G.HANSEN333: posts small blind $0.50
JoeBlack_MS: posts big blind $1
trueYes.3970: posts big blind $1
nastja336: sits out 
*** HOLE CARDS ***
trueYes.3970: checks 
jeffy27dt1: raises $3 to $4
G.HANSEN333: folds 
JoeBlack_MS: folds 
trueYes.3970: folds 
Uncalled bet ($3) returned to jeffy27dt1
Pon4uk.ua joins the table at seat #2 
jeffy27dt1 collected $3.50 from pot
jeffy27dt1: doesn't show hand 
*** SUMMARY ***
Total pot $3.50 | Rake $0 
Seat 6: nastja336
Seat 1: jeffy27dt1 (button) collected ($3.50)
Seat 3: G.HANSEN333 (small blind) folded before Flop
Seat 4: JoeBlack_MS (big blind) folded before Flop
Seat 5: trueYes.3970 folded before Flop (didn't bet)



PokerStars Hand #254274795923:  Hold'em No Limit ($0.50/$1.00 USD) - 2025/01/09 7:09:09 WET [2025/01/09 2:09:09 ET]
Table 'Cosima II' 6-max Seat #3 is the button
Seat 2: Pon4uk.ua ($100 in chips) is sitting out
Seat 6: nastja336 ($100 in chips) is sitting out
Seat 1: jeffy27dt1 ($103 in chips) 
Seat 3: G.HANSEN333 ($100 in chips) 
Seat 4: JoeBlack_MS ($100 in chips) 
Seat 5: trueYes.3970 ($9 in chips) 
JoeBlack_MS: posts small blind $0.50
trueYes.3970: posts big blind $1
nastja336: sits out 
Pon4uk.ua: sits out 
*** HOLE CARDS ***
jeffy27dt1: folds 
G.HANSEN333: raises $1.50 to $2.50
JoeBlack_MS: folds 
trueYes.3970: folds 
Uncalled bet ($1.50) returned to G.HANSEN333
G.HANSEN333 collected $2.50 from pot
G.HANSEN333: doesn't show hand 
*** SUMMARY ***
Total pot $2.50 | Rake $0 
Seat 2: Pon4uk.ua
Seat 6: nastja336
Seat 1: jeffy27dt1 folded before Flop (didn't bet)
Seat 3: G.HANSEN333 (button) collected ($2.50)
Seat 4: JoeBlack_MS (small blind) folded before Flop
Seat 5: trueYes.3970 (big blind) folded before Flop



PokerStars Hand #254274796931:  Hold'em No Limit ($0.50/$1.00 USD) - 2025/01/09 7:09:24 WET [2025/01/09 2:09:24 ET]
Table 'Cosima II' 6-max Seat #4 is the button
Seat 2: Pon4uk.ua ($100 in chips) is sitting out
Seat 1: jeffy27dt1 ($103 in chips) 
Seat 3: G.HANSEN333 ($101.50 in chips) 
Seat 4: JoeBlack_MS ($100 in chips) 
Seat 5: trueYes.3970 ($8 in chips) 
Seat 6: nastja336 ($100 in chips) 
trueYes.3970: posts small blind $0.50
nastja336: posts big blind $1
Pon4uk.ua: sits out 
*** HOLE CARDS ***
jeffy27dt1: folds 
G.HANSEN333: folds 
JoeBlack_MS: raises $1.50 to $2.50
trueYes.3970: folds 
nastja336: folds 
Uncalled bet ($1.50) returned to JoeBlack_MS
JoeBlack_MS collected $2.50 from pot
JoeBlack_MS: doesn't show hand 
*** SUMMARY ***
Total pot $2.50 | Rake $0 
Seat 2: Pon4uk.ua
Seat 1: jeffy27dt1 folded before Flop (didn't bet)
Seat 3: G.HANSEN333 folded before Flop (didn't bet)
Seat 4: JoeBlack_MS (button) collected ($2.50)
Seat 5: trueYes.3970 (small blind) folded before Flop
Seat 6: nastja336 (big blind) folded before Flop



PokerStars Hand #254274798172:  Hold'em No Limit ($0.50/$1.00 USD) - 2025/01/09 7:09:41 WET [2025/01/09 2:09:41 ET]
Table 'Cosima II' 6-max Seat #5 is the button
Seat 2: Pon4uk.ua ($100 in chips) is sitting out
Seat 1: jeffy27dt1 ($103 in chips) 
Seat 3: G.HANSEN333 ($101.50 in chips) 
Seat 4: JoeBlack_MS ($101.50 in chips) 
Seat 5: trueYes.3970 ($7.50 in chips) 
Seat 6: nastja336 ($100 in chips) 
nastja336: posts small blind $0.50
jeffy27dt1: posts big blind $1
Pon4uk.ua: sits out 
*** HOLE CARDS ***
G.HANSEN333: folds 
JoeBlack_MS: folds 
trueYes.3970: folds 
nastja336: folds 
Uncalled bet ($0.50) returned to jeffy27dt1
jeffy27dt1 collected $1 from pot
jeffy27dt1: doesn't show hand 
*** SUMMARY ***
Total pot $1 | Rake $0 
Seat 2: Pon4uk.ua
Seat 1: jeffy27dt1 (big blind) collected ($1)
Seat 3: G.HANSEN333 folded before Flop (didn't bet)
Seat 4: JoeBlack_MS folded before Flop (didn't bet)
Seat 5: trueYes.3970 (button) folded before Flop (didn't bet)
Seat 6: nastja336 (small blind) folded before Flop



PokerStars Hand #254274799205:  Hold'em No Limit ($0.50/$1.00 USD) - 2025/01/09 7:09:55 WET [2025/01/09 2:09:55 ET]
Table 'Cosima II' 6-max Seat #6 is the button
Seat 1: jeffy27dt1 ($103.50 in chips) 
Seat 2: Pon4uk.ua ($100 in chips) 
Seat 3: G.HANSEN333 ($101.50 in chips) 
Seat 4: JoeBlack_MS ($101.50 in chips) 
Seat 5: trueYes.3970 ($7.50 in chips) 
Seat 6: nastja336 ($100 in chips) 
jeffy27dt1: posts small blind $0.50
Pon4uk.ua: posts big blind $1
*** HOLE CARDS ***
G.HANSEN333: raises $1.50 to $2.50
JoeBlack_MS: folds 
trueYes.3970: folds 
nastja336: folds 
jeffy27dt1: folds 
Pon4uk.ua: folds 
Uncalled bet ($1.50) returned to G.HANSEN333
G.HANSEN333 collected $2.50 from pot
G.HANSEN333: doesn't show hand 
*** SUMMARY ***
Total pot $2.50 | Rake $0 
Seat 1: jeffy27dt1 (small blind) folded before Flop
Seat 2: Pon4uk.ua (big blind) folded before Flop
Seat 3: G.HANSEN333 collected ($2.50)
Seat 4: JoeBlack_MS folded before Flop (didn't bet)
Seat 5: trueYes.3970 folded before Flop (didn't bet)
Seat 6: nastja336 (button) folded before Flop (didn't bet)



PokerStars Hand #254274800223:  Hold'em No Limit ($0.50/$1.00 USD) - 2025/01/09 7:10:09 WET [2025/01/09 2:10:09 ET]
Table 'Cosima II' 6-max Seat #1 is the button
Seat 1: jeffy27dt1 ($103 in chips) 
Seat 2: Pon4uk.ua ($100 in chips) 
Seat 3: G.HANSEN333 ($103 in chips) 
Seat 4: JoeBlack_MS ($101.50 in chips) 
Seat 5: trueYes.3970 ($7.50 in chips) 
Seat 6: nastja336 ($100 in chips) 
Pon4uk.ua: posts small blind $0.50
G.HANSEN333: posts big blind $1
*** HOLE CARDS ***
JoeBlack_MS: folds 
trueYes.3970: raises $2 to $3
nastja336: folds 
jeffy27dt1: folds 
Pon4uk.ua: folds 
G.HANSEN333: folds 
Uncalled bet ($2) returned to trueYes.3970
trueYes.3970 collected $2.50 from pot
*** SUMMARY ***
Total pot $2.50 | Rake $0 
Seat 1: jeffy27dt1 (button) folded before Flop (didn't bet)
Seat 2: Pon4uk.ua (small blind) folded before Flop
Seat 3: G.HANSEN333 (big blind) folded before Flop
Seat 4: JoeBlack_MS folded before Flop (didn't bet)
Seat 5: trueYes.3970 collected ($2.50)
Seat 6: nastja336 folded before Flop (didn't bet)



PokerStars Hand #254274802430:  Hold'em No Limit ($0.50/$1.00 USD) - 2025/01/09 7:10:40 WET [2025/01/09 2:10:40 ET]
Table 'Cosima II' 6-max Seat #2 is the button
Seat 1: jeffy27dt1 ($103 in chips) 
Seat 2: Pon4uk.ua ($100 in chips) 
Seat 3: G.HANSEN333 ($102 in chips) 
Seat 4: JoeBlack_MS ($101.50 in chips) 
Seat 5: trueYes.3970 ($9 in chips) 
Seat 6: nastja336 ($100 in chips) 
G.HANSEN333: posts small blind $0.50
JoeBlack_MS: posts big blind $1
*** HOLE CARDS ***
trueYes.3970: folds 
nastja336: folds 
jeffy27dt1: folds 
Pon4uk.ua: folds 
G.HANSEN333: raises $2 to $3
JoeBlack_MS: folds 
Uncalled bet ($2) returned to G.HANSEN333
G.HANSEN333 collected $2 from pot
G.HANSEN333: doesn't show hand 
*** SUMMARY ***
Total pot $2 | Rake $0 
Seat 1: jeffy27dt1 folded before Flop (didn't bet)
Seat 2: Pon4uk.ua (button) folded before Flop (didn't bet)
Seat 3: G.HANSEN333 (small blind) collected ($2)
Seat 4: JoeBlack_MS (big blind) folded before Flop
Seat 5: trueYes.3970 folded before Flop (didn't bet)
Seat 6: nastja336 folded before Flop (didn't bet)



PokerStars Hand #254274803945:  Hold'em No Limit ($0.50/$1.00 USD) - 2025/01/09 7:11:01 WET [2025/01/09 2:11:01 ET]
Table 'Cosima II' 6-max Seat #3 is the button
Seat 1: jeffy27dt1 ($103 in chips) 
Seat 2: Pon4uk.ua ($100 in chips) 
Seat 3: G.HANSEN333 ($103 in chips) 
Seat 4: JoeBlack_MS ($100.50 in chips) 
Seat 5: trueYes.3970 ($9 in chips) 
Seat 6: nastja336 ($100 in chips) 
JoeBlack_MS: posts small blind $0.50
trueYes.3970: posts big blind $1
*** HOLE CARDS ***
nastja336: folds 
nastja336 leaves the table
jeffy27dt1: folds 
Pon4uk.ua: folds 
G.HANSEN333: raises $1.50 to $2.50
JoeBlack_MS: folds 
trueYes.3970: folds 
Uncalled bet ($1.50) returned to G.HANSEN333
G.HANSEN333 collected $2.50 from pot
G.HANSEN333: doesn't show hand 
*** SUMMARY ***
Total pot $2.50 | Rake $0 
Seat 1: jeffy27dt1 folded before Flop (didn't bet)
Seat 2: Pon4uk.ua folded before Flop (didn't bet)
Seat 3: G.HANSEN333 (button) collected ($2.50)
Seat 4: JoeBlack_MS (small blind) folded before Flop
Seat 5: trueYes.3970 (big blind) folded before Flop
Seat 6: nastja336 folded before Flop (didn't bet)



PokerStars Hand #254274805711:  Hold'em No Limit ($0.50/$1.00 USD) - 2025/01/09 7:11:25 WET [2025/01/09 2:11:25 ET]
Table 'Cosima II' 6-max Seat #4 is the button
Seat 1: jeffy27dt1 ($103 in chips) 
Seat 2: Pon4uk.ua ($100 in chips) 
Seat 3: G.HANSEN333 ($104.50 in chips) 
Seat 4: JoeBlack_MS ($100 in chips) 
Seat 5: trueYes.3970 ($8 in chips) 
trueYes.3970: posts small blind $0.50
jeffy27dt1: posts big blind $1
*** HOLE CARDS ***
Pon4uk.ua: raises $1 to $2
G.HANSEN333: raises $6.50 to $8.50
JoeBlack_MS: folds 
trueYes.3970: folds 
jeffy27dt1: folds 
Pon4uk.ua: folds 
Uncalled bet ($6.50) returned to G.HANSEN333
G.HANSEN333 collected $5.50 from pot
G.HANSEN333: doesn't show hand 
*** SUMMARY ***
Total pot $5.50 | Rake $0 
Seat 1: jeffy27dt1 (big blind) folded before Flop
Seat 2: Pon4uk.ua folded before Flop
Seat 3: G.HANSEN333 collected ($5.50)
Seat 4: JoeBlack_MS (button) folded before Flop (didn't bet)
Seat 5: trueYes.3970 (small blind) folded before Flop



PokerStars Hand #254274808067:  Hold'em No Limit ($0.50/$1.00 USD) - 2025/01/09 7:11:58 WET [2025/01/09 2:11:58 ET]
Table 'Cosima II' 6-max Seat #5 is the button
Seat 1: jeffy27dt1 ($102 in chips) 
Seat 2: Pon4uk.ua ($100 in chips) 
Seat 3: G.HANSEN333 ($108 in chips) 
Seat 4: JoeBlack_MS ($100 in chips) 
Seat 5: trueYes.3970 ($7.50 in chips) 
jeffy27dt1: posts small blind $0.50
Pon4uk.ua: posts big blind $1
*** HOLE CARDS ***
G.HANSEN333: folds 
JoeBlack_MS: folds 
trueYes.3970: folds 
jeffy27dt1: raises $2 to $3
Pon4uk.ua: folds 
Uncalled bet ($2) returned to jeffy27dt1
jeffy27dt1 collected $2 from pot
jeffy27dt1: doesn't show hand 
*** SUMMARY ***
Total pot $2 | Rake $0 
Seat 1: jeffy27dt1 (small blind) collected ($2)
Seat 2: Pon4uk.ua (big blind) folded before Flop
Seat 3: G.HANSEN333 folded before Flop (didn't bet)
Seat 4: JoeBlack_MS folded before Flop (didn't bet)
Seat 5: trueYes.3970 (button) folded before Flop (didn't bet)



PokerStars Hand #254274809638:  Hold'em No Limit ($0.50/$1.00 USD) - 2025/01/09 7:12:20 WET [2025/01/09 2:12:20 ET]
Table 'Cosima II' 6-max Seat #1 is the button
Seat 1: jeffy27dt1 ($103 in chips) 
Seat 2: Pon4uk.ua ($100 in chips) 
Seat 3: G.HANSEN333 ($108 in chips) 
Seat 4: JoeBlack_MS ($100 in chips) 
Seat 5: trueYes.3970 ($7.50 in chips) 
Pon4uk.ua: posts small blind $0.50
G.HANSEN333: posts big blind $1
*** HOLE CARDS ***
JoeBlack_MS: folds 
trueYes.3970: folds 
jeffy27dt1: folds 
Pon4uk.ua: raises $1.75 to $2.75
G.HANSEN333: raises $6.25 to $9
Pon4uk.ua: calls $6.25
*** FLOP *** [4h 7c 2h]
Pon4uk.ua: checks 
G.HANSEN333: checks 
*** TURN *** [4h 7c 2h] [5d]
Pon4uk.ua: checks 
G.HANSEN333: checks 
*** RIVER *** [4h 7c 2h 5d] [Js]
Pon4uk.ua: checks 
G.HANSEN333: checks 
*** SHOW DOWN ***
Pon4uk.ua: shows [Ad Td] (high card Ace)
G.HANSEN333: mucks hand 
Pon4uk.ua collected $17.10 from pot
*** SUMMARY ***
Total pot $18 | Rake $0.90 
Board [4h 7c 2h 5d Js]
Seat 1: jeffy27dt1 (button) folded before Flop (didn't bet)
Seat 2: Pon4uk.ua (small blind) showed [Ad Td] and won ($17.10) with high card Ace
Seat 3: G.HANSEN333 (big blind) mucked
Seat 4: JoeBlack_MS folded before Flop (didn't bet)
Seat 5: trueYes.3970 folded before Flop (didn't bet)



PokerStars Hand #254274813659:  Hold'em No Limit ($0.50/$1.00 USD) - 2025/01/09 7:13:16 WET [2025/01/09 2:13:16 ET]
Table 'Cosima II' 6-max Seat #2 is the button
Seat 1: jeffy27dt1 ($103 in chips) 
Seat 2: Pon4uk.ua ($108.10 in chips) 
Seat 3: G.HANSEN333 ($100 in chips) 
Seat 4: JoeBlack_MS ($100 in chips) 
Seat 5: trueYes.3970 ($7.50 in chips) 
G.HANSEN333: posts small blind $0.50
JoeBlack_MS: posts big blind $1
*** HOLE CARDS ***
trueYes.3970: folds 
jeffy27dt1: raises $1.50 to $2.50
Pon4uk.ua: folds 
G.HANSEN333: folds 
JoeBlack_MS: calls $1.50
*** FLOP *** [9h 8h 9d]
JoeBlack_MS: checks 
Melenya joins the table at seat #6 
jeffy27dt1: bets $1.72
JoeBlack_MS: folds 
Uncalled bet ($1.72) returned to jeffy27dt1
jeffy27dt1 collected $5.22 from pot
jeffy27dt1: doesn't show hand 
*** SUMMARY ***
Total pot $5.50 | Rake $0.28 
Board [9h 8h 9d]
Seat 1: jeffy27dt1 collected ($5.22)
Seat 2: Pon4uk.ua (button) folded before Flop (didn't bet)
Seat 3: G.HANSEN333 (small blind) folded before Flop
Seat 4: JoeBlack_MS (big blind) folded on the Flop
Seat 5: trueYes.3970 folded before Flop (didn't bet)



PokerStars Hand #254274825017:  Hold'em No Limit ($0.50/$1.00 USD) - 2025/01/09 7:15:55 WET [2025/01/09 2:15:55 ET]
Table 'Cosima II' 6-max Seat #3 is the button
Seat 6: Melenya ($100 in chips) is sitting out
Seat 1: jeffy27dt1 ($105.22 in chips) 
Seat 2: Pon4uk.ua ($106.60 in chips) 
Seat 3: G.HANSEN333 ($110.42 in chips) 
Seat 4: JoeBlack_MS ($100 in chips) 
Seat 5: trueYes.3970 ($11.50 in chips) 
JoeBlack_MS: posts small blind $0.50
trueYes.3970: posts big blind $1
Melenya: sits out 
*** HOLE CARDS ***
jeffy27dt1: folds 
Pon4uk.ua: folds 
G.HANSEN333: raises $1.50 to $2.50
JoeBlack_MS: folds 
trueYes.3970: calls $1.50
*** FLOP *** [7c 8h Jd]
trueYes.3970: checks 
G.HANSEN333: bets $3.39
trueYes.3970: calls $3.39
*** TURN *** [7c 8h Jd] [Jc]
trueYes.3970: checks 
G.HANSEN333: checks 
*** RIVER *** [7c 8h Jd Jc] [3c]
trueYes.3970: bets $5.55
G.HANSEN333: folds 
Uncalled bet ($5.55) returned to trueYes.3970
trueYes.3970 collected $11.67 from pot
*** SUMMARY ***
Total pot $12.28 | Rake $0.61 
Board [7c 8h Jd Jc 3c]
Seat 6: Melenya
Seat 1: jeffy27dt1 folded before Flop (didn't bet)
Seat 2: Pon4uk.ua folded before Flop (didn't bet)
Seat 3: G.HANSEN333 (button) folded on the River
Seat 4: JoeBlack_MS (small blind) folded before Flop
Seat 5: trueYes.3970 (big blind) collected ($11.67)



PokerStars Hand #254274828909:  Hold'em No Limit ($0.50/$1.00 USD) - 2025/01/09 7:16:48 WET [2025/01/09 2:16:48 ET]
Table 'Cosima II' 6-max Seat #4 is the button
Seat 1: jeffy27dt1 ($105.22 in chips) 
Seat 2: Pon4uk.ua ($106.60 in chips) 
Seat 3: G.HANSEN333 ($104.53 in chips) 
Seat 4: JoeBlack_MS ($100 in chips) 
Seat 5: trueYes.3970 ($17.28 in chips) 
Seat 6: Melenya ($100 in chips) 
trueYes.3970: posts small blind $0.50
Melenya: posts big blind $1
*** HOLE CARDS ***
jeffy27dt1: folds 
Pon4uk.ua: folds 
G.HANSEN333: folds 
JoeBlack_MS: raises $1.50 to $2.50
trueYes.3970: folds 
Melenya: folds 
Uncalled bet ($1.50) returned to JoeBlack_MS
JoeBlack_MS collected $2.50 from pot
JoeBlack_MS: doesn't show hand 
*** SUMMARY ***
Total pot $2.50 | Rake $0 
Seat 1: jeffy27dt1 folded before Flop (didn't bet)
Seat 2: Pon4uk.ua folded before Flop (didn't bet)
Seat 3: G.HANSEN333 folded before Flop (didn't bet)
Seat 4: JoeBlack_MS (button) collected ($2.50)
Seat 5: trueYes.3970 (small blind) folded before Flop
Seat 6: Melenya (big blind) folded before Flop



PokerStars Hand #254274830670:  Hold'em No Limit ($0.50/$1.00 USD) - 2025/01/09 7:17:12 WET [2025/01/09 2:17:12 ET]
Table 'Cosima II' 6-max Seat #5 is the button
Seat 1: jeffy27dt1 ($105.22 in chips) 
Seat 2: Pon4uk.ua ($106.60 in chips) 
Seat 3: G.HANSEN333 ($104.53 in chips) 
Seat 4: JoeBlack_MS ($101.50 in chips) 
Seat 5: trueYes.3970 ($16.78 in chips) 
Seat 6: Melenya ($100 in chips) 
Melenya: posts small blind $0.50
jeffy27dt1: posts big blind $1
*** HOLE CARDS ***
Pon4uk.ua: folds 
G.HANSEN333: folds 
JoeBlack_MS: raises $1.30 to $2.30
trueYes.3970: calls $2.30
Melenya: folds 
jeffy27dt1: folds 
*** FLOP *** [Jd 9h 4c]
JoeBlack_MS: bets $2.90
trueYes.3970: raises $11.58 to $14.48 and is all-in
JoeBlack_MS: calls $11.58
*** TURN *** [Jd 9h 4c] [5c]
*** RIVER *** [Jd 9h 4c 5c] [5s]
*** SHOW DOWN ***
JoeBlack_MS: shows [Kd Jh] (two pair, Jacks and Fives)
trueYes.3970: shows [Jc 9c] (two pair, Jacks and Nines)
trueYes.3970 collected $33.31 from pot
*** SUMMARY ***
Total pot $35.06 | Rake $1.75 
Board [Jd 9h 4c 5c 5s]
Seat 1: jeffy27dt1 (big blind) folded before Flop
Seat 2: Pon4uk.ua folded before Flop (didn't bet)
Seat 3: G.HANSEN333 folded before Flop (didn't bet)
Seat 4: JoeBlack_MS showed [Kd Jh] and lost with two pair, Jacks and Fives
Seat 5: trueYes.3970 (button) showed [Jc 9c] and won ($33.31) with two pair, Jacks and Nines
Seat 6: Melenya (small blind) folded before Flop



PokerStars Hand #254274833971:  Hold'em No Limit ($0.50/$1.00 USD) - 2025/01/09 7:17:58 WET [2025/01/09 2:17:58 ET]
Table 'Cosima II' 6-max Seat #6 is the button
Seat 1: jeffy27dt1 ($104.22 in chips) 
Seat 2: Pon4uk.ua ($106.60 in chips) 
Seat 3: G.HANSEN333 ($104.53 in chips) 
Seat 4: JoeBlack_MS ($100 in chips) 
Seat 5: trueYes.3970 ($33.31 in chips) 
Seat 6: Melenya ($100 in chips) 
jeffy27dt1: posts small blind $0.50
Pon4uk.ua: posts big blind $1
*** HOLE CARDS ***
G.HANSEN333: folds 
JoeBlack_MS: folds 
trueYes.3970: folds 
Melenya: folds 
jeffy27dt1: raises $2 to $3
Pon4uk.ua: folds 
Uncalled bet ($2) returned to jeffy27dt1
jeffy27dt1 collected $2 from pot
jeffy27dt1: doesn't show hand 
*** SUMMARY ***
Total pot $2 | Rake $0 
Seat 1: jeffy27dt1 (small blind) collected ($2)
Seat 2: Pon4uk.ua (big blind) folded before Flop
Seat 3: G.HANSEN333 folded before Flop (didn't bet)
Seat 4: JoeBlack_MS folded before Flop (didn't bet)
Seat 5: trueYes.3970 folded before Flop (didn't bet)
Seat 6: Melenya (button) folded before Flop (didn't bet)



PokerStars Hand #254274835145:  Hold'em No Limit ($0.50/$1.00 USD) - 2025/01/09 7:18:13 WET [2025/01/09 2:18:13 ET]
Table 'Cosima II' 6-max Seat #1 is the button
Seat 1: jeffy27dt1 ($105.22 in chips) 
Seat 2: Pon4uk.ua ($105.60 in chips) 
Seat 3: G.HANSEN333 ($104.53 in chips) 
Seat 4: JoeBlack_MS ($100 in chips) 
Seat 5: trueYes.3970 ($33.31 in chips) 
Seat 6: Melenya ($100 in chips) 
Pon4uk.ua: posts small blind $0.50
G.HANSEN333: posts big blind $1
*** HOLE CARDS ***
JoeBlack_MS: folds 
trueYes.3970: raises $2 to $3
Melenya: folds 
jeffy27dt1: folds 
Pon4uk.ua: folds 
G.HANSEN333: folds 
Uncalled bet ($2) returned to trueYes.3970
trueYes.3970 collected $2.50 from pot
*** SUMMARY ***
Total pot $2.50 | Rake $0 
Seat 1: jeffy27dt1 (button) folded before Flop (didn't bet)
Seat 2: Pon4uk.ua (small blind) folded before Flop
Seat 3: G.HANSEN333 (big blind) folded before Flop
Seat 4: JoeBlack_MS folded before Flop (didn't bet)
Seat 5: trueYes.3970 collected ($2.50)
Seat 6: Melenya folded before Flop (didn't bet)



PokerStars Hand #254274836512:  Hold'em No Limit ($0.50/$1.00 USD) - 2025/01/09 7:18:32 WET [2025/01/09 2:18:32 ET]
Table 'Cosima II' 6-max Seat #2 is the button
Seat 1: jeffy27dt1 ($105.22 in chips) 
Seat 2: Pon4uk.ua ($105.10 in chips) 
Seat 3: G.HANSEN333 ($103.53 in chips) 
Seat 4: JoeBlack_MS ($100 in chips) 
Seat 5: trueYes.3970 ($34.81 in chips) 
Seat 6: Melenya ($100 in chips) 
G.HANSEN333: posts small blind $0.50
JoeBlack_MS: posts big blind $1
*** HOLE CARDS ***
trueYes.3970: folds 
Melenya: folds 
jeffy27dt1: folds 
Pon4uk.ua: folds 
G.HANSEN333: folds 
Uncalled bet ($0.50) returned to JoeBlack_MS
JoeBlack_MS collected $1 from pot
JoeBlack_MS: doesn't show hand 
*** SUMMARY ***
Total pot $1 | Rake $0 
Seat 1: jeffy27dt1 folded before Flop (didn't bet)
Seat 2: Pon4uk.ua (button) folded before Flop (didn't bet)
Seat 3: G.HANSEN333 (small blind) folded before Flop
Seat 4: JoeBlack_MS (big blind) collected ($1)
Seat 5: trueYes.3970 folded before Flop (didn't bet)
Seat 6: Melenya folded before Flop (didn't bet)



PokerStars Hand #254274837328:  Hold'em No Limit ($0.50/$1.00 USD) - 2025/01/09 7:18:43 WET [2025/01/09 2:18:43 ET]
Table 'Cosima II' 6-max Seat #3 is the button
Seat 1: jeffy27dt1 ($105.22 in chips) 
Seat 2: Pon4uk.ua ($105.10 in chips) 
Seat 3: G.HANSEN333 ($103.03 in chips) 
Seat 4: JoeBlack_MS ($100.50 in chips) 
Seat 5: trueYes.3970 ($34.81 in chips) 
Seat 6: Melenya ($100 in chips) 
JoeBlack_MS: posts small blind $0.50
trueYes.3970: posts big blind $1
*** HOLE CARDS ***
Melenya: folds 
jeffy27dt1: raises $1.50 to $2.50
Pon4uk.ua: raises $5 to $7.50
G.HANSEN333: folds 
JoeBlack_MS: folds 
trueYes.3970: folds 
jeffy27dt1: folds 
Uncalled bet ($5) returned to Pon4uk.ua
Pon4uk.ua collected $6.50 from pot
Pon4uk.ua: doesn't show hand 
*** SUMMARY ***
Total pot $6.50 | Rake $0 
Seat 1: jeffy27dt1 folded before Flop
Seat 2: Pon4uk.ua collected ($6.50)
Seat 3: G.HANSEN333 (button) folded before Flop (didn't bet)
Seat 4: JoeBlack_MS (small blind) folded before Flop
Seat 5: trueYes.3970 (big blind) folded before Flop
Seat 6: Melenya folded before Flop (didn't bet)



PokerStars Hand #254274839254:  Hold'em No Limit ($0.50/$1.00 USD) - 2025/01/09 7:19:10 WET [2025/01/09 2:19:10 ET]
Table 'Cosima II' 6-max Seat #4 is the button
Seat 1: jeffy27dt1 ($102.72 in chips) 
Seat 2: Pon4uk.ua ($109.10 in chips) 
Seat 3: G.HANSEN333 ($103.03 in chips) 
Seat 4: JoeBlack_MS ($100 in chips) 
Seat 5: trueYes.3970 ($33.81 in chips) 
Seat 6: Melenya ($100 in chips) 
trueYes.3970: posts small blind $0.50
Melenya: posts big blind $1
*** HOLE CARDS ***
jeffy27dt1: folds 
Pon4uk.ua: raises $1 to $2
G.HANSEN333: folds 
JoeBlack_MS: folds 
trueYes.3970: calls $1.50
Melenya: folds 
*** FLOP *** [Jd Kc 6c]
trueYes.3970: checks 
Pon4uk.ua: bets $2
trueYes.3970: calls $2
*** TURN *** [Jd Kc 6c] [Jc]
trueYes.3970: checks 
Pon4uk.ua: checks 
*** RIVER *** [Jd Kc 6c Jc] [Kh]
trueYes.3970: checks 
Pon4uk.ua: checks 
*** SHOW DOWN ***
trueYes.3970: shows [Tc 9c] (a flush, King high)
Pon4uk.ua: mucks hand 
trueYes.3970 collected $8.55 from pot
*** SUMMARY ***
Total pot $9 | Rake $0.45 
Board [Jd Kc 6c Jc Kh]
Seat 1: jeffy27dt1 folded before Flop (didn't bet)
Seat 2: Pon4uk.ua mucked
Seat 3: G.HANSEN333 folded before Flop (didn't bet)
Seat 4: JoeBlack_MS (button) folded before Flop (didn't bet)
Seat 5: trueYes.3970 (small blind) showed [Tc 9c] and won ($8.55) with a flush, King high
Seat 6: Melenya (big blind) folded before Flop



PokerStars Hand #254274933896:  Hold'em No Limit ($0.50/$1.00 USD) - 2025/01/09 7:41:02 WET [2025/01/09 2:41:02 ET]
Table 'Cosima II' 6-max Seat #3 is the button
Seat 4: Nurlanstar92 ($100 in chips) is sitting out
Seat 5: Pon4uk.ua ($147.44 in chips) is sitting out
Seat 1: jeffy27dt1 ($145.06 in chips) 
Seat 3: G.HANSEN333 ($104.04 in chips) 
G.HANSEN333: posts small blind $0.50
Nurlanstar92: is sitting out 
jeffy27dt1: posts big blind $1
*** HOLE CARDS ***
G.HANSEN333: raises $2 to $3
Pon4uk.ua leaves the table
Nurlanstar92 leaves the table
jeffy27dt1: folds 
Uncalled bet ($2) returned to G.HANSEN333
G.HANSEN333 collected $2 from pot
G.HANSEN333: doesn't show hand 
*** SUMMARY ***
Total pot $2 | Rake $0 
Seat 4: Nurlanstar92
Seat 5: Pon4uk.ua
Seat 1: jeffy27dt1 (big blind) folded before Flop
Seat 3: G.HANSEN333 (button) (small blind) collected ($2)



PokerStars Hand #254274935210:  Hold'em No Limit ($0.50/$1.00 USD) - 2025/01/09 7:41:20 WET [2025/01/09 2:41:20 ET]
Table 'Cosima II' 6-max Seat #1 is the button
Seat 1: jeffy27dt1 ($144.06 in chips) 
Seat 3: G.HANSEN333 ($105.04 in chips) 
jeffy27dt1: posts small blind $0.50
G.HANSEN333: posts big blind $1
*** HOLE CARDS ***
jeffy27dt1: folds 
Uncalled bet ($0.50) returned to G.HANSEN333
G.HANSEN333 collected $1 from pot
G.HANSEN333: doesn't show hand 
*** SUMMARY ***
Total pot $1 | Rake $0 
Seat 1: jeffy27dt1 (button) (small blind) folded before Flop
Seat 3: G.HANSEN333 (big blind) collected ($1)



PokerStars Hand #254274939193:  Hold'em No Limit ($0.50/$1.00 USD) - 2025/01/09 7:42:13 WET [2025/01/09 2:42:13 ET]
Table 'Cosima II' 6-max Seat #2 is the button
Seat 1: jeffy27dt1 ($143.56 in chips) is sitting out
Seat 2: blistein ($106.30 in chips) 
Seat 6: Mr.Gtk ($10 in chips) 
blistein: posts small blind $0.50
Mr.Gtk: posts big blind $1
*** HOLE CARDS ***
blistein: raises $12 to $13
Mr.Gtk: folds 
Uncalled bet ($12) returned to blistein
blistein collected $2 from pot
blistein: doesn't show hand 
*** SUMMARY ***
Total pot $2 | Rake $0 
Seat 1: jeffy27dt1
Seat 2: blistein (button) (small blind) collected ($2)
Seat 6: Mr.Gtk (big blind) folded before Flop



PokerStars Hand #254274940039:  Hold'em No Limit ($0.50/$1.00 USD) - 2025/01/09 7:42:25 WET [2025/01/09 2:42:25 ET]
Table 'Cosima II' 6-max Seat #6 is the button
Seat 1: jeffy27dt1 ($143.56 in chips) is sitting out
Seat 2: blistein ($107.30 in chips) 
Seat 6: Mr.Gtk ($9 in chips) 
Mr.Gtk: posts small blind $0.50
blistein: posts big blind $1
*** HOLE CARDS ***
Mr.Gtk: raises $8 to $9 and is all-in
blistein: folds 
Uncalled bet ($8) returned to Mr.Gtk
Mr.Gtk collected $2 from pot
blistein leaves the table
Mr.Gtk: doesn't show hand 
*** SUMMARY ***
Total pot $2 | Rake $0 
Seat 1: jeffy27dt1
Seat 2: blistein (big blind) folded before Flop
Seat 6: Mr.Gtk (button) (small blind) collected ($2)



