PokerStars Hand #254288495286:  Hold'em No Limit ($0.50/$1.00 USD) - 2025/01/09 0:46:20 WET [2025/01/09 19:46:20 ET]
Table 'Erida II' 6-max Seat #2 is the button
Seat 1: nikalas22 ($100 in chips) 
Seat 2: LuckyShikari ($107.70 in chips) 
Seat 6: doctorthorne ($107.75 in chips) 
doctorthorne: posts small blind $0.50
nikalas22: posts big blind $1
*** HOLE CARDS ***
LuckyShikari: raises $1 to $2
doctorthorne: calls $1.50
nikalas22: raises $12 to $14
LuckyShikari: folds 
doctorthorne: folds 
Uncalled bet ($12) returned to nikalas22
nikalas22 collected $6 from pot
nikalas22: doesn't show hand 
*** SUMMARY ***
Total pot $6 | Rake $0 
Seat 1: nikalas22 (big blind) collected ($6)
Seat 2: LuckyShikari (button) folded before Flop
Seat 6: doctorthorne (small blind) folded before Flop



PokerStars Hand #254288500888:  Hold'em No Limit ($0.50/$1.00 USD) - 2025/01/09 0:46:48 WET [2025/01/09 19:46:48 ET]
Table 'Erida II' 6-max Seat #6 is the button
Seat 1: nikalas22 ($104 in chips) 
Seat 2: LuckyShikari ($105.70 in chips) 
Seat 6: doctorthorne ($105.75 in chips) 
nikalas22: posts small blind $0.50
LuckyShikari: posts big blind $1
*** HOLE CARDS ***
doctorthorne: folds 
nikalas22: raises $2 to $3
LuckyShikari: folds 
Uncalled bet ($2) returned to nikalas22
nikalas22 collected $2 from pot
nikalas22: doesn't show hand 
*** SUMMARY ***
Total pot $2 | Rake $0 
Seat 1: nikalas22 (small blind) collected ($2)
Seat 2: LuckyShikari (big blind) folded before Flop
Seat 6: doctorthorne (button) folded before Flop (didn't bet)



PokerStars Hand #254288502948:  Hold'em No Limit ($0.50/$1.00 USD) - 2025/01/09 0:46:58 WET [2025/01/09 19:46:58 ET]
Table 'Erida II' 6-max Seat #1 is the button
Seat 1: nikalas22 ($105 in chips) 
Seat 2: LuckyShikari ($104.70 in chips) 
Seat 6: doctorthorne ($105.75 in chips) 
LuckyShikari: posts small blind $0.50
doctorthorne: posts big blind $1
*** HOLE CARDS ***
nikalas22: raises $1.50 to $2.50
LuckyShikari: raises $9 to $11.50
doctorthorne: folds 
nikalas22: folds 
Uncalled bet ($9) returned to LuckyShikari
LuckyShikari collected $6 from pot
LuckyShikari: doesn't show hand 
*** SUMMARY ***
Total pot $6 | Rake $0 
Seat 1: nikalas22 (button) folded before Flop
Seat 2: LuckyShikari (small blind) collected ($6)
Seat 6: doctorthorne (big blind) folded before Flop



PokerStars Hand #254288507344:  Hold'em No Limit ($0.50/$1.00 USD) - 2025/01/09 0:47:20 WET [2025/01/09 19:47:20 ET]
Table 'Erida II' 6-max Seat #2 is the button
Seat 1: nikalas22 ($102.50 in chips) 
Seat 2: LuckyShikari ($108.20 in chips) 
Seat 6: doctorthorne ($104.75 in chips) 
doctorthorne: posts small blind $0.50
nikalas22: posts big blind $1
*** HOLE CARDS ***
LuckyShikari: folds 
LuckyShikari leaves the table
doctorthorne: folds 
Uncalled bet ($0.50) returned to nikalas22
nikalas22 collected $1 from pot
nikalas22: doesn't show hand 
*** SUMMARY ***
Total pot $1 | Rake $0 
Seat 1: nikalas22 (big blind) collected ($1)
Seat 2: LuckyShikari (button) folded before Flop (didn't bet)
Seat 6: doctorthorne (small blind) folded before Flop



PokerStars Hand #254288534092:  Hold'em No Limit ($0.50/$1.00 USD) - 2025/01/09 0:49:32 WET [2025/01/09 19:49:32 ET]
Table 'Erida II' 6-max Seat #5 is the button
Seat 1: nikalas22 ($103 in chips) 
Seat 5: kevukas27 ($10 in chips) 
Seat 6: m0nTTu ($10 in chips) 
m0nTTu: posts small blind $0.50
nikalas22: posts big blind $1
*** HOLE CARDS ***
kevukas27: raises $9 to $10 and is all-in
m0nTTu: folds 
nikalas22: calls $9
*** FLOP *** [3s Qs 8d]
*** TURN *** [3s Qs 8d] [Kc]
*** RIVER *** [3s Qs 8d Kc] [Jh]
*** SHOW DOWN ***
nikalas22: shows [9h Ah] (high card Ace)
kevukas27: shows [2s Ad] (high card Ace - lower kicker)
nikalas22 collected $19.50 from pot
*** SUMMARY ***
Total pot $20.50 | Rake $1 
Board [3s Qs 8d Kc Jh]
Seat 1: nikalas22 (big blind) showed [9h Ah] and won ($19.50) with high card Ace
Seat 5: kevukas27 (button) showed [2s Ad] and lost with high card Ace
Seat 6: m0nTTu (small blind) folded before Flop



PokerStars Hand #254288539776:  Hold'em No Limit ($0.50/$1.00 USD) - 2025/01/09 0:50:01 WET [2025/01/09 19:50:01 ET]
Table 'Erida II' 6-max Seat #1 is the button
Seat 5: kevukas27 ($0 in chips) is sitting out
Seat 1: nikalas22 ($112.50 in chips) 
Seat 6: m0nTTu ($10 in chips) 
nikalas22: posts small blind $0.50
m0nTTu: posts big blind $1
*** HOLE CARDS ***
BumHuntKing joins the table at seat #4 
nikalas22: raises $111.50 to $112.50 and is all-in
m0nTTu: folds 
Uncalled bet ($111.50) returned to nikalas22
cristiancoari24 joins the table at seat #2 
nikalas22 collected $2 from pot
cristiancoari24 is disconnected 
nikalas22: doesn't show hand 
*** SUMMARY ***
Total pot $2 | Rake $0 
Seat 5: kevukas27
Seat 1: nikalas22 (button) (small blind) collected ($2)
Seat 6: m0nTTu (big blind) folded before Flop



PokerStars Hand #254288544435:  Hold'em No Limit ($0.50/$1.00 USD) - 2025/01/09 0:50:24 WET [2025/01/09 19:50:24 ET]
Table 'Erida II' 6-max Seat #6 is the button
Seat 4: BumHuntKing ($100 in chips) is sitting out
Seat 1: nikalas22 ($113.50 in chips) 
Seat 2: cristiancoari24 ($10 in chips) 
Seat 5: kevukas27 ($31.36 in chips) 
Seat 6: m0nTTu ($10 in chips) 
nikalas22: posts small blind $0.50
cristiancoari24: posts big blind $1
BumHuntKing: sits out 
kevukas27: posts big blind $1
*** HOLE CARDS ***
kevukas27: checks 
m0nTTu: folds 
nikalas22: folds 
cristiancoari24: checks 
*** FLOP *** [6h 7d Qs]
cristiancoari24: bets $1
kevukas27: folds 
Uncalled bet ($1) returned to cristiancoari24
cristiancoari24 collected $2.38 from pot
*** SUMMARY ***
Total pot $2.50 | Rake $0.12 
Board [6h 7d Qs]
Seat 4: BumHuntKing
Seat 1: nikalas22 (small blind) folded before Flop
Seat 2: cristiancoari24 (big blind) collected ($2.38)
Seat 5: kevukas27 folded on the Flop (didn't bet)
Seat 6: m0nTTu (button) folded before Flop (didn't bet)



PokerStars Hand #254288549669:  Hold'em No Limit ($0.50/$1.00 USD) - 2025/01/09 0:50:50 WET [2025/01/09 19:50:50 ET]
Table 'Erida II' 6-max Seat #1 is the button
Seat 1: nikalas22 ($113 in chips) 
Seat 2: cristiancoari24 ($11.38 in chips) 
Seat 4: BumHuntKing ($100 in chips) 
Seat 5: kevukas27 ($30.36 in chips) 
Seat 6: m0nTTu ($10 in chips) 
cristiancoari24: posts small blind $0.50
BumHuntKing: posts big blind $1
*** HOLE CARDS ***
bulhakau joins the table at seat #3 
kevukas27: folds 
m0nTTu: folds 
nikalas22: folds 
cristiancoari24: calls $0.50
BumHuntKing: raises $11 to $12
cristiancoari24: calls $10.38 and is all-in
Uncalled bet ($0.62) returned to BumHuntKing
*** FLOP *** [Ts 3d 4s]
*** TURN *** [Ts 3d 4s] [As]
*** RIVER *** [Ts 3d 4s As] [5d]
*** SHOW DOWN ***
cristiancoari24: shows [Td Th] (three of a kind, Tens)
BumHuntKing: shows [Ah Tc] (two pair, Aces and Tens)
cristiancoari24 collected $21.62 from pot
*** SUMMARY ***
Total pot $22.76 | Rake $1.14 
Board [Ts 3d 4s As 5d]
Seat 1: nikalas22 (button) folded before Flop (didn't bet)
Seat 2: cristiancoari24 (small blind) showed [Td Th] and won ($21.62) with three of a kind, Tens
Seat 4: BumHuntKing (big blind) showed [Ah Tc] and lost with two pair, Aces and Tens
Seat 5: kevukas27 folded before Flop (didn't bet)
Seat 6: m0nTTu folded before Flop (didn't bet)



PokerStars Hand #254288557304:  Hold'em No Limit ($0.50/$1.00 USD) - 2025/01/09 0:51:28 WET [2025/01/09 19:51:28 ET]
Table 'Erida II' 6-max Seat #2 is the button
Seat 3: bulhakau ($100 in chips) is sitting out
Seat 1: nikalas22 ($113 in chips) 
Seat 2: cristiancoari24 ($21.62 in chips) 
Seat 4: BumHuntKing ($100 in chips) 
Seat 5: kevukas27 ($30.36 in chips) 
Seat 6: m0nTTu ($10 in chips) 
BumHuntKing: posts small blind $0.50
kevukas27: posts big blind $1
*** HOLE CARDS ***
m0nTTu: folds 
nikalas22: folds 
cristiancoari24: calls $1
BumHuntKing: raises $4 to $5
kevukas27: folds 
cristiancoari24: calls $4
*** FLOP *** [5d 9c Qh]
BumHuntKing: bets $2.61
cristiancoari24: calls $2.61
*** TURN *** [5d 9c Qh] [Kd]
BumHuntKing: checks 
cristiancoari24: bets $14.01 and is all-in
BumHuntKing: calls $14.01
*** RIVER *** [5d 9c Qh Kd] [As]
*** SHOW DOWN ***
BumHuntKing: shows [Ks Qc] (two pair, Kings and Queens)
cristiancoari24: shows [Ad 9d] (two pair, Aces and Nines)
cristiancoari24 cashed out the hand for $12.16 | Cash Out Fee $0.25
*** SUMMARY ***
Total pot $44.24 | Rake $2.21 
Board [5d 9c Qh Kd As]
Seat 3: bulhakau
Seat 1: nikalas22 folded before Flop (didn't bet)
Seat 2: cristiancoari24 (button) showed [Ad 9d] and won ($42.03) with two pair, Aces and Nines (pot not awarded as player cashed out)
Seat 4: BumHuntKing (small blind) showed [Ks Qc] and lost with two pair, Kings and Queens
Seat 5: kevukas27 (big blind) folded before Flop
Seat 6: m0nTTu folded before Flop (didn't bet)



PokerStars Hand #254288566597:  Hold'em No Limit ($0.50/$1.00 USD) - 2025/01/09 0:52:15 WET [2025/01/09 19:52:15 ET]
Table 'Erida II' 6-max Seat #4 is the button
Seat 3: bulhakau ($100 in chips) is sitting out
Seat 1: nikalas22 ($113 in chips) 
Seat 2: cristiancoari24 ($12.16 in chips) 
Seat 4: BumHuntKing ($100 in chips) 
Seat 5: kevukas27 ($29.36 in chips) 
Seat 6: m0nTTu ($10 in chips) 
kevukas27: posts small blind $0.50
m0nTTu: posts big blind $1
bulhakau: sits out 
*** HOLE CARDS ***
nikalas22: folds 
cristiancoari24: folds 
BumHuntKing: folds 
kevukas27: raises $1 to $2
m0nTTu: folds 
Uncalled bet ($1) returned to kevukas27
kevukas27 collected $2 from pot
kevukas27: doesn't show hand 
*** SUMMARY ***
Total pot $2 | Rake $0 
Seat 3: bulhakau
Seat 1: nikalas22 folded before Flop (didn't bet)
Seat 2: cristiancoari24 folded before Flop (didn't bet)
Seat 4: BumHuntKing (button) folded before Flop (didn't bet)
Seat 5: kevukas27 (small blind) collected ($2)
Seat 6: m0nTTu (big blind) folded before Flop



PokerStars Hand #254288570036:  Hold'em No Limit ($0.50/$1.00 USD) - 2025/01/09 0:52:32 WET [2025/01/09 19:52:32 ET]
Table 'Erida II' 6-max Seat #5 is the button
Seat 3: bulhakau ($100 in chips) is sitting out
Seat 1: nikalas22 ($113 in chips) 
Seat 2: cristiancoari24 ($12.16 in chips) 
Seat 4: BumHuntKing ($100 in chips) 
Seat 5: kevukas27 ($30.36 in chips) 
Seat 6: m0nTTu ($10 in chips) 
m0nTTu: posts small blind $0.50
nikalas22: posts big blind $1
bulhakau: sits out 
*** HOLE CARDS ***
cristiancoari24: calls $1
BumHuntKing: folds 
kevukas27: folds 
m0nTTu: folds 
nikalas22: checks 
*** FLOP *** [Qd 3s 9d]
nikalas22: checks 
cristiancoari24: bets $2.38
nikalas22: folds 
Uncalled bet ($2.38) returned to cristiancoari24
cristiancoari24 collected $2.38 from pot
*** SUMMARY ***
Total pot $2.50 | Rake $0.12 
Board [Qd 3s 9d]
Seat 3: bulhakau
Seat 1: nikalas22 (big blind) folded on the Flop
Seat 2: cristiancoari24 collected ($2.38)
Seat 4: BumHuntKing folded before Flop (didn't bet)
Seat 5: kevukas27 (button) folded before Flop (didn't bet)
Seat 6: m0nTTu (small blind) folded before Flop



PokerStars Hand #254288576453:  Hold'em No Limit ($0.50/$1.00 USD) - 2025/01/09 0:53:04 WET [2025/01/09 19:53:04 ET]
Table 'Erida II' 6-max Seat #6 is the button
Seat 3: bulhakau ($100 in chips) is sitting out
Seat 1: nikalas22 ($112 in chips) 
Seat 2: cristiancoari24 ($13.54 in chips) 
Seat 4: BumHuntKing ($100 in chips) 
Seat 5: kevukas27 ($30.36 in chips) 
Seat 6: m0nTTu ($10 in chips) 
nikalas22: posts small blind $0.50
cristiancoari24: posts big blind $1
bulhakau: sits out 
*** HOLE CARDS ***
BumHuntKing: folds 
kevukas27: calls $1
m0nTTu: folds 
nikalas22: folds 
cristiancoari24: checks 
*** FLOP *** [9c Ts Kd]
cristiancoari24: checks 
kevukas27: bets $2
cristiancoari24: folds 
Uncalled bet ($2) returned to kevukas27
kevukas27 collected $2.38 from pot
kevukas27: doesn't show hand 
*** SUMMARY ***
Total pot $2.50 | Rake $0.12 
Board [9c Ts Kd]
Seat 3: bulhakau
Seat 1: nikalas22 (small blind) folded before Flop
Seat 2: cristiancoari24 (big blind) folded on the Flop
Seat 4: BumHuntKing folded before Flop (didn't bet)
Seat 5: kevukas27 collected ($2.38)
Seat 6: m0nTTu (button) folded before Flop (didn't bet)



PokerStars Hand #254288583598:  Hold'em No Limit ($0.50/$1.00 USD) - 2025/01/09 0:53:41 WET [2025/01/09 19:53:41 ET]
Table 'Erida II' 6-max Seat #1 is the button
Seat 1: nikalas22 ($111.50 in chips) 
Seat 2: cristiancoari24 ($12.54 in chips) 
Seat 3: bulhakau ($100 in chips) 
Seat 4: BumHuntKing ($100 in chips) 
Seat 5: kevukas27 ($31.74 in chips) 
Seat 6: m0nTTu ($10 in chips) 
cristiancoari24: posts small blind $0.50
bulhakau: posts big blind $1
*** HOLE CARDS ***
BumHuntKing: folds 
kevukas27: folds 
m0nTTu: folds 
nikalas22: raises $1.50 to $2.50
cristiancoari24: folds 
bulhakau: calls $1.50
*** FLOP *** [Jd Qh 6c]
bulhakau: checks 
nikalas22: bets $3.92
bulhakau: calls $3.92
*** TURN *** [Jd Qh 6c] [4s]
bulhakau: checks 
nikalas22: bets $19.01
bulhakau: calls $19.01
*** RIVER *** [Jd Qh 6c 4s] [3d]
bulhakau: checks 
nikalas22: bets $86.07 and is all-in
bulhakau: calls $74.57 and is all-in
Uncalled bet ($11.50) returned to nikalas22
*** SHOW DOWN ***
nikalas22: shows [Qc Jh] (two pair, Queens and Jacks)
bulhakau: shows [Js 6s] (two pair, Jacks and Sixes)
nikalas22 collected $198 from pot
*** SUMMARY ***
Total pot $200.50 | Rake $2.50 
Board [Jd Qh 6c 4s 3d]
Seat 1: nikalas22 (button) showed [Qc Jh] and won ($198) with two pair, Queens and Jacks
Seat 2: cristiancoari24 (small blind) folded before Flop
Seat 3: bulhakau (big blind) showed [Js 6s] and lost with two pair, Jacks and Sixes
Seat 4: BumHuntKing folded before Flop (didn't bet)
Seat 5: kevukas27 folded before Flop (didn't bet)
Seat 6: m0nTTu folded before Flop (didn't bet)



PokerStars Hand #254288596050:  Hold'em No Limit ($0.50/$1.00 USD) - 2025/01/09 0:54:44 WET [2025/01/09 19:54:44 ET]
Table 'Erida II' 6-max Seat #2 is the button
Seat 1: nikalas22 ($209.50 in chips) 
Seat 2: cristiancoari24 ($12.04 in chips) 
Seat 3: bulhakau ($100 in chips) 
Seat 4: BumHuntKing ($100 in chips) 
Seat 5: kevukas27 ($31.74 in chips) 
Seat 6: m0nTTu ($10 in chips) 
bulhakau: posts small blind $0.50
BumHuntKing: posts big blind $1
*** HOLE CARDS ***
kevukas27: calls $1
m0nTTu: folds 
nikalas22: folds 
cristiancoari24: folds 
bulhakau: folds 
BumHuntKing: checks 
*** FLOP *** [Th 3c 4c]
BumHuntKing: checks 
kevukas27: checks 
*** TURN *** [Th 3c 4c] [Jh]
BumHuntKing: bets $1.50
kevukas27: calls $1.50
*** RIVER *** [Th 3c 4c Jh] [2c]
BumHuntKing: bets $5.22
kevukas27: calls $5.22
*** SHOW DOWN ***
BumHuntKing: shows [Ts 2h] (two pair, Tens and Deuces)
kevukas27: mucks hand 
BumHuntKing collected $15.14 from pot
*** SUMMARY ***
Total pot $15.94 | Rake $0.80 
Board [Th 3c 4c Jh 2c]
Seat 1: nikalas22 folded before Flop (didn't bet)
Seat 2: cristiancoari24 (button) folded before Flop (didn't bet)
Seat 3: bulhakau (small blind) folded before Flop
Seat 4: BumHuntKing (big blind) showed [Ts 2h] and won ($15.14) with two pair, Tens and Deuces
Seat 5: kevukas27 mucked
Seat 6: m0nTTu folded before Flop (didn't bet)



PokerStars Hand #254288606469:  Hold'em No Limit ($0.50/$1.00 USD) - 2025/01/09 0:55:45 WET [2025/01/09 19:55:45 ET]
Table 'Erida II' 6-max Seat #3 is the button
Seat 1: nikalas22 ($209.50 in chips) 
Seat 2: cristiancoari24 ($12.04 in chips) 
Seat 3: bulhakau ($100 in chips) 
Seat 4: BumHuntKing ($107.42 in chips) 
Seat 5: kevukas27 ($24.02 in chips) 
Seat 6: m0nTTu ($10 in chips) 
BumHuntKing: posts small blind $0.50
kevukas27: posts big blind $1
*** HOLE CARDS ***
m0nTTu: folds 
nikalas22: folds 
cristiancoari24: calls $1
bulhakau: folds 
BumHuntKing: raises $4 to $5
kevukas27: folds 
cristiancoari24: calls $4
*** FLOP *** [7d 9s Js]
BumHuntKing: bets $2.61
cristiancoari24: raises $4.43 to $7.04 and is all-in
BumHuntKing: calls $4.43
*** TURN *** [7d 9s Js] [Ad]
*** RIVER *** [7d 9s Js Ad] [8c]
*** SHOW DOWN ***
BumHuntKing: shows [Qd Ks] (high card Ace)
cristiancoari24: shows [9d Td] (a straight, Seven to Jack)
cristiancoari24 cashed out the hand for $15.61 | Cash Out Fee $0.32
*** SUMMARY ***
Total pot $25.08 | Rake $1.25 
Board [7d 9s Js Ad 8c]
Seat 1: nikalas22 folded before Flop (didn't bet)
Seat 2: cristiancoari24 showed [9d Td] and won ($23.83) with a straight, Seven to Jack (pot not awarded as player cashed out)
Seat 3: bulhakau (button) folded before Flop (didn't bet)
Seat 4: BumHuntKing (small blind) showed [Qd Ks] and lost with high card Ace
Seat 5: kevukas27 (big blind) folded before Flop
Seat 6: m0nTTu folded before Flop (didn't bet)



PokerStars Hand #254288614407:  Hold'em No Limit ($0.50/$1.00 USD) - 2025/01/09 0:56:36 WET [2025/01/09 19:56:36 ET]
Table 'Erida II' 6-max Seat #4 is the button
Seat 1: nikalas22 ($209.50 in chips) 
Seat 2: cristiancoari24 ($15.61 in chips) 
Seat 3: bulhakau ($100 in chips) 
Seat 4: BumHuntKing ($100 in chips) 
Seat 5: kevukas27 ($23.02 in chips) 
Seat 6: m0nTTu ($10 in chips) 
kevukas27: posts small blind $0.50
m0nTTu: posts big blind $1
*** HOLE CARDS ***
nikalas22: folds 
cristiancoari24: folds 
bulhakau: raises $1.25 to $2.25
BumHuntKing: raises $5.25 to $7.50
kevukas27: raises $15.52 to $23.02 and is all-in
m0nTTu: folds 
bulhakau: folds 
BumHuntKing: folds 
Uncalled bet ($15.52) returned to kevukas27
kevukas27 collected $18.25 from pot
kevukas27: doesn't show hand 
*** SUMMARY ***
Total pot $18.25 | Rake $0 
Seat 1: nikalas22 folded before Flop (didn't bet)
Seat 2: cristiancoari24 folded before Flop (didn't bet)
Seat 3: bulhakau folded before Flop
Seat 4: BumHuntKing (button) folded before Flop
Seat 5: kevukas27 (small blind) collected ($18.25)
Seat 6: m0nTTu (big blind) folded before Flop



PokerStars Hand #254288623271:  Hold'em No Limit ($0.50/$1.00 USD) - 2025/01/09 0:57:32 WET [2025/01/09 19:57:32 ET]
Table 'Erida II' 6-max Seat #5 is the button
Seat 1: nikalas22 ($209.50 in chips) 
Seat 2: cristiancoari24 ($15.61 in chips) 
Seat 3: bulhakau ($100 in chips) 
Seat 4: BumHuntKing ($100 in chips) 
Seat 5: kevukas27 ($33.77 in chips) 
Seat 6: m0nTTu ($10 in chips) 
m0nTTu: posts small blind $0.50
nikalas22: posts big blind $1
*** HOLE CARDS ***
cristiancoari24: folds 
bulhakau: raises $1.50 to $2.50
BumHuntKing: folds 
kevukas27 has timed out
kevukas27: folds 
m0nTTu: folds 
nikalas22: folds 
Uncalled bet ($1.50) returned to bulhakau
bulhakau collected $2.50 from pot
*** SUMMARY ***
Total pot $2.50 | Rake $0 
Seat 1: nikalas22 (big blind) folded before Flop
Seat 2: cristiancoari24 folded before Flop (didn't bet)
Seat 3: bulhakau collected ($2.50)
Seat 4: BumHuntKing folded before Flop (didn't bet)
Seat 5: kevukas27 (button) folded before Flop (didn't bet)
Seat 6: m0nTTu (small blind) folded before Flop



PokerStars Hand #254288629273:  Hold'em No Limit ($0.50/$1.00 USD) - 2025/01/09 0:58:10 WET [2025/01/09 19:58:10 ET]
Table 'Erida II' 6-max Seat #6 is the button
Seat 1: nikalas22 ($208.50 in chips) 
Seat 2: cristiancoari24 ($15.61 in chips) 
Seat 3: bulhakau ($101.50 in chips) 
Seat 4: BumHuntKing ($100 in chips) 
Seat 5: kevukas27 ($33.77 in chips) 
Seat 6: m0nTTu ($10 in chips) 
nikalas22: posts small blind $0.50
cristiancoari24: posts big blind $1
*** HOLE CARDS ***
bulhakau: folds 
BumHuntKing: folds 
kevukas27: folds 
m0nTTu: folds 
nikalas22: folds 
Uncalled bet ($0.50) returned to cristiancoari24
cristiancoari24 collected $1 from pot
*** SUMMARY ***
Total pot $1 | Rake $0 
Seat 1: nikalas22 (small blind) folded before Flop
Seat 2: cristiancoari24 (big blind) collected ($1)
Seat 3: bulhakau folded before Flop (didn't bet)
Seat 4: BumHuntKing folded before Flop (didn't bet)
Seat 5: kevukas27 folded before Flop (didn't bet)
Seat 6: m0nTTu (button) folded before Flop (didn't bet)



PokerStars Hand #254288671312:  Hold'em No Limit ($0.50/$1.00 USD) - 2025/01/09 1:02:17 WET [2025/01/09 20:02:17 ET]
Table 'Erida II' 6-max Seat #1 is the button
Seat 2: cristiancoari24 ($0 in chips) is sitting out
Seat 1: nikalas22 ($206.50 in chips) 
Seat 3: bulhakau ($101.90 in chips) 
Seat 4: BumHuntKing ($102.38 in chips) 
Seat 5: kevukas27 ($43.26 in chips) 
Seat 6: m0nTTu ($45.79 in chips) 
bulhakau: posts small blind $0.50
BumHuntKing: posts big blind $1
*** HOLE CARDS ***
kevukas27: folds 
m0nTTu: folds 
nikalas22: raises $1.50 to $2.50
bulhakau: folds 
BumHuntKing: raises $10 to $12.50
nikalas22: folds 
Uncalled bet ($10) returned to BumHuntKing
BumHuntKing collected $5.50 from pot
BumHuntKing: doesn't show hand 
*** SUMMARY ***
Total pot $5.50 | Rake $0 
Seat 2: cristiancoari24
Seat 1: nikalas22 (button) folded before Flop
Seat 3: bulhakau (small blind) folded before Flop
Seat 4: BumHuntKing (big blind) collected ($5.50)
Seat 5: kevukas27 folded before Flop (didn't bet)
Seat 6: m0nTTu folded before Flop (didn't bet)



PokerStars Hand #254288675905:  Hold'em No Limit ($0.50/$1.00 USD) - 2025/01/09 1:02:41 WET [2025/01/09 20:02:41 ET]
Table 'Erida II' 6-max Seat #3 is the button
Seat 1: nikalas22 ($204 in chips) 
Seat 2: cristiancoari24 ($30.60 in chips) 
Seat 3: bulhakau ($101.40 in chips) 
Seat 4: BumHuntKing ($105.38 in chips) 
Seat 5: kevukas27 ($43.26 in chips) 
Seat 6: m0nTTu ($45.79 in chips) 
BumHuntKing: posts small blind $0.50
kevukas27: posts big blind $1
cristiancoari24: posts small blind $0.50
*** HOLE CARDS ***
m0nTTu: folds 
nikalas22: raises $1.50 to $2.50
cristiancoari24: folds 
bulhakau: raises $5.50 to $8
BumHuntKing: folds 
kevukas27: folds 
nikalas22: folds 
Uncalled bet ($5.50) returned to bulhakau
bulhakau collected $7 from pot
*** SUMMARY ***
Total pot $7 | Rake $0 
Seat 1: nikalas22 folded before Flop
Seat 2: cristiancoari24 folded before Flop (didn't bet)
Seat 3: bulhakau (button) collected ($7)
Seat 4: BumHuntKing (small blind) folded before Flop
Seat 5: kevukas27 (big blind) folded before Flop
Seat 6: m0nTTu folded before Flop (didn't bet)



PokerStars Hand #254288681182:  Hold'em No Limit ($0.50/$1.00 USD) - 2025/01/09 1:03:09 WET [2025/01/09 20:03:09 ET]
Table 'Erida II' 6-max Seat #4 is the button
Seat 1: nikalas22 ($201.50 in chips) 
Seat 2: cristiancoari24 ($30.10 in chips) 
Seat 3: bulhakau ($105.90 in chips) 
Seat 4: BumHuntKing ($104.88 in chips) 
Seat 5: kevukas27 ($42.26 in chips) 
Seat 6: m0nTTu ($45.79 in chips) 
kevukas27: posts small blind $0.50
m0nTTu: posts big blind $1
*** HOLE CARDS ***
nikalas22: folds 
cristiancoari24: calls $1
bulhakau: folds 
BumHuntKing: folds 
kevukas27: raises $2 to $3
m0nTTu: calls $2
cristiancoari24: calls $2
*** FLOP *** [5d 2c 9c]
kevukas27: bets $5
m0nTTu: folds 
cristiancoari24: folds 
Uncalled bet ($5) returned to kevukas27
kevukas27 collected $8.55 from pot
kevukas27: doesn't show hand 
*** SUMMARY ***
Total pot $9 | Rake $0.45 
Board [5d 2c 9c]
Seat 1: nikalas22 folded before Flop (didn't bet)
Seat 2: cristiancoari24 folded on the Flop
Seat 3: bulhakau folded before Flop (didn't bet)
Seat 4: BumHuntKing (button) folded before Flop (didn't bet)
Seat 5: kevukas27 (small blind) collected ($8.55)
Seat 6: m0nTTu (big blind) folded on the Flop



PokerStars Hand #254288690092:  Hold'em No Limit ($0.50/$1.00 USD) - 2025/01/09 1:03:55 WET [2025/01/09 20:03:55 ET]
Table 'Erida II' 6-max Seat #5 is the button
Seat 1: nikalas22 ($201.50 in chips) 
Seat 2: cristiancoari24 ($27.10 in chips) 
Seat 3: bulhakau ($105.90 in chips) 
Seat 4: BumHuntKing ($104.88 in chips) 
Seat 5: kevukas27 ($47.81 in chips) 
Seat 6: m0nTTu ($42.79 in chips) 
m0nTTu: posts small blind $0.50
nikalas22: posts big blind $1
*** HOLE CARDS ***
cristiancoari24: calls $1
bulhakau: folds 
BumHuntKing: folds 
kevukas27: folds 
m0nTTu: folds 
nikalas22: checks 
*** FLOP *** [6c Jd Kc]
nikalas22: checks 
cristiancoari24: bets $2.38
nikalas22: folds 
Uncalled bet ($2.38) returned to cristiancoari24
cristiancoari24 collected $2.38 from pot
*** SUMMARY ***
Total pot $2.50 | Rake $0.12 
Board [6c Jd Kc]
Seat 1: nikalas22 (big blind) folded on the Flop
Seat 2: cristiancoari24 collected ($2.38)
Seat 3: bulhakau folded before Flop (didn't bet)
Seat 4: BumHuntKing folded before Flop (didn't bet)
Seat 5: kevukas27 (button) folded before Flop (didn't bet)
Seat 6: m0nTTu (small blind) folded before Flop



PokerStars Hand #254288698095:  Hold'em No Limit ($0.50/$1.00 USD) - 2025/01/09 1:04:37 WET [2025/01/09 20:04:37 ET]
Table 'Erida II' 6-max Seat #6 is the button
Seat 1: nikalas22 ($200.50 in chips) 
Seat 2: cristiancoari24 ($28.48 in chips) 
Seat 3: bulhakau ($105.90 in chips) 
Seat 4: BumHuntKing ($104.88 in chips) 
Seat 5: kevukas27 ($47.81 in chips) 
Seat 6: m0nTTu ($42.29 in chips) 
nikalas22: posts small blind $0.50
cristiancoari24: posts big blind $1
*** HOLE CARDS ***
bulhakau: raises $1.50 to $2.50
BumHuntKing: folds 
kevukas27: calls $2.50
m0nTTu: folds 
nikalas22: folds 
cristiancoari24: folds 
*** FLOP *** [6s 8h 4d]
bulhakau: bets $3.40
kevukas27: folds 
Uncalled bet ($3.40) returned to bulhakau
bulhakau collected $6.18 from pot
*** SUMMARY ***
Total pot $6.50 | Rake $0.32 
Board [6s 8h 4d]
Seat 1: nikalas22 (small blind) folded before Flop
Seat 2: cristiancoari24 (big blind) folded before Flop
Seat 3: bulhakau collected ($6.18)
Seat 4: BumHuntKing folded before Flop (didn't bet)
Seat 5: kevukas27 folded on the Flop
Seat 6: m0nTTu (button) folded before Flop (didn't bet)



PokerStars Hand #254288704982:  Hold'em No Limit ($0.50/$1.00 USD) - 2025/01/09 1:05:13 WET [2025/01/09 20:05:13 ET]
Table 'Erida II' 6-max Seat #1 is the button
Seat 1: nikalas22 ($200 in chips) 
Seat 2: cristiancoari24 ($27.48 in chips) 
Seat 3: bulhakau ($109.58 in chips) 
Seat 4: BumHuntKing ($104.88 in chips) 
Seat 5: kevukas27 ($45.31 in chips) 
Seat 6: m0nTTu ($42.29 in chips) 
cristiancoari24: posts small blind $0.50
bulhakau: posts big blind $1
*** HOLE CARDS ***
BumHuntKing: folds 
kevukas27: raises $2 to $3
m0nTTu: folds 
nikalas22: folds 
cristiancoari24: folds 
bulhakau: folds 
Uncalled bet ($2) returned to kevukas27
kevukas27 collected $2.50 from pot
kevukas27: doesn't show hand 
*** SUMMARY ***
Total pot $2.50 | Rake $0 
Seat 1: nikalas22 (button) folded before Flop (didn't bet)
Seat 2: cristiancoari24 (small blind) folded before Flop
Seat 3: bulhakau (big blind) folded before Flop
Seat 4: BumHuntKing folded before Flop (didn't bet)
Seat 5: kevukas27 collected ($2.50)
Seat 6: m0nTTu folded before Flop (didn't bet)



PokerStars Hand #254288710606:  Hold'em No Limit ($0.50/$1.00 USD) - 2025/01/09 1:05:42 WET [2025/01/09 20:05:42 ET]
Table 'Erida II' 6-max Seat #2 is the button
Seat 1: nikalas22 ($200 in chips) 
Seat 2: cristiancoari24 ($26.98 in chips) 
Seat 3: bulhakau ($108.58 in chips) 
Seat 4: BumHuntKing ($104.88 in chips) 
Seat 5: kevukas27 ($46.81 in chips) 
Seat 6: m0nTTu ($42.29 in chips) 
bulhakau: posts small blind $0.50
BumHuntKing: posts big blind $1
*** HOLE CARDS ***
kevukas27: calls $1
m0nTTu: folds 
nikalas22: folds 
cristiancoari24: folds 
bulhakau: folds 
BumHuntKing: checks 
*** FLOP *** [Td 9d 9c]
BumHuntKing: checks 
kevukas27: bets $2.50
BumHuntKing: calls $2.50
*** TURN *** [Td 9d 9c] [Tc]
BumHuntKing: checks 
kevukas27: checks 
*** RIVER *** [Td 9d 9c Tc] [Qs]
BumHuntKing: bets $14.50
kevukas27: folds 
Uncalled bet ($14.50) returned to BumHuntKing
BumHuntKing collected $7.12 from pot
BumHuntKing: doesn't show hand 
*** SUMMARY ***
Total pot $7.50 | Rake $0.38 
Board [Td 9d 9c Tc Qs]
Seat 1: nikalas22 folded before Flop (didn't bet)
Seat 2: cristiancoari24 (button) folded before Flop (didn't bet)
Seat 3: bulhakau (small blind) folded before Flop
Seat 4: BumHuntKing (big blind) collected ($7.12)
Seat 5: kevukas27 folded on the River
Seat 6: m0nTTu folded before Flop (didn't bet)



PokerStars Hand #254288724652:  Hold'em No Limit ($0.50/$1.00 USD) - 2025/01/09 1:06:56 WET [2025/01/09 20:06:56 ET]
Table 'Erida II' 6-max Seat #3 is the button
Seat 1: nikalas22 ($200 in chips) 
Seat 2: cristiancoari24 ($26.98 in chips) 
Seat 3: bulhakau ($108.08 in chips) 
Seat 4: BumHuntKing ($108.50 in chips) 
Seat 5: kevukas27 ($43.31 in chips) 
Seat 6: m0nTTu ($42.29 in chips) 
BumHuntKing: posts small blind $0.50
kevukas27: posts big blind $1
*** HOLE CARDS ***
m0nTTu: folds 
nikalas22: folds 
cristiancoari24: folds 
bulhakau: raises $1.25 to $2.25
BumHuntKing: folds 
kevukas27: raises $5 to $7.25
bulhakau: folds 
Uncalled bet ($5) returned to kevukas27
kevukas27 collected $5 from pot
kevukas27: doesn't show hand 
*** SUMMARY ***
Total pot $5 | Rake $0 
Seat 1: nikalas22 folded before Flop (didn't bet)
Seat 2: cristiancoari24 folded before Flop (didn't bet)
Seat 3: bulhakau (button) folded before Flop
Seat 4: BumHuntKing (small blind) folded before Flop
Seat 5: kevukas27 (big blind) collected ($5)
Seat 6: m0nTTu folded before Flop (didn't bet)



PokerStars Hand #254288730142:  Hold'em No Limit ($0.50/$1.00 USD) - 2025/01/09 1:07:24 WET [2025/01/09 20:07:24 ET]
Table 'Erida II' 6-max Seat #4 is the button
Seat 6: m0nTTu ($42.29 in chips) is sitting out
Seat 1: nikalas22 ($200 in chips) 
Seat 2: cristiancoari24 ($26.98 in chips) 
Seat 3: bulhakau ($105.83 in chips) 
Seat 4: BumHuntKing ($108 in chips) 
Seat 5: kevukas27 ($46.06 in chips) 
kevukas27: posts small blind $0.50
m0nTTu: is sitting out 
nikalas22: posts big blind $1
*** HOLE CARDS ***
cristiancoari24: folds 
bulhakau: raises $1.25 to $2.25
BumHuntKing: calls $2.25
kevukas27: folds 
nikalas22: calls $1.25
*** FLOP *** [Qs 3c Jd]
m0nTTu leaves the table
nikalas22: checks 
bulhakau: bets $5.17
BumHuntKing: folds 
nikalas22: folds 
Uncalled bet ($5.17) returned to bulhakau
bulhakau collected $6.89 from pot
*** SUMMARY ***
Total pot $7.25 | Rake $0.36 
Board [Qs 3c Jd]
Seat 6: m0nTTu
Seat 1: nikalas22 (big blind) folded on the Flop
Seat 2: cristiancoari24 folded before Flop (didn't bet)
Seat 3: bulhakau collected ($6.89)
Seat 4: BumHuntKing (button) folded on the Flop
Seat 5: kevukas27 (small blind) folded before Flop



PokerStars Hand #254288738470:  Hold'em No Limit ($0.50/$1.00 USD) - 2025/01/09 1:08:08 WET [2025/01/09 20:08:08 ET]
Table 'Erida II' 6-max Seat #5 is the button
Seat 1: nikalas22 ($197.75 in chips) 
Seat 2: cristiancoari24 ($26.98 in chips) 
Seat 3: bulhakau ($110.47 in chips) 
Seat 4: BumHuntKing ($105.75 in chips) 
Seat 5: kevukas27 ($45.56 in chips) 
nikalas22: posts small blind $0.50
cristiancoari24: posts big blind $1
*** HOLE CARDS ***
bulhakau: folds 
BumHuntKing: raises $1.20 to $2.20
kevukas27: folds 
nikalas22: folds 
cristiancoari24: calls $1.20
*** FLOP *** [6s Kh 3h]
cristiancoari24: checks 
BumHuntKing: bets $1.54
cristiancoari24: calls $1.54
*** TURN *** [6s Kh 3h] [3d]
cristiancoari24: checks 
BumHuntKing: checks 
*** RIVER *** [6s Kh 3h 3d] [Tc]
cristiancoari24: bets $23.24 and is all-in
BumHuntKing: folds 
Uncalled bet ($23.24) returned to cristiancoari24
cristiancoari24 collected $7.58 from pot
*** SUMMARY ***
Total pot $7.98 | Rake $0.40 
Board [6s Kh 3h 3d Tc]
Seat 1: nikalas22 (small blind) folded before Flop
Seat 2: cristiancoari24 (big blind) collected ($7.58)
Seat 3: bulhakau folded before Flop (didn't bet)
Seat 4: BumHuntKing folded on the River
Seat 5: kevukas27 (button) folded before Flop (didn't bet)



PokerStars Hand #254288747850:  Hold'em No Limit ($0.50/$1.00 USD) - 2025/01/09 1:08:57 WET [2025/01/09 20:08:57 ET]
Table 'Erida II' 6-max Seat #1 is the button
Seat 1: nikalas22 ($197.25 in chips) 
Seat 2: cristiancoari24 ($30.82 in chips) 
Seat 3: bulhakau ($110.47 in chips) 
Seat 4: BumHuntKing ($102.01 in chips) 
Seat 5: kevukas27 ($45.56 in chips) 
cristiancoari24: posts small blind $0.50
bulhakau: posts big blind $1
*** HOLE CARDS ***
BumHuntKing: folds 
kevukas27: folds 
nikalas22: folds 
cristiancoari24: calls $0.50
bulhakau: checks 
*** FLOP *** [6d 8d 6s]
LuckyShikari joins the table at seat #6 
cristiancoari24: bets $1
bulhakau: raises $3 to $4
cristiancoari24: folds 
Uncalled bet ($3) returned to bulhakau
bulhakau collected $3.80 from pot
*** SUMMARY ***
Total pot $4 | Rake $0.20 
Board [6d 8d 6s]
Seat 1: nikalas22 (button) folded before Flop (didn't bet)
Seat 2: cristiancoari24 (small blind) folded on the Flop
Seat 3: bulhakau (big blind) collected ($3.80)
Seat 4: BumHuntKing folded before Flop (didn't bet)
Seat 5: kevukas27 folded before Flop (didn't bet)



PokerStars Hand #254288754728:  Hold'em No Limit ($0.50/$1.00 USD) - 2025/01/09 1:09:33 WET [2025/01/09 20:09:33 ET]
Table 'Erida II' 6-max Seat #2 is the button
Seat 6: LuckyShikari ($108.20 in chips) is sitting out
Seat 1: nikalas22 ($197.25 in chips) 
Seat 2: cristiancoari24 ($28.82 in chips) 
Seat 3: bulhakau ($112.27 in chips) 
Seat 4: BumHuntKing ($102.01 in chips) 
Seat 5: kevukas27 ($45.56 in chips) 
bulhakau: posts small blind $0.50
BumHuntKing: posts big blind $1
LuckyShikari: sits out 
*** HOLE CARDS ***
kevukas27: folds 
nikalas22: folds 
cristiancoari24: calls $1
bulhakau: folds 
BumHuntKing: checks 
*** FLOP *** [5h Ts 6s]
BumHuntKing: checks 
cristiancoari24: bets $2.38
BumHuntKing: raises $98.63 to $101.01 and is all-in
cristiancoari24: folds 
Uncalled bet ($98.63) returned to BumHuntKing
BumHuntKing collected $6.90 from pot
BumHuntKing: doesn't show hand 
*** SUMMARY ***
Total pot $7.26 | Rake $0.36 
Board [5h Ts 6s]
Seat 6: LuckyShikari
Seat 1: nikalas22 folded before Flop (didn't bet)
Seat 2: cristiancoari24 (button) folded on the Flop
Seat 3: bulhakau (small blind) folded before Flop
Seat 4: BumHuntKing (big blind) collected ($6.90)
Seat 5: kevukas27 folded before Flop (didn't bet)



PokerStars Hand #254288764011:  Hold'em No Limit ($0.50/$1.00 USD) - 2025/01/09 1:10:22 WET [2025/01/09 20:10:22 ET]
Table 'Erida II' 6-max Seat #3 is the button
Seat 6: LuckyShikari ($108.20 in chips) is sitting out
Seat 1: nikalas22 ($197.25 in chips) 
Seat 2: cristiancoari24 ($25.44 in chips) 
Seat 3: bulhakau ($111.77 in chips) 
Seat 4: BumHuntKing ($105.53 in chips) 
Seat 5: kevukas27 ($45.56 in chips) 
BumHuntKing: posts small blind $0.50
kevukas27: posts big blind $1
LuckyShikari: sits out 
*** HOLE CARDS ***
nikalas22: raises $1.50 to $2.50
cristiancoari24: folds 
bulhakau: folds 
BumHuntKing: folds 
kevukas27: calls $1.50
*** FLOP *** [5c Jd 9s]
kevukas27: checks 
nikalas22: bets $3.92
kevukas27: folds 
Uncalled bet ($3.92) returned to nikalas22
nikalas22 collected $5.22 from pot
nikalas22: doesn't show hand 
*** SUMMARY ***
Total pot $5.50 | Rake $0.28 
Board [5c Jd 9s]
Seat 6: LuckyShikari
Seat 1: nikalas22 collected ($5.22)
Seat 2: cristiancoari24 folded before Flop (didn't bet)
Seat 3: bulhakau (button) folded before Flop (didn't bet)
Seat 4: BumHuntKing (small blind) folded before Flop
Seat 5: kevukas27 (big blind) folded on the Flop



PokerStars Hand #254288771130:  Hold'em No Limit ($0.50/$1.00 USD) - 2025/01/09 1:11:00 WET [2025/01/09 20:11:00 ET]
Table 'Erida II' 6-max Seat #4 is the button
Seat 1: nikalas22 ($199.97 in chips) 
Seat 2: cristiancoari24 ($25.44 in chips) 
Seat 3: bulhakau ($111.77 in chips) 
Seat 4: BumHuntKing ($105.03 in chips) 
Seat 5: kevukas27 ($43.06 in chips) 
Seat 6: LuckyShikari ($108.20 in chips) 
kevukas27: posts small blind $0.50
LuckyShikari: posts big blind $1
*** HOLE CARDS ***
nikalas22: raises $1.50 to $2.50
cristiancoari24: folds 
bulhakau: folds 
BumHuntKing: folds 
kevukas27: folds 
LuckyShikari: folds 
Uncalled bet ($1.50) returned to nikalas22
nikalas22 collected $2.50 from pot
nikalas22: doesn't show hand 
*** SUMMARY ***
Total pot $2.50 | Rake $0 
Seat 1: nikalas22 collected ($2.50)
Seat 2: cristiancoari24 folded before Flop (didn't bet)
Seat 3: bulhakau folded before Flop (didn't bet)
Seat 4: BumHuntKing (button) folded before Flop (didn't bet)
Seat 5: kevukas27 (small blind) folded before Flop
Seat 6: LuckyShikari (big blind) folded before Flop



PokerStars Hand #254288775155:  Hold'em No Limit ($0.50/$1.00 USD) - 2025/01/09 1:11:22 WET [2025/01/09 20:11:22 ET]
Table 'Erida II' 6-max Seat #5 is the button
Seat 1: nikalas22 ($201.47 in chips) 
Seat 2: cristiancoari24 ($25.44 in chips) 
Seat 3: bulhakau ($111.77 in chips) 
Seat 4: BumHuntKing ($105.03 in chips) 
Seat 5: kevukas27 ($42.56 in chips) 
Seat 6: LuckyShikari ($107.20 in chips) 
LuckyShikari: posts small blind $0.50
nikalas22: posts big blind $1
*** HOLE CARDS ***
cristiancoari24: folds 
bulhakau has timed out
bulhakau: folds 
bulhakau leaves the table
BumHuntKing: folds 
kevukas27: folds 
LuckyShikari: raises $2 to $3
nikalas22: calls $2
*** FLOP *** [2s Ks 7h]
Mr_Dick666 joins the table at seat #3 
LuckyShikari: bets $1.60
nikalas22: calls $1.60
*** TURN *** [2s Ks 7h] [3d]
LuckyShikari: bets $6.56
nikalas22: folds 
Uncalled bet ($6.56) returned to LuckyShikari
LuckyShikari collected $8.74 from pot
LuckyShikari: doesn't show hand 
*** SUMMARY ***
Total pot $9.20 | Rake $0.46 
Board [2s Ks 7h 3d]
Seat 1: nikalas22 (big blind) folded on the Turn
Seat 2: cristiancoari24 folded before Flop (didn't bet)
Seat 3: bulhakau folded before Flop (didn't bet)
Seat 4: BumHuntKing folded before Flop (didn't bet)
Seat 5: kevukas27 (button) folded before Flop (didn't bet)
Seat 6: LuckyShikari (small blind) collected ($8.74)



PokerStars Hand #254288787089:  Hold'em No Limit ($0.50/$1.00 USD) - 2025/01/09 1:12:25 WET [2025/01/09 20:12:25 ET]
Table 'Erida II' 6-max Seat #6 is the button
Seat 3: Mr_Dick666 ($100 in chips) is sitting out
Seat 1: nikalas22 ($196.87 in chips) 
Seat 2: cristiancoari24 ($25.44 in chips) 
Seat 4: BumHuntKing ($105.03 in chips) 
Seat 5: kevukas27 ($42.56 in chips) 
Seat 6: LuckyShikari ($111.34 in chips) 
nikalas22: posts small blind $0.50
cristiancoari24: posts big blind $1
Mr_Dick666: sits out 
*** HOLE CARDS ***
BumHuntKing: folds 
kevukas27: raises $2 to $3
LuckyShikari: folds 
nikalas22: folds 
cristiancoari24: calls $2
*** FLOP *** [4s Qh 9s]
cristiancoari24: checks 
kevukas27: bets $3.25
cristiancoari24: folds 
Uncalled bet ($3.25) returned to kevukas27
kevukas27 collected $6.18 from pot
kevukas27: doesn't show hand 
*** SUMMARY ***
Total pot $6.50 | Rake $0.32 
Board [4s Qh 9s]
Seat 3: Mr_Dick666
Seat 1: nikalas22 (small blind) folded before Flop
Seat 2: cristiancoari24 (big blind) folded on the Flop
Seat 4: BumHuntKing folded before Flop (didn't bet)
Seat 5: kevukas27 collected ($6.18)
Seat 6: LuckyShikari (button) folded before Flop (didn't bet)



PokerStars Hand #254288797070:  Hold'em No Limit ($0.50/$1.00 USD) - 2025/01/09 1:13:19 WET [2025/01/09 20:13:19 ET]
Table 'Erida II' 6-max Seat #1 is the button
Seat 1: nikalas22 ($196.37 in chips) 
Seat 2: cristiancoari24 ($22.44 in chips) 
Seat 3: Mr_Dick666 ($100 in chips) 
Seat 4: BumHuntKing ($105.03 in chips) 
Seat 5: kevukas27 ($45.74 in chips) 
Seat 6: LuckyShikari ($111.34 in chips) 
cristiancoari24: posts small blind $0.50
Mr_Dick666: posts big blind $1
*** HOLE CARDS ***
BumHuntKing: folds 
kevukas27: folds 
LuckyShikari: folds 
nikalas22: raises $1.50 to $2.50
cristiancoari24: folds 
Mr_Dick666: calls $1.50
*** FLOP *** [4s 3h 3d]
Mr_Dick666: bets $1.72
nikalas22: folds 
Uncalled bet ($1.72) returned to Mr_Dick666
Mr_Dick666 collected $5.22 from pot
Mr_Dick666: doesn't show hand 
*** SUMMARY ***
Total pot $5.50 | Rake $0.28 
Board [4s 3h 3d]
Seat 1: nikalas22 (button) folded on the Flop
Seat 2: cristiancoari24 (small blind) folded before Flop
Seat 3: Mr_Dick666 (big blind) collected ($5.22)
Seat 4: BumHuntKing folded before Flop (didn't bet)
Seat 5: kevukas27 folded before Flop (didn't bet)
Seat 6: LuckyShikari folded before Flop (didn't bet)



PokerStars Hand #254288802113:  Hold'em No Limit ($0.50/$1.00 USD) - 2025/01/09 1:13:46 WET [2025/01/09 20:13:46 ET]
Table 'Erida II' 6-max Seat #2 is the button
Seat 1: nikalas22 ($193.87 in chips) 
Seat 2: cristiancoari24 ($21.94 in chips) 
Seat 3: Mr_Dick666 ($102.72 in chips) 
Seat 4: BumHuntKing ($105.03 in chips) 
Seat 5: kevukas27 ($45.74 in chips) 
Seat 6: LuckyShikari ($111.34 in chips) 
Mr_Dick666: posts small blind $0.50
BumHuntKing: posts big blind $1
*** HOLE CARDS ***
kevukas27: folds 
LuckyShikari: raises $1 to $2
nikalas22: folds 
cristiancoari24: folds 
Mr_Dick666: folds 
BumHuntKing: folds 
Uncalled bet ($1) returned to LuckyShikari
LuckyShikari collected $2.50 from pot
LuckyShikari: doesn't show hand 
*** SUMMARY ***
Total pot $2.50 | Rake $0 
Seat 1: nikalas22 folded before Flop (didn't bet)
Seat 2: cristiancoari24 (button) folded before Flop (didn't bet)
Seat 3: Mr_Dick666 (small blind) folded before Flop
Seat 4: BumHuntKing (big blind) folded before Flop
Seat 5: kevukas27 folded before Flop (didn't bet)
Seat 6: LuckyShikari collected ($2.50)



PokerStars Hand #254288804815:  Hold'em No Limit ($0.50/$1.00 USD) - 2025/01/09 1:14:00 WET [2025/01/09 20:14:00 ET]
Table 'Erida II' 6-max Seat #3 is the button
Seat 1: nikalas22 ($193.87 in chips) 
Seat 2: cristiancoari24 ($21.94 in chips) 
Seat 3: Mr_Dick666 ($102.22 in chips) 
Seat 4: BumHuntKing ($104.03 in chips) 
Seat 5: kevukas27 ($45.74 in chips) 
Seat 6: LuckyShikari ($112.84 in chips) 
BumHuntKing: posts small blind $0.50
kevukas27: posts big blind $1
*** HOLE CARDS ***
LuckyShikari: folds 
nikalas22: raises $1.50 to $2.50
cristiancoari24: raises $19.44 to $21.94 and is all-in
Mr_Dick666: folds 
BumHuntKing: folds 
kevukas27: folds 
nikalas22: folds 
Uncalled bet ($19.44) returned to cristiancoari24
cristiancoari24 collected $6.50 from pot
*** SUMMARY ***
Total pot $6.50 | Rake $0 
Seat 1: nikalas22 folded before Flop
Seat 2: cristiancoari24 collected ($6.50)
Seat 3: Mr_Dick666 (button) folded before Flop (didn't bet)
Seat 4: BumHuntKing (small blind) folded before Flop
Seat 5: kevukas27 (big blind) folded before Flop
Seat 6: LuckyShikari folded before Flop (didn't bet)



PokerStars Hand #254288810877:  Hold'em No Limit ($0.50/$1.00 USD) - 2025/01/09 1:14:32 WET [2025/01/09 20:14:32 ET]
Table 'Erida II' 6-max Seat #4 is the button
Seat 1: nikalas22 ($191.37 in chips) 
Seat 2: cristiancoari24 ($25.94 in chips) 
Seat 3: Mr_Dick666 ($102.22 in chips) 
Seat 4: BumHuntKing ($103.53 in chips) 
Seat 5: kevukas27 ($44.74 in chips) 
Seat 6: LuckyShikari ($112.84 in chips) 
kevukas27: posts small blind $0.50
LuckyShikari: posts big blind $1
*** HOLE CARDS ***
nikalas22: folds 
cristiancoari24: folds 
Mr_Dick666: folds 
BumHuntKing: folds 
kevukas27: folds 
Uncalled bet ($0.50) returned to LuckyShikari
LuckyShikari collected $1 from pot
LuckyShikari: doesn't show hand 
*** SUMMARY ***
Total pot $1 | Rake $0 
Seat 1: nikalas22 folded before Flop (didn't bet)
Seat 2: cristiancoari24 folded before Flop (didn't bet)
Seat 3: Mr_Dick666 folded before Flop (didn't bet)
Seat 4: BumHuntKing (button) folded before Flop (didn't bet)
Seat 5: kevukas27 (small blind) folded before Flop
Seat 6: LuckyShikari (big blind) collected ($1)



PokerStars Hand #254288813207:  Hold'em No Limit ($0.50/$1.00 USD) - 2025/01/09 1:14:45 WET [2025/01/09 20:14:45 ET]
Table 'Erida II' 6-max Seat #5 is the button
Seat 1: nikalas22 ($191.37 in chips) 
Seat 2: cristiancoari24 ($25.94 in chips) 
Seat 3: Mr_Dick666 ($102.22 in chips) 
Seat 4: BumHuntKing ($103.53 in chips) 
Seat 5: kevukas27 ($44.24 in chips) 
Seat 6: LuckyShikari ($113.34 in chips) 
LuckyShikari: posts small blind $0.50
nikalas22: posts big blind $1
*** HOLE CARDS ***
cristiancoari24: calls $1
Mr_Dick666: folds 
BumHuntKing: raises $2.50 to $3.50
kevukas27: folds 
LuckyShikari: folds 
nikalas22: folds 
cristiancoari24: raises $22.44 to $25.94 and is all-in
BumHuntKing: folds 
Uncalled bet ($22.44) returned to cristiancoari24
cristiancoari24 collected $8.50 from pot
*** SUMMARY ***
Total pot $8.50 | Rake $0 
Seat 1: nikalas22 (big blind) folded before Flop
Seat 2: cristiancoari24 collected ($8.50)
Seat 3: Mr_Dick666 folded before Flop (didn't bet)
Seat 4: BumHuntKing folded before Flop
Seat 5: kevukas27 (button) folded before Flop (didn't bet)
Seat 6: LuckyShikari (small blind) folded before Flop



PokerStars Hand #254289321289:  Hold'em No Limit ($0.50/$1.00 USD) - 2025/01/09 1:15:27 WET [2025/01/09 20:15:27 ET]
Table 'Erida II' 6-max Seat #6 is the button
Seat 1: nikalas22 ($190.37 in chips) 
Seat 2: cristiancoari24 ($30.94 in chips) 
Seat 3: Mr_Dick666 ($102.22 in chips) 
Seat 4: BumHuntKing ($100.03 in chips) 
Seat 5: kevukas27 ($44.24 in chips) 
Seat 6: LuckyShikari ($112.84 in chips) 
nikalas22: posts small blind $0.50
cristiancoari24: posts big blind $1
*** HOLE CARDS ***
Mr_Dick666: folds 
BumHuntKing: folds 
kevukas27: folds 
LuckyShikari: folds 
nikalas22: folds 
Uncalled bet ($0.50) returned to cristiancoari24
cristiancoari24 collected $1 from pot
*** SUMMARY ***
Total pot $1 | Rake $0 
Seat 1: nikalas22 (small blind) folded before Flop
Seat 2: cristiancoari24 (big blind) collected ($1)
Seat 3: Mr_Dick666 folded before Flop (didn't bet)
Seat 4: BumHuntKing folded before Flop (didn't bet)
Seat 5: kevukas27 folded before Flop (didn't bet)
Seat 6: LuckyShikari (button) folded before Flop (didn't bet)



PokerStars Hand #254289326557:  Hold'em No Limit ($0.50/$1.00 USD) - 2025/01/09 1:15:56 WET [2025/01/09 20:15:56 ET]
Table 'Erida II' 6-max Seat #1 is the button
Seat 1: nikalas22 ($189.87 in chips) 
Seat 2: cristiancoari24 ($31.44 in chips) 
Seat 3: Mr_Dick666 ($102.22 in chips) 
Seat 4: BumHuntKing ($100.03 in chips) 
Seat 5: kevukas27 ($44.24 in chips) 
Seat 6: LuckyShikari ($112.84 in chips) 
cristiancoari24: posts small blind $0.50
Mr_Dick666: posts big blind $1
*** HOLE CARDS ***
BumHuntKing: raises $1.20 to $2.20
kevukas27: folds 
LuckyShikari: folds 
nikalas22: folds 
cristiancoari24: folds 
Mr_Dick666: folds 
Uncalled bet ($1.20) returned to BumHuntKing
BumHuntKing collected $2.50 from pot
BumHuntKing: doesn't show hand 
*** SUMMARY ***
Total pot $2.50 | Rake $0 
Seat 1: nikalas22 (button) folded before Flop (didn't bet)
Seat 2: cristiancoari24 (small blind) folded before Flop
Seat 3: Mr_Dick666 (big blind) folded before Flop
Seat 4: BumHuntKing collected ($2.50)
Seat 5: kevukas27 folded before Flop (didn't bet)
Seat 6: LuckyShikari folded before Flop (didn't bet)



PokerStars Hand #254289329774:  Hold'em No Limit ($0.50/$1.00 USD) - 2025/01/09 1:16:13 WET [2025/01/09 20:16:13 ET]
Table 'Erida II' 6-max Seat #2 is the button
Seat 1: nikalas22 ($189.87 in chips) 
Seat 2: cristiancoari24 ($30.94 in chips) 
Seat 3: Mr_Dick666 ($101.22 in chips) 
Seat 4: BumHuntKing ($101.53 in chips) 
Seat 5: kevukas27 ($44.24 in chips) 
Seat 6: LuckyShikari ($112.84 in chips) 
Mr_Dick666: posts small blind $0.50
BumHuntKing: posts big blind $1
*** HOLE CARDS ***
kevukas27: folds 
LuckyShikari: folds 
nikalas22: raises $1.50 to $2.50
cristiancoari24: folds 
Mr_Dick666: folds 
BumHuntKing: raises $10 to $12.50
nikalas22: folds 
Uncalled bet ($10) returned to BumHuntKing
BumHuntKing collected $5.50 from pot
BumHuntKing: doesn't show hand 
*** SUMMARY ***
Total pot $5.50 | Rake $0 
Seat 1: nikalas22 folded before Flop
Seat 2: cristiancoari24 (button) folded before Flop (didn't bet)
Seat 3: Mr_Dick666 (small blind) folded before Flop
Seat 4: BumHuntKing (big blind) collected ($5.50)
Seat 5: kevukas27 folded before Flop (didn't bet)
Seat 6: LuckyShikari folded before Flop (didn't bet)



PokerStars Hand #254289334577:  Hold'em No Limit ($0.50/$1.00 USD) - 2025/01/09 1:16:38 WET [2025/01/09 20:16:38 ET]
Table 'Erida II' 6-max Seat #3 is the button
Seat 1: nikalas22 ($187.37 in chips) 
Seat 2: cristiancoari24 ($30.94 in chips) 
Seat 3: Mr_Dick666 ($100.72 in chips) 
Seat 4: BumHuntKing ($104.53 in chips) 
Seat 5: kevukas27 ($44.24 in chips) 
Seat 6: LuckyShikari ($112.84 in chips) 
BumHuntKing: posts small blind $0.50
kevukas27: posts big blind $1
*** HOLE CARDS ***
LuckyShikari: folds 
nikalas22: raises $1.50 to $2.50
cristiancoari24: raises $28.44 to $30.94 and is all-in
Mr_Dick666: folds 
BumHuntKing: folds 
kevukas27: folds 
nikalas22: folds 
Uncalled bet ($28.44) returned to cristiancoari24
cristiancoari24 collected $6.50 from pot
*** SUMMARY ***
Total pot $6.50 | Rake $0 
Seat 1: nikalas22 folded before Flop
Seat 2: cristiancoari24 collected ($6.50)
Seat 3: Mr_Dick666 (button) folded before Flop (didn't bet)
Seat 4: BumHuntKing (small blind) folded before Flop
Seat 5: kevukas27 (big blind) folded before Flop
Seat 6: LuckyShikari folded before Flop (didn't bet)



PokerStars Hand #254289339745:  Hold'em No Limit ($0.50/$1.00 USD) - 2025/01/09 1:17:07 WET [2025/01/09 20:17:07 ET]
Table 'Erida II' 6-max Seat #4 is the button
Seat 1: nikalas22 ($184.87 in chips) 
Seat 2: cristiancoari24 ($34.94 in chips) 
Seat 3: Mr_Dick666 ($100.72 in chips) 
Seat 4: BumHuntKing ($104.03 in chips) 
Seat 5: kevukas27 ($43.24 in chips) 
Seat 6: LuckyShikari ($112.84 in chips) 
kevukas27: posts small blind $0.50
LuckyShikari: posts big blind $1
*** HOLE CARDS ***
nikalas22: folds 
cristiancoari24: calls $1
Mr_Dick666: folds 
BumHuntKing: folds 
kevukas27: folds 
LuckyShikari: checks 
*** FLOP *** [Kd 2h 2c]
LuckyShikari: checks 
cristiancoari24: bets $2.38
LuckyShikari: folds 
Uncalled bet ($2.38) returned to cristiancoari24
cristiancoari24 collected $2.38 from pot
*** SUMMARY ***
Total pot $2.50 | Rake $0.12 
Board [Kd 2h 2c]
Seat 1: nikalas22 folded before Flop (didn't bet)
Seat 2: cristiancoari24 collected ($2.38)
Seat 3: Mr_Dick666 folded before Flop (didn't bet)
Seat 4: BumHuntKing (button) folded before Flop (didn't bet)
Seat 5: kevukas27 (small blind) folded before Flop
Seat 6: LuckyShikari (big blind) folded on the Flop



PokerStars Hand #254289344461:  Hold'em No Limit ($0.50/$1.00 USD) - 2025/01/09 1:17:32 WET [2025/01/09 20:17:32 ET]
Table 'Erida II' 6-max Seat #5 is the button
Seat 1: nikalas22 ($184.87 in chips) 
Seat 2: cristiancoari24 ($36.32 in chips) 
Seat 3: Mr_Dick666 ($100.72 in chips) 
Seat 4: BumHuntKing ($104.03 in chips) 
Seat 5: kevukas27 ($42.74 in chips) 
Seat 6: LuckyShikari ($111.84 in chips) 
LuckyShikari: posts small blind $0.50
nikalas22: posts big blind $1
*** HOLE CARDS ***
cristiancoari24: calls $1
Mr_Dick666: folds 
BumHuntKing: raises $2.50 to $3.50
kevukas27: folds 
LuckyShikari: folds 
nikalas22: raises $10.50 to $14
cristiancoari24: folds 
BumHuntKing: calls $10.50
*** FLOP *** [Qc 5d 6s]
nikalas22: bets $8.41
BumHuntKing: calls $8.41
*** TURN *** [Qc 5d 6s] [Kh]
nikalas22: bets $33
BumHuntKing: calls $33
*** RIVER *** [Qc 5d 6s Kh] [9d]
nikalas22: bets $129.46 and is all-in
BumHuntKing: folds 
Uncalled bet ($129.46) returned to nikalas22
nikalas22 collected $109.82 from pot
nikalas22: doesn't show hand 
*** SUMMARY ***
Total pot $112.32 | Rake $2.50 
Board [Qc 5d 6s Kh 9d]
Seat 1: nikalas22 (big blind) collected ($109.82)
Seat 2: cristiancoari24 folded before Flop
Seat 3: Mr_Dick666 folded before Flop (didn't bet)
Seat 4: BumHuntKing folded on the River
Seat 5: kevukas27 (button) folded before Flop (didn't bet)
Seat 6: LuckyShikari (small blind) folded before Flop



PokerStars Hand #254289360510:  Hold'em No Limit ($0.50/$1.00 USD) - 2025/01/09 1:19:00 WET [2025/01/09 20:19:00 ET]
Table 'Erida II' 6-max Seat #6 is the button
Seat 1: nikalas22 ($239.28 in chips) 
Seat 2: cristiancoari24 ($35.32 in chips) 
Seat 3: Mr_Dick666 ($100.72 in chips) 
Seat 4: BumHuntKing ($100 in chips) 
Seat 5: kevukas27 ($42.74 in chips) 
Seat 6: LuckyShikari ($111.34 in chips) 
nikalas22: posts small blind $0.50
cristiancoari24: posts big blind $1
*** HOLE CARDS ***
Mr_Dick666: folds 
BumHuntKing: folds 
kevukas27: folds 
LuckyShikari: raises $1 to $2
nikalas22: folds 
cristiancoari24: calls $1
*** FLOP *** [4s Jh 2c]
cristiancoari24: bets $4.28
LuckyShikari: folds 
Uncalled bet ($4.28) returned to cristiancoari24
cristiancoari24 collected $4.28 from pot
*** SUMMARY ***
Total pot $4.50 | Rake $0.22 
Board [4s Jh 2c]
Seat 1: nikalas22 (small blind) folded before Flop
Seat 2: cristiancoari24 (big blind) collected ($4.28)
Seat 3: Mr_Dick666 folded before Flop (didn't bet)
Seat 4: BumHuntKing folded before Flop (didn't bet)
Seat 5: kevukas27 folded before Flop (didn't bet)
Seat 6: LuckyShikari (button) folded on the Flop



PokerStars Hand #254289367785:  Hold'em No Limit ($0.50/$1.00 USD) - 2025/01/09 1:19:39 WET [2025/01/09 20:19:39 ET]
Table 'Erida II' 6-max Seat #1 is the button
Seat 1: nikalas22 ($238.78 in chips) 
Seat 2: cristiancoari24 ($37.60 in chips) 
Seat 3: Mr_Dick666 ($100.72 in chips) 
Seat 4: BumHuntKing ($100 in chips) 
Seat 5: kevukas27 ($42.74 in chips) 
Seat 6: LuckyShikari ($109.34 in chips) 
cristiancoari24: posts small blind $0.50
Mr_Dick666: posts big blind $1
*** HOLE CARDS ***
BumHuntKing: raises $1.20 to $2.20
kevukas27: calls $2.20
LuckyShikari: folds 
nikalas22: folds 
cristiancoari24: calls $1.70
Mr_Dick666: folds 
*** FLOP *** [Qd 3c Kd]
cristiancoari24: bets $7.22
BumHuntKing: calls $7.22
kevukas27: calls $7.22
*** TURN *** [Qd 3c Kd] [4s]
cristiancoari24: bets $28.18 and is all-in
BumHuntKing: folds 
kevukas27: folds 
Uncalled bet ($28.18) returned to cristiancoari24
cristiancoari24 collected $27.80 from pot
*** SUMMARY ***
Total pot $29.26 | Rake $1.46 
Board [Qd 3c Kd 4s]
Seat 1: nikalas22 (button) folded before Flop (didn't bet)
Seat 2: cristiancoari24 (small blind) collected ($27.80)
Seat 3: Mr_Dick666 (big blind) folded before Flop
Seat 4: BumHuntKing folded on the Turn
Seat 5: kevukas27 folded on the Turn
Seat 6: LuckyShikari folded before Flop (didn't bet)



PokerStars Hand #254289379597:  Hold'em No Limit ($0.50/$1.00 USD) - 2025/01/09 1:20:44 WET [2025/01/09 20:20:44 ET]
Table 'Erida II' 6-max Seat #2 is the button
Seat 1: nikalas22 ($238.78 in chips) 
Seat 2: cristiancoari24 ($55.98 in chips) 
Seat 3: Mr_Dick666 ($100 in chips) 
Seat 4: BumHuntKing ($100 in chips) 
Seat 5: kevukas27 ($33.32 in chips) 
Seat 6: LuckyShikari ($109.34 in chips) 
Mr_Dick666: posts small blind $0.50
BumHuntKing: posts big blind $1
*** HOLE CARDS ***
kevukas27: folds 
LuckyShikari: folds 
nikalas22: folds 
cristiancoari24: folds 
Mr_Dick666: raises $2 to $3
BumHuntKing: folds 
Uncalled bet ($2) returned to Mr_Dick666
Mr_Dick666 collected $2 from pot
Mr_Dick666: doesn't show hand 
*** SUMMARY ***
Total pot $2 | Rake $0 
Seat 1: nikalas22 folded before Flop (didn't bet)
Seat 2: cristiancoari24 (button) folded before Flop (didn't bet)
Seat 3: Mr_Dick666 (small blind) collected ($2)
Seat 4: BumHuntKing (big blind) folded before Flop
Seat 5: kevukas27 folded before Flop (didn't bet)
Seat 6: LuckyShikari folded before Flop (didn't bet)



PokerStars Hand #254289382627:  Hold'em No Limit ($0.50/$1.00 USD) - 2025/01/09 1:21:00 WET [2025/01/09 20:21:00 ET]
Table 'Erida II' 6-max Seat #3 is the button
Seat 1: nikalas22 ($238.78 in chips) 
Seat 2: cristiancoari24 ($55.98 in chips) 
Seat 3: Mr_Dick666 ($101 in chips) 
Seat 4: BumHuntKing ($100 in chips) 
Seat 5: kevukas27 ($33.32 in chips) 
Seat 6: LuckyShikari ($109.34 in chips) 
BumHuntKing: posts small blind $0.50
kevukas27: posts big blind $1
*** HOLE CARDS ***
LuckyShikari: folds 
nikalas22: folds 
cristiancoari24: folds 
Mr_Dick666: raises $1.50 to $2.50
BumHuntKing: folds 
kevukas27: raises $1.50 to $4
Mr_Dick666: calls $1.50
*** FLOP *** [7c Ah 7h]
kevukas27: bets $4.04
Mr_Dick666: folds 
Uncalled bet ($4.04) returned to kevukas27
kevukas27 collected $8.08 from pot
kevukas27: doesn't show hand 
*** SUMMARY ***
Total pot $8.50 | Rake $0.42 
Board [7c Ah 7h]
Seat 1: nikalas22 folded before Flop (didn't bet)
Seat 2: cristiancoari24 folded before Flop (didn't bet)
Seat 3: Mr_Dick666 (button) folded on the Flop
Seat 4: BumHuntKing (small blind) folded before Flop
Seat 5: kevukas27 (big blind) collected ($8.08)
Seat 6: LuckyShikari folded before Flop (didn't bet)



PokerStars Hand #254289387668:  Hold'em No Limit ($0.50/$1.00 USD) - 2025/01/09 1:21:28 WET [2025/01/09 20:21:28 ET]
Table 'Erida II' 6-max Seat #4 is the button
Seat 1: nikalas22 ($238.78 in chips) 
Seat 2: cristiancoari24 ($55.98 in chips) 
Seat 3: Mr_Dick666 ($100 in chips) 
Seat 4: BumHuntKing ($100 in chips) 
Seat 5: kevukas27 ($37.40 in chips) 
Seat 6: LuckyShikari ($109.34 in chips) 
kevukas27: posts small blind $0.50
LuckyShikari: posts big blind $1
*** HOLE CARDS ***
nikalas22: folds 
cristiancoari24: folds 
nikalas22 leaves the table
Mr_Dick666: raises $1.50 to $2.50
BumHuntKing: folds 
kevukas27: calls $2
jeilsons joins the table at seat #1 
LuckyShikari: folds 
*** FLOP *** [9h 2c Td]
kevukas27: checks 
Mr_Dick666: checks 
*** TURN *** [9h 2c Td] [7h]
kevukas27: bets $2.85
Mr_Dick666: calls $2.85
*** RIVER *** [9h 2c Td 7h] [Js]
kevukas27: bets $5.56
Mr_Dick666: raises $5.94 to $11.50
kevukas27: calls $5.94
*** SHOW DOWN ***
Mr_Dick666: shows [As 8c] (a straight, Seven to Jack)
kevukas27: mucks hand 
Mr_Dick666 collected $32.96 from pot
*** SUMMARY ***
Total pot $34.70 | Rake $1.74 
Board [9h 2c Td 7h Js]
Seat 1: nikalas22 folded before Flop (didn't bet)
Seat 2: cristiancoari24 folded before Flop (didn't bet)
Seat 3: Mr_Dick666 showed [As 8c] and won ($32.96) with a straight, Seven to Jack
Seat 4: BumHuntKing (button) folded before Flop (didn't bet)
Seat 5: kevukas27 (small blind) mucked
Seat 6: LuckyShikari (big blind) folded before Flop



PokerStars Hand #254289396533:  Hold'em No Limit ($0.50/$1.00 USD) - 2025/01/09 1:22:17 WET [2025/01/09 20:22:17 ET]
Table 'Erida II' 6-max Seat #5 is the button
Seat 1: jeilsons ($100 in chips) 
Seat 2: cristiancoari24 ($55.98 in chips) 
Seat 3: Mr_Dick666 ($116.11 in chips) 
Seat 4: BumHuntKing ($100 in chips) 
Seat 5: kevukas27 ($20.55 in chips) 
Seat 6: LuckyShikari ($108.34 in chips) 
LuckyShikari: posts small blind $0.50
jeilsons: posts big blind $1
*** HOLE CARDS ***
cristiancoari24: calls $1
Mr_Dick666: folds 
BumHuntKing: folds 
kevukas27: raises $3.50 to $4.50
LuckyShikari: folds 
jeilsons: folds 
cristiancoari24: calls $3.50
*** FLOP *** [4d Kd Qh]
cristiancoari24: checks 
kevukas27: bets $16.05 and is all-in
cristiancoari24: folds 
Uncalled bet ($16.05) returned to kevukas27
kevukas27 collected $9.98 from pot
kevukas27: doesn't show hand 
*** SUMMARY ***
Total pot $10.50 | Rake $0.52 
Board [4d Kd Qh]
Seat 1: jeilsons (big blind) folded before Flop
Seat 2: cristiancoari24 folded on the Flop
Seat 3: Mr_Dick666 folded before Flop (didn't bet)
Seat 4: BumHuntKing folded before Flop (didn't bet)
Seat 5: kevukas27 (button) collected ($9.98)
Seat 6: LuckyShikari (small blind) folded before Flop



PokerStars Hand #254289407220:  Hold'em No Limit ($0.50/$1.00 USD) - 2025/01/09 1:23:15 WET [2025/01/09 20:23:15 ET]
Table 'Erida II' 6-max Seat #6 is the button
Seat 1: jeilsons ($100 in chips) 
Seat 2: cristiancoari24 ($51.48 in chips) 
Seat 3: Mr_Dick666 ($116.11 in chips) 
Seat 4: BumHuntKing ($100 in chips) 
Seat 5: kevukas27 ($26.03 in chips) 
Seat 6: LuckyShikari ($107.84 in chips) 
jeilsons: posts small blind $0.50
cristiancoari24: posts big blind $1
*** HOLE CARDS ***
Mr_Dick666: folds 
BumHuntKing: folds 
kevukas27: calls $1
LuckyShikari: raises $2.80 to $3.80
jeilsons: folds 
cristiancoari24: folds 
kevukas27: raises $22.23 to $26.03 and is all-in
LuckyShikari: calls $22.23
*** FLOP *** [7s Qc Th]
*** TURN *** [7s Qc Th] [3d]
*** RIVER *** [7s Qc Th 3d] [8c]
*** SHOW DOWN ***
kevukas27: shows [Qd 2d] (a pair of Queens)
LuckyShikari: shows [As Kh] (high card Ace)
kevukas27 collected $51.06 from pot
*** SUMMARY ***
Total pot $53.56 | Rake $2.50 
Board [7s Qc Th 3d 8c]
Seat 1: jeilsons (small blind) folded before Flop
Seat 2: cristiancoari24 (big blind) folded before Flop
Seat 3: Mr_Dick666 folded before Flop (didn't bet)
Seat 4: BumHuntKing folded before Flop (didn't bet)
Seat 5: kevukas27 showed [Qd 2d] and won ($51.06) with a pair of Queens
Seat 6: LuckyShikari (button) showed [As Kh] and lost with high card Ace



PokerStars Hand #254289413664:  Hold'em No Limit ($0.50/$1.00 USD) - 2025/01/09 1:23:50 WET [2025/01/09 20:23:50 ET]
Table 'Erida II' 6-max Seat #1 is the button
Seat 1: jeilsons ($100 in chips) 
Seat 2: cristiancoari24 ($50.48 in chips) 
Seat 3: Mr_Dick666 ($116.11 in chips) 
Seat 4: BumHuntKing ($100 in chips) 
Seat 5: kevukas27 ($51.06 in chips) 
Seat 6: LuckyShikari ($100 in chips) 
cristiancoari24: posts small blind $0.50
Mr_Dick666: posts big blind $1
*** HOLE CARDS ***
BumHuntKing: folds 
kevukas27: calls $1
LuckyShikari: folds 
jeilsons: folds 
cristiancoari24: calls $0.50
Mr_Dick666: checks 
*** FLOP *** [4h 8h 7d]
cristiancoari24: checks 
Mr_Dick666: bets $1
kevukas27: calls $1
cristiancoari24: folds 
*** TURN *** [4h 8h 7d] [Ah]
Mr_Dick666: bets $3.18
kevukas27: calls $3.18
*** RIVER *** [4h 8h 7d Ah] [Td]
Mr_Dick666: bets $12.41
kevukas27: folds 
Uncalled bet ($12.41) returned to Mr_Dick666
Mr_Dick666 collected $10.79 from pot
Mr_Dick666: doesn't show hand 
*** SUMMARY ***
Total pot $11.36 | Rake $0.57 
Board [4h 8h 7d Ah Td]
Seat 1: jeilsons (button) folded before Flop (didn't bet)
Seat 2: cristiancoari24 (small blind) folded on the Flop
Seat 3: Mr_Dick666 (big blind) collected ($10.79)
Seat 4: BumHuntKing folded before Flop (didn't bet)
Seat 5: kevukas27 folded on the River
Seat 6: LuckyShikari folded before Flop (didn't bet)



PokerStars Hand #254289423009:  Hold'em No Limit ($0.50/$1.00 USD) - 2025/01/09 1:24:41 WET [2025/01/09 20:24:41 ET]
Table 'Erida II' 6-max Seat #2 is the button
Seat 1: jeilsons ($100 in chips) 
Seat 2: cristiancoari24 ($49.48 in chips) 
Seat 3: Mr_Dick666 ($121.72 in chips) 
Seat 4: BumHuntKing ($100 in chips) 
Seat 5: kevukas27 ($45.88 in chips) 
Seat 6: LuckyShikari ($100 in chips) 
Mr_Dick666: posts small blind $0.50
BumHuntKing: posts big blind $1
*** HOLE CARDS ***
kevukas27: folds 
LuckyShikari: folds 
jeilsons: raises $1.30 to $2.30
cristiancoari24: folds 
Mr_Dick666: folds 
BumHuntKing: folds 
Uncalled bet ($1.30) returned to jeilsons
jeilsons collected $2.50 from pot
jeilsons: doesn't show hand 
*** SUMMARY ***
Total pot $2.50 | Rake $0 
Seat 1: jeilsons collected ($2.50)
Seat 2: cristiancoari24 (button) folded before Flop (didn't bet)
Seat 3: Mr_Dick666 (small blind) folded before Flop
Seat 4: BumHuntKing (big blind) folded before Flop
Seat 5: kevukas27 folded before Flop (didn't bet)
Seat 6: LuckyShikari folded before Flop (didn't bet)



PokerStars Hand #254289428290:  Hold'em No Limit ($0.50/$1.00 USD) - 2025/01/09 1:25:10 WET [2025/01/09 20:25:10 ET]
Table 'Erida II' 6-max Seat #3 is the button
Seat 1: jeilsons ($101.50 in chips) 
Seat 2: cristiancoari24 ($49.48 in chips) 
Seat 3: Mr_Dick666 ($121.22 in chips) 
Seat 4: BumHuntKing ($100 in chips) 
Seat 5: kevukas27 ($45.88 in chips) 
Seat 6: LuckyShikari ($100 in chips) 
BumHuntKing: posts small blind $0.50
kevukas27: posts big blind $1
*** HOLE CARDS ***
LuckyShikari: folds 
jeilsons: folds 
cristiancoari24: folds 
Mr_Dick666: folds 
BumHuntKing: raises $2 to $3
kevukas27: folds 
Uncalled bet ($2) returned to BumHuntKing
BumHuntKing collected $2 from pot
BumHuntKing: doesn't show hand 
*** SUMMARY ***
Total pot $2 | Rake $0 
Seat 1: jeilsons folded before Flop (didn't bet)
Seat 2: cristiancoari24 folded before Flop (didn't bet)
Seat 3: Mr_Dick666 (button) folded before Flop (didn't bet)
Seat 4: BumHuntKing (small blind) collected ($2)
Seat 5: kevukas27 (big blind) folded before Flop
Seat 6: LuckyShikari folded before Flop (didn't bet)



PokerStars Hand #254289432880:  Hold'em No Limit ($0.50/$1.00 USD) - 2025/01/09 1:25:34 WET [2025/01/09 20:25:34 ET]
Table 'Erida II' 6-max Seat #4 is the button
Seat 1: jeilsons ($101.50 in chips) 
Seat 2: cristiancoari24 ($49.48 in chips) 
Seat 3: Mr_Dick666 ($121.22 in chips) 
Seat 4: BumHuntKing ($101 in chips) 
Seat 5: kevukas27 ($44.88 in chips) 
Seat 6: LuckyShikari ($100 in chips) 
kevukas27: posts small blind $0.50
LuckyShikari: posts big blind $1
*** HOLE CARDS ***
jeilsons: raises $1 to $2
cristiancoari24: folds 
Mr_Dick666: folds 
BumHuntKing: raises $5.50 to $7.50
kevukas27: raises $37.38 to $44.88 and is all-in
LuckyShikari: folds 
jeilsons: folds 
BumHuntKing: calls $37.38
*** FLOP *** [3d Js 4c]
*** TURN *** [3d Js 4c] [Qc]
*** RIVER *** [3d Js 4c Qc] [7d]
*** SHOW DOWN ***
kevukas27: shows [Ts Th] (a pair of Tens)
BumHuntKing: shows [Kd Ah] (high card Ace)
kevukas27 collected $90.26 from pot
*** SUMMARY ***
Total pot $92.76 | Rake $2.50 
Board [3d Js 4c Qc 7d]
Seat 1: jeilsons folded before Flop
Seat 2: cristiancoari24 folded before Flop (didn't bet)
Seat 3: Mr_Dick666 folded before Flop (didn't bet)
Seat 4: BumHuntKing (button) showed [Kd Ah] and lost with high card Ace
Seat 5: kevukas27 (small blind) showed [Ts Th] and won ($90.26) with a pair of Tens
Seat 6: LuckyShikari (big blind) folded before Flop



PokerStars Hand #254289439767:  Hold'em No Limit ($0.50/$1.00 USD) - 2025/01/09 1:26:11 WET [2025/01/09 20:26:11 ET]
Table 'Erida II' 6-max Seat #5 is the button
Seat 1: jeilsons ($100 in chips) 
Seat 2: cristiancoari24 ($49.48 in chips) 
Seat 3: Mr_Dick666 ($121.22 in chips) 
Seat 4: BumHuntKing ($100 in chips) 
Seat 5: kevukas27 ($90.26 in chips) 
Seat 6: LuckyShikari ($100 in chips) 
LuckyShikari: posts small blind $0.50
jeilsons: posts big blind $1
*** HOLE CARDS ***
cristiancoari24: folds 
Mr_Dick666: folds 
BumHuntKing: folds 
kevukas27: folds 
LuckyShikari: folds 
Uncalled bet ($0.50) returned to jeilsons
jeilsons collected $1 from pot
jeilsons: doesn't show hand 
*** SUMMARY ***
Total pot $1 | Rake $0 
Seat 1: jeilsons (big blind) collected ($1)
Seat 2: cristiancoari24 folded before Flop (didn't bet)
Seat 3: Mr_Dick666 folded before Flop (didn't bet)
Seat 4: BumHuntKing folded before Flop (didn't bet)
Seat 5: kevukas27 (button) folded before Flop (didn't bet)
Seat 6: LuckyShikari (small blind) folded before Flop



PokerStars Hand #254289443723:  Hold'em No Limit ($0.50/$1.00 USD) - 2025/01/09 1:26:32 WET [2025/01/09 20:26:32 ET]
Table 'Erida II' 6-max Seat #6 is the button
Seat 1: jeilsons ($100.50 in chips) 
Seat 2: cristiancoari24 ($49.48 in chips) 
Seat 3: Mr_Dick666 ($121.22 in chips) 
Seat 4: BumHuntKing ($100 in chips) 
Seat 5: kevukas27 ($90.26 in chips) 
Seat 6: LuckyShikari ($100 in chips) 
jeilsons: posts small blind $0.50
cristiancoari24: posts big blind $1
*** HOLE CARDS ***
Mr_Dick666: folds 
BumHuntKing: folds 
kevukas27: raises $1 to $2
LuckyShikari: folds 
jeilsons: folds 
cristiancoari24: calls $1
*** FLOP *** [Ac 2h 8c]
cristiancoari24: checks 
kevukas27: bets $2.14
cristiancoari24: folds 
Uncalled bet ($2.14) returned to kevukas27
kevukas27 collected $4.28 from pot
kevukas27: doesn't show hand 
*** SUMMARY ***
Total pot $4.50 | Rake $0.22 
Board [Ac 2h 8c]
Seat 1: jeilsons (small blind) folded before Flop
Seat 2: cristiancoari24 (big blind) folded on the Flop
Seat 3: Mr_Dick666 folded before Flop (didn't bet)
Seat 4: BumHuntKing folded before Flop (didn't bet)
Seat 5: kevukas27 collected ($4.28)
Seat 6: LuckyShikari (button) folded before Flop (didn't bet)



PokerStars Hand #254289449391:  Hold'em No Limit ($0.50/$1.00 USD) - 2025/01/09 1:27:02 WET [2025/01/09 20:27:02 ET]
Table 'Erida II' 6-max Seat #1 is the button
Seat 1: jeilsons ($100 in chips) 
Seat 2: cristiancoari24 ($47.48 in chips) 
Seat 3: Mr_Dick666 ($121.22 in chips) 
Seat 4: BumHuntKing ($100 in chips) 
Seat 5: kevukas27 ($92.54 in chips) 
Seat 6: LuckyShikari ($100 in chips) 
cristiancoari24: posts small blind $0.50
Mr_Dick666: posts big blind $1
*** HOLE CARDS ***
BumHuntKing: folds 
kevukas27: raises $1.12 to $2.12
LuckyShikari: folds 
jeilsons: raises $5.88 to $8
cristiancoari24: folds 
Mr_Dick666: folds 
kevukas27: raises $84.54 to $92.54 and is all-in
jeilsons: folds 
Uncalled bet ($84.54) returned to kevukas27
kevukas27 collected $17.50 from pot
kevukas27: doesn't show hand 
*** SUMMARY ***
Total pot $17.50 | Rake $0 
Seat 1: jeilsons (button) folded before Flop
Seat 2: cristiancoari24 (small blind) folded before Flop
Seat 3: Mr_Dick666 (big blind) folded before Flop
Seat 4: BumHuntKing folded before Flop (didn't bet)
Seat 5: kevukas27 collected ($17.50)
Seat 6: LuckyShikari folded before Flop (didn't bet)



PokerStars Hand #254289455399:  Hold'em No Limit ($0.50/$1.00 USD) - 2025/01/09 1:27:34 WET [2025/01/09 20:27:34 ET]
Table 'Erida II' 6-max Seat #2 is the button
Seat 1: jeilsons ($100 in chips) 
Seat 2: cristiancoari24 ($46.98 in chips) 
Seat 3: Mr_Dick666 ($120.22 in chips) 
Seat 4: BumHuntKing ($100 in chips) 
Seat 5: kevukas27 ($102.04 in chips) 
Seat 6: LuckyShikari ($100 in chips) 
Mr_Dick666: posts small blind $0.50
BumHuntKing: posts big blind $1
*** HOLE CARDS ***
kevukas27: folds 
LuckyShikari: raises $1.50 to $2.50
jeilsons: raises $5 to $7.50
cristiancoari24: folds 
Mr_Dick666: folds 
BumHuntKing: folds 
LuckyShikari: calls $5
*** FLOP *** [9d 8d 3c]
LuckyShikari: checks 
jeilsons: checks 
*** TURN *** [9d 8d 3c] [2c]
LuckyShikari: checks 
jeilsons: bets $7.84
LuckyShikari: calls $7.84
*** RIVER *** [9d 8d 3c 2c] [Qd]
LuckyShikari: checks 
jeilsons: checks 
*** SHOW DOWN ***
LuckyShikari: shows [Kd Ac] (high card Ace)
jeilsons: shows [7c 7d] (a pair of Sevens)
jeilsons collected $30.57 from pot
*** SUMMARY ***
Total pot $32.18 | Rake $1.61 
Board [9d 8d 3c 2c Qd]
Seat 1: jeilsons showed [7c 7d] and won ($30.57) with a pair of Sevens
Seat 2: cristiancoari24 (button) folded before Flop (didn't bet)
Seat 3: Mr_Dick666 (small blind) folded before Flop
Seat 4: BumHuntKing (big blind) folded before Flop
Seat 5: kevukas27 folded before Flop (didn't bet)
Seat 6: LuckyShikari showed [Kd Ac] and lost with high card Ace



PokerStars Hand #254289503528:  Hold'em No Limit ($0.50/$1.00 USD) - 2025/01/09 1:31:52 WET [2025/01/09 20:31:52 ET]
Table 'Erida II' 6-max Seat #1 is the button
Seat 1: jeilsons ($139.81 in chips) 
Seat 2: cristiancoari24 ($45.98 in chips) 
Seat 3: Mr_Dick666 ($101.22 in chips) 
Seat 4: BumHuntKing ($107.28 in chips) 
Seat 5: kevukas27 ($109.59 in chips) 
Seat 6: LuckyShikari ($100 in chips) 
cristiancoari24: posts small blind $0.50
Mr_Dick666: posts big blind $1
*** HOLE CARDS ***
BumHuntKing: folds 
kevukas27: raises $2 to $3
LuckyShikari: raises $6 to $9
jeilsons: calls $9
cristiancoari24: folds 
Mr_Dick666: folds 
kevukas27: calls $6
*** FLOP *** [3c 7s Qc]
kevukas27: bets $100.59 and is all-in
LuckyShikari: calls $91 and is all-in
jeilsons: folds 
Uncalled bet ($9.59) returned to kevukas27
*** TURN *** [3c 7s Qc] [6c]
*** RIVER *** [3c 7s Qc 6c] [Kd]
*** SHOW DOWN ***
kevukas27: shows [Qs Jh] (a pair of Queens)
LuckyShikari: shows [Kh Qh] (two pair, Kings and Queens)
LuckyShikari cashed out the hand for $175.42 | Cash Out Fee $3.58
*** SUMMARY ***
Total pot $210.50 | Rake $2.50 
Board [3c 7s Qc 6c Kd]
Seat 1: jeilsons (button) folded on the Flop
Seat 2: cristiancoari24 (small blind) folded before Flop
Seat 3: Mr_Dick666 (big blind) folded before Flop
Seat 4: BumHuntKing folded before Flop (didn't bet)
Seat 5: kevukas27 showed [Qs Jh] and lost with a pair of Queens
Seat 6: LuckyShikari showed [Kh Qh] and won ($208) with two pair, Kings and Queens (pot not awarded as player cashed out)



PokerStars Hand #254289511309:  Hold'em No Limit ($0.50/$1.00 USD) - 2025/01/09 1:32:34 WET [2025/01/09 20:32:34 ET]
Table 'Erida II' 6-max Seat #2 is the button
Seat 1: jeilsons ($130.81 in chips) 
Seat 2: cristiancoari24 ($45.48 in chips) 
Seat 3: Mr_Dick666 ($100.22 in chips) 
Seat 4: BumHuntKing ($107.28 in chips) 
Seat 5: kevukas27 ($9.59 in chips) 
Seat 6: LuckyShikari ($175.42 in chips) 
Mr_Dick666: posts small blind $0.50
BumHuntKing: posts big blind $1
*** HOLE CARDS ***
kevukas27: raises $8.59 to $9.59 and is all-in
LuckyShikari: folds 
jeilsons: calls $9.59
cristiancoari24: folds 
Mr_Dick666: folds 
BumHuntKing: folds 
*** FLOP *** [5s 5h Ah]
*** TURN *** [5s 5h Ah] [7c]
*** RIVER *** [5s 5h Ah 7c] [3h]
*** SHOW DOWN ***
kevukas27: shows [Qh Kc] (a pair of Fives)
jeilsons: shows [Ad Qs] (two pair, Aces and Fives)
jeilsons collected $19.65 from pot
*** SUMMARY ***
Total pot $20.68 | Rake $1.03 
Board [5s 5h Ah 7c 3h]
Seat 1: jeilsons showed [Ad Qs] and won ($19.65) with two pair, Aces and Fives
Seat 2: cristiancoari24 (button) folded before Flop (didn't bet)
Seat 3: Mr_Dick666 (small blind) folded before Flop
Seat 4: BumHuntKing (big blind) folded before Flop
Seat 5: kevukas27 showed [Qh Kc] and lost with a pair of Fives
Seat 6: LuckyShikari folded before Flop (didn't bet)



PokerStars Hand #254289516882:  Hold'em No Limit ($0.50/$1.00 USD) - 2025/01/09 1:33:04 WET [2025/01/09 20:33:04 ET]
Table 'Erida II' 6-max Seat #3 is the button
Seat 1: jeilsons ($140.87 in chips) 
Seat 2: cristiancoari24 ($45.48 in chips) 
Seat 3: Mr_Dick666 ($100 in chips) 
Seat 4: BumHuntKing ($106.28 in chips) 
Seat 6: LuckyShikari ($175.42 in chips) 
BumHuntKing: posts small blind $0.50
LuckyShikari: posts big blind $1
*** HOLE CARDS ***
jeilsons: folds 
cristiancoari24: folds 
Mr_Dick666: folds 
BumHuntKing: raises $2 to $3
LuckyShikari: raises $8 to $11
jeilsons leaves the table
BumHuntKing: raises $95.28 to $106.28 and is all-in
LuckyShikari: folds 
Uncalled bet ($95.28) returned to BumHuntKing
BumHuntKing collected $22 from pot
BumHuntKing: doesn't show hand 
*** SUMMARY ***
Total pot $22 | Rake $0 
Seat 1: jeilsons folded before Flop (didn't bet)
Seat 2: cristiancoari24 folded before Flop (didn't bet)
Seat 3: Mr_Dick666 (button) folded before Flop (didn't bet)
Seat 4: BumHuntKing (small blind) collected ($22)
Seat 6: LuckyShikari (big blind) folded before Flop



PokerStars Hand #254289521429:  Hold'em No Limit ($0.50/$1.00 USD) - 2025/01/09 1:33:28 WET [2025/01/09 20:33:28 ET]
Table 'Erida II' 6-max Seat #4 is the button
Seat 2: cristiancoari24 ($45.48 in chips) 
Seat 3: Mr_Dick666 ($100 in chips) 
Seat 4: BumHuntKing ($117.28 in chips) 
Seat 6: LuckyShikari ($164.42 in chips) 
LuckyShikari: posts small blind $0.50
cristiancoari24: posts big blind $1
*** HOLE CARDS ***
Mr_Dick666: folds 
BumHuntKing: folds 
abramovich87 joins the table at seat #5 
LuckyShikari: folds 
Uncalled bet ($0.50) returned to cristiancoari24
cristiancoari24 collected $1 from pot
*** SUMMARY ***
Total pot $1 | Rake $0 
Seat 2: cristiancoari24 (big blind) collected ($1)
Seat 3: Mr_Dick666 folded before Flop (didn't bet)
Seat 4: BumHuntKing (button) folded before Flop (didn't bet)
Seat 6: LuckyShikari (small blind) folded before Flop



PokerStars Hand #254289523601:  Hold'em No Limit ($0.50/$1.00 USD) - 2025/01/09 1:33:39 WET [2025/01/09 20:33:39 ET]
Table 'Erida II' 6-max Seat #6 is the button
Seat 5: abramovich87 ($100 in chips) is sitting out
Seat 2: cristiancoari24 ($45.98 in chips) 
Seat 3: Mr_Dick666 ($100 in chips) 
Seat 4: BumHuntKing ($117.28 in chips) 
Seat 6: LuckyShikari ($163.92 in chips) 
cristiancoari24: posts small blind $0.50
Mr_Dick666: posts big blind $1
abramovich87: sits out 
*** HOLE CARDS ***
BumHuntKing: folds 
rrrro joins the table at seat #1 
LuckyShikari: folds 
cristiancoari24: calls $0.50
Mr_Dick666: checks 
*** FLOP *** [9d 8h Ad]
cristiancoari24: checks 
Mr_Dick666: checks 
*** TURN *** [9d 8h Ad] [Jh]
cristiancoari24: checks 
Mr_Dick666: bets $1
cristiancoari24: raises $3.90 to $4.90
Mr_Dick666: folds 
Uncalled bet ($3.90) returned to cristiancoari24
cristiancoari24 collected $3.80 from pot
*** SUMMARY ***
Total pot $4 | Rake $0.20 
Board [9d 8h Ad Jh]
Seat 5: abramovich87
Seat 2: cristiancoari24 (small blind) collected ($3.80)
Seat 3: Mr_Dick666 (big blind) folded on the Turn
Seat 4: BumHuntKing folded before Flop (didn't bet)
Seat 6: LuckyShikari (button) folded before Flop (didn't bet)



PokerStars Hand #254289530373:  Hold'em No Limit ($0.50/$1.00 USD) - 2025/01/09 1:34:16 WET [2025/01/09 20:34:16 ET]
Table 'Erida II' 6-max Seat #2 is the button
Seat 1: rrrro ($100 in chips) is sitting out
Seat 5: abramovich87 ($100 in chips) is sitting out
Seat 2: cristiancoari24 ($47.78 in chips) 
Seat 3: Mr_Dick666 ($100 in chips) 
Seat 4: BumHuntKing ($117.28 in chips) 
Seat 6: LuckyShikari ($163.92 in chips) 
Mr_Dick666: posts small blind $0.50
BumHuntKing: posts big blind $1
abramovich87: sits out 
rrrro: sits out 
*** HOLE CARDS ***
LuckyShikari: raises $1.25 to $2.25
cristiancoari24: folds 
Mr_Dick666: folds 
BumHuntKing: folds 
Uncalled bet ($1.25) returned to LuckyShikari
LuckyShikari collected $2.50 from pot
LuckyShikari: doesn't show hand 
*** SUMMARY ***
Total pot $2.50 | Rake $0 
Seat 1: rrrro
Seat 5: abramovich87
Seat 2: cristiancoari24 (button) folded before Flop (didn't bet)
Seat 3: Mr_Dick666 (small blind) folded before Flop
Seat 4: BumHuntKing (big blind) folded before Flop
Seat 6: LuckyShikari collected ($2.50)



PokerStars Hand #254289532710:  Hold'em No Limit ($0.50/$1.00 USD) - 2025/01/09 1:34:28 WET [2025/01/09 20:34:28 ET]
Table 'Erida II' 6-max Seat #3 is the button
Seat 1: rrrro ($100 in chips) is sitting out
Seat 2: cristiancoari24 ($47.78 in chips) 
Seat 3: Mr_Dick666 ($100 in chips) 
Seat 4: BumHuntKing ($116.28 in chips) 
Seat 5: abramovich87 ($100 in chips) 
Seat 6: LuckyShikari ($165.42 in chips) 
BumHuntKing: posts small blind $0.50
abramovich87: posts big blind $1
rrrro: sits out 
*** HOLE CARDS ***
LuckyShikari: folds 
cristiancoari24: folds 
Mr_Dick666: folds 
BumHuntKing: raises $2 to $3
abramovich87: folds 
Uncalled bet ($2) returned to BumHuntKing
BumHuntKing collected $2 from pot
BumHuntKing: doesn't show hand 
*** SUMMARY ***
Total pot $2 | Rake $0 
Seat 1: rrrro
Seat 2: cristiancoari24 folded before Flop (didn't bet)
Seat 3: Mr_Dick666 (button) folded before Flop (didn't bet)
Seat 4: BumHuntKing (small blind) collected ($2)
Seat 5: abramovich87 (big blind) folded before Flop
Seat 6: LuckyShikari folded before Flop (didn't bet)



PokerStars Hand #254289535778:  Hold'em No Limit ($0.50/$1.00 USD) - 2025/01/09 1:34:45 WET [2025/01/09 20:34:45 ET]
Table 'Erida II' 6-max Seat #4 is the button
Seat 1: rrrro ($100 in chips) is sitting out
Seat 2: cristiancoari24 ($47.78 in chips) 
Seat 3: Mr_Dick666 ($100 in chips) 
Seat 4: BumHuntKing ($117.28 in chips) 
Seat 5: abramovich87 ($100 in chips) 
Seat 6: LuckyShikari ($165.42 in chips) 
abramovich87: posts small blind $0.50
LuckyShikari: posts big blind $1
rrrro: sits out 
*** HOLE CARDS ***
cristiancoari24: folds 
Mr_Dick666: folds 
BumHuntKing: raises $1.50 to $2.50
abramovich87: folds 
LuckyShikari: folds 
Uncalled bet ($1.50) returned to BumHuntKing
BumHuntKing collected $2.50 from pot
BumHuntKing: doesn't show hand 
*** SUMMARY ***
Total pot $2.50 | Rake $0 
Seat 1: rrrro
Seat 2: cristiancoari24 folded before Flop (didn't bet)
Seat 3: Mr_Dick666 folded before Flop (didn't bet)
Seat 4: BumHuntKing (button) collected ($2.50)
Seat 5: abramovich87 (small blind) folded before Flop
Seat 6: LuckyShikari (big blind) folded before Flop



PokerStars Hand #254289540590:  Hold'em No Limit ($0.50/$1.00 USD) - 2025/01/09 1:35:11 WET [2025/01/09 20:35:11 ET]
Table 'Erida II' 6-max Seat #5 is the button
Seat 1: rrrro ($100 in chips) 
Seat 2: cristiancoari24 ($47.78 in chips) 
Seat 3: Mr_Dick666 ($100 in chips) 
Seat 4: BumHuntKing ($118.78 in chips) 
Seat 5: abramovich87 ($100 in chips) 
Seat 6: LuckyShikari ($164.42 in chips) 
LuckyShikari: posts small blind $0.50
rrrro: posts big blind $1
*** HOLE CARDS ***
cristiancoari24: calls $1
Mr_Dick666: folds 
BumHuntKing: folds 
abramovich87: raises $3.50 to $4.50
LuckyShikari: folds 
rrrro: folds 
cristiancoari24: calls $3.50
*** FLOP *** [As Jh 2s]
cristiancoari24: checks 
abramovich87: bets $2.50
cristiancoari24: folds 
Uncalled bet ($2.50) returned to abramovich87
abramovich87 collected $9.98 from pot
abramovich87: doesn't show hand 
*** SUMMARY ***
Total pot $10.50 | Rake $0.52 
Board [As Jh 2s]
Seat 1: rrrro (big blind) folded before Flop
Seat 2: cristiancoari24 folded on the Flop
Seat 3: Mr_Dick666 folded before Flop (didn't bet)
Seat 4: BumHuntKing folded before Flop (didn't bet)
Seat 5: abramovich87 (button) collected ($9.98)
Seat 6: LuckyShikari (small blind) folded before Flop



PokerStars Hand #254289550376:  Hold'em No Limit ($0.50/$1.00 USD) - 2025/01/09 1:36:04 WET [2025/01/09 20:36:04 ET]
Table 'Erida II' 6-max Seat #6 is the button
Seat 1: rrrro ($100 in chips) 
Seat 2: cristiancoari24 ($43.28 in chips) 
Seat 3: Mr_Dick666 ($100 in chips) 
Seat 4: BumHuntKing ($118.78 in chips) 
Seat 5: abramovich87 ($105.48 in chips) 
Seat 6: LuckyShikari ($163.92 in chips) 
rrrro: posts small blind $0.50
cristiancoari24: posts big blind $1
*** HOLE CARDS ***
Mr_Dick666: folds 
BumHuntKing: folds 
abramovich87: folds 
LuckyShikari: folds 
rrrro: raises $2 to $3
cristiancoari24: folds 
Uncalled bet ($2) returned to rrrro
rrrro collected $2 from pot
rrrro: doesn't show hand 
*** SUMMARY ***
Total pot $2 | Rake $0 
Seat 1: rrrro (small blind) collected ($2)
Seat 2: cristiancoari24 (big blind) folded before Flop
Seat 3: Mr_Dick666 folded before Flop (didn't bet)
Seat 4: BumHuntKing folded before Flop (didn't bet)
Seat 5: abramovich87 folded before Flop (didn't bet)
Seat 6: LuckyShikari (button) folded before Flop (didn't bet)



PokerStars Hand #254289553014:  Hold'em No Limit ($0.50/$1.00 USD) - 2025/01/09 1:36:18 WET [2025/01/09 20:36:18 ET]
Table 'Erida II' 6-max Seat #1 is the button
Seat 1: rrrro ($101 in chips) 
Seat 2: cristiancoari24 ($42.28 in chips) 
Seat 3: Mr_Dick666 ($100 in chips) 
Seat 4: BumHuntKing ($118.78 in chips) 
Seat 5: abramovich87 ($105.48 in chips) 
Seat 6: LuckyShikari ($163.92 in chips) 
cristiancoari24: posts small blind $0.50
Mr_Dick666: posts big blind $1
*** HOLE CARDS ***
BumHuntKing: folds 
abramovich87: raises $2 to $3
LuckyShikari: folds 
rrrro: raises $6 to $9
cristiancoari24: folds 
Mr_Dick666: folds 
abramovich87: folds 
Uncalled bet ($6) returned to rrrro
rrrro collected $7.50 from pot
rrrro: doesn't show hand 
*** SUMMARY ***
Total pot $7.50 | Rake $0 
Seat 1: rrrro (button) collected ($7.50)
Seat 2: cristiancoari24 (small blind) folded before Flop
Seat 3: Mr_Dick666 (big blind) folded before Flop
Seat 4: BumHuntKing folded before Flop (didn't bet)
Seat 5: abramovich87 folded before Flop
Seat 6: LuckyShikari folded before Flop (didn't bet)



PokerStars Hand #254289558414:  Hold'em No Limit ($0.50/$1.00 USD) - 2025/01/09 1:36:47 WET [2025/01/09 20:36:47 ET]
Table 'Erida II' 6-max Seat #2 is the button
Seat 1: rrrro ($105.50 in chips) 
Seat 2: cristiancoari24 ($41.78 in chips) 
Seat 3: Mr_Dick666 ($100 in chips) 
Seat 4: BumHuntKing ($118.78 in chips) 
Seat 5: abramovich87 ($102.48 in chips) 
Seat 6: LuckyShikari ($163.92 in chips) 
Mr_Dick666: posts small blind $0.50
BumHuntKing: posts big blind $1
*** HOLE CARDS ***
abramovich87: folds 
LuckyShikari: folds 
rrrro: folds 
cristiancoari24: calls $1
Mr_Dick666: folds 
BumHuntKing: checks 
*** FLOP *** [Qc Ah 6c]
BumHuntKing: checks 
cristiancoari24: bets $2.38
BumHuntKing: folds 
Uncalled bet ($2.38) returned to cristiancoari24
cristiancoari24 collected $2.38 from pot
*** SUMMARY ***
Total pot $2.50 | Rake $0.12 
Board [Qc Ah 6c]
Seat 1: rrrro folded before Flop (didn't bet)
Seat 2: cristiancoari24 (button) collected ($2.38)
Seat 3: Mr_Dick666 (small blind) folded before Flop
Seat 4: BumHuntKing (big blind) folded on the Flop
Seat 5: abramovich87 folded before Flop (didn't bet)
Seat 6: LuckyShikari folded before Flop (didn't bet)



PokerStars Hand #254289563360:  Hold'em No Limit ($0.50/$1.00 USD) - 2025/01/09 1:37:13 WET [2025/01/09 20:37:13 ET]
Table 'Erida II' 6-max Seat #3 is the button
Seat 1: rrrro ($105.50 in chips) 
Seat 2: cristiancoari24 ($43.16 in chips) 
Seat 3: Mr_Dick666 ($100 in chips) 
Seat 4: BumHuntKing ($117.78 in chips) 
Seat 5: abramovich87 ($102.48 in chips) 
Seat 6: LuckyShikari ($163.92 in chips) 
BumHuntKing: posts small blind $0.50
abramovich87: posts big blind $1
*** HOLE CARDS ***
LuckyShikari: folds 
rrrro: folds 
cristiancoari24: folds 
Mr_Dick666: folds 
BumHuntKing: raises $2 to $3
abramovich87: calls $2
*** FLOP *** [9s 4h Ad]
BumHuntKing: checks 
abramovich87: bets $1.88
BumHuntKing: folds 
Uncalled bet ($1.88) returned to abramovich87
abramovich87 collected $5.70 from pot
abramovich87: doesn't show hand 
*** SUMMARY ***
Total pot $6 | Rake $0.30 
Board [9s 4h Ad]
Seat 1: rrrro folded before Flop (didn't bet)
Seat 2: cristiancoari24 folded before Flop (didn't bet)
Seat 3: Mr_Dick666 (button) folded before Flop (didn't bet)
Seat 4: BumHuntKing (small blind) folded on the Flop
Seat 5: abramovich87 (big blind) collected ($5.70)
Seat 6: LuckyShikari folded before Flop (didn't bet)



PokerStars Hand #254289567506:  Hold'em No Limit ($0.50/$1.00 USD) - 2025/01/09 1:37:35 WET [2025/01/09 20:37:35 ET]
Table 'Erida II' 6-max Seat #4 is the button
Seat 1: rrrro ($105.50 in chips) 
Seat 2: cristiancoari24 ($43.16 in chips) 
Seat 3: Mr_Dick666 ($100 in chips) 
Seat 4: BumHuntKing ($114.78 in chips) 
Seat 5: abramovich87 ($105.18 in chips) 
Seat 6: LuckyShikari ($163.92 in chips) 
abramovich87: posts small blind $0.50
LuckyShikari: posts big blind $1
*** HOLE CARDS ***
rrrro: folds 
cristiancoari24: folds 
Mr_Dick666: folds 
BumHuntKing: raises $1.50 to $2.50
abramovich87: folds 
LuckyShikari: folds 
Uncalled bet ($1.50) returned to BumHuntKing
BumHuntKing collected $2.50 from pot
BumHuntKing: doesn't show hand 
*** SUMMARY ***
Total pot $2.50 | Rake $0 
Seat 1: rrrro folded before Flop (didn't bet)
Seat 2: cristiancoari24 folded before Flop (didn't bet)
Seat 3: Mr_Dick666 folded before Flop (didn't bet)
Seat 4: BumHuntKing (button) collected ($2.50)
Seat 5: abramovich87 (small blind) folded before Flop
Seat 6: LuckyShikari (big blind) folded before Flop



PokerStars Hand #254289571636:  Hold'em No Limit ($0.50/$1.00 USD) - 2025/01/09 1:37:57 WET [2025/01/09 20:37:57 ET]
Table 'Erida II' 6-max Seat #5 is the button
Seat 1: rrrro ($105.50 in chips) 
Seat 2: cristiancoari24 ($43.16 in chips) 
Seat 3: Mr_Dick666 ($100 in chips) 
Seat 4: BumHuntKing ($116.28 in chips) 
Seat 5: abramovich87 ($104.68 in chips) 
Seat 6: LuckyShikari ($162.92 in chips) 
LuckyShikari: posts small blind $0.50
rrrro: posts big blind $1
*** HOLE CARDS ***
cristiancoari24: folds 
Mr_Dick666: folds 
BumHuntKing: raises $1.20 to $2.20
abramovich87: folds 
LuckyShikari: folds 
rrrro: folds 
Uncalled bet ($1.20) returned to BumHuntKing
BumHuntKing collected $2.50 from pot
BumHuntKing: doesn't show hand 
*** SUMMARY ***
Total pot $2.50 | Rake $0 
Seat 1: rrrro (big blind) folded before Flop
Seat 2: cristiancoari24 folded before Flop (didn't bet)
Seat 3: Mr_Dick666 folded before Flop (didn't bet)
Seat 4: BumHuntKing collected ($2.50)
Seat 5: abramovich87 (button) folded before Flop (didn't bet)
Seat 6: LuckyShikari (small blind) folded before Flop



PokerStars Hand #254289576501:  Hold'em No Limit ($0.50/$1.00 USD) - 2025/01/09 1:38:23 WET [2025/01/09 20:38:23 ET]
Table 'Erida II' 6-max Seat #6 is the button
Seat 1: rrrro ($104.50 in chips) 
Seat 2: cristiancoari24 ($43.16 in chips) 
Seat 3: Mr_Dick666 ($100 in chips) 
Seat 4: BumHuntKing ($117.78 in chips) 
Seat 5: abramovich87 ($104.68 in chips) 
Seat 6: LuckyShikari ($162.42 in chips) 
rrrro: posts small blind $0.50
cristiancoari24: posts big blind $1
*** HOLE CARDS ***
Mr_Dick666: folds 
BumHuntKing: folds 
abramovich87: folds 
LuckyShikari: folds 
rrrro: raises $2 to $3
cristiancoari24: calls $2
*** FLOP *** [7d Tc Jc]
rrrro: bets $1.43
cristiancoari24: calls $1.43
*** TURN *** [7d Tc Jc] [Ad]
rrrro: checks 
cristiancoari24: checks 
*** RIVER *** [7d Tc Jc Ad] [6s]
rrrro: bets $2.11
cristiancoari24: calls $2.11
*** SHOW DOWN ***
rrrro: shows [Jd 5d] (a pair of Jacks)
cristiancoari24: mucks hand 
rrrro collected $12.43 from pot
*** SUMMARY ***
Total pot $13.08 | Rake $0.65 
Board [7d Tc Jc Ad 6s]
Seat 1: rrrro (small blind) showed [Jd 5d] and won ($12.43) with a pair of Jacks
Seat 2: cristiancoari24 (big blind) mucked
Seat 3: Mr_Dick666 folded before Flop (didn't bet)
Seat 4: BumHuntKing folded before Flop (didn't bet)
Seat 5: abramovich87 folded before Flop (didn't bet)
Seat 6: LuckyShikari (button) folded before Flop (didn't bet)



PokerStars Hand #254289588430:  Hold'em No Limit ($0.50/$1.00 USD) - 2025/01/09 1:39:27 WET [2025/01/09 20:39:27 ET]
Table 'Erida II' 6-max Seat #1 is the button
Seat 1: rrrro ($110.39 in chips) 
Seat 2: cristiancoari24 ($36.62 in chips) 
Seat 3: Mr_Dick666 ($100 in chips) 
Seat 4: BumHuntKing ($117.78 in chips) 
Seat 5: abramovich87 ($104.68 in chips) 
Seat 6: LuckyShikari ($162.42 in chips) 
cristiancoari24: posts small blind $0.50
Mr_Dick666: posts big blind $1
*** HOLE CARDS ***
BumHuntKing: folds 
abramovich87: folds 
LuckyShikari: folds 
rrrro: raises $1.50 to $2.50
cristiancoari24: folds 
Mr_Dick666: calls $1.50
*** FLOP *** [Tc 6d Ah]
Mr_Dick666: checks 
rrrro: bets $1.30
Mr_Dick666: calls $1.30
*** TURN *** [Tc 6d Ah] [Jd]
Mr_Dick666: checks 
rrrro: checks 
*** RIVER *** [Tc 6d Ah Jd] [5d]
Mr_Dick666: checks 
rrrro has timed out
rrrro: checks 
*** SHOW DOWN ***
Mr_Dick666: shows [As 9h] (a pair of Aces)
rrrro: mucks hand 
Mr_Dick666 collected $7.70 from pot
*** SUMMARY ***
Total pot $8.10 | Rake $0.40 
Board [Tc 6d Ah Jd 5d]
Seat 1: rrrro (button) mucked
Seat 2: cristiancoari24 (small blind) folded before Flop
Seat 3: Mr_Dick666 (big blind) showed [As 9h] and won ($7.70) with a pair of Aces
Seat 4: BumHuntKing folded before Flop (didn't bet)
Seat 5: abramovich87 folded before Flop (didn't bet)
Seat 6: LuckyShikari folded before Flop (didn't bet)



PokerStars Hand #254289607136:  Hold'em No Limit ($0.50/$1.00 USD) - 2025/01/09 1:41:09 WET [2025/01/09 20:41:09 ET]
Table 'Erida II' 6-max Seat #2 is the button
Seat 1: rrrro ($106.59 in chips) 
Seat 2: cristiancoari24 ($36.12 in chips) 
Seat 3: Mr_Dick666 ($103.90 in chips) 
Seat 4: BumHuntKing ($117.78 in chips) 
Seat 5: abramovich87 ($104.68 in chips) 
Seat 6: LuckyShikari ($162.42 in chips) 
Mr_Dick666: posts small blind $0.50
BumHuntKing: posts big blind $1
*** HOLE CARDS ***
abramovich87: folds 
abramovich87 leaves the table
LuckyShikari: folds 
rrrro: folds 
BeauParleur joins the table at seat #5 
cristiancoari24: calls $1
Mr_Dick666: folds 
BumHuntKing: raises $4 to $5
cristiancoari24: calls $4
*** FLOP *** [Qc Ac Jh]
BumHuntKing: bets $2.50
cristiancoari24: calls $2.50
*** TURN *** [Qc Ac Jh] [Ts]
BumHuntKing: checks 
cristiancoari24: bets $28.62 and is all-in
BumHuntKing: calls $28.62
*** RIVER *** [Qc Ac Jh Ts] [8h]
*** SHOW DOWN ***
BumHuntKing: shows [As Kc] (a straight, Ten to Ace)
cristiancoari24: shows [Ks 7c] (a straight, Ten to Ace)
BumHuntKing collected $35.12 from pot
cristiancoari24 collected $35.12 from pot
*** SUMMARY ***
Total pot $72.74 | Rake $2.50 
Board [Qc Ac Jh Ts 8h]
Seat 1: rrrro folded before Flop (didn't bet)
Seat 2: cristiancoari24 (button) showed [Ks 7c] and won ($35.12) with a straight, Ten to Ace
Seat 3: Mr_Dick666 (small blind) folded before Flop
Seat 4: BumHuntKing (big blind) showed [As Kc] and won ($35.12) with a straight, Ten to Ace
Seat 5: abramovich87 folded before Flop (didn't bet)
Seat 6: LuckyShikari folded before Flop (didn't bet)



PokerStars Hand #254289617068:  Hold'em No Limit ($0.50/$1.00 USD) - 2025/01/09 1:42:03 WET [2025/01/09 20:42:03 ET]
Table 'Erida II' 6-max Seat #3 is the button
Seat 1: rrrro ($106.59 in chips) 
Seat 2: cristiancoari24 ($35.12 in chips) 
Seat 3: Mr_Dick666 ($103.40 in chips) 
Seat 4: BumHuntKing ($116.78 in chips) 
Seat 5: BeauParleur ($100 in chips) 
Seat 6: LuckyShikari ($162.42 in chips) 
BumHuntKing: posts small blind $0.50
BeauParleur: posts big blind $1
*** HOLE CARDS ***
LuckyShikari: folds 
rrrro: raises $1 to $2
cristiancoari24: folds 
Mr_Dick666: folds 
BumHuntKing: folds 
BeauParleur: folds 
Uncalled bet ($1) returned to rrrro
rrrro collected $2.50 from pot
rrrro: doesn't show hand 
*** SUMMARY ***
Total pot $2.50 | Rake $0 
Seat 1: rrrro collected ($2.50)
Seat 2: cristiancoari24 folded before Flop (didn't bet)
Seat 3: Mr_Dick666 (button) folded before Flop (didn't bet)
Seat 4: BumHuntKing (small blind) folded before Flop
Seat 5: BeauParleur (big blind) folded before Flop
Seat 6: LuckyShikari folded before Flop (didn't bet)



PokerStars Hand #254289619925:  Hold'em No Limit ($0.50/$1.00 USD) - 2025/01/09 1:42:19 WET [2025/01/09 20:42:19 ET]
Table 'Erida II' 6-max Seat #4 is the button
Seat 1: rrrro ($108.09 in chips) 
Seat 2: cristiancoari24 ($35.12 in chips) 
Seat 3: Mr_Dick666 ($103.40 in chips) 
Seat 4: BumHuntKing ($116.28 in chips) 
Seat 5: BeauParleur ($100 in chips) 
Seat 6: LuckyShikari ($162.42 in chips) 
BeauParleur: posts small blind $0.50
LuckyShikari: posts big blind $1
*** HOLE CARDS ***
rrrro: folds 
cristiancoari24: folds 
Mr_Dick666: folds 
BumHuntKing: raises $1.50 to $2.50
BeauParleur: folds 
LuckyShikari: calls $1.50
*** FLOP *** [Ad Tc Kd]
LuckyShikari: checks 
BumHuntKing: bets $1.72
LuckyShikari: calls $1.72
*** TURN *** [Ad Tc Kd] [Qs]
LuckyShikari: bets $8.49
BumHuntKing: calls $8.49
*** RIVER *** [Ad Tc Kd Qs] [Jh]
LuckyShikari: checks 
BumHuntKing: checks 
*** SHOW DOWN ***
LuckyShikari: shows [Jd Ts] (a straight, Ten to Ace)
BumHuntKing: shows [8d 5d] (a straight, Ten to Ace)
LuckyShikari collected $12.31 from pot
BumHuntKing collected $12.31 from pot
*** SUMMARY ***
Total pot $25.92 | Rake $1.30 
Board [Ad Tc Kd Qs Jh]
Seat 1: rrrro folded before Flop (didn't bet)
Seat 2: cristiancoari24 folded before Flop (didn't bet)
Seat 3: Mr_Dick666 folded before Flop (didn't bet)
Seat 4: BumHuntKing (button) showed [8d 5d] and won ($12.31) with a straight, Ten to Ace
Seat 5: BeauParleur (small blind) folded before Flop
Seat 6: LuckyShikari (big blind) showed [Jd Ts] and won ($12.31) with a straight, Ten to Ace



PokerStars Hand #254289629405:  Hold'em No Limit ($0.50/$1.00 USD) - 2025/01/09 1:43:11 WET [2025/01/09 20:43:11 ET]
Table 'Erida II' 6-max Seat #5 is the button
Seat 1: rrrro ($108.09 in chips) 
Seat 2: cristiancoari24 ($35.12 in chips) 
Seat 3: Mr_Dick666 ($103.40 in chips) 
Seat 4: BumHuntKing ($115.88 in chips) 
Seat 5: BeauParleur ($100 in chips) 
Seat 6: LuckyShikari ($162.02 in chips) 
LuckyShikari: posts small blind $0.50
rrrro: posts big blind $1
*** HOLE CARDS ***
cristiancoari24: calls $1
Mr_Dick666: folds 
BumHuntKing: folds 
BeauParleur: raises $3 to $4
LuckyShikari: folds 
rrrro: folds 
cristiancoari24: calls $3
*** FLOP *** [7c 7h 6h]
cristiancoari24: checks 
BeauParleur: bets $4.51
cristiancoari24: calls $4.51
*** TURN *** [7c 7h 6h] [2d]
cristiancoari24: checks 
BeauParleur: bets $8.80
cristiancoari24: folds 
Uncalled bet ($8.80) returned to BeauParleur
BeauParleur collected $17.59 from pot
BeauParleur: doesn't show hand 
*** SUMMARY ***
Total pot $18.52 | Rake $0.93 
Board [7c 7h 6h 2d]
Seat 1: rrrro (big blind) folded before Flop
Seat 2: cristiancoari24 folded on the Turn
Seat 3: Mr_Dick666 folded before Flop (didn't bet)
Seat 4: BumHuntKing folded before Flop (didn't bet)
Seat 5: BeauParleur (button) collected ($17.59)
Seat 6: LuckyShikari (small blind) folded before Flop



PokerStars Hand #254289642977:  Hold'em No Limit ($0.50/$1.00 USD) - 2025/01/09 1:44:27 WET [2025/01/09 20:44:27 ET]
Table 'Erida II' 6-max Seat #6 is the button
Seat 1: rrrro ($107.09 in chips) 
Seat 2: cristiancoari24 ($26.61 in chips) 
Seat 3: Mr_Dick666 ($103.40 in chips) 
Seat 4: BumHuntKing ($115.88 in chips) 
Seat 5: BeauParleur ($109.08 in chips) 
Seat 6: LuckyShikari ($161.52 in chips) 
rrrro: posts small blind $0.50
cristiancoari24: posts big blind $1
*** HOLE CARDS ***
Mr_Dick666: raises $1 to $2
BumHuntKing: folds 
BeauParleur: raises $4.50 to $6.50
LuckyShikari: folds 
rrrro: folds 
cristiancoari24: folds 
Mr_Dick666: folds 
Uncalled bet ($4.50) returned to BeauParleur
BeauParleur collected $5.50 from pot
BeauParleur: doesn't show hand 
*** SUMMARY ***
Total pot $5.50 | Rake $0 
Seat 1: rrrro (small blind) folded before Flop
Seat 2: cristiancoari24 (big blind) folded before Flop
Seat 3: Mr_Dick666 folded before Flop
Seat 4: BumHuntKing folded before Flop (didn't bet)
Seat 5: BeauParleur collected ($5.50)
Seat 6: LuckyShikari (button) folded before Flop (didn't bet)



PokerStars Hand #254289647788:  Hold'em No Limit ($0.50/$1.00 USD) - 2025/01/09 1:44:53 WET [2025/01/09 20:44:53 ET]
Table 'Erida II' 6-max Seat #1 is the button
Seat 1: rrrro ($106.59 in chips) 
Seat 2: cristiancoari24 ($25.61 in chips) 
Seat 3: Mr_Dick666 ($101.40 in chips) 
Seat 4: BumHuntKing ($115.88 in chips) 
Seat 5: BeauParleur ($112.58 in chips) 
Seat 6: LuckyShikari ($161.52 in chips) 
cristiancoari24: posts small blind $0.50
Mr_Dick666: posts big blind $1
*** HOLE CARDS ***
BumHuntKing: folds 
BeauParleur: folds 
LuckyShikari: raises $1.50 to $2.50
rrrro: folds 
cristiancoari24: raises $23.11 to $25.61 and is all-in
Mr_Dick666: folds 
LuckyShikari: folds 
Uncalled bet ($23.11) returned to cristiancoari24
cristiancoari24 collected $6 from pot
*** SUMMARY ***
Total pot $6 | Rake $0 
Seat 1: rrrro (button) folded before Flop (didn't bet)
Seat 2: cristiancoari24 (small blind) collected ($6)
Seat 3: Mr_Dick666 (big blind) folded before Flop
Seat 4: BumHuntKing folded before Flop (didn't bet)
Seat 5: BeauParleur folded before Flop (didn't bet)
Seat 6: LuckyShikari folded before Flop



PokerStars Hand #254289653531:  Hold'em No Limit ($0.50/$1.00 USD) - 2025/01/09 1:45:25 WET [2025/01/09 20:45:25 ET]
Table 'Erida II' 6-max Seat #2 is the button
Seat 1: rrrro ($106.59 in chips) 
Seat 2: cristiancoari24 ($29.11 in chips) 
Seat 3: Mr_Dick666 ($100.40 in chips) 
Seat 4: BumHuntKing ($115.88 in chips) 
Seat 5: BeauParleur ($112.58 in chips) 
Seat 6: LuckyShikari ($159.02 in chips) 
Mr_Dick666: posts small blind $0.50
BumHuntKing: posts big blind $1
*** HOLE CARDS ***
BeauParleur: raises $1 to $2
LuckyShikari: folds 
rrrro: folds 
cristiancoari24: raises $27.11 to $29.11 and is all-in
Mr_Dick666: folds 
BumHuntKing: folds 
BeauParleur: calls $27.11
cristiancoari24 has timed out
*** FLOP *** [Jh Ah 2s]
*** TURN *** [Jh Ah 2s] [6s]
*** RIVER *** [Jh Ah 2s 6s] [3d]
*** SHOW DOWN ***
BeauParleur: shows [Ad Jd] (two pair, Aces and Jacks)
cristiancoari24: shows [Kd Qh] (high card Ace)
BeauParleur collected $57.22 from pot
*** SUMMARY ***
Total pot $59.72 | Rake $2.50 
Board [Jh Ah 2s 6s 3d]
Seat 1: rrrro folded before Flop (didn't bet)
Seat 2: cristiancoari24 (button) showed [Kd Qh] and lost with high card Ace
Seat 3: Mr_Dick666 (small blind) folded before Flop
Seat 4: BumHuntKing (big blind) folded before Flop
Seat 5: BeauParleur showed [Ad Jd] and won ($57.22) with two pair, Aces and Jacks
Seat 6: LuckyShikari folded before Flop (didn't bet)



PokerStars Hand #254289662892:  Hold'em No Limit ($0.50/$1.00 USD) - 2025/01/09 1:46:18 WET [2025/01/09 20:46:18 ET]
Table 'Erida II' 6-max Seat #3 is the button
Seat 2: cristiancoari24 ($0 in chips) is sitting out
Seat 1: rrrro ($106.59 in chips) 
Seat 3: Mr_Dick666 ($100 in chips) 
Seat 4: BumHuntKing ($114.88 in chips) 
Seat 5: BeauParleur ($140.69 in chips) 
Seat 6: LuckyShikari ($159.02 in chips) 
BumHuntKing: posts small blind $0.50
BeauParleur: posts big blind $1
*** HOLE CARDS ***
LuckyShikari: folds 
rrrro: folds 
Mr_Dick666: folds 
BumHuntKing: raises $2 to $3
BeauParleur: raises $7 to $10
cristiancoari24 leaves the table
LuckyShikari leaves the table
BumHuntKing: calls $7
*** FLOP *** [3c Qh Js]
BumHuntKing: checks 
BeauParleur: bets $9.50
BumHuntKing: calls $9.50
*** TURN *** [3c Qh Js] [Ah]
BumHuntKing: checks 
BeauParleur: bets $27.79
BumHuntKing: folds 
Uncalled bet ($27.79) returned to BeauParleur
BeauParleur collected $37.05 from pot
BeauParleur: doesn't show hand 
*** SUMMARY ***
Total pot $39 | Rake $1.95 
Board [3c Qh Js Ah]
Seat 2: cristiancoari24
Seat 1: rrrro folded before Flop (didn't bet)
Seat 3: Mr_Dick666 (button) folded before Flop (didn't bet)
Seat 4: BumHuntKing (small blind) folded on the Turn
Seat 5: BeauParleur (big blind) collected ($37.05)
Seat 6: LuckyShikari folded before Flop (didn't bet)



PokerStars Hand #254289675793:  Hold'em No Limit ($0.50/$1.00 USD) - 2025/01/09 1:47:30 WET [2025/01/09 20:47:30 ET]
Table 'Erida II' 6-max Seat #4 is the button
Seat 1: rrrro ($106.59 in chips) 
Seat 3: Mr_Dick666 ($100 in chips) 
Seat 4: BumHuntKing ($100 in chips) 
Seat 5: BeauParleur ($158.24 in chips) 
BeauParleur: posts small blind $0.50
rrrro: posts big blind $1
*** HOLE CARDS ***
Mr_Dick666: folds 
BumHuntKing: folds 
BeauParleur: raises $2 to $3
rrrro: calls $2
*** FLOP *** [Ac 6c Jh]
BeauParleur: bets $7.13
rrrro: calls $7.13
*** TURN *** [Ac 6c Jh] [Th]
BeauParleur: bets $14.45
rrrro: calls $14.45
*** RIVER *** [Ac 6c Jh Th] [7s]
BeauParleur: bets $15.89
rrrro has timed out
rrrro: folds 
Uncalled bet ($15.89) returned to BeauParleur
BeauParleur collected $48.16 from pot
BeauParleur: doesn't show hand 
*** SUMMARY ***
Total pot $49.16 | Rake $1 
Board [Ac 6c Jh Th 7s]
Seat 1: rrrro (big blind) folded on the River
Seat 3: Mr_Dick666 folded before Flop (didn't bet)
Seat 4: BumHuntKing (button) folded before Flop (didn't bet)
Seat 5: BeauParleur (small blind) collected ($48.16)



PokerStars Hand #254289695864:  Hold'em No Limit ($0.50/$1.00 USD) - 2025/01/09 1:49:21 WET [2025/01/09 20:49:21 ET]
Table 'Erida II' 6-max Seat #1 is the button
Seat 3: Mr_Dick666 ($100 in chips) is sitting out
Seat 4: BumHuntKing ($100 in chips) is sitting out
Seat 1: rrrro ($100 in chips) 
Seat 5: BeauParleur ($181.82 in chips) 
rrrro: posts small blind $0.50
Mr_Dick666: is sitting out 
BumHuntKing: is sitting out 
BeauParleur: posts big blind $1
*** HOLE CARDS ***
rrrro: folds 
Uncalled bet ($0.50) returned to BeauParleur
BeauParleur collected $1 from pot
BeauParleur: doesn't show hand 
*** SUMMARY ***
Total pot $1 | Rake $0 
Seat 3: Mr_Dick666
Seat 4: BumHuntKing
Seat 1: rrrro (button) (small blind) folded before Flop
Seat 5: BeauParleur (big blind) collected ($1)



