PokerStars Hand #254285215382:  Hold'em No Limit ($0.50/$1.00 USD) - 2025/01/09 21:53:56 WET [2025/01/09 16:53:56 ET]
Table 'Campanula III' 6-max Seat #4 is the button
Seat 2: ptolejmus ($10 in chips) 
Seat 3: nastja336 ($100 in chips) 
Seat 4: nikalas22 ($100 in chips) 
Seat 6: m0nTTu ($12 in chips) 
m0nTTu: posts small blind $0.50
ptolejmus: posts big blind $1
*** HOLE CARDS ***
nastja336: folds 
nikalas22: raises $1.50 to $2.50
m0nTTu: raises $9.50 to $12 and is all-in
ptolejmus: folds 
nikalas22: folds 
Uncalled bet ($9.50) returned to m0nTTu
m0nTTu collected $6 from pot
m0nTTu: doesn't show hand 
*** SUMMARY ***
Total pot $6 | Rake $0 
Seat 2: ptolejmus (big blind) folded before Flop
Seat 3: nastja336 folded before Flop (didn't bet)
Seat 4: nikalas22 (button) folded before Flop
Seat 6: m0nTTu (small blind) collected ($6)



PokerStars Hand #254285222875:  Hold'em No Limit ($0.50/$1.00 USD) - 2025/01/09 21:54:19 WET [2025/01/09 16:54:19 ET]
Table 'Campanula III' 6-max Seat #6 is the button
Seat 2: ptolejmus ($10 in chips) 
Seat 3: nastja336 ($100 in chips) 
Seat 4: nikalas22 ($100 in chips) 
Seat 6: m0nTTu ($15.50 in chips) 
ptolejmus: posts small blind $0.50
nastja336: posts big blind $1
*** HOLE CARDS ***
nikalas22: folds 
m0nTTu: raises $1 to $2
nikalas22 leaves the table
ptolejmus: folds 
nastja336: raises $98 to $100 and is all-in
m0nTTu: folds 
Uncalled bet ($98) returned to nastja336
nastja336 collected $4.50 from pot
nastja336: doesn't show hand 
*** SUMMARY ***
Total pot $4.50 | Rake $0 
Seat 2: ptolejmus (small blind) folded before Flop
Seat 3: nastja336 (big blind) collected ($4.50)
Seat 4: nikalas22 folded before Flop (didn't bet)
Seat 6: m0nTTu (button) folded before Flop



PokerStars Hand #254285238197:  Hold'em No Limit ($0.50/$1.00 USD) - 2025/01/09 21:55:04 WET [2025/01/09 16:55:04 ET]
Table 'Campanula III' 6-max Seat #2 is the button
Seat 2: ptolejmus ($10 in chips) 
Seat 3: nastja336 ($102.50 in chips) 
Seat 6: m0nTTu ($13.50 in chips) 
nastja336: posts small blind $0.50
m0nTTu: posts big blind $1
*** HOLE CARDS ***
ptolejmus: folds 
nastja336: folds 
Uncalled bet ($0.50) returned to m0nTTu
m0nTTu collected $1 from pot
m0nTTu: doesn't show hand 
*** SUMMARY ***
Total pot $1 | Rake $0 
Seat 2: ptolejmus (button) folded before Flop (didn't bet)
Seat 3: nastja336 (small blind) folded before Flop
Seat 6: m0nTTu (big blind) collected ($1)



