PokerStars Hand #254274861036:  Hold'em No Limit ($0.50/$1.00 USD) - 2025/01/09 7:24:05 WET [2025/01/09 2:24:05 ET]
Table 'Sadeya II' 6-max Seat #3 is the button
Seat 5: nastja336 ($100 in chips) is sitting out
Seat 1: Mr.Gtk ($22.07 in chips) 
Seat 2: nickreason17 ($103.15 in chips) 
Seat 3: rivizzigno18 ($21.48 in chips) 
Seat 4: fobot21 ($102.81 in chips) 
Seat 6: Sarabe nab ($7.41 in chips) 
fobot21: posts small blind $0.50
nastja336: is sitting out 
Sarabe nab: posts big blind $1
*** HOLE CARDS ***
Mr.Gtk: folds 
nastja336 leaves the table
nickreason17: folds 
rivizzigno18: raises $3 to $4
fobot21: folds 
Sarabe nab: calls $3
*** FLOP *** [8s 4s Jd]
Sarabe nab: checks 
rivizzigno18: bets $4
Pon4uk.ua joins the table at seat #5 
Sarabe nab: calls $3.41 and is all-in
Uncalled bet ($0.59) returned to rivizzigno18
*** TURN *** [8s 4s Jd] [Qd]
*** RIVER *** [8s 4s Jd Qd] [Td]
*** SHOW DOWN ***
Sarabe nab: shows [9c Ts] (a straight, Eight to Queen)
rivizzigno18: shows [5d 3c] (high card Queen)
Sarabe nab collected $14.55 from pot
*** SUMMARY ***
Total pot $15.32 | Rake $0.77 
Board [8s 4s Jd Qd Td]
Seat 5: nastja336
Seat 1: Mr.Gtk folded before Flop (didn't bet)
Seat 2: nickreason17 folded before Flop (didn't bet)
Seat 3: rivizzigno18 (button) showed [5d 3c] and lost with high card Queen
Seat 4: fobot21 (small blind) folded before Flop
Seat 6: Sarabe nab (big blind) showed [9c Ts] and won ($14.55) with a straight, Eight to Queen



PokerStars Hand #254274863678:  Hold'em No Limit ($0.50/$1.00 USD) - 2025/01/09 7:24:42 WET [2025/01/09 2:24:42 ET]
Table 'Sadeya II' 6-max Seat #4 is the button
Seat 5: Pon4uk.ua ($100 in chips) is sitting out
Seat 1: Mr.Gtk ($22.07 in chips) 
Seat 2: nickreason17 ($103.15 in chips) 
Seat 3: rivizzigno18 ($14.07 in chips) 
Seat 4: fobot21 ($102.31 in chips) 
Seat 6: Sarabe nab ($14.55 in chips) 
Sarabe nab: posts small blind $0.50
Mr.Gtk: posts big blind $1
*** HOLE CARDS ***
nickreason17: folds 
rivizzigno18: calls $1
fobot21: folds 
Sarabe nab: calls $0.50
Mr.Gtk: checks 
*** FLOP *** [Jc Kc 8c]
Sarabe nab: checks 
Mr.Gtk: checks 
rivizzigno18: checks 
*** TURN *** [Jc Kc 8c] [3h]
Sarabe nab: bets $1
Mr.Gtk: folds 
rivizzigno18: calls $1
*** RIVER *** [Jc Kc 8c 3h] [Td]
Sarabe nab: bets $1
rivizzigno18: calls $1
*** SHOW DOWN ***
Sarabe nab: shows [3s 7s] (a pair of Threes)
rivizzigno18: shows [6d 6s] (a pair of Sixes)
rivizzigno18 collected $6.65 from pot
*** SUMMARY ***
Total pot $7 | Rake $0.35 
Board [Jc Kc 8c 3h Td]
Seat 5: Pon4uk.ua
Seat 1: Mr.Gtk (big blind) folded on the Turn
Seat 2: nickreason17 folded before Flop (didn't bet)
Seat 3: rivizzigno18 showed [6d 6s] and won ($6.65) with a pair of Sixes
Seat 4: fobot21 (button) folded before Flop (didn't bet)
Seat 6: Sarabe nab (small blind) showed [3s 7s] and lost with a pair of Threes



PokerStars Hand #254274866073:  Hold'em No Limit ($0.50/$1.00 USD) - 2025/01/09 7:25:15 WET [2025/01/09 2:25:15 ET]
Table 'Sadeya II' 6-max Seat #6 is the button
Seat 5: Pon4uk.ua ($100 in chips) is sitting out
Seat 1: Mr.Gtk ($21.07 in chips) 
Seat 2: nickreason17 ($103.15 in chips) 
Seat 3: rivizzigno18 ($17.72 in chips) 
Seat 4: fobot21 ($102.31 in chips) 
Seat 6: Sarabe nab ($11.55 in chips) 
Mr.Gtk: posts small blind $0.50
nickreason17: posts big blind $1
Pon4uk.ua: sits out 
*** HOLE CARDS ***
rivizzigno18: calls $1
fobot21: folds 
Sarabe nab: folds 
Mr.Gtk: calls $0.50
nickreason17: checks 
*** FLOP *** [Tc 6h Ac]
Mr.Gtk: checks 
nickreason17: checks 
rivizzigno18: bets $1.43
Mr.Gtk: folds 
nickreason17: folds 
Uncalled bet ($1.43) returned to rivizzigno18
rivizzigno18 collected $2.85 from pot
*** SUMMARY ***
Total pot $3 | Rake $0.15 
Board [Tc 6h Ac]
Seat 5: Pon4uk.ua
Seat 1: Mr.Gtk (small blind) folded on the Flop
Seat 2: nickreason17 (big blind) folded on the Flop
Seat 3: rivizzigno18 collected ($2.85)
Seat 4: fobot21 folded before Flop (didn't bet)
Seat 6: Sarabe nab (button) folded before Flop (didn't bet)



PokerStars Hand #254274867683:  Hold'em No Limit ($0.50/$1.00 USD) - 2025/01/09 7:25:38 WET [2025/01/09 2:25:38 ET]
Table 'Sadeya II' 6-max Seat #1 is the button
Seat 5: Pon4uk.ua ($100 in chips) is sitting out
Seat 1: Mr.Gtk ($20.07 in chips) 
Seat 2: nickreason17 ($102.15 in chips) 
Seat 3: rivizzigno18 ($19.57 in chips) 
Seat 4: fobot21 ($102.31 in chips) 
Seat 6: Sarabe nab ($11.55 in chips) 
nickreason17: posts small blind $0.50
rivizzigno18: posts big blind $1
Pon4uk.ua: sits out 
*** HOLE CARDS ***
fobot21: folds 
Sarabe nab: folds 
Mr.Gtk: folds 
nickreason17: folds 
Uncalled bet ($0.50) returned to rivizzigno18
rivizzigno18 collected $1 from pot
*** SUMMARY ***
Total pot $1 | Rake $0 
Seat 5: Pon4uk.ua
Seat 1: Mr.Gtk (button) folded before Flop (didn't bet)
Seat 2: nickreason17 (small blind) folded before Flop
Seat 3: rivizzigno18 (big blind) collected ($1)
Seat 4: fobot21 folded before Flop (didn't bet)
Seat 6: Sarabe nab folded before Flop (didn't bet)



PokerStars Hand #254274868430:  Hold'em No Limit ($0.50/$1.00 USD) - 2025/01/09 7:25:48 WET [2025/01/09 2:25:48 ET]
Table 'Sadeya II' 6-max Seat #2 is the button
Seat 5: Pon4uk.ua ($100 in chips) is sitting out
Seat 1: Mr.Gtk ($20.07 in chips) 
Seat 2: nickreason17 ($101.65 in chips) 
Seat 3: rivizzigno18 ($20.07 in chips) 
Seat 4: fobot21 ($102.31 in chips) 
Seat 6: Sarabe nab ($11.55 in chips) 
rivizzigno18: posts small blind $0.50
fobot21: posts big blind $1
Pon4uk.ua: sits out 
*** HOLE CARDS ***
Sarabe nab: folds 
Mr.Gtk: raises $1 to $2
nickreason17: raises $4 to $6
rivizzigno18: folds 
fobot21: folds 
Mr.Gtk: calls $4
*** FLOP *** [9s Kd 9h]
Mr.Gtk: checks 
nickreason17: bets $3.85
Mr.Gtk: calls $3.85
*** TURN *** [9s Kd 9h] [2s]
Mr.Gtk: checks 
nickreason17: bets $11.10
Mr.Gtk: folds 
Uncalled bet ($11.10) returned to nickreason17
nickreason17 collected $20.14 from pot
nickreason17: doesn't show hand 
*** SUMMARY ***
Total pot $21.20 | Rake $1.06 
Board [9s Kd 9h 2s]
Seat 5: Pon4uk.ua
Seat 1: Mr.Gtk folded on the Turn
Seat 2: nickreason17 (button) collected ($20.14)
Seat 3: rivizzigno18 (small blind) folded before Flop
Seat 4: fobot21 (big blind) folded before Flop
Seat 6: Sarabe nab folded before Flop (didn't bet)



PokerStars Hand #254274871139:  Hold'em No Limit ($0.50/$1.00 USD) - 2025/01/09 7:26:26 WET [2025/01/09 2:26:26 ET]
Table 'Sadeya II' 6-max Seat #3 is the button
Seat 1: Mr.Gtk ($10.22 in chips) 
Seat 2: nickreason17 ($111.94 in chips) 
Seat 3: rivizzigno18 ($19.57 in chips) 
Seat 4: fobot21 ($101.31 in chips) 
Seat 5: Pon4uk.ua ($100 in chips) 
Seat 6: Sarabe nab ($11.55 in chips) 
fobot21: posts small blind $0.50
Pon4uk.ua: posts big blind $1
*** HOLE CARDS ***
Sarabe nab: folds 
Mr.Gtk: raises $2 to $3
nickreason17: folds 
rivizzigno18: folds 
fobot21: folds 
Pon4uk.ua: folds 
Uncalled bet ($2) returned to Mr.Gtk
Mr.Gtk collected $2.50 from pot
*** SUMMARY ***
Total pot $2.50 | Rake $0 
Seat 1: Mr.Gtk collected ($2.50)
Seat 2: nickreason17 folded before Flop (didn't bet)
Seat 3: rivizzigno18 (button) folded before Flop (didn't bet)
Seat 4: fobot21 (small blind) folded before Flop
Seat 5: Pon4uk.ua (big blind) folded before Flop
Seat 6: Sarabe nab folded before Flop (didn't bet)



PokerStars Hand #254274872961:  Hold'em No Limit ($0.50/$1.00 USD) - 2025/01/09 7:26:52 WET [2025/01/09 2:26:52 ET]
Table 'Sadeya II' 6-max Seat #4 is the button
Seat 1: Mr.Gtk ($11.72 in chips) 
Seat 2: nickreason17 ($111.94 in chips) 
Seat 3: rivizzigno18 ($19.57 in chips) 
Seat 4: fobot21 ($100.81 in chips) 
Seat 5: Pon4uk.ua ($100 in chips) 
Seat 6: Sarabe nab ($11.55 in chips) 
Pon4uk.ua: posts small blind $0.50
Sarabe nab: posts big blind $1
*** HOLE CARDS ***
Mr.Gtk: folds 
nickreason17: folds 
rivizzigno18: folds 
fobot21: folds 
Pon4uk.ua: raises $11 to $12
Sarabe nab: folds 
Uncalled bet ($11) returned to Pon4uk.ua
Pon4uk.ua collected $2 from pot
Pon4uk.ua: doesn't show hand 
*** SUMMARY ***
Total pot $2 | Rake $0 
Seat 1: Mr.Gtk folded before Flop (didn't bet)
Seat 2: nickreason17 folded before Flop (didn't bet)
Seat 3: rivizzigno18 folded before Flop (didn't bet)
Seat 4: fobot21 (button) folded before Flop (didn't bet)
Seat 5: Pon4uk.ua (small blind) collected ($2)
Seat 6: Sarabe nab (big blind) folded before Flop



PokerStars Hand #254274874140:  Hold'em No Limit ($0.50/$1.00 USD) - 2025/01/09 7:27:08 WET [2025/01/09 2:27:08 ET]
Table 'Sadeya II' 6-max Seat #5 is the button
Seat 1: Mr.Gtk ($11.72 in chips) 
Seat 2: nickreason17 ($111.94 in chips) 
Seat 3: rivizzigno18 ($19.57 in chips) 
Seat 4: fobot21 ($100.81 in chips) 
Seat 5: Pon4uk.ua ($101 in chips) 
Seat 6: Sarabe nab ($10.55 in chips) 
Sarabe nab: posts small blind $0.50
Mr.Gtk: posts big blind $1
*** HOLE CARDS ***
nickreason17: folds 
rivizzigno18: calls $1
fobot21: folds 
Pon4uk.ua: folds 
Sarabe nab: calls $0.50
Mr.Gtk: checks 
*** FLOP *** [8s Js As]
Sarabe nab: bets $1
Mr.Gtk: folds 
rivizzigno18: calls $1
*** TURN *** [8s Js As] [7h]
Sarabe nab: checks 
rivizzigno18: bets $1
Sarabe nab: calls $1
*** RIVER *** [8s Js As 7h] [Kd]
Sarabe nab: checks 
rivizzigno18: bets $4
Sarabe nab: folds 
Uncalled bet ($4) returned to rivizzigno18
rivizzigno18 collected $6.65 from pot
*** SUMMARY ***
Total pot $7 | Rake $0.35 
Board [8s Js As 7h Kd]
Seat 1: Mr.Gtk (big blind) folded on the Flop
Seat 2: nickreason17 folded before Flop (didn't bet)
Seat 3: rivizzigno18 collected ($6.65)
Seat 4: fobot21 folded before Flop (didn't bet)
Seat 5: Pon4uk.ua (button) folded before Flop (didn't bet)
Seat 6: Sarabe nab (small blind) folded on the River



PokerStars Hand #254274876845:  Hold'em No Limit ($0.50/$1.00 USD) - 2025/01/09 7:27:45 WET [2025/01/09 2:27:45 ET]
Table 'Sadeya II' 6-max Seat #6 is the button
Seat 1: Mr.Gtk ($10.72 in chips) 
Seat 2: nickreason17 ($111.94 in chips) 
Seat 3: rivizzigno18 ($23.22 in chips) 
Seat 4: fobot21 ($100.81 in chips) 
Seat 5: Pon4uk.ua ($101 in chips) 
Seat 6: Sarabe nab ($7.55 in chips) 
Mr.Gtk: posts small blind $0.50
nickreason17: posts big blind $1
*** HOLE CARDS ***
rivizzigno18: calls $1
fobot21: folds 
Pon4uk.ua: folds 
Sarabe nab: calls $1
Mr.Gtk: raises $9.72 to $10.72 and is all-in
nickreason17: folds 
rivizzigno18: calls $9.72
Sarabe nab: folds 
*** FLOP *** [Kd 8c 4c]
*** TURN *** [Kd 8c 4c] [Jh]
*** RIVER *** [Kd 8c 4c Jh] [4s]
*** SHOW DOWN ***
Mr.Gtk: shows [2c Ac] (a pair of Fours)
rivizzigno18: shows [Ad Qh] (a pair of Fours - Ace+King+Queen kicker)
rivizzigno18 collected $22.27 from pot
*** SUMMARY ***
Total pot $23.44 | Rake $1.17 
Board [Kd 8c 4c Jh 4s]
Seat 1: Mr.Gtk (small blind) showed [2c Ac] and lost with a pair of Fours
Seat 2: nickreason17 (big blind) folded before Flop
Seat 3: rivizzigno18 showed [Ad Qh] and won ($22.27) with a pair of Fours
Seat 4: fobot21 folded before Flop (didn't bet)
Seat 5: Pon4uk.ua folded before Flop (didn't bet)
Seat 6: Sarabe nab (button) folded before Flop



PokerStars Hand #254274878913:  Hold'em No Limit ($0.50/$1.00 USD) - 2025/01/09 7:28:14 WET [2025/01/09 2:28:14 ET]
Table 'Sadeya II' 6-max Seat #2 is the button
Seat 1: Mr.Gtk ($0 in chips) is sitting out
Seat 2: nickreason17 ($110.94 in chips) 
Seat 3: rivizzigno18 ($34.77 in chips) 
Seat 4: fobot21 ($100.81 in chips) 
Seat 5: Pon4uk.ua ($101 in chips) 
Seat 6: Sarabe nab ($6.55 in chips) 
rivizzigno18: posts small blind $0.50
fobot21: posts big blind $1
*** HOLE CARDS ***
Mr.Gtk leaves the table
Pon4uk.ua: folds 
Sarabe nab: calls $1
nickreason17: folds 
rivizzigno18: calls $0.50
fobot21: checks 
*** FLOP *** [Kh Jd Ks]
rivizzigno18: checks 
fobot21: checks 
Sarabe nab: checks 
*** TURN *** [Kh Jd Ks] [Ts]
rivizzigno18: bets $1.43
fobot21: folds 
Sarabe nab: calls $1.43
*** RIVER *** [Kh Jd Ks Ts] [5c]
rivizzigno18: checks 
Sarabe nab: checks 
*** SHOW DOWN ***
rivizzigno18: shows [8d Ah] (a pair of Kings)
Sarabe nab: shows [6c 6d] (two pair, Kings and Sixes)
Sarabe nab collected $5.57 from pot
*** SUMMARY ***
Total pot $5.86 | Rake $0.29 
Board [Kh Jd Ks Ts 5c]
Seat 1: Mr.Gtk
Seat 2: nickreason17 (button) folded before Flop (didn't bet)
Seat 3: rivizzigno18 (small blind) showed [8d Ah] and lost with a pair of Kings
Seat 4: fobot21 (big blind) folded on the Turn
Seat 5: Pon4uk.ua folded before Flop (didn't bet)
Seat 6: Sarabe nab showed [6c 6d] and won ($5.57) with two pair, Kings and Sixes



PokerStars Hand #254274882321:  Hold'em No Limit ($0.50/$1.00 USD) - 2025/01/09 7:29:02 WET [2025/01/09 2:29:02 ET]
Table 'Sadeya II' 6-max Seat #3 is the button
Seat 2: nickreason17 ($110.94 in chips) 
Seat 3: rivizzigno18 ($32.34 in chips) 
Seat 4: fobot21 ($100 in chips) 
Seat 5: Pon4uk.ua ($101 in chips) 
Seat 6: Sarabe nab ($9.69 in chips) 
fobot21: posts small blind $0.50
Pon4uk.ua: posts big blind $1
*** HOLE CARDS ***
Sarabe nab: folds 
nickreason17: folds 
rivizzigno18: folds 
fobot21: raises $1.90 to $2.90
Pon4uk.ua: calls $1.90
*** FLOP *** [Jc Qd Jd]
daynamite23 joins the table at seat #1 
daynamite23 is disconnected 
fobot21: bets $1.38
Pon4uk.ua: raises $4.14 to $5.52
fobot21: calls $4.14
*** TURN *** [Jc Qd Jd] [9d]
fobot21: checks 
Pon4uk.ua: bets $12
fobot21: raises $20 to $32
rivizzigno18 leaves the table
Pon4uk.ua: folds 
Uncalled bet ($20) returned to fobot21
fobot21 collected $38.80 from pot
fobot21: doesn't show hand 
*** SUMMARY ***
Total pot $40.84 | Rake $2.04 
Board [Jc Qd Jd 9d]
Seat 2: nickreason17 folded before Flop (didn't bet)
Seat 3: rivizzigno18 (button) folded before Flop (didn't bet)
Seat 4: fobot21 (small blind) collected ($38.80)
Seat 5: Pon4uk.ua (big blind) folded on the Turn
Seat 6: Sarabe nab folded before Flop (didn't bet)



PokerStars Hand #254274887196:  Hold'em No Limit ($0.50/$1.00 USD) - 2025/01/09 7:30:11 WET [2025/01/09 2:30:11 ET]
Table 'Sadeya II' 6-max Seat #4 is the button
Seat 1: daynamite23 ($20.93 in chips) is sitting out
Seat 2: nickreason17 ($110.94 in chips) 
Seat 4: fobot21 ($118.38 in chips) 
Seat 5: Pon4uk.ua ($100 in chips) 
Seat 6: Sarabe nab ($9.69 in chips) 
Pon4uk.ua: posts small blind $0.50
Sarabe nab: posts big blind $1
daynamite23: sits out 
*** HOLE CARDS ***
nickreason17: raises $1.25 to $2.25
fobot21: folds 
Pon4uk.ua: folds 
Sarabe nab: calls $1.25
*** FLOP *** [Ah Qd 2c]
Sarabe nab: checks 
nickreason17: checks 
*** TURN *** [Ah Qd 2c] [Ks]
Sarabe nab: checks 
nickreason17: checks 
*** RIVER *** [Ah Qd 2c Ks] [3c]
Sarabe nab: bets $2.38
nickreason17: folds 
Uncalled bet ($2.38) returned to Sarabe nab
Sarabe nab collected $4.75 from pot
Sarabe nab: doesn't show hand 
*** SUMMARY ***
Total pot $5 | Rake $0.25 
Board [Ah Qd 2c Ks 3c]
Seat 1: daynamite23
Seat 2: nickreason17 folded on the River
Seat 4: fobot21 (button) folded before Flop (didn't bet)
Seat 5: Pon4uk.ua (small blind) folded before Flop
Seat 6: Sarabe nab (big blind) collected ($4.75)



PokerStars Hand #254274889525:  Hold'em No Limit ($0.50/$1.00 USD) - 2025/01/09 7:30:42 WET [2025/01/09 2:30:42 ET]
Table 'Sadeya II' 6-max Seat #5 is the button
Seat 1: daynamite23 ($20.93 in chips) 
Seat 2: nickreason17 ($108.69 in chips) 
Seat 4: fobot21 ($118.38 in chips) 
Seat 5: Pon4uk.ua ($100 in chips) 
Seat 6: Sarabe nab ($12.19 in chips) 
Sarabe nab: posts small blind $0.50
daynamite23: posts big blind $1
*** HOLE CARDS ***
nickreason17: raises $1.25 to $2.25
fobot21: folds 
Pon4uk.ua: folds 
Sarabe nab: calls $1.75
daynamite23: calls $1.25
*** FLOP *** [2c Js 4d]
Sarabe nab: bets $9.94 and is all-in
daynamite23: folds 
nickreason17: calls $9.94
*** TURN *** [2c Js 4d] [6s]
peak joker33 joins the table at seat #3 
*** RIVER *** [2c Js 4d 6s] [4s]
*** SHOW DOWN ***
Sarabe nab: shows [Qh Jc] (two pair, Jacks and Fours)
nickreason17: shows [9h Jh] (two pair, Jacks and Fours - lower kicker)
Sarabe nab collected $25.30 from pot
*** SUMMARY ***
Total pot $26.63 | Rake $1.33 
Board [2c Js 4d 6s 4s]
Seat 1: daynamite23 (big blind) folded on the Flop
Seat 2: nickreason17 showed [9h Jh] and lost with two pair, Jacks and Fours
Seat 4: fobot21 folded before Flop (didn't bet)
Seat 5: Pon4uk.ua (button) folded before Flop (didn't bet)
Seat 6: Sarabe nab (small blind) showed [Qh Jc] and won ($25.30) with two pair, Jacks and Fours



PokerStars Hand #254274892874:  Hold'em No Limit ($0.50/$1.00 USD) - 2025/01/09 7:31:30 WET [2025/01/09 2:31:30 ET]
Table 'Sadeya II' 6-max Seat #6 is the button
Seat 3: peak joker33 ($100 in chips) is sitting out
Seat 1: daynamite23 ($18.68 in chips) 
Seat 2: nickreason17 ($100 in chips) 
Seat 4: fobot21 ($118.38 in chips) 
Seat 5: Pon4uk.ua ($100 in chips) 
Seat 6: Sarabe nab ($25.30 in chips) 
daynamite23: posts small blind $0.50
nickreason17: posts big blind $1
peak joker33: sits out 
*** HOLE CARDS ***
fobot21: raises $1 to $2
Pon4uk.ua: folds 
Sarabe nab: folds 
daynamite23: folds 
nickreason17: calls $1
*** FLOP *** [6h 7c 4c]
nickreason17: checks 
fobot21: bets $1.46
nickreason17: raises $5.40 to $6.86
fobot21: calls $5.40
*** TURN *** [6h 7c 4c] [3s]
nickreason17: bets $12.98
fobot21: raises $24.02 to $37
nickreason17: raises $54.14 to $91.14 and is all-in
fobot21: folds 
Uncalled bet ($54.14) returned to nickreason17
nickreason17 collected $89.72 from pot
nickreason17: doesn't show hand 
*** SUMMARY ***
Total pot $92.22 | Rake $2.50 
Board [6h 7c 4c 3s]
Seat 3: peak joker33
Seat 1: daynamite23 (small blind) folded before Flop
Seat 2: nickreason17 (big blind) collected ($89.72)
Seat 4: fobot21 folded on the Turn
Seat 5: Pon4uk.ua folded before Flop (didn't bet)
Seat 6: Sarabe nab (button) folded before Flop (didn't bet)



PokerStars Hand #254274898863:  Hold'em No Limit ($0.50/$1.00 USD) - 2025/01/09 7:32:54 WET [2025/01/09 2:32:54 ET]
Table 'Sadeya II' 6-max Seat #1 is the button
Seat 1: daynamite23 ($18.18 in chips) 
Seat 2: nickreason17 ($143.86 in chips) 
Seat 3: peak joker33 ($100 in chips) 
Seat 4: fobot21 ($100 in chips) 
Seat 5: Pon4uk.ua ($100 in chips) 
Seat 6: Sarabe nab ($25.30 in chips) 
nickreason17: posts small blind $0.50
peak joker33: posts big blind $1
*** HOLE CARDS ***
fobot21: folds 
Pon4uk.ua: raises $1 to $2
Sarabe nab: folds 
daynamite23: calls $2
nickreason17: folds 
peak joker33: folds 
*** FLOP *** [Ac 6c 2c]
Pon4uk.ua: bets $1.72
daynamite23: calls $1.72
*** TURN *** [Ac 6c 2c] [6h]
Pon4uk.ua: checks 
daynamite23: checks 
*** RIVER *** [Ac 6c 2c 6h] [3s]
Pon4uk.ua: bets $4.25
daynamite23: raises $10.21 to $14.46 and is all-in
Pon4uk.ua: calls $10.21
*** SHOW DOWN ***
daynamite23: shows [Qc 5c] (a flush, Ace high)
Pon4uk.ua: shows [Qd Ad] (two pair, Aces and Sixes)
daynamite23 collected $35.97 from pot
*** SUMMARY ***
Total pot $37.86 | Rake $1.89 
Board [Ac 6c 2c 6h 3s]
Seat 1: daynamite23 (button) showed [Qc 5c] and won ($35.97) with a flush, Ace high
Seat 2: nickreason17 (small blind) folded before Flop
Seat 3: peak joker33 (big blind) folded before Flop
Seat 4: fobot21 folded before Flop (didn't bet)
Seat 5: Pon4uk.ua showed [Qd Ad] and lost with two pair, Aces and Sixes
Seat 6: Sarabe nab folded before Flop (didn't bet)



PokerStars Hand #254274903609:  Hold'em No Limit ($0.50/$1.00 USD) - 2025/01/09 7:34:01 WET [2025/01/09 2:34:01 ET]
Table 'Sadeya II' 6-max Seat #2 is the button
Seat 4: fobot21 ($100 in chips) is sitting out
Seat 1: daynamite23 ($35.97 in chips) 
Seat 2: nickreason17 ($143.36 in chips) 
Seat 3: peak joker33 ($100 in chips) 
Seat 5: Pon4uk.ua ($100 in chips) 
Seat 6: Sarabe nab ($25.30 in chips) 
peak joker33: posts small blind $0.50
fobot21: is sitting out 
Pon4uk.ua: posts big blind $1
*** HOLE CARDS ***
Sarabe nab: calls $1
fobot21 leaves the table
daynamite23: raises $2 to $3
nickreason17: folds 
peak joker33: folds 
Pon4uk.ua: folds 
Sarabe nab: calls $2
*** FLOP *** [7h 8c Ks]
Sarabe nab: checks 
daynamite23: bets $2
Sarabe nab: calls $2
*** TURN *** [7h 8c Ks] [9h]
Sarabe nab: checks 
jeilsons joins the table at seat #4 
daynamite23: bets $7
Sarabe nab: folds 
Uncalled bet ($7) returned to daynamite23
daynamite23 collected $10.92 from pot
*** SUMMARY ***
Total pot $11.50 | Rake $0.58 
Board [7h 8c Ks 9h]
Seat 4: fobot21
Seat 1: daynamite23 collected ($10.92)
Seat 2: nickreason17 (button) folded before Flop (didn't bet)
Seat 3: peak joker33 (small blind) folded before Flop
Seat 5: Pon4uk.ua (big blind) folded before Flop
Seat 6: Sarabe nab folded on the Turn



PokerStars Hand #254274907011:  Hold'em No Limit ($0.50/$1.00 USD) - 2025/01/09 7:34:49 WET [2025/01/09 2:34:49 ET]
Table 'Sadeya II' 6-max Seat #3 is the button
Seat 4: jeilsons ($100 in chips) is sitting out
Seat 1: daynamite23 ($41.89 in chips) 
Seat 2: nickreason17 ($143.36 in chips) 
Seat 3: peak joker33 ($100 in chips) 
Seat 5: Pon4uk.ua ($100 in chips) 
Seat 6: Sarabe nab ($20.30 in chips) 
Pon4uk.ua: posts small blind $0.50
Sarabe nab: posts big blind $1
*** HOLE CARDS ***
daynamite23: calls $1
nickreason17: raises $2.50 to $3.50
peak joker33: folds 
Pon4uk.ua: folds 
Sarabe nab: folds 
daynamite23: calls $2.50
*** FLOP *** [2s Tc 6h]
daynamite23: checks 
nickreason17: bets $2.42
daynamite23: calls $2.42
*** TURN *** [2s Tc 6h] [5h]
daynamite23: checks 
nickreason17: bets $9.50
daynamite23: calls $9.50
*** RIVER *** [2s Tc 6h 5h] [8d]
daynamite23: bets $26.47 and is all-in
nickreason17: calls $26.47
*** SHOW DOWN ***
daynamite23: shows [Ac Ts] (a pair of Tens)
nickreason17: shows [6c 6s] (three of a kind, Sixes)
nickreason17 collected $82.78 from pot
*** SUMMARY ***
Total pot $85.28 | Rake $2.50 
Board [2s Tc 6h 5h 8d]
Seat 4: jeilsons
Seat 1: daynamite23 showed [Ac Ts] and lost with a pair of Tens
Seat 2: nickreason17 showed [6c 6s] and won ($82.78) with three of a kind, Sixes
Seat 3: peak joker33 (button) folded before Flop (didn't bet)
Seat 5: Pon4uk.ua (small blind) folded before Flop
Seat 6: Sarabe nab (big blind) folded before Flop



PokerStars Hand #254274910873:  Hold'em No Limit ($0.50/$1.00 USD) - 2025/01/09 7:35:44 WET [2025/01/09 2:35:44 ET]
Table 'Sadeya II' 6-max Seat #5 is the button
Seat 1: daynamite23 ($0 in chips) is sitting out
Seat 4: jeilsons ($100 in chips) is sitting out
Seat 2: nickreason17 ($184.25 in chips) 
Seat 3: peak joker33 ($100 in chips) 
Seat 5: Pon4uk.ua ($100 in chips) 
Seat 6: Sarabe nab ($19.30 in chips) 
Sarabe nab: posts small blind $0.50
nickreason17: posts big blind $1
jeilsons: sits out 
*** HOLE CARDS ***
peak joker33: folds 
Pon4uk.ua: raises $1.50 to $2.50
Sarabe nab: folds 
nickreason17: raises $9.50 to $12
Pon4uk.ua: folds 
Uncalled bet ($9.50) returned to nickreason17
nickreason17 collected $5.50 from pot
nickreason17: doesn't show hand 
*** SUMMARY ***
Total pot $5.50 | Rake $0 
Seat 1: daynamite23
Seat 4: jeilsons
Seat 2: nickreason17 (big blind) collected ($5.50)
Seat 3: peak joker33 folded before Flop (didn't bet)
Seat 5: Pon4uk.ua (button) folded before Flop
Seat 6: Sarabe nab (small blind) folded before Flop



PokerStars Hand #254274912447:  Hold'em No Limit ($0.50/$1.00 USD) - 2025/01/09 7:36:06 WET [2025/01/09 2:36:06 ET]
Table 'Sadeya II' 6-max Seat #6 is the button
Seat 1: daynamite23 ($10.50 in chips) is sitting out
Seat 4: jeilsons ($100 in chips) is sitting out
Seat 2: nickreason17 ($187.25 in chips) 
Seat 3: peak joker33 ($100 in chips) 
Seat 5: Pon4uk.ua ($100 in chips) 
Seat 6: Sarabe nab ($18.80 in chips) 
nickreason17: posts small blind $0.50
peak joker33: posts big blind $1
jeilsons: sits out 
*** HOLE CARDS ***
Pon4uk.ua: folds 
Sarabe nab: calls $1
nickreason17: folds 
peak joker33: checks 
*** FLOP *** [4s 3c 7h]
peak joker33: checks 
Sarabe nab: bets $2.38
peak joker33: folds 
Uncalled bet ($2.38) returned to Sarabe nab
Sarabe nab collected $2.38 from pot
Sarabe nab: doesn't show hand 
*** SUMMARY ***
Total pot $2.50 | Rake $0.12 
Board [4s 3c 7h]
Seat 1: daynamite23
Seat 4: jeilsons
Seat 2: nickreason17 (small blind) folded before Flop
Seat 3: peak joker33 (big blind) folded on the Flop
Seat 5: Pon4uk.ua folded before Flop (didn't bet)
Seat 6: Sarabe nab (button) collected ($2.38)



PokerStars Hand #254274914606:  Hold'em No Limit ($0.50/$1.00 USD) - 2025/01/09 7:36:36 WET [2025/01/09 2:36:36 ET]
Table 'Sadeya II' 6-max Seat #2 is the button
Seat 1: daynamite23 ($10.50 in chips) 
Seat 2: nickreason17 ($186.75 in chips) 
Seat 3: peak joker33 ($100 in chips) 
Seat 4: jeilsons ($100 in chips) 
Seat 5: Pon4uk.ua ($100 in chips) 
Seat 6: Sarabe nab ($20.18 in chips) 
peak joker33: posts small blind $0.50
jeilsons: posts big blind $1
daynamite23: posts small & big blinds $1.50
*** HOLE CARDS ***
Pon4uk.ua: folds 
Sarabe nab: folds 
daynamite23: checks 
nickreason17: folds 
peak joker33: folds 
jeilsons: checks 
*** FLOP *** [3s 3c 4d]
jeilsons: checks 
daynamite23: bets $1.43
jeilsons: folds 
Uncalled bet ($1.43) returned to daynamite23
daynamite23 collected $2.85 from pot
*** SUMMARY ***
Total pot $3 | Rake $0.15 
Board [3s 3c 4d]
Seat 1: daynamite23 collected ($2.85)
Seat 2: nickreason17 (button) folded before Flop (didn't bet)
Seat 3: peak joker33 (small blind) folded before Flop
Seat 4: jeilsons (big blind) folded on the Flop
Seat 5: Pon4uk.ua folded before Flop (didn't bet)
Seat 6: Sarabe nab folded before Flop (didn't bet)



PokerStars Hand #254274916746:  Hold'em No Limit ($0.50/$1.00 USD) - 2025/01/09 7:37:06 WET [2025/01/09 2:37:06 ET]
Table 'Sadeya II' 6-max Seat #3 is the button
Seat 1: daynamite23 ($11.85 in chips) 
Seat 2: nickreason17 ($186.75 in chips) 
Seat 3: peak joker33 ($100 in chips) 
Seat 4: jeilsons ($100 in chips) 
Seat 5: Pon4uk.ua ($100 in chips) 
Seat 6: Sarabe nab ($20.18 in chips) 
jeilsons: posts small blind $0.50
Pon4uk.ua: posts big blind $1
*** HOLE CARDS ***
Sarabe nab: folds 
daynamite23: folds 
nickreason17: folds 
peak joker33: folds 
jeilsons: folds 
Uncalled bet ($0.50) returned to Pon4uk.ua
Pon4uk.ua collected $1 from pot
Pon4uk.ua: doesn't show hand 
*** SUMMARY ***
Total pot $1 | Rake $0 
Seat 1: daynamite23 folded before Flop (didn't bet)
Seat 2: nickreason17 folded before Flop (didn't bet)
Seat 3: peak joker33 (button) folded before Flop (didn't bet)
Seat 4: jeilsons (small blind) folded before Flop
Seat 5: Pon4uk.ua (big blind) collected ($1)
Seat 6: Sarabe nab folded before Flop (didn't bet)



PokerStars Hand #254274917744:  Hold'em No Limit ($0.50/$1.00 USD) - 2025/01/09 7:37:20 WET [2025/01/09 2:37:20 ET]
Table 'Sadeya II' 6-max Seat #4 is the button
Seat 1: daynamite23 ($11.85 in chips) 
Seat 2: nickreason17 ($186.75 in chips) 
Seat 3: peak joker33 ($100 in chips) 
Seat 4: jeilsons ($100 in chips) 
Seat 5: Pon4uk.ua ($100.50 in chips) 
Seat 6: Sarabe nab ($20.18 in chips) 
Pon4uk.ua: posts small blind $0.50
Sarabe nab: posts big blind $1
*** HOLE CARDS ***
daynamite23: raises $2 to $3
nickreason17: folds 
peak joker33: folds 
jeilsons: folds 
Pon4uk.ua: folds 
Sarabe nab: calls $2
*** FLOP *** [7c Jd 6s]
Sarabe nab: checks 
daynamite23: bets $2
Sarabe nab: folds 
Uncalled bet ($2) returned to daynamite23
daynamite23 collected $6.18 from pot
*** SUMMARY ***
Total pot $6.50 | Rake $0.32 
Board [7c Jd 6s]
Seat 1: daynamite23 collected ($6.18)
Seat 2: nickreason17 folded before Flop (didn't bet)
Seat 3: peak joker33 folded before Flop (didn't bet)
Seat 4: jeilsons (button) folded before Flop (didn't bet)
Seat 5: Pon4uk.ua (small blind) folded before Flop
Seat 6: Sarabe nab (big blind) folded on the Flop



PokerStars Hand #254274920571:  Hold'em No Limit ($0.50/$1.00 USD) - 2025/01/09 7:37:59 WET [2025/01/09 2:37:59 ET]
Table 'Sadeya II' 6-max Seat #5 is the button
Seat 1: daynamite23 ($15.03 in chips) 
Seat 2: nickreason17 ($186.75 in chips) 
Seat 3: peak joker33 ($100 in chips) 
Seat 4: jeilsons ($100 in chips) 
Seat 5: Pon4uk.ua ($100 in chips) 
Seat 6: Sarabe nab ($17.18 in chips) 
Sarabe nab: posts small blind $0.50
daynamite23: posts big blind $1
*** HOLE CARDS ***
nickreason17: raises $1.25 to $2.25
peak joker33: folds 
jeilsons: folds 
Pon4uk.ua: folds 
Sarabe nab: calls $1.75
daynamite23: calls $1.25
*** FLOP *** [Qd 6d 5d]
Sarabe nab: checks 
daynamite23: checks 
nickreason17: bets $1.92
Sarabe nab: calls $1.92
daynamite23: calls $1.92
*** TURN *** [Qd 6d 5d] [Kd]
Sarabe nab: checks 
daynamite23: bets $10.86 and is all-in
nickreason17: folds 
Sarabe nab: folds 
Uncalled bet ($10.86) returned to daynamite23
daynamite23 collected $11.88 from pot
*** SUMMARY ***
Total pot $12.51 | Rake $0.63 
Board [Qd 6d 5d Kd]
Seat 1: daynamite23 (big blind) collected ($11.88)
Seat 2: nickreason17 folded on the Turn
Seat 3: peak joker33 folded before Flop (didn't bet)
Seat 4: jeilsons folded before Flop (didn't bet)
Seat 5: Pon4uk.ua (button) folded before Flop (didn't bet)
Seat 6: Sarabe nab (small blind) folded on the Turn



PokerStars Hand #254274924950:  Hold'em No Limit ($0.50/$1.00 USD) - 2025/01/09 7:39:00 WET [2025/01/09 2:39:00 ET]
Table 'Sadeya II' 6-max Seat #6 is the button
Seat 1: daynamite23 ($22.74 in chips) 
Seat 2: nickreason17 ($182.58 in chips) 
Seat 3: peak joker33 ($100 in chips) 
Seat 4: jeilsons ($100 in chips) 
Seat 5: Pon4uk.ua ($100 in chips) 
Seat 6: Sarabe nab ($13.01 in chips) 
daynamite23: posts small blind $0.50
nickreason17: posts big blind $1
*** HOLE CARDS ***
peak joker33: folds 
jeilsons: folds 
Pon4uk.ua: raises $1.50 to $2.50
Sarabe nab: calls $2.50
daynamite23: folds 
nickreason17: raises $11.50 to $14
Pon4uk.ua: calls $11.50
Sarabe nab: folds 
*** FLOP *** [7d 5h Ks]
nickreason17: bets $8.84
Pon4uk.ua: calls $8.84
*** TURN *** [7d 5h Ks] [Kh]
nickreason17: bets $13.88
Pon4uk.ua: calls $13.88
*** RIVER *** [7d 5h Ks Kh] [3s]
nickreason17: bets $55.46
Pon4uk.ua: folds 
Uncalled bet ($55.46) returned to nickreason17
nickreason17 collected $73.94 from pot
nickreason17: doesn't show hand 
*** SUMMARY ***
Total pot $76.44 | Rake $2.50 
Board [7d 5h Ks Kh 3s]
Seat 1: daynamite23 (small blind) folded before Flop
Seat 2: nickreason17 (big blind) collected ($73.94)
Seat 3: peak joker33 folded before Flop (didn't bet)
Seat 4: jeilsons folded before Flop (didn't bet)
Seat 5: Pon4uk.ua folded on the River
Seat 6: Sarabe nab (button) folded before Flop



PokerStars Hand #254274931474:  Hold'em No Limit ($0.50/$1.00 USD) - 2025/01/09 7:40:29 WET [2025/01/09 2:40:29 ET]
Table 'Sadeya II' 6-max Seat #1 is the button
Seat 1: daynamite23 ($22.24 in chips) 
Seat 2: nickreason17 ($219.80 in chips) 
Seat 3: peak joker33 ($100 in chips) 
Seat 4: jeilsons ($100 in chips) 
Seat 5: Pon4uk.ua ($100 in chips) 
Seat 6: Sarabe nab ($10.51 in chips) 
nickreason17: posts small blind $0.50
peak joker33: posts big blind $1
*** HOLE CARDS ***
jeilsons: raises $1 to $2
Pon4uk.ua: folds 
Sarabe nab: raises $1 to $3
daynamite23 has timed out
daynamite23: folds 
nickreason17: folds 
peak joker33: folds 
jeilsons: calls $1
*** FLOP *** [Qd 3d 9d]
jeilsons: checks 
Sarabe nab: bets $7.51 and is all-in
jeilsons: calls $7.51
*** TURN *** [Qd 3d 9d] [Jc]
*** RIVER *** [Qd 3d 9d Jc] [6h]
*** SHOW DOWN ***
jeilsons: shows [8d 7d] (a flush, Queen high)
Sarabe nab: shows [Kh Kd] (a pair of Kings)
jeilsons collected $21.39 from pot
*** SUMMARY ***
Total pot $22.52 | Rake $1.13 
Board [Qd 3d 9d Jc 6h]
Seat 1: daynamite23 (button) folded before Flop (didn't bet)
Seat 2: nickreason17 (small blind) folded before Flop
Seat 3: peak joker33 (big blind) folded before Flop
Seat 4: jeilsons showed [8d 7d] and won ($21.39) with a flush, Queen high
Seat 5: Pon4uk.ua folded before Flop (didn't bet)
Seat 6: Sarabe nab showed [Kh Kd] and lost with a pair of Kings



PokerStars Hand #254274936169:  Hold'em No Limit ($0.50/$1.00 USD) - 2025/01/09 7:41:32 WET [2025/01/09 2:41:32 ET]
Table 'Sadeya II' 6-max Seat #2 is the button
Seat 6: Sarabe nab ($0 in chips) is sitting out
Seat 1: daynamite23 ($22.24 in chips) 
Seat 2: nickreason17 ($219.30 in chips) 
Seat 3: peak joker33 ($100 in chips) 
Seat 4: jeilsons ($110.88 in chips) 
Seat 5: Pon4uk.ua ($100 in chips) 
peak joker33: posts small blind $0.50
jeilsons: posts big blind $1
*** HOLE CARDS ***
Pon4uk.ua: folds 
daynamite23: folds 
nickreason17: raises $1.50 to $2.50
peak joker33: folds 
jeilsons: folds 
Uncalled bet ($1.50) returned to nickreason17
nickreason17 collected $2.50 from pot
nickreason17: doesn't show hand 
*** SUMMARY ***
Total pot $2.50 | Rake $0 
Seat 6: Sarabe nab
Seat 1: daynamite23 folded before Flop (didn't bet)
Seat 2: nickreason17 (button) collected ($2.50)
Seat 3: peak joker33 (small blind) folded before Flop
Seat 4: jeilsons (big blind) folded before Flop
Seat 5: Pon4uk.ua folded before Flop (didn't bet)



PokerStars Hand #254274937247:  Hold'em No Limit ($0.50/$1.00 USD) - 2025/01/09 7:41:47 WET [2025/01/09 2:41:47 ET]
Table 'Sadeya II' 6-max Seat #3 is the button
Seat 1: daynamite23 ($22.24 in chips) 
Seat 2: nickreason17 ($220.80 in chips) 
Seat 3: peak joker33 ($100 in chips) 
Seat 4: jeilsons ($109.88 in chips) 
Seat 5: Pon4uk.ua ($100 in chips) 
Seat 6: Sarabe nab ($10 in chips) 
jeilsons: posts small blind $0.50
Pon4uk.ua: posts big blind $1
*** HOLE CARDS ***
Sarabe nab: raises $2.50 to $3.50
daynamite23: folds 
nickreason17: folds 
peak joker33: folds 
jeilsons: folds 
Pon4uk.ua: folds 
Uncalled bet ($2.50) returned to Sarabe nab
Sarabe nab collected $2.50 from pot
Sarabe nab: doesn't show hand 
*** SUMMARY ***
Total pot $2.50 | Rake $0 
Seat 1: daynamite23 folded before Flop (didn't bet)
Seat 2: nickreason17 folded before Flop (didn't bet)
Seat 3: peak joker33 (button) folded before Flop (didn't bet)
Seat 4: jeilsons (small blind) folded before Flop
Seat 5: Pon4uk.ua (big blind) folded before Flop
Seat 6: Sarabe nab collected ($2.50)



PokerStars Hand #254274939596:  Hold'em No Limit ($0.50/$1.00 USD) - 2025/01/09 7:42:19 WET [2025/01/09 2:42:19 ET]
Table 'Sadeya II' 6-max Seat #4 is the button
Seat 1: daynamite23 ($22.24 in chips) 
Seat 2: nickreason17 ($220.80 in chips) 
Seat 3: peak joker33 ($100 in chips) 
Seat 4: jeilsons ($109.38 in chips) 
Seat 5: Pon4uk.ua ($100 in chips) 
Seat 6: Sarabe nab ($11.50 in chips) 
Pon4uk.ua: posts small blind $0.50
Sarabe nab: posts big blind $1
*** HOLE CARDS ***
daynamite23: raises $2 to $3
nickreason17: folds 
peak joker33: folds 
jeilsons: folds 
Pon4uk.ua: folds 
Sarabe nab: calls $2
*** FLOP *** [8d Ad 8s]
Sarabe nab: checks 
daynamite23: bets $3
Sarabe nab: folds 
Uncalled bet ($3) returned to daynamite23
daynamite23 collected $6.18 from pot
*** SUMMARY ***
Total pot $6.50 | Rake $0.32 
Board [8d Ad 8s]
Seat 1: daynamite23 collected ($6.18)
Seat 2: nickreason17 folded before Flop (didn't bet)
Seat 3: peak joker33 folded before Flop (didn't bet)
Seat 4: jeilsons (button) folded before Flop (didn't bet)
Seat 5: Pon4uk.ua (small blind) folded before Flop
Seat 6: Sarabe nab (big blind) folded on the Flop



PokerStars Hand #254274942122:  Hold'em No Limit ($0.50/$1.00 USD) - 2025/01/09 7:42:53 WET [2025/01/09 2:42:53 ET]
Table 'Sadeya II' 6-max Seat #5 is the button
Seat 1: daynamite23 ($25.42 in chips) 
Seat 2: nickreason17 ($220.80 in chips) 
Seat 3: peak joker33 ($100 in chips) 
Seat 4: jeilsons ($109.38 in chips) 
Seat 5: Pon4uk.ua ($100 in chips) 
Seat 6: Sarabe nab ($8.50 in chips) 
Sarabe nab: posts small blind $0.50
daynamite23: posts big blind $1
*** HOLE CARDS ***
nickreason17: folds 
peak joker33: folds 
jeilsons: raises $1.30 to $2.30
Pon4uk.ua: folds 
Sarabe nab: raises $6.20 to $8.50 and is all-in
daynamite23 has timed out
daynamite23: folds 
jeilsons: calls $6.20
*** FLOP *** [2h 2c 6c]
*** TURN *** [2h 2c 6c] [Ks]
*** RIVER *** [2h 2c 6c Ks] [3s]
*** SHOW DOWN ***
Sarabe nab: shows [Kh Qh] (two pair, Kings and Deuces)
jeilsons: shows [8d Ad] (a pair of Deuces)
Sarabe nab collected $17.10 from pot
*** SUMMARY ***
Total pot $18 | Rake $0.90 
Board [2h 2c 6c Ks 3s]
Seat 1: daynamite23 (big blind) folded before Flop
Seat 2: nickreason17 folded before Flop (didn't bet)
Seat 3: peak joker33 folded before Flop (didn't bet)
Seat 4: jeilsons showed [8d Ad] and lost with a pair of Deuces
Seat 5: Pon4uk.ua (button) folded before Flop (didn't bet)
Seat 6: Sarabe nab (small blind) showed [Kh Qh] and won ($17.10) with two pair, Kings and Deuces



PokerStars Hand #254274945102:  Hold'em No Limit ($0.50/$1.00 USD) - 2025/01/09 7:43:32 WET [2025/01/09 2:43:32 ET]
Table 'Sadeya II' 6-max Seat #6 is the button
Seat 1: daynamite23 ($24.42 in chips) 
Seat 2: nickreason17 ($220.80 in chips) 
Seat 3: peak joker33 ($100 in chips) 
Seat 4: jeilsons ($100.88 in chips) 
Seat 5: Pon4uk.ua ($100 in chips) 
Seat 6: Sarabe nab ($17.10 in chips) 
daynamite23: posts small blind $0.50
nickreason17: posts big blind $1
*** HOLE CARDS ***
peak joker33: folds 
jeilsons: folds 
Pon4uk.ua: raises $1 to $2
Sarabe nab: folds 
daynamite23 has timed out
daynamite23: folds 
nickreason17: folds 
Uncalled bet ($1) returned to Pon4uk.ua
Pon4uk.ua collected $2.50 from pot
Pon4uk.ua: doesn't show hand 
*** SUMMARY ***
Total pot $2.50 | Rake $0 
Seat 1: daynamite23 (small blind) folded before Flop
Seat 2: nickreason17 (big blind) folded before Flop
Seat 3: peak joker33 folded before Flop (didn't bet)
Seat 4: jeilsons folded before Flop (didn't bet)
Seat 5: Pon4uk.ua collected ($2.50)
Seat 6: Sarabe nab (button) folded before Flop (didn't bet)



PokerStars Hand #254274947436:  Hold'em No Limit ($0.50/$1.00 USD) - 2025/01/09 7:44:03 WET [2025/01/09 2:44:03 ET]
Table 'Sadeya II' 6-max Seat #1 is the button
Seat 1: daynamite23 ($23.92 in chips) 
Seat 2: nickreason17 ($219.80 in chips) 
Seat 3: peak joker33 ($100 in chips) 
Seat 4: jeilsons ($100.88 in chips) 
Seat 5: Pon4uk.ua ($101.50 in chips) 
Seat 6: Sarabe nab ($17.10 in chips) 
nickreason17: posts small blind $0.50
peak joker33: posts big blind $1
*** HOLE CARDS ***
jeilsons: folds 
Pon4uk.ua: folds 
Sarabe nab: calls $1
daynamite23 has timed out
daynamite23: folds 
nickreason17: raises $3 to $4
peak joker33: folds 
Sarabe nab: calls $3
*** FLOP *** [6c Ks 9s]
nickreason17: checks 
Sarabe nab: checks 
*** TURN *** [6c Ks 9s] [Qc]
nickreason17: bets $6.57
Sarabe nab: folds 
Uncalled bet ($6.57) returned to nickreason17
nickreason17 collected $8.55 from pot
nickreason17: doesn't show hand 
*** SUMMARY ***
Total pot $9 | Rake $0.45 
Board [6c Ks 9s Qc]
Seat 1: daynamite23 (button) folded before Flop (didn't bet)
Seat 2: nickreason17 (small blind) collected ($8.55)
Seat 3: peak joker33 (big blind) folded before Flop
Seat 4: jeilsons folded before Flop (didn't bet)
Seat 5: Pon4uk.ua folded before Flop (didn't bet)
Seat 6: Sarabe nab folded on the Turn



PokerStars Hand #254274951534:  Hold'em No Limit ($0.50/$1.00 USD) - 2025/01/09 7:44:58 WET [2025/01/09 2:44:58 ET]
Table 'Sadeya II' 6-max Seat #2 is the button
Seat 1: daynamite23 ($23.92 in chips) 
Seat 2: nickreason17 ($224.35 in chips) 
Seat 3: peak joker33 ($100 in chips) 
Seat 4: jeilsons ($100.88 in chips) 
Seat 5: Pon4uk.ua ($101.50 in chips) 
Seat 6: Sarabe nab ($13.10 in chips) 
peak joker33: posts small blind $0.50
jeilsons: posts big blind $1
*** HOLE CARDS ***
Pon4uk.ua: raises $1 to $2
Sarabe nab: folds 
daynamite23 has timed out
daynamite23: folds 
nickreason17: folds 
peak joker33: folds 
jeilsons: folds 
Uncalled bet ($1) returned to Pon4uk.ua
Pon4uk.ua collected $2.50 from pot
Pon4uk.ua: doesn't show hand 
*** SUMMARY ***
Total pot $2.50 | Rake $0 
Seat 1: daynamite23 folded before Flop (didn't bet)
Seat 2: nickreason17 (button) folded before Flop (didn't bet)
Seat 3: peak joker33 (small blind) folded before Flop
Seat 4: jeilsons (big blind) folded before Flop
Seat 5: Pon4uk.ua collected ($2.50)
Seat 6: Sarabe nab folded before Flop (didn't bet)



PokerStars Hand #254274953644:  Hold'em No Limit ($0.50/$1.00 USD) - 2025/01/09 7:45:27 WET [2025/01/09 2:45:27 ET]
Table 'Sadeya II' 6-max Seat #3 is the button
Seat 1: daynamite23 ($23.92 in chips) is sitting out
Seat 2: nickreason17 ($224.35 in chips) 
Seat 3: peak joker33 ($100 in chips) 
Seat 4: jeilsons ($100 in chips) 
Seat 5: Pon4uk.ua ($103 in chips) 
Seat 6: Sarabe nab ($13.10 in chips) 
jeilsons: posts small blind $0.50
Pon4uk.ua: posts big blind $1
*** HOLE CARDS ***
Sarabe nab: folds 
nickreason17: folds 
peak joker33: folds 
jeilsons: raises $2 to $3
Pon4uk.ua: folds 
Uncalled bet ($2) returned to jeilsons
jeilsons collected $2 from pot
jeilsons: doesn't show hand 
*** SUMMARY ***
Total pot $2 | Rake $0 
Seat 1: daynamite23
Seat 2: nickreason17 folded before Flop (didn't bet)
Seat 3: peak joker33 (button) folded before Flop (didn't bet)
Seat 4: jeilsons (small blind) collected ($2)
Seat 5: Pon4uk.ua (big blind) folded before Flop
Seat 6: Sarabe nab folded before Flop (didn't bet)



PokerStars Hand #254274954861:  Hold'em No Limit ($0.50/$1.00 USD) - 2025/01/09 7:45:43 WET [2025/01/09 2:45:43 ET]
Table 'Sadeya II' 6-max Seat #4 is the button
Seat 1: daynamite23 ($23.92 in chips) 
Seat 2: nickreason17 ($224.35 in chips) 
Seat 3: peak joker33 ($100 in chips) 
Seat 4: jeilsons ($101 in chips) 
Seat 5: Pon4uk.ua ($102 in chips) 
Seat 6: Sarabe nab ($13.10 in chips) 
Pon4uk.ua: posts small blind $0.50
Sarabe nab: posts big blind $1
*** HOLE CARDS ***
daynamite23 has timed out
daynamite23: folds 
nickreason17: folds 
peak joker33: folds 
jeilsons: raises $1.50 to $2.50
Pon4uk.ua: calls $2
Sarabe nab: calls $1.50
*** FLOP *** [3c Jd Kc]
Pon4uk.ua: checks 
Sarabe nab: checks 
jeilsons: bets $1.85
Pon4uk.ua: folds 
Sarabe nab: folds 
Uncalled bet ($1.85) returned to jeilsons
jeilsons collected $7.12 from pot
jeilsons: doesn't show hand 
*** SUMMARY ***
Total pot $7.50 | Rake $0.38 
Board [3c Jd Kc]
Seat 1: daynamite23 folded before Flop (didn't bet)
Seat 2: nickreason17 folded before Flop (didn't bet)
Seat 3: peak joker33 folded before Flop (didn't bet)
Seat 4: jeilsons (button) collected ($7.12)
Seat 5: Pon4uk.ua (small blind) folded on the Flop
Seat 6: Sarabe nab (big blind) folded on the Flop



PokerStars Hand #254274957537:  Hold'em No Limit ($0.50/$1.00 USD) - 2025/01/09 7:46:20 WET [2025/01/09 2:46:20 ET]
Table 'Sadeya II' 6-max Seat #5 is the button
Seat 1: daynamite23 ($23.92 in chips) is sitting out
Seat 2: nickreason17 ($224.35 in chips) 
Seat 3: peak joker33 ($100 in chips) 
Seat 4: jeilsons ($105.62 in chips) 
Seat 5: Pon4uk.ua ($100 in chips) 
Seat 6: Sarabe nab ($10.60 in chips) 
Sarabe nab: posts small blind $0.50
daynamite23 has timed out
daynamite23: is sitting out 
nickreason17: posts big blind $1
*** HOLE CARDS ***
peak joker33: folds 
jeilsons: raises $1.30 to $2.30
Pon4uk.ua: folds 
Sarabe nab: calls $1.80
nickreason17: folds 
*** FLOP *** [Qc 3s Ac]
Sarabe nab: checks 
jeilsons: bets $1.38
Sarabe nab: folds 
Uncalled bet ($1.38) returned to jeilsons
daynamite23 is disconnected 
jeilsons collected $5.32 from pot
jeilsons: doesn't show hand 
*** SUMMARY ***
Total pot $5.60 | Rake $0.28 
Board [Qc 3s Ac]
Seat 1: daynamite23
Seat 2: nickreason17 (big blind) folded before Flop
Seat 3: peak joker33 folded before Flop (didn't bet)
Seat 4: jeilsons collected ($5.32)
Seat 5: Pon4uk.ua (button) folded before Flop (didn't bet)
Seat 6: Sarabe nab (small blind) folded on the Flop



PokerStars Hand #254274960097:  Hold'em No Limit ($0.50/$1.00 USD) - 2025/01/09 7:46:54 WET [2025/01/09 2:46:54 ET]
Table 'Sadeya II' 6-max Seat #6 is the button
Seat 1: daynamite23 ($23.92 in chips) is sitting out
Seat 2: nickreason17 ($223.35 in chips) 
Seat 3: peak joker33 ($100 in chips) 
Seat 4: jeilsons ($108.64 in chips) 
Seat 5: Pon4uk.ua ($100 in chips) 
Seat 6: Sarabe nab ($8.30 in chips) 
nickreason17: posts small blind $0.50
peak joker33: posts big blind $1
*** HOLE CARDS ***
jeilsons: folds 
Pon4uk.ua: raises $1.50 to $2.50
Sarabe nab: folds 
nickreason17: folds 
peak joker33: folds 
Uncalled bet ($1.50) returned to Pon4uk.ua
Pon4uk.ua collected $2.50 from pot
Pon4uk.ua: doesn't show hand 
*** SUMMARY ***
Total pot $2.50 | Rake $0 
Seat 1: daynamite23
Seat 2: nickreason17 (small blind) folded before Flop
Seat 3: peak joker33 (big blind) folded before Flop
Seat 4: jeilsons folded before Flop (didn't bet)
Seat 5: Pon4uk.ua collected ($2.50)
Seat 6: Sarabe nab (button) folded before Flop (didn't bet)



PokerStars Hand #254274961038:  Hold'em No Limit ($0.50/$1.00 USD) - 2025/01/09 7:47:06 WET [2025/01/09 2:47:06 ET]
Table 'Sadeya II' 6-max Seat #2 is the button
Seat 1: daynamite23 ($23.92 in chips) is sitting out
Seat 2: nickreason17 ($222.85 in chips) 
Seat 3: peak joker33 ($100 in chips) 
Seat 4: jeilsons ($108.64 in chips) 
Seat 5: Pon4uk.ua ($101.50 in chips) 
Seat 6: Sarabe nab ($8.30 in chips) 
peak joker33: posts small blind $0.50
jeilsons: posts big blind $1
*** HOLE CARDS ***
Pon4uk.ua: folds 
Sarabe nab: calls $1
nickreason17: folds 
peak joker33: folds 
jeilsons: checks 
*** FLOP *** [6c Qc Ks]
jeilsons: checks 
Sarabe nab: bets $1.19
jeilsons: folds 
Uncalled bet ($1.19) returned to Sarabe nab
Sarabe nab collected $2.38 from pot
Sarabe nab: doesn't show hand 
*** SUMMARY ***
Total pot $2.50 | Rake $0.12 
Board [6c Qc Ks]
Seat 1: daynamite23
Seat 2: nickreason17 (button) folded before Flop (didn't bet)
Seat 3: peak joker33 (small blind) folded before Flop
Seat 4: jeilsons (big blind) folded on the Flop
Seat 5: Pon4uk.ua folded before Flop (didn't bet)
Seat 6: Sarabe nab collected ($2.38)



PokerStars Hand #254274962960:  Hold'em No Limit ($0.50/$1.00 USD) - 2025/01/09 7:47:32 WET [2025/01/09 2:47:32 ET]
Table 'Sadeya II' 6-max Seat #3 is the button
Seat 1: daynamite23 ($23.92 in chips) is sitting out
Seat 2: nickreason17 ($222.85 in chips) 
Seat 3: peak joker33 ($100 in chips) 
Seat 4: jeilsons ($107.64 in chips) 
Seat 5: Pon4uk.ua ($101.50 in chips) 
Seat 6: Sarabe nab ($9.68 in chips) 
jeilsons: posts small blind $0.50
Pon4uk.ua: posts big blind $1
daynamite23: sits out 
*** HOLE CARDS ***
Sarabe nab: calls $1
nickreason17: folds 
peak joker33: folds 
jeilsons: folds 
Pon4uk.ua: checks 
*** FLOP *** [Jh 8c 2h]
Pon4uk.ua: checks 
Sarabe nab: bets $1
Pon4uk.ua: folds 
Uncalled bet ($1) returned to Sarabe nab
Sarabe nab collected $2.38 from pot
Sarabe nab: doesn't show hand 
*** SUMMARY ***
Total pot $2.50 | Rake $0.12 
Board [Jh 8c 2h]
Seat 1: daynamite23
Seat 2: nickreason17 folded before Flop (didn't bet)
Seat 3: peak joker33 (button) folded before Flop (didn't bet)
Seat 4: jeilsons (small blind) folded before Flop
Seat 5: Pon4uk.ua (big blind) folded on the Flop
Seat 6: Sarabe nab collected ($2.38)



PokerStars Hand #254274964958:  Hold'em No Limit ($0.50/$1.00 USD) - 2025/01/09 7:47:59 WET [2025/01/09 2:47:59 ET]
Table 'Sadeya II' 6-max Seat #4 is the button
Seat 1: daynamite23 ($23.92 in chips) is sitting out
Seat 2: nickreason17 ($222.85 in chips) 
Seat 3: peak joker33 ($100 in chips) 
Seat 4: jeilsons ($107.14 in chips) 
Seat 5: Pon4uk.ua ($100.50 in chips) 
Seat 6: Sarabe nab ($11.06 in chips) 
Pon4uk.ua: posts small blind $0.50
Sarabe nab: posts big blind $1
daynamite23: sits out 
*** HOLE CARDS ***
nickreason17: folds 
peak joker33: folds 
jeilsons: raises $1.50 to $2.50
Pon4uk.ua: raises $9 to $11.50
Sarabe nab: folds 
jeilsons: calls $9
*** FLOP *** [Jd Ah 6c]
Pon4uk.ua: bets $7.52
jeilsons: calls $7.52
*** TURN *** [Jd Ah 6c] [6d]
Pon4uk.ua: bets $12.24
jeilsons: folds 
Uncalled bet ($12.24) returned to Pon4uk.ua
Pon4uk.ua collected $37.09 from pot
Pon4uk.ua: doesn't show hand 
*** SUMMARY ***
Total pot $39.04 | Rake $1.95 
Board [Jd Ah 6c 6d]
Seat 1: daynamite23
Seat 2: nickreason17 folded before Flop (didn't bet)
Seat 3: peak joker33 folded before Flop (didn't bet)
Seat 4: jeilsons (button) folded on the Turn
Seat 5: Pon4uk.ua (small blind) collected ($37.09)
Seat 6: Sarabe nab (big blind) folded before Flop



PokerStars Hand #254274969804:  Hold'em No Limit ($0.50/$1.00 USD) - 2025/01/09 7:49:06 WET [2025/01/09 2:49:06 ET]
Table 'Sadeya II' 6-max Seat #5 is the button
Seat 1: daynamite23 ($23.92 in chips) 
Seat 2: nickreason17 ($222.85 in chips) 
Seat 3: peak joker33 ($100 in chips) 
Seat 4: jeilsons ($100 in chips) 
Seat 5: Pon4uk.ua ($118.57 in chips) 
Seat 6: Sarabe nab ($10.06 in chips) 
Sarabe nab: posts small blind $0.50
daynamite23: posts big blind $1
*** HOLE CARDS ***
nickreason17: folds 
peak joker33: raises $1.50 to $2.50
jeilsons: folds 
Pon4uk.ua: folds 
Sarabe nab: folds 
daynamite23: calls $1.50
*** FLOP *** [7d 8d 8s]
daynamite23: checks 
peak joker33: bets $3.13
daynamite23: calls $3.13
*** TURN *** [7d 8d 8s] [Jd]
daynamite23: checks 
peak joker33: checks 
*** RIVER *** [7d 8d 8s Jd] [Jh]
daynamite23: bets $8
peak joker33: calls $8
*** SHOW DOWN ***
daynamite23: shows [8c 4d] (a full house, Eights full of Jacks)
peak joker33: mucks hand 
daynamite23 collected $26.37 from pot
*** SUMMARY ***
Total pot $27.76 | Rake $1.39 
Board [7d 8d 8s Jd Jh]
Seat 1: daynamite23 (big blind) showed [8c 4d] and won ($26.37) with a full house, Eights full of Jacks
Seat 2: nickreason17 folded before Flop (didn't bet)
Seat 3: peak joker33 mucked
Seat 4: jeilsons folded before Flop (didn't bet)
Seat 5: Pon4uk.ua (button) folded before Flop (didn't bet)
Seat 6: Sarabe nab (small blind) folded before Flop



PokerStars Hand #254274975436:  Hold'em No Limit ($0.50/$1.00 USD) - 2025/01/09 7:50:23 WET [2025/01/09 2:50:23 ET]
Table 'Sadeya II' 6-max Seat #6 is the button
Seat 1: daynamite23 ($36.66 in chips) 
Seat 2: nickreason17 ($222.85 in chips) 
Seat 3: peak joker33 ($100 in chips) 
Seat 4: jeilsons ($100 in chips) 
Seat 5: Pon4uk.ua ($118.57 in chips) 
Seat 6: Sarabe nab ($9.56 in chips) 
daynamite23: posts small blind $0.50
nickreason17: posts big blind $1
*** HOLE CARDS ***
peak joker33: folds 
jeilsons: folds 
Pon4uk.ua: raises $1.50 to $2.50
Sarabe nab: calls $2.50
daynamite23: calls $2
nickreason17: folds 
*** FLOP *** [5s Kd 9d]
daynamite23: checks 
Pon4uk.ua: bets $2.67
Sarabe nab: folds 
daynamite23 has timed out
daynamite23: folds 
Uncalled bet ($2.67) returned to Pon4uk.ua
Pon4uk.ua collected $8.08 from pot
Pon4uk.ua: doesn't show hand 
*** SUMMARY ***
Total pot $8.50 | Rake $0.42 
Board [5s Kd 9d]
Seat 1: daynamite23 (small blind) folded on the Flop
Seat 2: nickreason17 (big blind) folded before Flop
Seat 3: peak joker33 folded before Flop (didn't bet)
Seat 4: jeilsons folded before Flop (didn't bet)
Seat 5: Pon4uk.ua collected ($8.08)
Seat 6: Sarabe nab (button) folded on the Flop



PokerStars Hand #254274981448:  Hold'em No Limit ($0.50/$1.00 USD) - 2025/01/09 7:51:43 WET [2025/01/09 2:51:43 ET]
Table 'Sadeya II' 6-max Seat #2 is the button
Seat 1: daynamite23 ($34.16 in chips) is sitting out
Seat 2: nickreason17 ($221.85 in chips) 
Seat 3: peak joker33 ($100 in chips) 
Seat 4: jeilsons ($100 in chips) 
Seat 5: Pon4uk.ua ($124.15 in chips) 
Seat 6: Sarabe nab ($7.06 in chips) 
peak joker33: posts small blind $0.50
jeilsons: posts big blind $1
*** HOLE CARDS ***
Pon4uk.ua: folds 
Sarabe nab: folds 
nickreason17: folds 
peak joker33: raises $2 to $3
jeilsons: folds 
Uncalled bet ($2) returned to peak joker33
peak joker33 collected $2 from pot
peak joker33: doesn't show hand 
*** SUMMARY ***
Total pot $2 | Rake $0 
Seat 1: daynamite23
Seat 2: nickreason17 (button) folded before Flop (didn't bet)
Seat 3: peak joker33 (small blind) collected ($2)
Seat 4: jeilsons (big blind) folded before Flop
Seat 5: Pon4uk.ua folded before Flop (didn't bet)
Seat 6: Sarabe nab folded before Flop (didn't bet)



PokerStars Hand #254274982686:  Hold'em No Limit ($0.50/$1.00 USD) - 2025/01/09 7:52:00 WET [2025/01/09 2:52:00 ET]
Table 'Sadeya II' 6-max Seat #3 is the button
Seat 1: daynamite23 ($34.16 in chips) is sitting out
Seat 2: nickreason17 ($221.85 in chips) 
Seat 3: peak joker33 ($101 in chips) 
Seat 4: jeilsons ($100 in chips) 
Seat 5: Pon4uk.ua ($124.15 in chips) 
Seat 6: Sarabe nab ($7.06 in chips) 
jeilsons: posts small blind $0.50
Pon4uk.ua: posts big blind $1
*** HOLE CARDS ***
Sarabe nab: folds 
nickreason17: folds 
peak joker33: folds 
jeilsons: folds 
Uncalled bet ($0.50) returned to Pon4uk.ua
Pon4uk.ua collected $1 from pot
Pon4uk.ua: doesn't show hand 
*** SUMMARY ***
Total pot $1 | Rake $0 
Seat 1: daynamite23
Seat 2: nickreason17 folded before Flop (didn't bet)
Seat 3: peak joker33 (button) folded before Flop (didn't bet)
Seat 4: jeilsons (small blind) folded before Flop
Seat 5: Pon4uk.ua (big blind) collected ($1)
Seat 6: Sarabe nab folded before Flop (didn't bet)



PokerStars Hand #254274983718:  Hold'em No Limit ($0.50/$1.00 USD) - 2025/01/09 7:52:13 WET [2025/01/09 2:52:13 ET]
Table 'Sadeya II' 6-max Seat #4 is the button
Seat 1: daynamite23 ($34.16 in chips) is sitting out
Seat 2: nickreason17 ($221.85 in chips) 
Seat 3: peak joker33 ($101 in chips) 
Seat 4: jeilsons ($100 in chips) 
Seat 5: Pon4uk.ua ($124.65 in chips) 
Seat 6: Sarabe nab ($7.06 in chips) 
Pon4uk.ua: posts small blind $0.50
Sarabe nab: posts big blind $1
*** HOLE CARDS ***
nickreason17: folds 
peak joker33: folds 
jeilsons: raises $1.50 to $2.50
Pon4uk.ua: calls $2
Sarabe nab: calls $1.50
*** FLOP *** [Qd 2c 4s]
Pon4uk.ua: checks 
Sarabe nab: checks 
jeilsons: bets $1.85
Pon4uk.ua: raises $4.15 to $6
Sarabe nab: calls $4.56 and is all-in
jeilsons: folds 
Uncalled bet ($1.44) returned to Pon4uk.ua
*** TURN *** [Qd 2c 4s] [Th]
*** RIVER *** [Qd 2c 4s Th] [3h]
*** SHOW DOWN ***
Pon4uk.ua: shows [5s As] (a straight, Ace to Five)
Sarabe nab: shows [2s 8s] (a pair of Deuces)
Pon4uk.ua collected $17.55 from pot
*** SUMMARY ***
Total pot $18.47 | Rake $0.92 
Board [Qd 2c 4s Th 3h]
Seat 1: daynamite23
Seat 2: nickreason17 folded before Flop (didn't bet)
Seat 3: peak joker33 folded before Flop (didn't bet)
Seat 4: jeilsons (button) folded on the Flop
Seat 5: Pon4uk.ua (small blind) showed [5s As] and won ($17.55) with a straight, Ace to Five
Seat 6: Sarabe nab (big blind) showed [2s 8s] and lost with a pair of Deuces



PokerStars Hand #254274987886:  Hold'em No Limit ($0.50/$1.00 USD) - 2025/01/09 7:53:09 WET [2025/01/09 2:53:09 ET]
Table 'Sadeya II' 6-max Seat #5 is the button
Seat 1: daynamite23 ($34.16 in chips) is sitting out
Seat 6: Sarabe nab ($0 in chips) is sitting out
Seat 2: nickreason17 ($221.85 in chips) 
Seat 3: peak joker33 ($101 in chips) 
Seat 4: jeilsons ($100 in chips) 
Seat 5: Pon4uk.ua ($135.14 in chips) 
nickreason17: posts small blind $0.50
peak joker33: posts big blind $1
*** HOLE CARDS ***
jeilsons: folds 
Pon4uk.ua: folds 
nickreason17: raises $2 to $3
jeilsons leaves the table
peak joker33: folds 
Uncalled bet ($2) returned to nickreason17
nickreason17 collected $2 from pot
nickreason17: doesn't show hand 
*** SUMMARY ***
Total pot $2 | Rake $0 
Seat 1: daynamite23
Seat 6: Sarabe nab
Seat 2: nickreason17 (small blind) collected ($2)
Seat 3: peak joker33 (big blind) folded before Flop
Seat 4: jeilsons folded before Flop (didn't bet)
Seat 5: Pon4uk.ua (button) folded before Flop (didn't bet)



PokerStars Hand #254274989273:  Hold'em No Limit ($0.50/$1.00 USD) - 2025/01/09 7:53:29 WET [2025/01/09 2:53:29 ET]
Table 'Sadeya II' 6-max Seat #2 is the button
Seat 1: daynamite23 ($34.16 in chips) is sitting out
Seat 2: nickreason17 ($222.85 in chips) 
Seat 3: peak joker33 ($100 in chips) 
Seat 5: Pon4uk.ua ($135.14 in chips) 
Seat 6: Sarabe nab ($10 in chips) 
peak joker33: posts small blind $0.50
Pon4uk.ua: posts big blind $1
Sarabe nab: posts small blind $0.50
*** HOLE CARDS ***
Sarabe nab: folds 
nickreason17: folds 
peak joker33: raises $2 to $3
sutata joins the table at seat #4 
Pon4uk.ua: folds 
Uncalled bet ($2) returned to peak joker33
peak joker33 collected $2.50 from pot
peak joker33: doesn't show hand 
*** SUMMARY ***
Total pot $2.50 | Rake $0 
Seat 1: daynamite23
Seat 2: nickreason17 (button) folded before Flop (didn't bet)
Seat 3: peak joker33 (small blind) collected ($2.50)
Seat 5: Pon4uk.ua (big blind) folded before Flop
Seat 6: Sarabe nab folded before Flop (didn't bet)



PokerStars Hand #254274991229:  Hold'em No Limit ($0.50/$1.00 USD) - 2025/01/09 7:53:55 WET [2025/01/09 2:53:55 ET]
Table 'Sadeya II' 6-max Seat #3 is the button
Seat 1: daynamite23 ($34.16 in chips) is sitting out
Seat 4: sutata ($100 in chips) is sitting out
Seat 2: nickreason17 ($222.85 in chips) 
Seat 3: peak joker33 ($101.50 in chips) 
Seat 5: Pon4uk.ua ($134.14 in chips) 
Seat 6: Sarabe nab ($9.50 in chips) 
Pon4uk.ua: posts small blind $0.50
Sarabe nab: posts big blind $1
*** HOLE CARDS ***
nickreason17: folds 
peak joker33: raises $1.50 to $2.50
Pon4uk.ua: folds 
Sarabe nab: calls $1.50
*** FLOP *** [Ah Qh Kc]
Sarabe nab: checks 
peak joker33: checks 
*** TURN *** [Ah Qh Kc] [Td]
Sarabe nab: checks 
peak joker33: checks 
*** RIVER *** [Ah Qh Kc Td] [7c]
Sarabe nab: checks 
peak joker33: bets $10.44
Sarabe nab: folds 
Uncalled bet ($10.44) returned to peak joker33
peak joker33 collected $5.22 from pot
peak joker33: doesn't show hand 
*** SUMMARY ***
Total pot $5.50 | Rake $0.28 
Board [Ah Qh Kc Td 7c]
Seat 1: daynamite23
Seat 4: sutata
Seat 2: nickreason17 folded before Flop (didn't bet)
Seat 3: peak joker33 (button) collected ($5.22)
Seat 5: Pon4uk.ua (small blind) folded before Flop
Seat 6: Sarabe nab (big blind) folded on the River



PokerStars Hand #254274993568:  Hold'em No Limit ($0.50/$1.00 USD) - 2025/01/09 7:54:27 WET [2025/01/09 2:54:27 ET]
Table 'Sadeya II' 6-max Seat #5 is the button
Seat 1: daynamite23 ($34.16 in chips) is sitting out
Seat 4: sutata ($100 in chips) is sitting out
Seat 2: nickreason17 ($222.85 in chips) 
Seat 3: peak joker33 ($104.22 in chips) 
Seat 5: Pon4uk.ua ($133.64 in chips) 
Seat 6: Sarabe nab ($7 in chips) 
Sarabe nab: posts small blind $0.50
nickreason17: posts big blind $1
sutata: sits out 
*** HOLE CARDS ***
peak joker33: raises $1.50 to $2.50
Pon4uk.ua: folds 
Sarabe nab: folds 
nickreason17: calls $1.50
*** FLOP *** [Ks 3s 2d]
nickreason17: checks 
peak joker33: bets $1.72
nickreason17: folds 
Uncalled bet ($1.72) returned to peak joker33
peak joker33 collected $5.22 from pot
peak joker33: doesn't show hand 
*** SUMMARY ***
Total pot $5.50 | Rake $0.28 
Board [Ks 3s 2d]
Seat 1: daynamite23
Seat 4: sutata
Seat 2: nickreason17 (big blind) folded on the Flop
Seat 3: peak joker33 collected ($5.22)
Seat 5: Pon4uk.ua (button) folded before Flop (didn't bet)
Seat 6: Sarabe nab (small blind) folded before Flop



PokerStars Hand #254274995723:  Hold'em No Limit ($0.50/$1.00 USD) - 2025/01/09 7:54:56 WET [2025/01/09 2:54:56 ET]
Table 'Sadeya II' 6-max Seat #6 is the button
Seat 1: daynamite23 ($34.16 in chips) is sitting out
Seat 4: sutata ($100 in chips) is sitting out
Seat 2: nickreason17 ($220.35 in chips) 
Seat 3: peak joker33 ($106.94 in chips) 
Seat 5: Pon4uk.ua ($133.64 in chips) 
Seat 6: Sarabe nab ($6.50 in chips) 
nickreason17: posts small blind $0.50
peak joker33: posts big blind $1
sutata: sits out 
*** HOLE CARDS ***
Pon4uk.ua: raises $1.50 to $2.50
Sarabe nab: calls $2.50
nickreason17: folds 
peak joker33: folds 
*** FLOP *** [5s 2d Td]
Pon4uk.ua: bets $6.18
Sarabe nab: folds 
Uncalled bet ($6.18) returned to Pon4uk.ua
Pon4uk.ua collected $6.18 from pot
Pon4uk.ua: doesn't show hand 
*** SUMMARY ***
Total pot $6.50 | Rake $0.32 
Board [5s 2d Td]
Seat 1: daynamite23
Seat 4: sutata
Seat 2: nickreason17 (small blind) folded before Flop
Seat 3: peak joker33 (big blind) folded before Flop
Seat 5: Pon4uk.ua collected ($6.18)
Seat 6: Sarabe nab (button) folded on the Flop



PokerStars Hand #254274997117:  Hold'em No Limit ($0.50/$1.00 USD) - 2025/01/09 7:55:16 WET [2025/01/09 2:55:16 ET]
Table 'Sadeya II' 6-max Seat #2 is the button
Seat 1: daynamite23 ($34.16 in chips) is sitting out
Seat 2: nickreason17 ($219.85 in chips) 
Seat 3: peak joker33 ($105.94 in chips) 
Seat 4: sutata ($100 in chips) 
Seat 5: Pon4uk.ua ($137.32 in chips) 
Seat 6: Sarabe nab ($4 in chips) 
peak joker33: posts small blind $0.50
sutata: posts big blind $1
*** HOLE CARDS ***
Pon4uk.ua: folds 
Sarabe nab: folds 
nickreason17: raises $1.50 to $2.50
peak joker33: folds 
sutata: calls $1.50
*** FLOP *** [Ac 3d 9h]
sutata: checks 
nickreason17: bets $1.57
sutata: raises $6.35 to $7.92
nickreason17: folds 
Uncalled bet ($6.35) returned to sutata
sutata collected $8.21 from pot
sutata: doesn't show hand 
*** SUMMARY ***
Total pot $8.64 | Rake $0.43 
Board [Ac 3d 9h]
Seat 1: daynamite23
Seat 2: nickreason17 (button) folded on the Flop
Seat 3: peak joker33 (small blind) folded before Flop
Seat 4: sutata (big blind) collected ($8.21)
Seat 5: Pon4uk.ua folded before Flop (didn't bet)
Seat 6: Sarabe nab folded before Flop (didn't bet)



PokerStars Hand #254274999362:  Hold'em No Limit ($0.50/$1.00 USD) - 2025/01/09 7:55:51 WET [2025/01/09 2:55:51 ET]
Table 'Sadeya II' 6-max Seat #3 is the button
Seat 1: daynamite23 ($34.16 in chips) is sitting out
Seat 2: nickreason17 ($215.78 in chips) 
Seat 3: peak joker33 ($105.44 in chips) 
Seat 4: sutata ($104.14 in chips) 
Seat 5: Pon4uk.ua ($137.32 in chips) 
Seat 6: Sarabe nab ($4 in chips) 
sutata: posts small blind $0.50
Pon4uk.ua: posts big blind $1
*** HOLE CARDS ***
Sarabe nab: folds 
nickreason17: raises $1.25 to $2.25
peak joker33: folds 
sutata: folds 
Pon4uk.ua: calls $1.25
*** FLOP *** [2h 2d Qs]
Pon4uk.ua: checks 
nickreason17: bets $1.24
Pon4uk.ua: calls $1.24
*** TURN *** [2h 2d Qs] [6h]
Pon4uk.ua: checks 
nickreason17: bets $4.70
Pon4uk.ua: calls $4.70
*** RIVER *** [2h 2d Qs 6h] [5h]
Pon4uk.ua: bets $5.29
nickreason17: raises $13.31 to $18.60
Pon4uk.ua: folds 
Uncalled bet ($13.31) returned to nickreason17
nickreason17 collected $26.09 from pot
nickreason17: doesn't show hand 
*** SUMMARY ***
Total pot $27.46 | Rake $1.37 
Board [2h 2d Qs 6h 5h]
Seat 1: daynamite23
Seat 2: nickreason17 collected ($26.09)
Seat 3: peak joker33 (button) folded before Flop (didn't bet)
Seat 4: sutata (small blind) folded before Flop
Seat 5: Pon4uk.ua (big blind) folded on the River
Seat 6: Sarabe nab folded before Flop (didn't bet)



PokerStars Hand #254275004250:  Hold'em No Limit ($0.50/$1.00 USD) - 2025/01/09 7:57:06 WET [2025/01/09 2:57:06 ET]
Table 'Sadeya II' 6-max Seat #4 is the button
Seat 1: daynamite23 ($34.16 in chips) is sitting out
Seat 2: nickreason17 ($228.39 in chips) 
Seat 3: peak joker33 ($105.44 in chips) 
Seat 4: sutata ($103.64 in chips) 
Seat 5: Pon4uk.ua ($123.84 in chips) 
Seat 6: Sarabe nab ($4 in chips) 
Pon4uk.ua: posts small blind $0.50
Sarabe nab: posts big blind $1
*** HOLE CARDS ***
nickreason17: folds 
peak joker33: folds 
sutata: raises $2 to $3
Pon4uk.ua: folds 
Sarabe nab: raises $1 to $4 and is all-in
sutata: calls $1
*** FLOP *** [Jh Tc 8s]
*** TURN *** [Jh Tc 8s] [Td]
*** RIVER *** [Jh Tc 8s Td] [9c]
*** SHOW DOWN ***
Sarabe nab: shows [Kh 9h] (two pair, Tens and Nines)
sutata: shows [6s Ac] (a pair of Tens)
Sarabe nab collected $8.08 from pot
*** SUMMARY ***
Total pot $8.50 | Rake $0.42 
Board [Jh Tc 8s Td 9c]
Seat 1: daynamite23
Seat 2: nickreason17 folded before Flop (didn't bet)
Seat 3: peak joker33 folded before Flop (didn't bet)
Seat 4: sutata (button) showed [6s Ac] and lost with a pair of Tens
Seat 5: Pon4uk.ua (small blind) folded before Flop
Seat 6: Sarabe nab (big blind) showed [Kh 9h] and won ($8.08) with two pair, Tens and Nines



PokerStars Hand #254275006426:  Hold'em No Limit ($0.50/$1.00 USD) - 2025/01/09 7:57:38 WET [2025/01/09 2:57:38 ET]
Table 'Sadeya II' 6-max Seat #5 is the button
Seat 1: daynamite23 ($34.16 in chips) is sitting out
Seat 2: nickreason17 ($228.39 in chips) 
Seat 3: peak joker33 ($105.44 in chips) 
Seat 4: sutata ($100 in chips) 
Seat 5: Pon4uk.ua ($123.34 in chips) 
Seat 6: Sarabe nab ($8.08 in chips) 
Sarabe nab: posts small blind $0.50
nickreason17: posts big blind $1
*** HOLE CARDS ***
peak joker33: raises $1.50 to $2.50
sutata: raises $5.80 to $8.30
Pon4uk.ua: folds 
Sarabe nab: folds 
nickreason17: folds 
peak joker33: folds 
Uncalled bet ($5.80) returned to sutata
sutata collected $6.50 from pot
sutata: doesn't show hand 
*** SUMMARY ***
Total pot $6.50 | Rake $0 
Seat 1: daynamite23
Seat 2: nickreason17 (big blind) folded before Flop
Seat 3: peak joker33 folded before Flop
Seat 4: sutata collected ($6.50)
Seat 5: Pon4uk.ua (button) folded before Flop (didn't bet)
Seat 6: Sarabe nab (small blind) folded before Flop



PokerStars Hand #254275007922:  Hold'em No Limit ($0.50/$1.00 USD) - 2025/01/09 7:58:00 WET [2025/01/09 2:58:00 ET]
Table 'Sadeya II' 6-max Seat #6 is the button
Seat 1: daynamite23 ($34.16 in chips) is sitting out
Seat 2: nickreason17 ($227.39 in chips) 
Seat 3: peak joker33 ($102.94 in chips) 
Seat 4: sutata ($104 in chips) 
Seat 5: Pon4uk.ua ($123.34 in chips) 
Seat 6: Sarabe nab ($7.58 in chips) 
nickreason17: posts small blind $0.50
peak joker33: posts big blind $1
*** HOLE CARDS ***
sutata: folds 
Pon4uk.ua: folds 
Sarabe nab: folds 
nickreason17: folds 
Uncalled bet ($0.50) returned to peak joker33
peak joker33 collected $1 from pot
peak joker33: doesn't show hand 
*** SUMMARY ***
Total pot $1 | Rake $0 
Seat 1: daynamite23
Seat 2: nickreason17 (small blind) folded before Flop
Seat 3: peak joker33 (big blind) collected ($1)
Seat 4: sutata folded before Flop (didn't bet)
Seat 5: Pon4uk.ua folded before Flop (didn't bet)
Seat 6: Sarabe nab (button) folded before Flop (didn't bet)



PokerStars Hand #254275008948:  Hold'em No Limit ($0.50/$1.00 USD) - 2025/01/09 7:58:16 WET [2025/01/09 2:58:16 ET]
Table 'Sadeya II' 6-max Seat #2 is the button
Seat 1: daynamite23 ($34.16 in chips) is sitting out
Seat 2: nickreason17 ($226.89 in chips) 
Seat 3: peak joker33 ($103.44 in chips) 
Seat 4: sutata ($104 in chips) 
Seat 5: Pon4uk.ua ($123.34 in chips) 
Seat 6: Sarabe nab ($7.58 in chips) 
peak joker33: posts small blind $0.50
sutata: posts big blind $1
*** HOLE CARDS ***
Pon4uk.ua: folds 
Sarabe nab: folds 
nickreason17: folds 
peak joker33: raises $2 to $3
sutata: calls $2
*** FLOP *** [5c 5d 4c]
peak joker33: checks 
sutata: checks 
*** TURN *** [5c 5d 4c] [Kc]
peak joker33: bets $2.85
sutata: folds 
Uncalled bet ($2.85) returned to peak joker33
peak joker33 collected $5.70 from pot
peak joker33: doesn't show hand 
*** SUMMARY ***
Total pot $6 | Rake $0.30 
Board [5c 5d 4c Kc]
Seat 1: daynamite23
Seat 2: nickreason17 (button) folded before Flop (didn't bet)
Seat 3: peak joker33 (small blind) collected ($5.70)
Seat 4: sutata (big blind) folded on the Turn
Seat 5: Pon4uk.ua folded before Flop (didn't bet)
Seat 6: Sarabe nab folded before Flop (didn't bet)



