PokerStars Hand #254285203300:  Hold'em No Limit ($0.50/$1.00 USD) - 2025/01/09 21:53:20 WET [2025/01/09 16:53:20 ET]
Table 'Gretia III' 6-max Seat #6 is the button
Seat 1: nikalas22 ($100 in chips) 
Seat 3: Alinyr ($100 in chips) 
Seat 4: XneferX ($100 in chips) 
Seat 6: nastja336 ($100 in chips) 
nikalas22: posts small blind $0.50
Alinyr: posts big blind $1
*** HOLE CARDS ***
XneferX: raises $1.20 to $2.20
nastja336: folds 
nikalas22: folds 
pako142 joins the table at seat #5 
Alinyr has timed out
Alinyr: folds 
Uncalled bet ($1.20) returned to XneferX
XneferX collected $2.50 from pot
XneferX: doesn't show hand 
*** SUMMARY ***
Total pot $2.50 | Rake $0 
Seat 1: nikalas22 (small blind) folded before Flop
Seat 3: Alinyr (big blind) folded before Flop
Seat 4: XneferX collected ($2.50)
Seat 6: nastja336 (button) folded before Flop (didn't bet)



PokerStars Hand #254285220963:  Hold'em No Limit ($0.50/$1.00 USD) - 2025/01/09 21:54:13 WET [2025/01/09 16:54:13 ET]
Table 'Gretia III' 6-max Seat #1 is the button
Seat 5: pako142 ($100 in chips) is sitting out
Seat 1: nikalas22 ($100 in chips) 
Seat 3: Alinyr ($100 in chips) 
Seat 4: XneferX ($101.50 in chips) 
Seat 6: nastja336 ($100 in chips) 
Alinyr: posts small blind $0.50
XneferX: posts big blind $1
pako142: sits out 
*** HOLE CARDS ***
nastja336: folds 
nikalas22: folds 
Alinyr: raises $2 to $3
XneferX: calls $2
*** FLOP *** [Ts 9h 6s]
Alinyr: checks 
Powerpoint66 joins the table at seat #2 
XneferX: bets $2.91
Alinyr: raises $7.60 to $10.51
XneferX: folds 
Uncalled bet ($7.60) returned to Alinyr
Alinyr collected $11.23 from pot
Alinyr: doesn't show hand 
*** SUMMARY ***
Total pot $11.82 | Rake $0.59 
Board [Ts 9h 6s]
Seat 5: pako142
Seat 1: nikalas22 (button) folded before Flop (didn't bet)
Seat 3: Alinyr (small blind) collected ($11.23)
Seat 4: XneferX (big blind) folded on the Flop
Seat 6: nastja336 folded before Flop (didn't bet)



PokerStars Hand #254285240433:  Hold'em No Limit ($0.50/$1.00 USD) - 2025/01/09 21:55:13 WET [2025/01/09 16:55:13 ET]
Table 'Gretia III' 6-max Seat #3 is the button
Seat 2: Powerpoint66 ($80 in chips) is sitting out
Seat 1: nikalas22 ($100 in chips) 
Seat 3: Alinyr ($105.32 in chips) 
Seat 4: XneferX ($100 in chips) 
Seat 5: pako142 ($100 in chips) 
Seat 6: nastja336 ($100 in chips) 
XneferX: posts small blind $0.50
pako142: posts big blind $1
Powerpoint66: sits out 
*** HOLE CARDS ***
nastja336: folds 
nikalas22: folds 
Alinyr: folds 
XneferX: folds 
Uncalled bet ($0.50) returned to pako142
pako142 collected $1 from pot
pako142: doesn't show hand 
*** SUMMARY ***
Total pot $1 | Rake $0 
Seat 2: Powerpoint66
Seat 1: nikalas22 folded before Flop (didn't bet)
Seat 3: Alinyr (button) folded before Flop (didn't bet)
Seat 4: XneferX (small blind) folded before Flop
Seat 5: pako142 (big blind) collected ($1)
Seat 6: nastja336 folded before Flop (didn't bet)



PokerStars Hand #254285243036:  Hold'em No Limit ($0.50/$1.00 USD) - 2025/01/09 21:55:24 WET [2025/01/09 16:55:24 ET]
Table 'Gretia III' 6-max Seat #4 is the button
Seat 2: Powerpoint66 ($80 in chips) is sitting out
Seat 1: nikalas22 ($100 in chips) 
Seat 3: Alinyr ($105.32 in chips) 
Seat 4: XneferX ($100 in chips) 
Seat 5: pako142 ($100.50 in chips) 
Seat 6: nastja336 ($100 in chips) 
pako142: posts small blind $0.50
nastja336: posts big blind $1
Powerpoint66: sits out 
*** HOLE CARDS ***
nikalas22: folds 
Alinyr: raises $1.28 to $2.28
XneferX: folds 
pako142: folds 
nastja336: folds 
Uncalled bet ($1.28) returned to Alinyr
Alinyr collected $2.50 from pot
Alinyr: doesn't show hand 
*** SUMMARY ***
Total pot $2.50 | Rake $0 
Seat 2: Powerpoint66
Seat 1: nikalas22 folded before Flop (didn't bet)
Seat 3: Alinyr collected ($2.50)
Seat 4: XneferX (button) folded before Flop (didn't bet)
Seat 5: pako142 (small blind) folded before Flop
Seat 6: nastja336 (big blind) folded before Flop



PokerStars Hand #254285248742:  Hold'em No Limit ($0.50/$1.00 USD) - 2025/01/09 21:55:48 WET [2025/01/09 16:55:48 ET]
Table 'Gretia III' 6-max Seat #5 is the button
Seat 2: Powerpoint66 ($80 in chips) is sitting out
Seat 1: nikalas22 ($100 in chips) 
Seat 3: Alinyr ($106.82 in chips) 
Seat 4: XneferX ($100 in chips) 
Seat 5: pako142 ($100 in chips) 
Seat 6: nastja336 ($100 in chips) 
nastja336: posts small blind $0.50
nikalas22: posts big blind $1
Powerpoint66: sits out 
*** HOLE CARDS ***
Alinyr: folds 
XneferX: folds 
pako142: raises $1.50 to $2.50
nastja336: folds 
nikalas22: raises $9.50 to $12
pako142: folds 
Uncalled bet ($9.50) returned to nikalas22
nikalas22 collected $5.50 from pot
nikalas22: doesn't show hand 
*** SUMMARY ***
Total pot $5.50 | Rake $0 
Seat 2: Powerpoint66
Seat 1: nikalas22 (big blind) collected ($5.50)
Seat 3: Alinyr folded before Flop (didn't bet)
Seat 4: XneferX folded before Flop (didn't bet)
Seat 5: pako142 (button) folded before Flop
Seat 6: nastja336 (small blind) folded before Flop



PokerStars Hand #254285255607:  Hold'em No Limit ($0.50/$1.00 USD) - 2025/01/09 21:56:17 WET [2025/01/09 16:56:17 ET]
Table 'Gretia III' 6-max Seat #6 is the button
Seat 1: nikalas22 ($103 in chips) 
Seat 2: Powerpoint66 ($80 in chips) 
Seat 3: Alinyr ($106.82 in chips) 
Seat 4: XneferX ($100 in chips) 
Seat 5: pako142 ($100 in chips) 
Seat 6: nastja336 ($100 in chips) 
nikalas22: posts small blind $0.50
Powerpoint66: posts big blind $1
*** HOLE CARDS ***
Alinyr: raises $1.05 to $2.05
XneferX: folds 
pako142: folds 
nastja336: folds 
nikalas22: folds 
Powerpoint66: calls $1.05
*** FLOP *** [9d 5d 3h]
Powerpoint66: checks 
Alinyr: bets $1.44
Powerpoint66: raises $4.56 to $6
Alinyr: calls $4.56
*** TURN *** [9d 5d 3h] [As]
Powerpoint66: checks 
Alinyr: checks 
*** RIVER *** [9d 5d 3h As] [4s]
Powerpoint66: checks 
Alinyr: checks 
*** SHOW DOWN ***
Powerpoint66: shows [Js Jd] (a pair of Jacks)
Alinyr: mucks hand 
Powerpoint66 collected $15.56 from pot
*** SUMMARY ***
Total pot $16.60 | Rake $1.04 
Board [9d 5d 3h As 4s]
Seat 1: nikalas22 (small blind) folded before Flop
Seat 2: Powerpoint66 (big blind) showed [Js Jd] and won ($15.56) with a pair of Jacks
Seat 3: Alinyr mucked
Seat 4: XneferX folded before Flop (didn't bet)
Seat 5: pako142 folded before Flop (didn't bet)
Seat 6: nastja336 (button) folded before Flop (didn't bet)



PokerStars Hand #254285276255:  Hold'em No Limit ($0.50/$1.00 USD) - 2025/01/09 21:57:42 WET [2025/01/09 16:57:42 ET]
Table 'Gretia III' 6-max Seat #1 is the button
Seat 3: Alinyr ($100 in chips) is sitting out
Seat 4: XneferX ($100 in chips) is sitting out
Seat 1: nikalas22 ($102.50 in chips) 
Seat 2: Powerpoint66 ($87.51 in chips) 
Seat 5: pako142 ($100 in chips) 
Seat 6: nastja336 ($100 in chips) 
Powerpoint66: posts small blind $0.50
Alinyr: is sitting out 
XneferX: is sitting out 
pako142: posts big blind $1
*** HOLE CARDS ***
nastja336: raises $1.50 to $2.50
XneferX leaves the table
nikalas22: folds 
Alinyr leaves the table
Powerpoint66: folds 
pako142: folds 
Uncalled bet ($1.50) returned to nastja336
nastja336 collected $2.50 from pot
nastja336: doesn't show hand 
*** SUMMARY ***
Total pot $2.50 | Rake $0 
Seat 3: Alinyr
Seat 4: XneferX
Seat 1: nikalas22 (button) folded before Flop (didn't bet)
Seat 2: Powerpoint66 (small blind) folded before Flop
Seat 5: pako142 (big blind) folded before Flop
Seat 6: nastja336 collected ($2.50)



PokerStars Hand #254285279834:  Hold'em No Limit ($0.50/$1.00 USD) - 2025/01/09 21:57:57 WET [2025/01/09 16:57:57 ET]
Table 'Gretia III' 6-max Seat #2 is the button
Seat 6: nastja336 ($101.50 in chips) is sitting out
Seat 1: nikalas22 ($102.50 in chips) 
Seat 2: Powerpoint66 ($87.01 in chips) 
Seat 5: pako142 ($100 in chips) 
pako142: posts small blind $0.50
nastja336: is sitting out 
nikalas22: posts big blind $1
*** HOLE CARDS ***
nastja336 leaves the table
Powerpoint66: folds 
pako142: folds 
Uncalled bet ($0.50) returned to nikalas22
nikalas22 collected $1 from pot
nikalas22: doesn't show hand 
*** SUMMARY ***
Total pot $1 | Rake $0 
Seat 6: nastja336
Seat 1: nikalas22 (big blind) collected ($1)
Seat 2: Powerpoint66 (button) folded before Flop (didn't bet)
Seat 5: pako142 (small blind) folded before Flop



PokerStars Hand #254285348658:  Hold'em No Limit ($0.50/$1.00 USD) - 2025/01/09 22:02:14 WET [2025/01/09 17:02:14 ET]
Table 'Gretia III' 6-max Seat #4 is the button
Seat 2: mrlicker0774 ($0 in chips) is sitting out
Seat 1: nikalas22 ($103 in chips) 
Seat 3: blistein ($100 in chips) 
Seat 4: Eredar5 ($110.36 in chips) 
Seat 5: ReVeu710 ($100 in chips) 
Seat 6: Alinyr ($100 in chips) 
ReVeu710: posts small blind $0.50
Alinyr: posts big blind $1
*** HOLE CARDS ***
nikalas22: folds 
blistein: raises $1.30 to $2.30
Eredar5: raises $5.20 to $7.50
ReVeu710: folds 
mrlicker0774 leaves the table
Alinyr: folds 
blistein: folds 
Uncalled bet ($5.20) returned to Eredar5
Eredar5 collected $6.10 from pot
Eredar5: doesn't show hand 
*** SUMMARY ***
Total pot $6.10 | Rake $0 
Seat 2: mrlicker0774
Seat 1: nikalas22 folded before Flop (didn't bet)
Seat 3: blistein folded before Flop
Seat 4: Eredar5 (button) collected ($6.10)
Seat 5: ReVeu710 (small blind) folded before Flop
Seat 6: Alinyr (big blind) folded before Flop



PokerStars Hand #254285353318:  Hold'em No Limit ($0.50/$1.00 USD) - 2025/01/09 22:02:28 WET [2025/01/09 17:02:28 ET]
Table 'Gretia III' 6-max Seat #5 is the button
Seat 1: nikalas22 ($103 in chips) is sitting out
Seat 3: blistein ($100 in chips) 
Seat 4: Eredar5 ($114.16 in chips) 
Seat 5: ReVeu710 ($100 in chips) 
Seat 6: Alinyr ($100 in chips) 
Alinyr: posts small blind $0.50
blistein: posts big blind $1
*** HOLE CARDS ***
Eredar5: folds 
nikalas22 leaves the table
ReVeu710: raises $1.50 to $2.50
Alinyr: folds 
blistein: raises $10.50 to $13
ReVeu710: folds 
Uncalled bet ($10.50) returned to blistein
blistein collected $5.50 from pot
blistein: doesn't show hand 
*** SUMMARY ***
Total pot $5.50 | Rake $0 
Seat 1: nikalas22
Seat 3: blistein (big blind) collected ($5.50)
Seat 4: Eredar5 folded before Flop (didn't bet)
Seat 5: ReVeu710 (button) folded before Flop
Seat 6: Alinyr (small blind) folded before Flop



PokerStars Hand #254285361362:  Hold'em No Limit ($0.50/$1.00 USD) - 2025/01/09 22:02:52 WET [2025/01/09 17:02:52 ET]
Table 'Gretia III' 6-max Seat #3 is the button
Seat 4: Eredar5 ($114.16 in chips) is sitting out
Seat 5: ReVeu710 ($100 in chips) is sitting out
Seat 3: blistein ($103 in chips) 
Seat 6: Alinyr ($100 in chips) 
blistein: posts small blind $0.50
Eredar5: is sitting out 
ReVeu710: is sitting out 
Alinyr: posts big blind $1
*** HOLE CARDS ***
blistein: raises $1.50 to $2.50
Eredar5 leaves the table
Alinyr: raises $10.50 to $13
blistein: folds 
Uncalled bet ($10.50) returned to Alinyr
Alinyr collected $5 from pot
Alinyr: doesn't show hand 
*** SUMMARY ***
Total pot $5 | Rake $0 
Seat 4: Eredar5
Seat 5: ReVeu710
Seat 3: blistein (button) (small blind) folded before Flop
Seat 6: Alinyr (big blind) collected ($5)



