PokerStars Hand #254276097137:  Hold'em No Limit ($0.50/$1.00 USD) - 2025/01/09 11:06:44 WET [2025/01/09 6:06:44 ET]
Table 'Morrison II' 6-max Seat #2 is the button
Seat 1: Nurlanstar92 ($100 in chips) 
Seat 2: gig.gyty ($100 in chips) 
Seat 3: janarr5 ($143.83 in chips) 
Seat 6: Santiss87 ($47.66 in chips) 
janarr5: posts small blind $0.50
Santiss87: posts big blind $1
*** HOLE CARDS ***
Nurlanstar92: folds 
gig.gyty: folds 
janarr5: raises $2 to $3
Santiss87: calls $2
*** FLOP *** [2s 5h Js]
janarr5: checks 
Santiss87: checks 
*** TURN *** [2s 5h Js] [Tc]
janarr5: checks 
Santiss87: checks 
*** RIVER *** [2s 5h Js Tc] [As]
janarr5: bets $3.76
Santiss87: folds 
Uncalled bet ($3.76) returned to janarr5
janarr5 collected $5.70 from pot
janarr5: doesn't show hand 
*** SUMMARY ***
Total pot $6 | Rake $0.30 
Board [2s 5h Js Tc As]
Seat 1: Nurlanstar92 folded before Flop (didn't bet)
Seat 2: gig.gyty (button) folded before Flop (didn't bet)
Seat 3: janarr5 (small blind) collected ($5.70)
Seat 6: Santiss87 (big blind) folded on the River



PokerStars Hand #254276101228:  Hold'em No Limit ($0.50/$1.00 USD) - 2025/01/09 11:07:18 WET [2025/01/09 6:07:18 ET]
Table 'Morrison II' 6-max Seat #3 is the button
Seat 1: Nurlanstar92 ($100 in chips) 
Seat 2: gig.gyty ($100 in chips) 
Seat 3: janarr5 ($146.53 in chips) 
Seat 6: Santiss87 ($44.66 in chips) 
Santiss87: posts small blind $0.50
Nurlanstar92: posts big blind $1
*** HOLE CARDS ***
gig.gyty: folds 
janarr5: raises $1.50 to $2.50
Santiss87: folds 
Nurlanstar92: folds 
Uncalled bet ($1.50) returned to janarr5
janarr5 collected $2.50 from pot
janarr5: doesn't show hand 
*** SUMMARY ***
Total pot $2.50 | Rake $0 
Seat 1: Nurlanstar92 (big blind) folded before Flop
Seat 2: gig.gyty folded before Flop (didn't bet)
Seat 3: janarr5 (button) collected ($2.50)
Seat 6: Santiss87 (small blind) folded before Flop



PokerStars Hand #254276102602:  Hold'em No Limit ($0.50/$1.00 USD) - 2025/01/09 11:07:29 WET [2025/01/09 6:07:29 ET]
Table 'Morrison II' 6-max Seat #6 is the button
Seat 1: Nurlanstar92 ($100 in chips) 
Seat 2: gig.gyty ($100 in chips) 
Seat 3: janarr5 ($148.03 in chips) 
Seat 6: Santiss87 ($44.16 in chips) 
Nurlanstar92: posts small blind $0.50
gig.gyty: posts big blind $1
*** HOLE CARDS ***
BE4077 joins the table at seat #4 
BE4077 is disconnected 
janarr5: folds 
Slami4 joins the table at seat #5 
Santiss87: raises $2 to $3
Nurlanstar92: folds 
gig.gyty: folds 
Uncalled bet ($2) returned to Santiss87
Santiss87 collected $2.50 from pot
Santiss87: doesn't show hand 
*** SUMMARY ***
Total pot $2.50 | Rake $0 
Seat 1: Nurlanstar92 (small blind) folded before Flop
Seat 2: gig.gyty (big blind) folded before Flop
Seat 3: janarr5 folded before Flop (didn't bet)
Seat 6: Santiss87 (button) collected ($2.50)



PokerStars Hand #254276104148:  Hold'em No Limit ($0.50/$1.00 USD) - 2025/01/09 11:07:42 WET [2025/01/09 6:07:42 ET]
Table 'Morrison II' 6-max Seat #1 is the button
Seat 5: Slami4 ($100 in chips) is sitting out
Seat 1: Nurlanstar92 ($100 in chips) 
Seat 2: gig.gyty ($100 in chips) 
Seat 3: janarr5 ($148.03 in chips) 
Seat 4: BE4077 ($81.67 in chips) 
Seat 6: Santiss87 ($45.66 in chips) 
gig.gyty: posts small blind $0.50
janarr5: posts big blind $1
BE4077: posts big blind $1
Slami4: sits out 
*** HOLE CARDS ***
BE4077: checks 
Santiss87: folds 
Nurlanstar92: folds 
gig.gyty: raises $4 to $5
janarr5: calls $4
BE4077: folds 
*** FLOP *** [5s 5d Js]
gig.gyty: bets $3.45
janarr5: calls $3.45
*** TURN *** [5s 5d Js] [Jd]
gig.gyty: checks 
janarr5: bets $11.22
gig.gyty: folds 
Uncalled bet ($11.22) returned to janarr5
janarr5 collected $17 from pot
janarr5: doesn't show hand 
*** SUMMARY ***
Total pot $17.90 | Rake $0.90 
Board [5s 5d Js Jd]
Seat 5: Slami4
Seat 1: Nurlanstar92 (button) folded before Flop (didn't bet)
Seat 2: gig.gyty (small blind) folded on the Turn
Seat 3: janarr5 (big blind) collected ($17)
Seat 4: BE4077 folded before Flop (didn't bet)
Seat 6: Santiss87 folded before Flop (didn't bet)



PokerStars Hand #254276111325:  Hold'em No Limit ($0.50/$1.00 USD) - 2025/01/09 11:08:42 WET [2025/01/09 6:08:42 ET]
Table 'Morrison II' 6-max Seat #2 is the button
Seat 5: Slami4 ($100 in chips) is sitting out
Seat 1: Nurlanstar92 ($100 in chips) 
Seat 2: gig.gyty ($100 in chips) 
Seat 3: janarr5 ($156.58 in chips) 
Seat 4: BE4077 ($80.67 in chips) 
Seat 6: Santiss87 ($45.66 in chips) 
janarr5: posts small blind $0.50
BE4077: posts big blind $1
Slami4: sits out 
*** HOLE CARDS ***
Santiss87: folds 
Nurlanstar92: raises $1.30 to $2.30
gig.gyty: folds 
janarr5: raises $7.70 to $10
BE4077: folds 
Nurlanstar92: folds 
Uncalled bet ($7.70) returned to janarr5
janarr5 collected $5.60 from pot
janarr5: doesn't show hand 
*** SUMMARY ***
Total pot $5.60 | Rake $0 
Seat 5: Slami4
Seat 1: Nurlanstar92 folded before Flop
Seat 2: gig.gyty (button) folded before Flop (didn't bet)
Seat 3: janarr5 (small blind) collected ($5.60)
Seat 4: BE4077 (big blind) folded before Flop
Seat 6: Santiss87 folded before Flop (didn't bet)



PokerStars Hand #254276113271:  Hold'em No Limit ($0.50/$1.00 USD) - 2025/01/09 11:08:58 WET [2025/01/09 6:08:58 ET]
Table 'Morrison II' 6-max Seat #3 is the button
Seat 1: Nurlanstar92 ($100 in chips) 
Seat 2: gig.gyty ($100 in chips) 
Seat 3: janarr5 ($159.88 in chips) 
Seat 4: BE4077 ($79.67 in chips) 
Seat 5: Slami4 ($100 in chips) 
Seat 6: Santiss87 ($45.66 in chips) 
BE4077: posts small blind $0.50
Slami4: posts big blind $1
*** HOLE CARDS ***
Santiss87: folds 
Nurlanstar92: folds 
gig.gyty: folds 
janarr5: folds 
BE4077: folds 
Uncalled bet ($0.50) returned to Slami4
Slami4 collected $1 from pot
Slami4: doesn't show hand 
*** SUMMARY ***
Total pot $1 | Rake $0 
Seat 1: Nurlanstar92 folded before Flop (didn't bet)
Seat 2: gig.gyty folded before Flop (didn't bet)
Seat 3: janarr5 (button) folded before Flop (didn't bet)
Seat 4: BE4077 (small blind) folded before Flop
Seat 5: Slami4 (big blind) collected ($1)
Seat 6: Santiss87 folded before Flop (didn't bet)



PokerStars Hand #254276114745:  Hold'em No Limit ($0.50/$1.00 USD) - 2025/01/09 11:09:10 WET [2025/01/09 6:09:10 ET]
Table 'Morrison II' 6-max Seat #4 is the button
Seat 1: Nurlanstar92 ($100 in chips) 
Seat 2: gig.gyty ($100 in chips) 
Seat 3: janarr5 ($159.88 in chips) 
Seat 4: BE4077 ($79.17 in chips) 
Seat 5: Slami4 ($100.50 in chips) 
Seat 6: Santiss87 ($45.66 in chips) 
Slami4: posts small blind $0.50
Santiss87: posts big blind $1
*** HOLE CARDS ***
Nurlanstar92: folds 
gig.gyty: folds 
janarr5: folds 
BE4077: folds 
Slami4: raises $2 to $3
Santiss87: calls $2
*** FLOP *** [5h Ts 2c]
Slami4: bets $1.88
Santiss87: calls $1.88
*** TURN *** [5h Ts 2c] [8s]
Slami4: bets $3.06
Santiss87: calls $3.06
*** RIVER *** [5h Ts 2c 8s] [Qc]
Slami4: checks 
Santiss87: checks 
*** SHOW DOWN ***
Slami4: shows [As 7s] (high card Ace)
Santiss87: shows [9s 8h] (a pair of Eights)
Santiss87 collected $15.09 from pot
*** SUMMARY ***
Total pot $15.88 | Rake $0.79 
Board [5h Ts 2c 8s Qc]
Seat 1: Nurlanstar92 folded before Flop (didn't bet)
Seat 2: gig.gyty folded before Flop (didn't bet)
Seat 3: janarr5 folded before Flop (didn't bet)
Seat 4: BE4077 (button) folded before Flop (didn't bet)
Seat 5: Slami4 (small blind) showed [As 7s] and lost with high card Ace
Seat 6: Santiss87 (big blind) showed [9s 8h] and won ($15.09) with a pair of Eights



PokerStars Hand #254276119976:  Hold'em No Limit ($0.50/$1.00 USD) - 2025/01/09 11:09:53 WET [2025/01/09 6:09:53 ET]
Table 'Morrison II' 6-max Seat #5 is the button
Seat 1: Nurlanstar92 ($100 in chips) 
Seat 2: gig.gyty ($100 in chips) 
Seat 3: janarr5 ($159.88 in chips) 
Seat 4: BE4077 ($79.17 in chips) 
Seat 5: Slami4 ($100 in chips) 
Seat 6: Santiss87 ($52.81 in chips) 
Santiss87: posts small blind $0.50
Nurlanstar92: posts big blind $1
*** HOLE CARDS ***
gig.gyty: folds 
janarr5: folds 
BE4077: folds 
Slami4: folds 
Santiss87: raises $2 to $3
Nurlanstar92: calls $2
*** FLOP *** [4d 3s As]
Santiss87: bets $5.70
Nurlanstar92: folds 
Uncalled bet ($5.70) returned to Santiss87
Santiss87 collected $5.70 from pot
Santiss87: doesn't show hand 
*** SUMMARY ***
Total pot $6 | Rake $0.30 
Board [4d 3s As]
Seat 1: Nurlanstar92 (big blind) folded on the Flop
Seat 2: gig.gyty folded before Flop (didn't bet)
Seat 3: janarr5 folded before Flop (didn't bet)
Seat 4: BE4077 folded before Flop (didn't bet)
Seat 5: Slami4 (button) folded before Flop (didn't bet)
Seat 6: Santiss87 (small blind) collected ($5.70)



PokerStars Hand #254276122602:  Hold'em No Limit ($0.50/$1.00 USD) - 2025/01/09 11:10:15 WET [2025/01/09 6:10:15 ET]
Table 'Morrison II' 6-max Seat #6 is the button
Seat 1: Nurlanstar92 ($100 in chips) 
Seat 2: gig.gyty ($100 in chips) 
Seat 3: janarr5 ($159.88 in chips) 
Seat 4: BE4077 ($79.17 in chips) 
Seat 5: Slami4 ($100 in chips) 
Seat 6: Santiss87 ($55.51 in chips) 
Nurlanstar92: posts small blind $0.50
gig.gyty: posts big blind $1
*** HOLE CARDS ***
janarr5: folds 
BE4077: calls $1
Slami4: folds 
Santiss87: folds 
Nurlanstar92: calls $0.50
gig.gyty: checks 
*** FLOP *** [3h Qd 4d]
Nurlanstar92: checks 
gig.gyty: bets $1.43
BE4077: folds 
Nurlanstar92: folds 
Uncalled bet ($1.43) returned to gig.gyty
gig.gyty collected $2.85 from pot
gig.gyty: doesn't show hand 
*** SUMMARY ***
Total pot $3 | Rake $0.15 
Board [3h Qd 4d]
Seat 1: Nurlanstar92 (small blind) folded on the Flop
Seat 2: gig.gyty (big blind) collected ($2.85)
Seat 3: janarr5 folded before Flop (didn't bet)
Seat 4: BE4077 folded on the Flop
Seat 5: Slami4 folded before Flop (didn't bet)
Seat 6: Santiss87 (button) folded before Flop (didn't bet)



PokerStars Hand #254276125265:  Hold'em No Limit ($0.50/$1.00 USD) - 2025/01/09 11:10:37 WET [2025/01/09 6:10:37 ET]
Table 'Morrison II' 6-max Seat #1 is the button
Seat 1: Nurlanstar92 ($100 in chips) 
Seat 2: gig.gyty ($101.85 in chips) 
Seat 3: janarr5 ($159.88 in chips) 
Seat 4: BE4077 ($78.17 in chips) 
Seat 5: Slami4 ($100 in chips) 
Seat 6: Santiss87 ($55.51 in chips) 
gig.gyty: posts small blind $0.50
janarr5: posts big blind $1
*** HOLE CARDS ***
BE4077: folds 
Slami4: folds 
Santiss87: folds 
Nurlanstar92: raises $1.50 to $2.50
gig.gyty: folds 
janarr5: calls $1.50
*** FLOP *** [Ks 7h 8c]
janarr5: checks 
Nurlanstar92: bets $1.72
janarr5: folds 
Uncalled bet ($1.72) returned to Nurlanstar92
Nurlanstar92 collected $5.22 from pot
Nurlanstar92: doesn't show hand 
*** SUMMARY ***
Total pot $5.50 | Rake $0.28 
Board [Ks 7h 8c]
Seat 1: Nurlanstar92 (button) collected ($5.22)
Seat 2: gig.gyty (small blind) folded before Flop
Seat 3: janarr5 (big blind) folded on the Flop
Seat 4: BE4077 folded before Flop (didn't bet)
Seat 5: Slami4 folded before Flop (didn't bet)
Seat 6: Santiss87 folded before Flop (didn't bet)



PokerStars Hand #254276129667:  Hold'em No Limit ($0.50/$1.00 USD) - 2025/01/09 11:11:13 WET [2025/01/09 6:11:13 ET]
Table 'Morrison II' 6-max Seat #2 is the button
Seat 1: Nurlanstar92 ($102.72 in chips) 
Seat 2: gig.gyty ($101.35 in chips) 
Seat 3: janarr5 ($157.38 in chips) 
Seat 4: BE4077 ($78.17 in chips) 
Seat 5: Slami4 ($100 in chips) 
Seat 6: Santiss87 ($55.51 in chips) 
janarr5: posts small blind $0.50
BE4077: posts big blind $1
*** HOLE CARDS ***
Slami4: raises $1.50 to $2.50
Santiss87: folds 
Nurlanstar92: folds 
gig.gyty: folds 
janarr5: raises $7.50 to $10
BE4077: folds 
Slami4: folds 
Uncalled bet ($7.50) returned to janarr5
janarr5 collected $6 from pot
janarr5: doesn't show hand 
*** SUMMARY ***
Total pot $6 | Rake $0 
Seat 1: Nurlanstar92 folded before Flop (didn't bet)
Seat 2: gig.gyty (button) folded before Flop (didn't bet)
Seat 3: janarr5 (small blind) collected ($6)
Seat 4: BE4077 (big blind) folded before Flop
Seat 5: Slami4 folded before Flop
Seat 6: Santiss87 folded before Flop (didn't bet)



PokerStars Hand #254276131826:  Hold'em No Limit ($0.50/$1.00 USD) - 2025/01/09 11:11:30 WET [2025/01/09 6:11:30 ET]
Table 'Morrison II' 6-max Seat #3 is the button
Seat 1: Nurlanstar92 ($102.72 in chips) 
Seat 2: gig.gyty ($101.35 in chips) 
Seat 3: janarr5 ($160.88 in chips) 
Seat 4: BE4077 ($77.17 in chips) 
Seat 5: Slami4 ($100 in chips) 
Seat 6: Santiss87 ($55.51 in chips) 
BE4077: posts small blind $0.50
Slami4: posts big blind $1
*** HOLE CARDS ***
Santiss87: raises $1 to $2
Nurlanstar92: folds 
gig.gyty: folds 
janarr5: folds 
BE4077: calls $1.50
Slami4: calls $1
*** FLOP *** [3h 7h 3c]
BE4077: checks 
Slami4: checks 
Santiss87: bets $3
BE4077: folds 
Slami4: raises $9.50 to $12.50
Santiss87: calls $9.50
*** TURN *** [3h 7h 3c] [9s]
Slami4: bets $9.72
Santiss87: calls $9.72
*** RIVER *** [3h 7h 3c 9s] [Qs]
Slami4: checks 
Santiss87: checks 
*** SHOW DOWN ***
Slami4: shows [7d Ad] (two pair, Sevens and Threes)
Santiss87: shows [7s Ac] (two pair, Sevens and Threes)
Slami4 collected $23.97 from pot
Santiss87 collected $23.97 from pot
*** SUMMARY ***
Total pot $50.44 | Rake $2.50 
Board [3h 7h 3c 9s Qs]
Seat 1: Nurlanstar92 folded before Flop (didn't bet)
Seat 2: gig.gyty folded before Flop (didn't bet)
Seat 3: janarr5 (button) folded before Flop (didn't bet)
Seat 4: BE4077 (small blind) folded on the Flop
Seat 5: Slami4 (big blind) showed [7d Ad] and won ($23.97) with two pair, Sevens and Threes
Seat 6: Santiss87 showed [7s Ac] and won ($23.97) with two pair, Sevens and Threes



PokerStars Hand #254276138266:  Hold'em No Limit ($0.50/$1.00 USD) - 2025/01/09 11:12:23 WET [2025/01/09 6:12:23 ET]
Table 'Morrison II' 6-max Seat #4 is the button
Seat 1: Nurlanstar92 ($102.72 in chips) 
Seat 2: gig.gyty ($101.35 in chips) 
Seat 3: janarr5 ($160.88 in chips) 
Seat 4: BE4077 ($75.17 in chips) 
Seat 5: Slami4 ($100 in chips) 
Seat 6: Santiss87 ($55.26 in chips) 
Slami4: posts small blind $0.50
Santiss87: posts big blind $1
*** HOLE CARDS ***
Nurlanstar92: raises $1 to $2
gig.gyty: folds 
janarr5: raises $4.50 to $6.50
BE4077: calls $6.50
Slami4: folds 
Santiss87: folds 
Nurlanstar92: calls $4.50
*** FLOP *** [Qs 8s 3h]
Nurlanstar92: checks 
janarr5: bets $6.58
BE4077: folds 
Nurlanstar92: calls $6.58
*** TURN *** [Qs 8s 3h] [Qc]
Nurlanstar92: checks 
janarr5: bets $21.42
Nurlanstar92: folds 
Uncalled bet ($21.42) returned to janarr5
janarr5 collected $32.45 from pot
janarr5: doesn't show hand 
*** SUMMARY ***
Total pot $34.16 | Rake $1.71 
Board [Qs 8s 3h Qc]
Seat 1: Nurlanstar92 folded on the Turn
Seat 2: gig.gyty folded before Flop (didn't bet)
Seat 3: janarr5 collected ($32.45)
Seat 4: BE4077 (button) folded on the Flop
Seat 5: Slami4 (small blind) folded before Flop
Seat 6: Santiss87 (big blind) folded before Flop



PokerStars Hand #254276149045:  Hold'em No Limit ($0.50/$1.00 USD) - 2025/01/09 11:13:52 WET [2025/01/09 6:13:52 ET]
Table 'Morrison II' 6-max Seat #5 is the button
Seat 1: Nurlanstar92 ($100 in chips) 
Seat 2: gig.gyty ($101.35 in chips) 
Seat 3: janarr5 ($180.25 in chips) 
Seat 4: BE4077 ($68.67 in chips) 
Seat 5: Slami4 ($100 in chips) 
Seat 6: Santiss87 ($54.26 in chips) 
Santiss87: posts small blind $0.50
Nurlanstar92: posts big blind $1
*** HOLE CARDS ***
gig.gyty: raises $1.25 to $2.25
janarr5: folds 
BE4077: calls $2.25
Slami4: folds 
Santiss87: calls $1.75
Nurlanstar92: folds 
*** FLOP *** [7c Kh 8h]
Santiss87: checks 
gig.gyty: bets $2.43
BE4077: folds 
Santiss87: calls $2.43
*** TURN *** [7c Kh 8h] [6c]
Santiss87: checks 
gig.gyty: bets $9.22
Santiss87: calls $9.22
*** RIVER *** [7c Kh 8h 6c] [4s]
Santiss87: checks 
gig.gyty: bets $20
Santiss87: folds 
Uncalled bet ($20) returned to gig.gyty
gig.gyty collected $29.50 from pot
gig.gyty: doesn't show hand 
*** SUMMARY ***
Total pot $31.05 | Rake $1.55 
Board [7c Kh 8h 6c 4s]
Seat 1: Nurlanstar92 (big blind) folded before Flop
Seat 2: gig.gyty collected ($29.50)
Seat 3: janarr5 folded before Flop (didn't bet)
Seat 4: BE4077 folded on the Flop
Seat 5: Slami4 (button) folded before Flop (didn't bet)
Seat 6: Santiss87 (small blind) folded on the River



PokerStars Hand #254276156442:  Hold'em No Limit ($0.50/$1.00 USD) - 2025/01/09 11:14:53 WET [2025/01/09 6:14:53 ET]
Table 'Morrison II' 6-max Seat #6 is the button
Seat 1: Nurlanstar92 ($100 in chips) 
Seat 2: gig.gyty ($116.95 in chips) 
Seat 3: janarr5 ($180.25 in chips) 
Seat 4: BE4077 ($66.42 in chips) 
Seat 5: Slami4 ($100 in chips) 
Seat 6: Santiss87 ($40.36 in chips) 
Nurlanstar92: posts small blind $0.50
gig.gyty: posts big blind $1
*** HOLE CARDS ***
janarr5: folds 
BE4077: folds 
Slami4: folds 
Santiss87: folds 
Nurlanstar92: folds 
Uncalled bet ($0.50) returned to gig.gyty
gig.gyty collected $1 from pot
gig.gyty: doesn't show hand 
*** SUMMARY ***
Total pot $1 | Rake $0 
Seat 1: Nurlanstar92 (small blind) folded before Flop
Seat 2: gig.gyty (big blind) collected ($1)
Seat 3: janarr5 folded before Flop (didn't bet)
Seat 4: BE4077 folded before Flop (didn't bet)
Seat 5: Slami4 folded before Flop (didn't bet)
Seat 6: Santiss87 (button) folded before Flop (didn't bet)



PokerStars Hand #254276157682:  Hold'em No Limit ($0.50/$1.00 USD) - 2025/01/09 11:15:03 WET [2025/01/09 6:15:03 ET]
Table 'Morrison II' 6-max Seat #1 is the button
Seat 1: Nurlanstar92 ($100 in chips) 
Seat 2: gig.gyty ($117.45 in chips) 
Seat 3: janarr5 ($180.25 in chips) 
Seat 4: BE4077 ($66.42 in chips) 
Seat 5: Slami4 ($100 in chips) 
Seat 6: Santiss87 ($40.36 in chips) 
gig.gyty: posts small blind $0.50
janarr5: posts big blind $1
*** HOLE CARDS ***
BE4077: folds 
Slami4: folds 
Santiss87: raises $3 to $4
Nurlanstar92: folds 
gig.gyty: folds 
janarr5: folds 
Uncalled bet ($3) returned to Santiss87
Santiss87 collected $2.50 from pot
Santiss87: doesn't show hand 
*** SUMMARY ***
Total pot $2.50 | Rake $0 
Seat 1: Nurlanstar92 (button) folded before Flop (didn't bet)
Seat 2: gig.gyty (small blind) folded before Flop
Seat 3: janarr5 (big blind) folded before Flop
Seat 4: BE4077 folded before Flop (didn't bet)
Seat 5: Slami4 folded before Flop (didn't bet)
Seat 6: Santiss87 collected ($2.50)



PokerStars Hand #254276160431:  Hold'em No Limit ($0.50/$1.00 USD) - 2025/01/09 11:15:25 WET [2025/01/09 6:15:25 ET]
Table 'Morrison II' 6-max Seat #2 is the button
Seat 1: Nurlanstar92 ($100 in chips) 
Seat 2: gig.gyty ($116.95 in chips) 
Seat 3: janarr5 ($179.25 in chips) 
Seat 4: BE4077 ($66.42 in chips) 
Seat 5: Slami4 ($100 in chips) 
Seat 6: Santiss87 ($41.86 in chips) 
janarr5: posts small blind $0.50
BE4077: posts big blind $1
*** HOLE CARDS ***
Slami4: folds 
Santiss87: folds 
Nurlanstar92: folds 
gig.gyty: raises $1.50 to $2.50
janarr5: folds 
BE4077: calls $1.50
*** FLOP *** [9h Qh 9s]
BE4077: checks 
gig.gyty: bets $2.61
BE4077: folds 
Uncalled bet ($2.61) returned to gig.gyty
gig.gyty collected $5.22 from pot
gig.gyty: doesn't show hand 
*** SUMMARY ***
Total pot $5.50 | Rake $0.28 
Board [9h Qh 9s]
Seat 1: Nurlanstar92 folded before Flop (didn't bet)
Seat 2: gig.gyty (button) collected ($5.22)
Seat 3: janarr5 (small blind) folded before Flop
Seat 4: BE4077 (big blind) folded on the Flop
Seat 5: Slami4 folded before Flop (didn't bet)
Seat 6: Santiss87 folded before Flop (didn't bet)



PokerStars Hand #254276163213:  Hold'em No Limit ($0.50/$1.00 USD) - 2025/01/09 11:15:47 WET [2025/01/09 6:15:47 ET]
Table 'Morrison II' 6-max Seat #3 is the button
Seat 1: Nurlanstar92 ($100 in chips) 
Seat 2: gig.gyty ($119.67 in chips) 
Seat 3: janarr5 ($178.75 in chips) 
Seat 4: BE4077 ($63.92 in chips) 
Seat 5: Slami4 ($100 in chips) 
Seat 6: Santiss87 ($41.86 in chips) 
BE4077: posts small blind $0.50
Slami4: posts big blind $1
*** HOLE CARDS ***
Santiss87: raises $2 to $3
Nurlanstar92: folds 
gig.gyty: raises $6 to $9
janarr5: folds 
BE4077: folds 
Slami4: folds 
Santiss87: raises $32.86 to $41.86 and is all-in
gig.gyty: calls $32.86
*** FLOP *** [9s 3d 8s]
*** TURN *** [9s 3d 8s] [3s]
*** RIVER *** [9s 3d 8s 3s] [2s]
*** SHOW DOWN ***
Santiss87: shows [Qc Ac] (a pair of Threes)
gig.gyty: shows [Jd Jh] (two pair, Jacks and Threes)
gig.gyty collected $82.72 from pot
*** SUMMARY ***
Total pot $85.22 | Rake $2.50 
Board [9s 3d 8s 3s 2s]
Seat 1: Nurlanstar92 folded before Flop (didn't bet)
Seat 2: gig.gyty showed [Jd Jh] and won ($82.72) with two pair, Jacks and Threes
Seat 3: janarr5 (button) folded before Flop (didn't bet)
Seat 4: BE4077 (small blind) folded before Flop
Seat 5: Slami4 (big blind) folded before Flop
Seat 6: Santiss87 showed [Qc Ac] and lost with a pair of Threes



PokerStars Hand #254276168181:  Hold'em No Limit ($0.50/$1.00 USD) - 2025/01/09 11:16:27 WET [2025/01/09 6:16:27 ET]
Table 'Morrison II' 6-max Seat #4 is the button
Seat 6: Santiss87 ($0 in chips) is sitting out
Seat 1: Nurlanstar92 ($100 in chips) 
Seat 2: gig.gyty ($160.53 in chips) 
Seat 3: janarr5 ($178.75 in chips) 
Seat 4: BE4077 ($63.42 in chips) 
Seat 5: Slami4 ($100 in chips) 
Slami4: posts small blind $0.50
Nurlanstar92: posts big blind $1
*** HOLE CARDS ***
gig.gyty: folds 
janarr5: folds 
BE4077: calls $1
Slami4: folds 
Nurlanstar92: raises $4 to $5
BE4077: calls $4
*** FLOP *** [6c 9c 5c]
Nurlanstar92: bets $4.99
BE4077: calls $4.99
*** TURN *** [6c 9c 5c] [Js]
Nurlanstar92: checks 
BE4077: bets $19.46
Nurlanstar92: folds 
Uncalled bet ($19.46) returned to BE4077
BE4077 collected $19.46 from pot
*** SUMMARY ***
Total pot $20.48 | Rake $1.02 
Board [6c 9c 5c Js]
Seat 6: Santiss87
Seat 1: Nurlanstar92 (big blind) folded on the Turn
Seat 2: gig.gyty folded before Flop (didn't bet)
Seat 3: janarr5 folded before Flop (didn't bet)
Seat 4: BE4077 (button) collected ($19.46)
Seat 5: Slami4 (small blind) folded before Flop



PokerStars Hand #254276173199:  Hold'em No Limit ($0.50/$1.00 USD) - 2025/01/09 11:17:06 WET [2025/01/09 6:17:06 ET]
Table 'Morrison II' 6-max Seat #5 is the button
Seat 6: Santiss87 ($0 in chips) is sitting out
Seat 1: Nurlanstar92 ($100 in chips) 
Seat 2: gig.gyty ($160.53 in chips) 
Seat 3: janarr5 ($178.75 in chips) 
Seat 4: BE4077 ($72.89 in chips) 
Seat 5: Slami4 ($100 in chips) 
Nurlanstar92: posts small blind $0.50
gig.gyty: posts big blind $1
*** HOLE CARDS ***
janarr5: folds 
BE4077: folds 
Slami4: folds 
Nurlanstar92: folds 
Uncalled bet ($0.50) returned to gig.gyty
gig.gyty collected $1 from pot
gig.gyty: doesn't show hand 
*** SUMMARY ***
Total pot $1 | Rake $0 
Seat 6: Santiss87
Seat 1: Nurlanstar92 (small blind) folded before Flop
Seat 2: gig.gyty (big blind) collected ($1)
Seat 3: janarr5 folded before Flop (didn't bet)
Seat 4: BE4077 folded before Flop (didn't bet)
Seat 5: Slami4 (button) folded before Flop (didn't bet)



PokerStars Hand #254276174163:  Hold'em No Limit ($0.50/$1.00 USD) - 2025/01/09 11:17:14 WET [2025/01/09 6:17:14 ET]
Table 'Morrison II' 6-max Seat #1 is the button
Seat 6: Santiss87 ($0 in chips) is sitting out
Seat 1: Nurlanstar92 ($100 in chips) 
Seat 2: gig.gyty ($161.03 in chips) 
Seat 3: janarr5 ($178.75 in chips) 
Seat 4: BE4077 ($72.89 in chips) 
Seat 5: Slami4 ($100 in chips) 
gig.gyty: posts small blind $0.50
janarr5: posts big blind $1
*** HOLE CARDS ***
BE4077: calls $1
Slami4: folds 
Nurlanstar92: folds 
gig.gyty: folds 
janarr5: checks 
*** FLOP *** [Td 9h 8s]
janarr5: checks 
BE4077: checks 
*** TURN *** [Td 9h 8s] [7s]
janarr5: bets $1.19
BE4077: folds 
Uncalled bet ($1.19) returned to janarr5
janarr5 collected $2.38 from pot
janarr5: doesn't show hand 
*** SUMMARY ***
Total pot $2.50 | Rake $0.12 
Board [Td 9h 8s 7s]
Seat 6: Santiss87
Seat 1: Nurlanstar92 (button) folded before Flop (didn't bet)
Seat 2: gig.gyty (small blind) folded before Flop
Seat 3: janarr5 (big blind) collected ($2.38)
Seat 4: BE4077 folded on the Turn
Seat 5: Slami4 folded before Flop (didn't bet)



PokerStars Hand #254276177843:  Hold'em No Limit ($0.50/$1.00 USD) - 2025/01/09 11:17:44 WET [2025/01/09 6:17:44 ET]
Table 'Morrison II' 6-max Seat #2 is the button
Seat 6: Santiss87 ($0 in chips) is sitting out
Seat 1: Nurlanstar92 ($100 in chips) 
Seat 2: gig.gyty ($160.53 in chips) 
Seat 3: janarr5 ($180.13 in chips) 
Seat 4: BE4077 ($71.89 in chips) 
Seat 5: Slami4 ($100 in chips) 
janarr5: posts small blind $0.50
BE4077: posts big blind $1
*** HOLE CARDS ***
Slami4: folds 
Nurlanstar92: raises $1.50 to $2.50
gig.gyty: folds 
janarr5: folds 
BE4077: folds 
Uncalled bet ($1.50) returned to Nurlanstar92
Nurlanstar92 collected $2.50 from pot
Nurlanstar92: doesn't show hand 
*** SUMMARY ***
Total pot $2.50 | Rake $0 
Seat 6: Santiss87
Seat 1: Nurlanstar92 collected ($2.50)
Seat 2: gig.gyty (button) folded before Flop (didn't bet)
Seat 3: janarr5 (small blind) folded before Flop
Seat 4: BE4077 (big blind) folded before Flop
Seat 5: Slami4 folded before Flop (didn't bet)



PokerStars Hand #254276179065:  Hold'em No Limit ($0.50/$1.00 USD) - 2025/01/09 11:17:54 WET [2025/01/09 6:17:54 ET]
Table 'Morrison II' 6-max Seat #3 is the button
Seat 6: Santiss87 ($0 in chips) is sitting out
Seat 1: Nurlanstar92 ($101.50 in chips) 
Seat 2: gig.gyty ($160.53 in chips) 
Seat 3: janarr5 ($179.63 in chips) 
Seat 4: BE4077 ($70.89 in chips) 
Seat 5: Slami4 ($100 in chips) 
BE4077: posts small blind $0.50
Slami4: posts big blind $1
*** HOLE CARDS ***
Nurlanstar92: raises $1 to $2
gig.gyty: folds 
janarr5: raises $5 to $7
BE4077: folds 
Slami4: folds 
Nurlanstar92: calls $5
*** FLOP *** [8h 7c Kh]
Nurlanstar92: checks 
janarr5: bets $4.86
Nurlanstar92: folds 
Uncalled bet ($4.86) returned to janarr5
janarr5 collected $14.72 from pot
janarr5: doesn't show hand 
*** SUMMARY ***
Total pot $15.50 | Rake $0.78 
Board [8h 7c Kh]
Seat 6: Santiss87
Seat 1: Nurlanstar92 folded on the Flop
Seat 2: gig.gyty folded before Flop (didn't bet)
Seat 3: janarr5 (button) collected ($14.72)
Seat 4: BE4077 (small blind) folded before Flop
Seat 5: Slami4 (big blind) folded before Flop



PokerStars Hand #254276184229:  Hold'em No Limit ($0.50/$1.00 USD) - 2025/01/09 11:18:34 WET [2025/01/09 6:18:34 ET]
Table 'Morrison II' 6-max Seat #4 is the button
Seat 1: Nurlanstar92 ($100 in chips) 
Seat 2: gig.gyty ($160.53 in chips) 
Seat 3: janarr5 ($187.35 in chips) 
Seat 4: BE4077 ($70.39 in chips) 
Seat 5: Slami4 ($100 in chips) 
Seat 6: Santiss87 ($50 in chips) 
Slami4: posts small blind $0.50
Santiss87: posts big blind $1
*** HOLE CARDS ***
Nurlanstar92: folds 
gig.gyty: folds 
janarr5: folds 
BE4077: calls $1
Slami4: raises $3 to $4
Santiss87: folds 
BE4077: calls $3
*** FLOP *** [Ts Kd 8h]
Slami4: bets $3.82
BE4077: folds 
Uncalled bet ($3.82) returned to Slami4
Slami4 collected $8.55 from pot
Slami4: doesn't show hand 
*** SUMMARY ***
Total pot $9 | Rake $0.45 
Board [Ts Kd 8h]
Seat 1: Nurlanstar92 folded before Flop (didn't bet)
Seat 2: gig.gyty folded before Flop (didn't bet)
Seat 3: janarr5 folded before Flop (didn't bet)
Seat 4: BE4077 (button) folded on the Flop
Seat 5: Slami4 (small blind) collected ($8.55)
Seat 6: Santiss87 (big blind) folded before Flop



PokerStars Hand #254276188212:  Hold'em No Limit ($0.50/$1.00 USD) - 2025/01/09 11:19:06 WET [2025/01/09 6:19:06 ET]
Table 'Morrison II' 6-max Seat #5 is the button
Seat 1: Nurlanstar92 ($100 in chips) 
Seat 2: gig.gyty ($160.53 in chips) 
Seat 3: janarr5 ($187.35 in chips) 
Seat 4: BE4077 ($66.39 in chips) 
Seat 5: Slami4 ($104.55 in chips) 
Seat 6: Santiss87 ($53.81 in chips) 
Santiss87: posts small blind $0.50
Nurlanstar92: posts big blind $1
*** HOLE CARDS ***
gig.gyty: folds 
janarr5: raises $1.25 to $2.25
BE4077: folds 
Slami4: folds 
Santiss87: calls $1.75
Nurlanstar92: folds 
*** FLOP *** [2s 3s 3h]
Santiss87: checks 
janarr5: bets $2.61
Santiss87: folds 
Uncalled bet ($2.61) returned to janarr5
janarr5 collected $5.22 from pot
janarr5: doesn't show hand 
*** SUMMARY ***
Total pot $5.50 | Rake $0.28 
Board [2s 3s 3h]
Seat 1: Nurlanstar92 (big blind) folded before Flop
Seat 2: gig.gyty folded before Flop (didn't bet)
Seat 3: janarr5 collected ($5.22)
Seat 4: BE4077 folded before Flop (didn't bet)
Seat 5: Slami4 (button) folded before Flop (didn't bet)
Seat 6: Santiss87 (small blind) folded on the Flop



PokerStars Hand #254276190642:  Hold'em No Limit ($0.50/$1.00 USD) - 2025/01/09 11:19:25 WET [2025/01/09 6:19:25 ET]
Table 'Morrison II' 6-max Seat #6 is the button
Seat 1: Nurlanstar92 ($100 in chips) 
Seat 2: gig.gyty ($160.53 in chips) 
Seat 3: janarr5 ($190.32 in chips) 
Seat 4: BE4077 ($66.39 in chips) 
Seat 5: Slami4 ($104.55 in chips) 
Seat 6: Santiss87 ($51.56 in chips) 
Nurlanstar92: posts small blind $0.50
gig.gyty: posts big blind $1
*** HOLE CARDS ***
janarr5: folds 
BE4077: folds 
Slami4: folds 
Santiss87: raises $1 to $2
Nurlanstar92: raises $9 to $11
gig.gyty: folds 
Santiss87: folds 
Uncalled bet ($9) returned to Nurlanstar92
Nurlanstar92 collected $5 from pot
Nurlanstar92: doesn't show hand 
*** SUMMARY ***
Total pot $5 | Rake $0 
Seat 1: Nurlanstar92 (small blind) collected ($5)
Seat 2: gig.gyty (big blind) folded before Flop
Seat 3: janarr5 folded before Flop (didn't bet)
Seat 4: BE4077 folded before Flop (didn't bet)
Seat 5: Slami4 folded before Flop (didn't bet)
Seat 6: Santiss87 (button) folded before Flop



PokerStars Hand #254276194359:  Hold'em No Limit ($0.50/$1.00 USD) - 2025/01/09 11:19:54 WET [2025/01/09 6:19:54 ET]
Table 'Morrison II' 6-max Seat #1 is the button
Seat 1: Nurlanstar92 ($103 in chips) 
Seat 2: gig.gyty ($159.53 in chips) 
Seat 3: janarr5 ($190.32 in chips) 
Seat 4: BE4077 ($66.39 in chips) 
Seat 5: Slami4 ($104.55 in chips) 
Seat 6: Santiss87 ($49.56 in chips) 
gig.gyty: posts small blind $0.50
janarr5: posts big blind $1
*** HOLE CARDS ***
BE4077: folds 
Slami4: folds 
Slami4 leaves the table
Santiss87: calls $1
Nurlanstar92: folds 
gig.gyty: folds 
janarr5: checks 
*** FLOP *** [Ad Td 9s]
janarr5: checks 
Santiss87: checks 
*** TURN *** [Ad Td 9s] [8c]
janarr5: bets $1.57
Santiss87: calls $1.57
*** RIVER *** [Ad Td 9s 8c] [2h]
janarr5: bets $8.04
Santiss87: calls $8.04
*** SHOW DOWN ***
janarr5: shows [7d 6s] (a straight, Six to Ten)
Santiss87: mucks hand 
janarr5 collected $20.63 from pot
coeeeelho joins the table at seat #5 
*** SUMMARY ***
Total pot $21.72 | Rake $1.09 
Board [Ad Td 9s 8c 2h]
Seat 1: Nurlanstar92 (button) folded before Flop (didn't bet)
Seat 2: gig.gyty (small blind) folded before Flop
Seat 3: janarr5 (big blind) showed [7d 6s] and won ($20.63) with a straight, Six to Ten
Seat 4: BE4077 folded before Flop (didn't bet)
Seat 5: Slami4 folded before Flop (didn't bet)
Seat 6: Santiss87 mucked



PokerStars Hand #254276197557:  Hold'em No Limit ($0.50/$1.00 USD) - 2025/01/09 11:20:19 WET [2025/01/09 6:20:19 ET]
Table 'Morrison II' 6-max Seat #2 is the button
Seat 5: coeeeelho ($100 in chips) is sitting out
Seat 1: Nurlanstar92 ($103 in chips) 
Seat 2: gig.gyty ($159.03 in chips) 
Seat 3: janarr5 ($200.34 in chips) 
Seat 4: BE4077 ($66.39 in chips) 
Seat 6: Santiss87 ($38.95 in chips) 
janarr5: posts small blind $0.50
BE4077: posts big blind $1
coeeeelho: sits out 
*** HOLE CARDS ***
Santiss87: raises $2 to $3
Nurlanstar92: folds 
gig.gyty: folds 
janarr5: folds 
BE4077: folds 
Uncalled bet ($2) returned to Santiss87
Santiss87 collected $2.50 from pot
Santiss87: doesn't show hand 
*** SUMMARY ***
Total pot $2.50 | Rake $0 
Seat 5: coeeeelho
Seat 1: Nurlanstar92 folded before Flop (didn't bet)
Seat 2: gig.gyty (button) folded before Flop (didn't bet)
Seat 3: janarr5 (small blind) folded before Flop
Seat 4: BE4077 (big blind) folded before Flop
Seat 6: Santiss87 collected ($2.50)



PokerStars Hand #254276199007:  Hold'em No Limit ($0.50/$1.00 USD) - 2025/01/09 11:20:31 WET [2025/01/09 6:20:31 ET]
Table 'Morrison II' 6-max Seat #3 is the button
Seat 1: Nurlanstar92 ($103 in chips) 
Seat 2: gig.gyty ($159.03 in chips) 
Seat 3: janarr5 ($199.84 in chips) 
Seat 4: BE4077 ($65.39 in chips) 
Seat 5: coeeeelho ($100 in chips) 
Seat 6: Santiss87 ($40.45 in chips) 
BE4077: posts small blind $0.50
coeeeelho: posts big blind $1
*** HOLE CARDS ***
Santiss87: raises $2 to $3
Nurlanstar92: folds 
gig.gyty: folds 
janarr5: folds 
BE4077: folds 
coeeeelho: folds 
Uncalled bet ($2) returned to Santiss87
Santiss87 collected $2.50 from pot
Santiss87: doesn't show hand 
*** SUMMARY ***
Total pot $2.50 | Rake $0 
Seat 1: Nurlanstar92 folded before Flop (didn't bet)
Seat 2: gig.gyty folded before Flop (didn't bet)
Seat 3: janarr5 (button) folded before Flop (didn't bet)
Seat 4: BE4077 (small blind) folded before Flop
Seat 5: coeeeelho (big blind) folded before Flop
Seat 6: Santiss87 collected ($2.50)



PokerStars Hand #254276202958:  Hold'em No Limit ($0.50/$1.00 USD) - 2025/01/09 11:21:02 WET [2025/01/09 6:21:02 ET]
Table 'Morrison II' 6-max Seat #4 is the button
Seat 1: Nurlanstar92 ($103 in chips) 
Seat 2: gig.gyty ($159.03 in chips) 
Seat 3: janarr5 ($199.84 in chips) 
Seat 4: BE4077 ($64.89 in chips) 
Seat 5: coeeeelho ($100 in chips) 
Seat 6: Santiss87 ($41.95 in chips) 
coeeeelho: posts small blind $0.50
Santiss87: posts big blind $1
*** HOLE CARDS ***
Nurlanstar92: raises $1 to $2
gig.gyty: folds 
janarr5: folds 
BE4077: calls $2
coeeeelho: raises $11 to $13
Santiss87: folds 
Nurlanstar92: folds 
BE4077: folds 
Uncalled bet ($11) returned to coeeeelho
coeeeelho collected $7 from pot
*** SUMMARY ***
Total pot $7 | Rake $0 
Seat 1: Nurlanstar92 folded before Flop
Seat 2: gig.gyty folded before Flop (didn't bet)
Seat 3: janarr5 folded before Flop (didn't bet)
Seat 4: BE4077 (button) folded before Flop
Seat 5: coeeeelho (small blind) collected ($7)
Seat 6: Santiss87 (big blind) folded before Flop



PokerStars Hand #254276207127:  Hold'em No Limit ($0.50/$1.00 USD) - 2025/01/09 11:21:35 WET [2025/01/09 6:21:35 ET]
Table 'Morrison II' 6-max Seat #5 is the button
Seat 1: Nurlanstar92 ($101 in chips) 
Seat 2: gig.gyty ($159.03 in chips) 
Seat 3: janarr5 ($199.84 in chips) 
Seat 4: BE4077 ($62.89 in chips) 
Seat 5: coeeeelho ($105 in chips) 
Seat 6: Santiss87 ($40.95 in chips) 
Santiss87: posts small blind $0.50
Nurlanstar92: posts big blind $1
*** HOLE CARDS ***
gig.gyty: folds 
janarr5: folds 
BE4077: folds 
coeeeelho: raises $1.50 to $2.50
Santiss87: raises $6 to $8.50
Nurlanstar92: folds 
coeeeelho: folds 
Uncalled bet ($6) returned to Santiss87
Santiss87 collected $6 from pot
Santiss87: doesn't show hand 
*** SUMMARY ***
Total pot $6 | Rake $0 
Seat 1: Nurlanstar92 (big blind) folded before Flop
Seat 2: gig.gyty folded before Flop (didn't bet)
Seat 3: janarr5 folded before Flop (didn't bet)
Seat 4: BE4077 folded before Flop (didn't bet)
Seat 5: coeeeelho (button) folded before Flop
Seat 6: Santiss87 (small blind) collected ($6)



PokerStars Hand #254276210946:  Hold'em No Limit ($0.50/$1.00 USD) - 2025/01/09 11:22:05 WET [2025/01/09 6:22:05 ET]
Table 'Morrison II' 6-max Seat #6 is the button
Seat 1: Nurlanstar92 ($100 in chips) 
Seat 2: gig.gyty ($159.03 in chips) 
Seat 3: janarr5 ($199.84 in chips) 
Seat 4: BE4077 ($62.89 in chips) 
Seat 5: coeeeelho ($102.50 in chips) 
Seat 6: Santiss87 ($44.45 in chips) 
Nurlanstar92: posts small blind $0.50
gig.gyty: posts big blind $1
*** HOLE CARDS ***
janarr5: folds 
BE4077: calls $1
coeeeelho: folds 
Santiss87: folds 
Nurlanstar92: raises $4 to $5
gig.gyty: folds 
BE4077: calls $4
*** FLOP *** [3d 5s Kd]
Nurlanstar92: bets $5.23
BE4077: raises $20.91 to $26.14
Nurlanstar92: folds 
Uncalled bet ($20.91) returned to BE4077
BE4077 collected $20.39 from pot
*** SUMMARY ***
Total pot $21.46 | Rake $1.07 
Board [3d 5s Kd]
Seat 1: Nurlanstar92 (small blind) folded on the Flop
Seat 2: gig.gyty (big blind) folded before Flop
Seat 3: janarr5 folded before Flop (didn't bet)
Seat 4: BE4077 collected ($20.39)
Seat 5: coeeeelho folded before Flop (didn't bet)
Seat 6: Santiss87 (button) folded before Flop (didn't bet)



PokerStars Hand #254276213854:  Hold'em No Limit ($0.50/$1.00 USD) - 2025/01/09 11:22:28 WET [2025/01/09 6:22:28 ET]
Table 'Morrison II' 6-max Seat #1 is the button
Seat 1: Nurlanstar92 ($100 in chips) 
Seat 2: gig.gyty ($158.03 in chips) 
Seat 3: janarr5 ($199.84 in chips) 
Seat 4: BE4077 ($73.05 in chips) 
Seat 5: coeeeelho ($102.50 in chips) 
Seat 6: Santiss87 ($44.45 in chips) 
gig.gyty: posts small blind $0.50
janarr5: posts big blind $1
*** HOLE CARDS ***
BE4077: folds 
coeeeelho: folds 
Santiss87: folds 
Nurlanstar92: folds 
gig.gyty: folds 
Uncalled bet ($0.50) returned to janarr5
janarr5 collected $1 from pot
janarr5: doesn't show hand 
*** SUMMARY ***
Total pot $1 | Rake $0 
Seat 1: Nurlanstar92 (button) folded before Flop (didn't bet)
Seat 2: gig.gyty (small blind) folded before Flop
Seat 3: janarr5 (big blind) collected ($1)
Seat 4: BE4077 folded before Flop (didn't bet)
Seat 5: coeeeelho folded before Flop (didn't bet)
Seat 6: Santiss87 folded before Flop (didn't bet)



PokerStars Hand #254276215597:  Hold'em No Limit ($0.50/$1.00 USD) - 2025/01/09 11:22:42 WET [2025/01/09 6:22:42 ET]
Table 'Morrison II' 6-max Seat #2 is the button
Seat 1: Nurlanstar92 ($100 in chips) 
Seat 2: gig.gyty ($157.53 in chips) 
Seat 3: janarr5 ($200.34 in chips) 
Seat 4: BE4077 ($73.05 in chips) 
Seat 5: coeeeelho ($102.50 in chips) 
Seat 6: Santiss87 ($44.45 in chips) 
janarr5: posts small blind $0.50
BE4077: posts big blind $1
*** HOLE CARDS ***
coeeeelho: folds 
Santiss87: folds 
Nurlanstar92: folds 
gig.gyty: folds 
janarr5: raises $2 to $3
BE4077: folds 
Uncalled bet ($2) returned to janarr5
janarr5 collected $2 from pot
janarr5: doesn't show hand 
*** SUMMARY ***
Total pot $2 | Rake $0 
Seat 1: Nurlanstar92 folded before Flop (didn't bet)
Seat 2: gig.gyty (button) folded before Flop (didn't bet)
Seat 3: janarr5 (small blind) collected ($2)
Seat 4: BE4077 (big blind) folded before Flop
Seat 5: coeeeelho folded before Flop (didn't bet)
Seat 6: Santiss87 folded before Flop (didn't bet)



PokerStars Hand #254276218040:  Hold'em No Limit ($0.50/$1.00 USD) - 2025/01/09 11:23:01 WET [2025/01/09 6:23:01 ET]
Table 'Morrison II' 6-max Seat #3 is the button
Seat 1: Nurlanstar92 ($100 in chips) 
Seat 2: gig.gyty ($157.53 in chips) 
Seat 3: janarr5 ($201.34 in chips) 
Seat 4: BE4077 ($72.05 in chips) 
Seat 5: coeeeelho ($102.50 in chips) 
Seat 6: Santiss87 ($44.45 in chips) 
BE4077: posts small blind $0.50
coeeeelho: posts big blind $1
*** HOLE CARDS ***
Santiss87: folds 
Nurlanstar92: raises $1 to $2
gig.gyty: folds 
janarr5: folds 
BE4077: calls $1.50
coeeeelho: calls $1
*** FLOP *** [3c 8h 7d]
BE4077: checks 
coeeeelho: checks 
Nurlanstar92: checks 
*** TURN *** [3c 8h 7d] [Jd]
BE4077: checks 
coeeeelho: checks 
Nurlanstar92: bets $5
BE4077: folds 
BE4077 leaves the table
coeeeelho: calls $5
*** RIVER *** [3c 8h 7d Jd] [3d]
coeeeelho: checks 
Nurlanstar92: checks 
*** SHOW DOWN ***
coeeeelho: shows [Th Js] (two pair, Jacks and Threes)
Nurlanstar92: shows [Jh Qd] (two pair, Jacks and Threes - Queen kicker)
Nurlanstar92 collected $15.20 from pot
*** SUMMARY ***
Total pot $16 | Rake $0.80 
Board [3c 8h 7d Jd 3d]
Seat 1: Nurlanstar92 showed [Jh Qd] and won ($15.20) with two pair, Jacks and Threes
Seat 2: gig.gyty folded before Flop (didn't bet)
Seat 3: janarr5 (button) folded before Flop (didn't bet)
Seat 4: BE4077 (small blind) folded on the Turn
Seat 5: coeeeelho (big blind) showed [Th Js] and lost with two pair, Jacks and Threes
Seat 6: Santiss87 folded before Flop (didn't bet)



PokerStars Hand #254276225385:  Hold'em No Limit ($0.50/$1.00 USD) - 2025/01/09 11:23:59 WET [2025/01/09 6:23:59 ET]
Table 'Morrison II' 6-max Seat #5 is the button
Seat 1: Nurlanstar92 ($108.20 in chips) 
Seat 2: gig.gyty ($157.53 in chips) 
Seat 3: janarr5 ($201.34 in chips) 
Seat 5: coeeeelho ($100 in chips) 
Seat 6: Santiss87 ($44.45 in chips) 
Santiss87: posts small blind $0.50
Nurlanstar92: posts big blind $1
*** HOLE CARDS ***
gig.gyty: folds 
janarr5: folds 
coeeeelho: folds 
Santiss87: calls $0.50
Nurlanstar92: checks 
*** FLOP *** [5h Kd Qs]
Santiss87: checks 
Nurlanstar92: bets $1
Santiss87: folds 
Uncalled bet ($1) returned to Nurlanstar92
b2k-Snick joins the table at seat #4 
Nurlanstar92 collected $1.90 from pot
Nurlanstar92: doesn't show hand 
*** SUMMARY ***
Total pot $2 | Rake $0.10 
Board [5h Kd Qs]
Seat 1: Nurlanstar92 (big blind) collected ($1.90)
Seat 2: gig.gyty folded before Flop (didn't bet)
Seat 3: janarr5 folded before Flop (didn't bet)
Seat 5: coeeeelho (button) folded before Flop (didn't bet)
Seat 6: Santiss87 (small blind) folded on the Flop



PokerStars Hand #254276228110:  Hold'em No Limit ($0.50/$1.00 USD) - 2025/01/09 11:24:21 WET [2025/01/09 6:24:21 ET]
Table 'Morrison II' 6-max Seat #6 is the button
Seat 4: b2k-Snick ($100 in chips) is sitting out
Seat 1: Nurlanstar92 ($109.10 in chips) 
Seat 2: gig.gyty ($157.53 in chips) 
Seat 3: janarr5 ($201.34 in chips) 
Seat 5: coeeeelho ($100 in chips) 
Seat 6: Santiss87 ($43.45 in chips) 
Nurlanstar92: posts small blind $0.50
gig.gyty: posts big blind $1
b2k-Snick: sits out 
*** HOLE CARDS ***
janarr5: folds 
coeeeelho: folds 
Santiss87: raises $2 to $3
Nurlanstar92: folds 
gig.gyty: calls $2
*** FLOP *** [Th 6d 9c]
gig.gyty: checks 
Santiss87: bets $3
gig.gyty: folds 
Uncalled bet ($3) returned to Santiss87
Santiss87 collected $6.18 from pot
Santiss87: doesn't show hand 
*** SUMMARY ***
Total pot $6.50 | Rake $0.32 
Board [Th 6d 9c]
Seat 4: b2k-Snick
Seat 1: Nurlanstar92 (small blind) folded before Flop
Seat 2: gig.gyty (big blind) folded on the Flop
Seat 3: janarr5 folded before Flop (didn't bet)
Seat 5: coeeeelho folded before Flop (didn't bet)
Seat 6: Santiss87 (button) collected ($6.18)



PokerStars Hand #254276231074:  Hold'em No Limit ($0.50/$1.00 USD) - 2025/01/09 11:24:44 WET [2025/01/09 6:24:44 ET]
Table 'Morrison II' 6-max Seat #1 is the button
Seat 4: b2k-Snick ($100 in chips) is sitting out
Seat 1: Nurlanstar92 ($108.60 in chips) 
Seat 2: gig.gyty ($154.53 in chips) 
Seat 3: janarr5 ($201.34 in chips) 
Seat 5: coeeeelho ($100 in chips) 
Seat 6: Santiss87 ($46.63 in chips) 
gig.gyty: posts small blind $0.50
janarr5: posts big blind $1
b2k-Snick: sits out 
*** HOLE CARDS ***
coeeeelho: raises $1.10 to $2.10
Santiss87: calls $2.10
Nurlanstar92: folds 
gig.gyty: folds 
janarr5: folds 
*** FLOP *** [3s 8c 7c]
coeeeelho: checks 
Santiss87: checks 
*** TURN *** [3s 8c 7c] [Td]
coeeeelho: bets $3
Santiss87: calls $3
*** RIVER *** [3s 8c 7c Td] [Qd]
coeeeelho: bets $8.34
Santiss87: calls $8.34
*** SHOW DOWN ***
coeeeelho: shows [Qs Js] (a pair of Queens)
Santiss87: shows [Qc Kc] (a pair of Queens - King kicker)
Santiss87 collected $26.96 from pot
*** SUMMARY ***
Total pot $28.38 | Rake $1.42 
Board [3s 8c 7c Td Qd]
Seat 4: b2k-Snick
Seat 1: Nurlanstar92 (button) folded before Flop (didn't bet)
Seat 2: gig.gyty (small blind) folded before Flop
Seat 3: janarr5 (big blind) folded before Flop
Seat 5: coeeeelho showed [Qs Js] and lost with a pair of Queens
Seat 6: Santiss87 showed [Qc Kc] and won ($26.96) with a pair of Queens



PokerStars Hand #254276234250:  Hold'em No Limit ($0.50/$1.00 USD) - 2025/01/09 11:25:09 WET [2025/01/09 6:25:09 ET]
Table 'Morrison II' 6-max Seat #2 is the button
Seat 1: Nurlanstar92 ($108.60 in chips) 
Seat 2: gig.gyty ($154.03 in chips) 
Seat 3: janarr5 ($200.34 in chips) 
Seat 4: b2k-Snick ($100 in chips) 
Seat 6: Santiss87 ($60.15 in chips) 
janarr5: posts small blind $0.50
b2k-Snick: posts big blind $1
*** HOLE CARDS ***
Santiss87: folds 
Nurlanstar92: folds 
gig.gyty: folds 
janarr5: raises $2 to $3
b2k-Snick: raises $6 to $9
janarr5: folds 
Uncalled bet ($6) returned to b2k-Snick
b2k-Snick collected $6 from pot
b2k-Snick: doesn't show hand 
*** SUMMARY ***
Total pot $6 | Rake $0 
Seat 1: Nurlanstar92 folded before Flop (didn't bet)
Seat 2: gig.gyty (button) folded before Flop (didn't bet)
Seat 3: janarr5 (small blind) folded before Flop
Seat 4: b2k-Snick (big blind) collected ($6)
Seat 6: Santiss87 folded before Flop (didn't bet)



PokerStars Hand #254276236808:  Hold'em No Limit ($0.50/$1.00 USD) - 2025/01/09 11:25:30 WET [2025/01/09 6:25:30 ET]
Table 'Morrison II' 6-max Seat #3 is the button
Seat 1: Nurlanstar92 ($108.60 in chips) 
Seat 2: gig.gyty ($154.03 in chips) 
Seat 3: janarr5 ($197.34 in chips) 
Seat 4: b2k-Snick ($103 in chips) 
Seat 6: Santiss87 ($60.15 in chips) 
b2k-Snick: posts small blind $0.50
Santiss87: posts big blind $1
*** HOLE CARDS ***
Nurlanstar92: folds 
gig.gyty: folds 
janarr5: raises $1.50 to $2.50
b2k-Snick: folds 
Santiss87: calls $1.50
*** FLOP *** [4s 5d 7d]
Santiss87: checks 
janarr5: bets $2.61
Santiss87: calls $2.61
*** TURN *** [4s 5d 7d] [As]
Santiss87: checks 
janarr5: checks 
*** RIVER *** [4s 5d 7d As] [9d]
Santiss87: checks 
janarr5: checks 
*** SHOW DOWN ***
Santiss87: shows [6s Kc] (high card Ace)
janarr5: shows [Tc 5c] (a pair of Fives)
janarr5 collected $10.18 from pot
*** SUMMARY ***
Total pot $10.72 | Rake $0.54 
Board [4s 5d 7d As 9d]
Seat 1: Nurlanstar92 folded before Flop (didn't bet)
Seat 2: gig.gyty folded before Flop (didn't bet)
Seat 3: janarr5 (button) showed [Tc 5c] and won ($10.18) with a pair of Fives
Seat 4: b2k-Snick (small blind) folded before Flop
Seat 6: Santiss87 (big blind) showed [6s Kc] and lost with high card Ace



PokerStars Hand #254276241103:  Hold'em No Limit ($0.50/$1.00 USD) - 2025/01/09 11:26:04 WET [2025/01/09 6:26:04 ET]
Table 'Morrison II' 6-max Seat #4 is the button
Seat 1: Nurlanstar92 ($108.60 in chips) 
Seat 2: gig.gyty ($154.03 in chips) 
Seat 3: janarr5 ($202.41 in chips) 
Seat 4: b2k-Snick ($102.50 in chips) 
Seat 6: Santiss87 ($55.04 in chips) 
Santiss87: posts small blind $0.50
Nurlanstar92: posts big blind $1
*** HOLE CARDS ***
gig.gyty: folds 
janarr5: folds 
b2k-Snick: raises $1.50 to $2.50
Santiss87: calls $2
Nurlanstar92: folds 
*** FLOP *** [Tc 6c 8h]
Santiss87: checks 
b2k-Snick: checks 
*** TURN *** [Tc 6c 8h] [As]
Santiss87: checks 
b2k-Snick: checks 
*** RIVER *** [Tc 6c 8h As] [Kc]
Santiss87: checks 
b2k-Snick: bets $2.50
Santiss87: folds 
Uncalled bet ($2.50) returned to b2k-Snick
b2k-Snick collected $5.70 from pot
b2k-Snick: doesn't show hand 
*** SUMMARY ***
Total pot $6 | Rake $0.30 
Board [Tc 6c 8h As Kc]
Seat 1: Nurlanstar92 (big blind) folded before Flop
Seat 2: gig.gyty folded before Flop (didn't bet)
Seat 3: janarr5 folded before Flop (didn't bet)
Seat 4: b2k-Snick (button) collected ($5.70)
Seat 6: Santiss87 (small blind) folded on the River



PokerStars Hand #254276245254:  Hold'em No Limit ($0.50/$1.00 USD) - 2025/01/09 11:26:36 WET [2025/01/09 6:26:36 ET]
Table 'Morrison II' 6-max Seat #6 is the button
Seat 1: Nurlanstar92 ($107.60 in chips) 
Seat 2: gig.gyty ($154.03 in chips) 
Seat 3: janarr5 ($202.41 in chips) 
Seat 4: b2k-Snick ($105.70 in chips) 
Seat 6: Santiss87 ($52.54 in chips) 
Nurlanstar92: posts small blind $0.50
gig.gyty: posts big blind $1
*** HOLE CARDS ***
janarr5: raises $1.25 to $2.25
b2k-Snick: folds 
Santiss87: calls $2.25
Nurlanstar92: folds 
gig.gyty: folds 
*** FLOP *** [2s 6h 8d]
janarr5: checks 
Santiss87: checks 
*** TURN *** [2s 6h 8d] [5d]
janarr5: checks 
Santiss87: checks 
*** RIVER *** [2s 6h 8d 5d] [5h]
janarr5: checks 
Santiss87: checks 
*** SHOW DOWN ***
janarr5: shows [As Qc] (a pair of Fives)
Santiss87: mucks hand 
janarr5 collected $5.70 from pot
*** SUMMARY ***
Total pot $6 | Rake $0.30 
Board [2s 6h 8d 5d 5h]
Seat 1: Nurlanstar92 (small blind) folded before Flop
Seat 2: gig.gyty (big blind) folded before Flop
Seat 3: janarr5 showed [As Qc] and won ($5.70) with a pair of Fives
Seat 4: b2k-Snick folded before Flop (didn't bet)
Seat 6: Santiss87 (button) mucked



PokerStars Hand #254276249858:  Hold'em No Limit ($0.50/$1.00 USD) - 2025/01/09 11:27:13 WET [2025/01/09 6:27:13 ET]
Table 'Morrison II' 6-max Seat #1 is the button
Seat 1: Nurlanstar92 ($107.10 in chips) 
Seat 2: gig.gyty ($153.03 in chips) 
Seat 3: janarr5 ($205.86 in chips) 
Seat 4: b2k-Snick ($105.70 in chips) 
Seat 6: Santiss87 ($50.29 in chips) 
gig.gyty: posts small blind $0.50
janarr5: posts big blind $1
*** HOLE CARDS ***
b2k-Snick: folds 
Santiss87: folds 
Nurlanstar92: raises $1.50 to $2.50
gig.gyty: folds 
janarr5: raises $9.50 to $12
Nurlanstar92: calls $9.50
*** FLOP *** [Js Jd Kc]
janarr5: bets $7.68
Nurlanstar92: calls $7.68
*** TURN *** [Js Jd Kc] [Jh]
janarr5: bets $18.94
G.HANSEN333 joins the table at seat #5 
Nurlanstar92: raises $68.48 to $87.42 and is all-in
janarr5: folds 
Uncalled bet ($68.48) returned to Nurlanstar92
Nurlanstar92 collected $75.24 from pot
Nurlanstar92: doesn't show hand 
*** SUMMARY ***
Total pot $77.74 | Rake $2.50 
Board [Js Jd Kc Jh]
Seat 1: Nurlanstar92 (button) collected ($75.24)
Seat 2: gig.gyty (small blind) folded before Flop
Seat 3: janarr5 (big blind) folded on the Turn
Seat 4: b2k-Snick folded before Flop (didn't bet)
Seat 6: Santiss87 folded before Flop (didn't bet)



PokerStars Hand #254276259101:  Hold'em No Limit ($0.50/$1.00 USD) - 2025/01/09 11:28:25 WET [2025/01/09 6:28:25 ET]
Table 'Morrison II' 6-max Seat #2 is the button
Seat 5: G.HANSEN333 ($100 in chips) is sitting out
Seat 1: Nurlanstar92 ($143.72 in chips) 
Seat 2: gig.gyty ($152.53 in chips) 
Seat 3: janarr5 ($167.24 in chips) 
Seat 4: b2k-Snick ($105.70 in chips) 
Seat 6: Santiss87 ($50.29 in chips) 
janarr5: posts small blind $0.50
b2k-Snick: posts big blind $1
G.HANSEN333: sits out 
*** HOLE CARDS ***
Santiss87: folds 
Nurlanstar92: folds 
gig.gyty: raises $1.50 to $2.50
janarr5: folds 
b2k-Snick: folds 
Uncalled bet ($1.50) returned to gig.gyty
gig.gyty collected $2.50 from pot
gig.gyty: doesn't show hand 
*** SUMMARY ***
Total pot $2.50 | Rake $0 
Seat 5: G.HANSEN333
Seat 1: Nurlanstar92 folded before Flop (didn't bet)
Seat 2: gig.gyty (button) collected ($2.50)
Seat 3: janarr5 (small blind) folded before Flop
Seat 4: b2k-Snick (big blind) folded before Flop
Seat 6: Santiss87 folded before Flop (didn't bet)



PokerStars Hand #254276286258:  Hold'em No Limit ($0.50/$1.00 USD) - 2025/01/09 11:31:58 WET [2025/01/09 6:31:58 ET]
Table 'Morrison II' 6-max Seat #4 is the button
Seat 1: Nurlanstar92 ($213.32 in chips) 
Seat 2: gig.gyty ($149.53 in chips) 
Seat 4: b2k-Snick ($100.45 in chips) 
Seat 5: G.HANSEN333 ($106 in chips) 
Seat 6: Santiss87 ($47.04 in chips) 
G.HANSEN333: posts small blind $0.50
Santiss87: posts big blind $1
*** HOLE CARDS ***
Nurlanstar92: folds 
gig.gyty: folds 
b2k-Snick: folds 
G.HANSEN333: raises $2 to $3
Santiss87: raises $6 to $9
G.HANSEN333: folds 
Uncalled bet ($6) returned to Santiss87
Santiss87 collected $6 from pot
Santiss87: doesn't show hand 
*** SUMMARY ***
Total pot $6 | Rake $0 
Seat 1: Nurlanstar92 folded before Flop (didn't bet)
Seat 2: gig.gyty folded before Flop (didn't bet)
Seat 4: b2k-Snick (button) folded before Flop (didn't bet)
Seat 5: G.HANSEN333 (small blind) folded before Flop
Seat 6: Santiss87 (big blind) collected ($6)



PokerStars Hand #254276289087:  Hold'em No Limit ($0.50/$1.00 USD) - 2025/01/09 11:32:20 WET [2025/01/09 6:32:20 ET]
Table 'Morrison II' 6-max Seat #5 is the button
Seat 1: Nurlanstar92 ($213.32 in chips) 
Seat 2: gig.gyty ($149.53 in chips) 
Seat 4: b2k-Snick ($100.45 in chips) 
Seat 5: G.HANSEN333 ($103 in chips) 
Seat 6: Santiss87 ($50.04 in chips) 
Santiss87: posts small blind $0.50
Nurlanstar92: posts big blind $1
*** HOLE CARDS ***
gig.gyty: folds 
b2k-Snick: folds 
G.HANSEN333: raises $1.50 to $2.50
Santiss87: calls $2
Nurlanstar92: folds 
*** FLOP *** [2h 2c 7c]
Santiss87: checks 
G.HANSEN333: bets $3.71
Santiss87: calls $3.71
*** TURN *** [2h 2c 7c] [Td]
Santiss87: checks 
G.HANSEN333: checks 
*** RIVER *** [2h 2c 7c Td] [9d]
Santiss87: checks 
G.HANSEN333: bets $4.21
Santiss87: calls $4.21
*** SHOW DOWN ***
G.HANSEN333: shows [Qh 9h] (two pair, Nines and Deuces)
Santiss87: mucks hand 
G.HANSEN333 collected $20.75 from pot
*** SUMMARY ***
Total pot $21.84 | Rake $1.09 
Board [2h 2c 7c Td 9d]
Seat 1: Nurlanstar92 (big blind) folded before Flop
Seat 2: gig.gyty folded before Flop (didn't bet)
Seat 4: b2k-Snick folded before Flop (didn't bet)
Seat 5: G.HANSEN333 (button) showed [Qh 9h] and won ($20.75) with two pair, Nines and Deuces
Seat 6: Santiss87 (small blind) mucked



PokerStars Hand #254276292673:  Hold'em No Limit ($0.50/$1.00 USD) - 2025/01/09 11:32:49 WET [2025/01/09 6:32:49 ET]
Table 'Morrison II' 6-max Seat #6 is the button
Seat 1: Nurlanstar92 ($212.32 in chips) 
Seat 2: gig.gyty ($149.53 in chips) 
Seat 4: b2k-Snick ($100.45 in chips) 
Seat 5: G.HANSEN333 ($113.33 in chips) 
Seat 6: Santiss87 ($39.62 in chips) 
Nurlanstar92: posts small blind $0.50
gig.gyty: posts big blind $1
*** HOLE CARDS ***
b2k-Snick: raises $1.50 to $2.50
G.HANSEN333: folds 
Santiss87: folds 
Nurlanstar92: folds 
gig.gyty: calls $1.50
*** FLOP *** [6s 4h 9c]
gig.gyty: checks 
b2k-Snick: bets $3
gig.gyty: folds 
Uncalled bet ($3) returned to b2k-Snick
b2k-Snick collected $5.22 from pot
b2k-Snick: doesn't show hand 
*** SUMMARY ***
Total pot $5.50 | Rake $0.28 
Board [6s 4h 9c]
Seat 1: Nurlanstar92 (small blind) folded before Flop
Seat 2: gig.gyty (big blind) folded on the Flop
Seat 4: b2k-Snick collected ($5.22)
Seat 5: G.HANSEN333 folded before Flop (didn't bet)
Seat 6: Santiss87 (button) folded before Flop (didn't bet)



PokerStars Hand #254276296474:  Hold'em No Limit ($0.50/$1.00 USD) - 2025/01/09 11:33:18 WET [2025/01/09 6:33:18 ET]
Table 'Morrison II' 6-max Seat #1 is the button
Seat 1: Nurlanstar92 ($211.82 in chips) 
Seat 2: gig.gyty ($147.03 in chips) 
Seat 4: b2k-Snick ($103.17 in chips) 
Seat 5: G.HANSEN333 ($113.33 in chips) 
Seat 6: Santiss87 ($39.62 in chips) 
gig.gyty: posts small blind $0.50
b2k-Snick: posts big blind $1
*** HOLE CARDS ***
G.HANSEN333: raises $1.50 to $2.50
Santiss87: calls $2.50
Nurlanstar92: folds 
gig.gyty: folds 
b2k-Snick: calls $1.50
*** FLOP *** [2c 4d 6s]
b2k-Snick: checks 
G.HANSEN333: checks 
Santiss87: checks 
*** TURN *** [2c 4d 6s] [9h]
b2k-Snick: bets $4.18
G.HANSEN333: folds 
Santiss87: folds 
Uncalled bet ($4.18) returned to b2k-Snick
b2k-Snick collected $7.60 from pot
b2k-Snick: doesn't show hand 
*** SUMMARY ***
Total pot $8 | Rake $0.40 
Board [2c 4d 6s 9h]
Seat 1: Nurlanstar92 (button) folded before Flop (didn't bet)
Seat 2: gig.gyty (small blind) folded before Flop
Seat 4: b2k-Snick (big blind) collected ($7.60)
Seat 5: G.HANSEN333 folded on the Turn
Seat 6: Santiss87 folded on the Turn



PokerStars Hand #254276300489:  Hold'em No Limit ($0.50/$1.00 USD) - 2025/01/09 11:33:48 WET [2025/01/09 6:33:48 ET]
Table 'Morrison II' 6-max Seat #2 is the button
Seat 1: Nurlanstar92 ($211.82 in chips) 
Seat 2: gig.gyty ($146.53 in chips) 
Seat 4: b2k-Snick ($108.27 in chips) 
Seat 5: G.HANSEN333 ($110.83 in chips) 
Seat 6: Santiss87 ($37.12 in chips) 
b2k-Snick: posts small blind $0.50
G.HANSEN333: posts big blind $1
*** HOLE CARDS ***
Santiss87: folds 
Nurlanstar92: folds 
gig.gyty: folds 
b2k-Snick: raises $2 to $3
G.HANSEN333: folds 
Uncalled bet ($2) returned to b2k-Snick
b2k-Snick collected $2 from pot
b2k-Snick: doesn't show hand 
*** SUMMARY ***
Total pot $2 | Rake $0 
Seat 1: Nurlanstar92 folded before Flop (didn't bet)
Seat 2: gig.gyty (button) folded before Flop (didn't bet)
Seat 4: b2k-Snick (small blind) collected ($2)
Seat 5: G.HANSEN333 (big blind) folded before Flop
Seat 6: Santiss87 folded before Flop (didn't bet)



PokerStars Hand #254276302405:  Hold'em No Limit ($0.50/$1.00 USD) - 2025/01/09 11:34:02 WET [2025/01/09 6:34:02 ET]
Table 'Morrison II' 6-max Seat #4 is the button
Seat 1: Nurlanstar92 ($211.82 in chips) 
Seat 2: gig.gyty ($146.53 in chips) 
Seat 4: b2k-Snick ($109.27 in chips) 
Seat 5: G.HANSEN333 ($109.83 in chips) 
Seat 6: Santiss87 ($37.12 in chips) 
G.HANSEN333: posts small blind $0.50
Santiss87: posts big blind $1
*** HOLE CARDS ***
Nurlanstar92: folds 
gig.gyty: raises $1.25 to $2.25
b2k-Snick: calls $2.25
G.HANSEN333: folds 
Santiss87: calls $1.25
*** FLOP *** [5s 5c Jd]
Santiss87: checks 
gig.gyty: bets $2.27
b2k-Snick: calls $2.27
Santiss87: folds 
*** TURN *** [5s 5c Jd] [3h]
gig.gyty: checks 
b2k-Snick: checks 
*** RIVER *** [5s 5c Jd 3h] [6d]
gig.gyty: checks 
b2k-Snick: checks 
*** SHOW DOWN ***
gig.gyty: shows [Ah Ts] (a pair of Fives)
b2k-Snick: shows [9c 9d] (two pair, Nines and Fives)
b2k-Snick collected $11.20 from pot
*** SUMMARY ***
Total pot $11.79 | Rake $0.59 
Board [5s 5c Jd 3h 6d]
Seat 1: Nurlanstar92 folded before Flop (didn't bet)
Seat 2: gig.gyty showed [Ah Ts] and lost with a pair of Fives
Seat 4: b2k-Snick (button) showed [9c 9d] and won ($11.20) with two pair, Nines and Fives
Seat 5: G.HANSEN333 (small blind) folded before Flop
Seat 6: Santiss87 (big blind) folded on the Flop



PokerStars Hand #254276310250:  Hold'em No Limit ($0.50/$1.00 USD) - 2025/01/09 11:35:00 WET [2025/01/09 6:35:00 ET]
Table 'Morrison II' 6-max Seat #5 is the button
Seat 1: Nurlanstar92 ($211.82 in chips) 
Seat 2: gig.gyty ($142.01 in chips) 
Seat 4: b2k-Snick ($115.95 in chips) 
Seat 5: G.HANSEN333 ($109.33 in chips) 
Seat 6: Santiss87 ($34.87 in chips) 
Santiss87: posts small blind $0.50
Nurlanstar92: posts big blind $1
*** HOLE CARDS ***
gig.gyty: folds 
b2k-Snick: folds 
G.HANSEN333: raises $1.50 to $2.50
Santiss87: calls $2
Nurlanstar92: folds 
*** FLOP *** [5s 8h 8d]
Santiss87: checks 
G.HANSEN333: bets $3
Santiss87: calls $3
*** TURN *** [5s 8h 8d] [5d]
Santiss87: checks 
G.HANSEN333: checks 
*** RIVER *** [5s 8h 8d 5d] [Ac]
Santiss87: checks 
G.HANSEN333: checks 
*** SHOW DOWN ***
Santiss87: shows [Th 6h] (two pair, Eights and Fives)
G.HANSEN333: shows [Jc Qs] (two pair, Eights and Fives)
Santiss87 collected $5.70 from pot
G.HANSEN333 collected $5.70 from pot
*** SUMMARY ***
Total pot $12 | Rake $0.60 
Board [5s 8h 8d 5d Ac]
Seat 1: Nurlanstar92 (big blind) folded before Flop
Seat 2: gig.gyty folded before Flop (didn't bet)
Seat 4: b2k-Snick folded before Flop (didn't bet)
Seat 5: G.HANSEN333 (button) showed [Jc Qs] and won ($5.70) with two pair, Eights and Fives
Seat 6: Santiss87 (small blind) showed [Th 6h] and won ($5.70) with two pair, Eights and Fives



PokerStars Hand #254276314510:  Hold'em No Limit ($0.50/$1.00 USD) - 2025/01/09 11:35:32 WET [2025/01/09 6:35:32 ET]
Table 'Morrison II' 6-max Seat #6 is the button
Seat 1: Nurlanstar92 ($210.82 in chips) 
Seat 2: gig.gyty ($142.01 in chips) 
Seat 4: b2k-Snick ($115.95 in chips) 
Seat 5: G.HANSEN333 ($109.53 in chips) 
Seat 6: Santiss87 ($35.07 in chips) 
Nurlanstar92: posts small blind $0.50
gig.gyty: posts big blind $1
*** HOLE CARDS ***
b2k-Snick: folds 
G.HANSEN333: raises $1.50 to $2.50
Santiss87: folds 
Nurlanstar92: folds 
gig.gyty: folds 
Uncalled bet ($1.50) returned to G.HANSEN333
G.HANSEN333 collected $2.50 from pot
G.HANSEN333: doesn't show hand 
*** SUMMARY ***
Total pot $2.50 | Rake $0 
Seat 1: Nurlanstar92 (small blind) folded before Flop
Seat 2: gig.gyty (big blind) folded before Flop
Seat 4: b2k-Snick folded before Flop (didn't bet)
Seat 5: G.HANSEN333 collected ($2.50)
Seat 6: Santiss87 (button) folded before Flop (didn't bet)



PokerStars Hand #254276316712:  Hold'em No Limit ($0.50/$1.00 USD) - 2025/01/09 11:35:48 WET [2025/01/09 6:35:48 ET]
Table 'Morrison II' 6-max Seat #1 is the button
Seat 1: Nurlanstar92 ($210.32 in chips) 
Seat 2: gig.gyty ($141.01 in chips) 
Seat 4: b2k-Snick ($115.95 in chips) 
Seat 5: G.HANSEN333 ($111.03 in chips) 
Seat 6: Santiss87 ($35.07 in chips) 
gig.gyty: posts small blind $0.50
b2k-Snick: posts big blind $1
*** HOLE CARDS ***
G.HANSEN333: folds 
Santiss87: folds 
Nurlanstar92: raises $1.50 to $2.50
gig.gyty: folds 
b2k-Snick: calls $1.50
*** FLOP *** [7s Ad Qs]
b2k-Snick: checks 
Nurlanstar92: bets $1.30
b2k-Snick: calls $1.30
*** TURN *** [7s Ad Qs] [Ts]
b2k-Snick: checks 
Nurlanstar92: checks 
*** RIVER *** [7s Ad Qs Ts] [3s]
b2k-Snick: checks 
Mattis_brb joins the table at seat #3 
Mattis_brb is disconnected 
Nurlanstar92: checks 
*** SHOW DOWN ***
b2k-Snick: shows [Js Kh] (a flush, Queen high)
Nurlanstar92: mucks hand 
b2k-Snick collected $7.70 from pot
*** SUMMARY ***
Total pot $8.10 | Rake $0.40 
Board [7s Ad Qs Ts 3s]
Seat 1: Nurlanstar92 (button) mucked
Seat 2: gig.gyty (small blind) folded before Flop
Seat 4: b2k-Snick (big blind) showed [Js Kh] and won ($7.70) with a flush, Queen high
Seat 5: G.HANSEN333 folded before Flop (didn't bet)
Seat 6: Santiss87 folded before Flop (didn't bet)



PokerStars Hand #254276325368:  Hold'em No Limit ($0.50/$1.00 USD) - 2025/01/09 11:36:52 WET [2025/01/09 6:36:52 ET]
Table 'Morrison II' 6-max Seat #2 is the button
Seat 3: Mattis_brb ($10 in chips) is sitting out
Seat 1: Nurlanstar92 ($206.52 in chips) 
Seat 2: gig.gyty ($140.51 in chips) 
Seat 4: b2k-Snick ($119.85 in chips) 
Seat 5: G.HANSEN333 ($111.03 in chips) 
Seat 6: Santiss87 ($35.07 in chips) 
b2k-Snick: posts small blind $0.50
G.HANSEN333: posts big blind $1
*** HOLE CARDS ***
Santiss87: folds 
Nurlanstar92: folds 
gig.gyty: raises $1.50 to $2.50
b2k-Snick: folds 
G.HANSEN333: folds 
Uncalled bet ($1.50) returned to gig.gyty
gig.gyty collected $2.50 from pot
gig.gyty: doesn't show hand 
*** SUMMARY ***
Total pot $2.50 | Rake $0 
Seat 3: Mattis_brb
Seat 1: Nurlanstar92 folded before Flop (didn't bet)
Seat 2: gig.gyty (button) collected ($2.50)
Seat 4: b2k-Snick (small blind) folded before Flop
Seat 5: G.HANSEN333 (big blind) folded before Flop
Seat 6: Santiss87 folded before Flop (didn't bet)



PokerStars Hand #254276328803:  Hold'em No Limit ($0.50/$1.00 USD) - 2025/01/09 11:37:18 WET [2025/01/09 6:37:18 ET]
Table 'Morrison II' 6-max Seat #4 is the button
Seat 3: Mattis_brb ($10 in chips) is sitting out
Seat 1: Nurlanstar92 ($206.52 in chips) 
Seat 2: gig.gyty ($142.01 in chips) 
Seat 4: b2k-Snick ($119.35 in chips) 
Seat 5: G.HANSEN333 ($110.03 in chips) 
Seat 6: Santiss87 ($35.07 in chips) 
G.HANSEN333: posts small blind $0.50
Santiss87: posts big blind $1
Mattis_brb: sits out 
*** HOLE CARDS ***
Nurlanstar92: folds 
gig.gyty: folds 
b2k-Snick: folds 
G.HANSEN333: raises $2 to $3
Santiss87: calls $2
*** FLOP *** [4s 7c Ks]
G.HANSEN333: bets $4.28
Santiss87: folds 
Uncalled bet ($4.28) returned to G.HANSEN333
G.HANSEN333 collected $5.70 from pot
G.HANSEN333: doesn't show hand 
*** SUMMARY ***
Total pot $6 | Rake $0.30 
Board [4s 7c Ks]
Seat 3: Mattis_brb
Seat 1: Nurlanstar92 folded before Flop (didn't bet)
Seat 2: gig.gyty folded before Flop (didn't bet)
Seat 4: b2k-Snick (button) folded before Flop (didn't bet)
Seat 5: G.HANSEN333 (small blind) collected ($5.70)
Seat 6: Santiss87 (big blind) folded on the Flop



PokerStars Hand #254276330869:  Hold'em No Limit ($0.50/$1.00 USD) - 2025/01/09 11:37:33 WET [2025/01/09 6:37:33 ET]
Table 'Morrison II' 6-max Seat #5 is the button
Seat 3: Mattis_brb ($10 in chips) is sitting out
Seat 1: Nurlanstar92 ($206.52 in chips) 
Seat 2: gig.gyty ($142.01 in chips) 
Seat 4: b2k-Snick ($119.35 in chips) 
Seat 5: G.HANSEN333 ($112.73 in chips) 
Seat 6: Santiss87 ($32.07 in chips) 
Santiss87: posts small blind $0.50
Nurlanstar92: posts big blind $1
Mattis_brb: sits out 
*** HOLE CARDS ***
gig.gyty: folds 
b2k-Snick: folds 
G.HANSEN333: folds 
Santiss87: raises $2 to $3
Nurlanstar92: folds 
Uncalled bet ($2) returned to Santiss87
Santiss87 collected $2 from pot
Santiss87: doesn't show hand 
*** SUMMARY ***
Total pot $2 | Rake $0 
Seat 3: Mattis_brb
Seat 1: Nurlanstar92 (big blind) folded before Flop
Seat 2: gig.gyty folded before Flop (didn't bet)
Seat 4: b2k-Snick folded before Flop (didn't bet)
Seat 5: G.HANSEN333 (button) folded before Flop (didn't bet)
Seat 6: Santiss87 (small blind) collected ($2)



PokerStars Hand #254276333340:  Hold'em No Limit ($0.50/$1.00 USD) - 2025/01/09 11:37:51 WET [2025/01/09 6:37:51 ET]
Table 'Morrison II' 6-max Seat #6 is the button
Seat 3: Mattis_brb ($10 in chips) is sitting out
Seat 1: Nurlanstar92 ($205.52 in chips) 
Seat 2: gig.gyty ($142.01 in chips) 
Seat 4: b2k-Snick ($119.35 in chips) 
Seat 5: G.HANSEN333 ($112.73 in chips) 
Seat 6: Santiss87 ($33.07 in chips) 
Nurlanstar92: posts small blind $0.50
gig.gyty: posts big blind $1
Mattis_brb: sits out 
*** HOLE CARDS ***
b2k-Snick: raises $1.50 to $2.50
G.HANSEN333: folds 
Santiss87: calls $2.50
Nurlanstar92: folds 
gig.gyty: folds 
*** FLOP *** [Ts 9s 6d]
b2k-Snick: bets $3.40
Santiss87: calls $3.40
*** TURN *** [Ts 9s 6d] [2s]
b2k-Snick: bets $6.95
Santiss87: folds 
Uncalled bet ($6.95) returned to b2k-Snick
b2k-Snick collected $12.64 from pot
b2k-Snick: doesn't show hand 
*** SUMMARY ***
Total pot $13.30 | Rake $0.66 
Board [Ts 9s 6d 2s]
Seat 3: Mattis_brb
Seat 1: Nurlanstar92 (small blind) folded before Flop
Seat 2: gig.gyty (big blind) folded before Flop
Seat 4: b2k-Snick collected ($12.64)
Seat 5: G.HANSEN333 folded before Flop (didn't bet)
Seat 6: Santiss87 (button) folded on the Turn



PokerStars Hand #254276336716:  Hold'em No Limit ($0.50/$1.00 USD) - 2025/01/09 11:38:16 WET [2025/01/09 6:38:16 ET]
Table 'Morrison II' 6-max Seat #1 is the button
Seat 1: Nurlanstar92 ($205.02 in chips) 
Seat 2: gig.gyty ($141.01 in chips) 
Seat 3: Mattis_brb ($10 in chips) 
Seat 4: b2k-Snick ($126.09 in chips) 
Seat 5: G.HANSEN333 ($112.73 in chips) 
Seat 6: Santiss87 ($27.17 in chips) 
gig.gyty: posts small blind $0.50
Mattis_brb: posts big blind $1
*** HOLE CARDS ***
b2k-Snick: raises $1.50 to $2.50
G.HANSEN333: folds 
Santiss87: folds 
Nurlanstar92: raises $5.50 to $8
gig.gyty: folds 
Mattis_brb: raises $2 to $10 and is all-in
b2k-Snick: calls $7.50
Nurlanstar92: calls $2
*** FLOP *** [2h Qd Kh]
b2k-Snick: checks 
Nurlanstar92: checks 
*** TURN *** [2h Qd Kh] [5d]
b2k-Snick: checks 
Nurlanstar92: checks 
*** RIVER *** [2h Qd Kh 5d] [6d]
b2k-Snick: checks 
Nurlanstar92: checks 
*** SHOW DOWN ***
Mattis_brb: shows [Kc Ts] (a pair of Kings)
b2k-Snick: mucks hand 
Nurlanstar92: mucks hand 
Mattis_brb collected $28.60 from pot
*** SUMMARY ***
Total pot $30.50 | Rake $1.90 
Board [2h Qd Kh 5d 6d]
Seat 1: Nurlanstar92 (button) mucked
Seat 2: gig.gyty (small blind) folded before Flop
Seat 3: Mattis_brb (big blind) showed [Kc Ts] and won ($28.60) with a pair of Kings
Seat 4: b2k-Snick mucked
Seat 5: G.HANSEN333 folded before Flop (didn't bet)
Seat 6: Santiss87 folded before Flop (didn't bet)



PokerStars Hand #254276345297:  Hold'em No Limit ($0.50/$1.00 USD) - 2025/01/09 11:39:20 WET [2025/01/09 6:39:20 ET]
Table 'Morrison II' 6-max Seat #2 is the button
Seat 1: Nurlanstar92 ($195.02 in chips) 
Seat 2: gig.gyty ($140.51 in chips) 
Seat 3: Mattis_brb ($28.60 in chips) 
Seat 4: b2k-Snick ($116.09 in chips) 
Seat 5: G.HANSEN333 ($112.73 in chips) 
Seat 6: Santiss87 ($27.17 in chips) 
Mattis_brb: posts small blind $0.50
b2k-Snick: posts big blind $1
*** HOLE CARDS ***
G.HANSEN333: folds 
Santiss87: folds 
Nurlanstar92: raises $1.30 to $2.30
gig.gyty: folds 
Mattis_brb: folds 
b2k-Snick: folds 
Uncalled bet ($1.30) returned to Nurlanstar92
Nurlanstar92 collected $2.50 from pot
Nurlanstar92: doesn't show hand 
*** SUMMARY ***
Total pot $2.50 | Rake $0 
Seat 1: Nurlanstar92 collected ($2.50)
Seat 2: gig.gyty (button) folded before Flop (didn't bet)
Seat 3: Mattis_brb (small blind) folded before Flop
Seat 4: b2k-Snick (big blind) folded before Flop
Seat 5: G.HANSEN333 folded before Flop (didn't bet)
Seat 6: Santiss87 folded before Flop (didn't bet)



PokerStars Hand #254276347444:  Hold'em No Limit ($0.50/$1.00 USD) - 2025/01/09 11:39:35 WET [2025/01/09 6:39:35 ET]
Table 'Morrison II' 6-max Seat #3 is the button
Seat 1: Nurlanstar92 ($196.52 in chips) 
Seat 2: gig.gyty ($140.51 in chips) 
Seat 3: Mattis_brb ($28.10 in chips) 
Seat 4: b2k-Snick ($115.09 in chips) 
Seat 5: G.HANSEN333 ($112.73 in chips) 
Seat 6: Santiss87 ($27.17 in chips) 
b2k-Snick: posts small blind $0.50
G.HANSEN333: posts big blind $1
*** HOLE CARDS ***
Santiss87: folds 
Nurlanstar92: folds 
gig.gyty: folds 
Mattis_brb: folds 
b2k-Snick: raises $2 to $3
G.HANSEN333: calls $2
*** FLOP *** [5d 2d Td]
b2k-Snick: bets $1.25
G.HANSEN333: calls $1.25
*** TURN *** [5d 2d Td] [6h]
b2k-Snick: bets $7.50
G.HANSEN333: calls $7.50
*** RIVER *** [5d 2d Td 6h] [Tc]
b2k-Snick: checks 
G.HANSEN333: checks 
*** SHOW DOWN ***
b2k-Snick: shows [Ac 7s] (a pair of Tens)
G.HANSEN333: shows [2c 5c] (two pair, Tens and Fives)
G.HANSEN333 collected $22.32 from pot
*** SUMMARY ***
Total pot $23.50 | Rake $1.18 
Board [5d 2d Td 6h Tc]
Seat 1: Nurlanstar92 folded before Flop (didn't bet)
Seat 2: gig.gyty folded before Flop (didn't bet)
Seat 3: Mattis_brb (button) folded before Flop (didn't bet)
Seat 4: b2k-Snick (small blind) showed [Ac 7s] and lost with a pair of Tens
Seat 5: G.HANSEN333 (big blind) showed [2c 5c] and won ($22.32) with two pair, Tens and Fives
Seat 6: Santiss87 folded before Flop (didn't bet)



PokerStars Hand #254276354475:  Hold'em No Limit ($0.50/$1.00 USD) - 2025/01/09 11:40:25 WET [2025/01/09 6:40:25 ET]
Table 'Morrison II' 6-max Seat #4 is the button
Seat 1: Nurlanstar92 ($196.52 in chips) 
Seat 2: gig.gyty ($140.51 in chips) 
Seat 3: Mattis_brb ($28.10 in chips) 
Seat 4: b2k-Snick ($103.34 in chips) 
Seat 5: G.HANSEN333 ($123.30 in chips) 
Seat 6: Santiss87 ($27.17 in chips) 
G.HANSEN333: posts small blind $0.50
Santiss87: posts big blind $1
*** HOLE CARDS ***
Nurlanstar92: folds 
gig.gyty: raises $1.25 to $2.25
Mattis_brb: folds 
b2k-Snick: folds 
G.HANSEN333: folds 
Santiss87: folds 
Uncalled bet ($1.25) returned to gig.gyty
gig.gyty collected $2.50 from pot
gig.gyty: doesn't show hand 
*** SUMMARY ***
Total pot $2.50 | Rake $0 
Seat 1: Nurlanstar92 folded before Flop (didn't bet)
Seat 2: gig.gyty collected ($2.50)
Seat 3: Mattis_brb folded before Flop (didn't bet)
Seat 4: b2k-Snick (button) folded before Flop (didn't bet)
Seat 5: G.HANSEN333 (small blind) folded before Flop
Seat 6: Santiss87 (big blind) folded before Flop



PokerStars Hand #254276357087:  Hold'em No Limit ($0.50/$1.00 USD) - 2025/01/09 11:40:44 WET [2025/01/09 6:40:44 ET]
Table 'Morrison II' 6-max Seat #5 is the button
Seat 1: Nurlanstar92 ($196.52 in chips) 
Seat 2: gig.gyty ($142.01 in chips) 
Seat 3: Mattis_brb ($28.10 in chips) 
Seat 4: b2k-Snick ($103.34 in chips) 
Seat 5: G.HANSEN333 ($122.80 in chips) 
Seat 6: Santiss87 ($26.17 in chips) 
Santiss87: posts small blind $0.50
Nurlanstar92: posts big blind $1
*** HOLE CARDS ***
gig.gyty: folds 
Mattis_brb: folds 
b2k-Snick: folds 
G.HANSEN333: folds 
Santiss87: calls $0.50
Nurlanstar92: checks 
*** FLOP *** [4h 8h 5c]
Santiss87: checks 
Nurlanstar92: checks 
*** TURN *** [4h 8h 5c] [8c]
Santiss87: checks 
Nurlanstar92: checks 
*** RIVER *** [4h 8h 5c 8c] [Kc]
Santiss87: checks 
Nurlanstar92: checks 
*** SHOW DOWN ***
Santiss87: shows [6c Ks] (two pair, Kings and Eights)
Nurlanstar92: mucks hand 
Santiss87 collected $1.90 from pot
*** SUMMARY ***
Total pot $2 | Rake $0.10 
Board [4h 8h 5c 8c Kc]
Seat 1: Nurlanstar92 (big blind) mucked
Seat 2: gig.gyty folded before Flop (didn't bet)
Seat 3: Mattis_brb folded before Flop (didn't bet)
Seat 4: b2k-Snick folded before Flop (didn't bet)
Seat 5: G.HANSEN333 (button) folded before Flop (didn't bet)
Seat 6: Santiss87 (small blind) showed [6c Ks] and won ($1.90) with two pair, Kings and Eights



PokerStars Hand #254276360568:  Hold'em No Limit ($0.50/$1.00 USD) - 2025/01/09 11:41:09 WET [2025/01/09 6:41:09 ET]
Table 'Morrison II' 6-max Seat #6 is the button
Seat 1: Nurlanstar92 ($195.52 in chips) 
Seat 2: gig.gyty ($142.01 in chips) 
Seat 3: Mattis_brb ($28.10 in chips) 
Seat 4: b2k-Snick ($103.34 in chips) 
Seat 5: G.HANSEN333 ($122.80 in chips) 
Seat 6: Santiss87 ($27.07 in chips) 
Nurlanstar92: posts small blind $0.50
gig.gyty: posts big blind $1
*** HOLE CARDS ***
Mattis_brb: folds 
b2k-Snick: folds 
G.HANSEN333: raises $1.50 to $2.50
Santiss87: folds 
Nurlanstar92: folds 
gig.gyty: folds 
Uncalled bet ($1.50) returned to G.HANSEN333
G.HANSEN333 collected $2.50 from pot
G.HANSEN333: doesn't show hand 
*** SUMMARY ***
Total pot $2.50 | Rake $0 
Seat 1: Nurlanstar92 (small blind) folded before Flop
Seat 2: gig.gyty (big blind) folded before Flop
Seat 3: Mattis_brb folded before Flop (didn't bet)
Seat 4: b2k-Snick folded before Flop (didn't bet)
Seat 5: G.HANSEN333 collected ($2.50)
Seat 6: Santiss87 (button) folded before Flop (didn't bet)



PokerStars Hand #254276364261:  Hold'em No Limit ($0.50/$1.00 USD) - 2025/01/09 11:41:36 WET [2025/01/09 6:41:36 ET]
Table 'Morrison II' 6-max Seat #1 is the button
Seat 1: Nurlanstar92 ($195.02 in chips) 
Seat 2: gig.gyty ($141.01 in chips) 
Seat 3: Mattis_brb ($28.10 in chips) 
Seat 4: b2k-Snick ($103.34 in chips) 
Seat 5: G.HANSEN333 ($124.30 in chips) 
Seat 6: Santiss87 ($27.07 in chips) 
gig.gyty: posts small blind $0.50
Mattis_brb: posts big blind $1
*** HOLE CARDS ***
b2k-Snick: folds 
G.HANSEN333: folds 
Santiss87: raises $1 to $2
Nurlanstar92: raises $4 to $6
gig.gyty: folds 
Mattis_brb: folds 
Santiss87: calls $4
*** FLOP *** [Ks 3h 7s]
Mattis_brb leaves the table
Santiss87: checks 
Nurlanstar92: bets $3.20
Santiss87: folds 
Uncalled bet ($3.20) returned to Nurlanstar92
Nurlanstar92 collected $12.82 from pot
Nurlanstar92: doesn't show hand 
*** SUMMARY ***
Total pot $13.50 | Rake $0.68 
Board [Ks 3h 7s]
Seat 1: Nurlanstar92 (button) collected ($12.82)
Seat 2: gig.gyty (small blind) folded before Flop
Seat 3: Mattis_brb (big blind) folded before Flop
Seat 4: b2k-Snick folded before Flop (didn't bet)
Seat 5: G.HANSEN333 folded before Flop (didn't bet)
Seat 6: Santiss87 folded on the Flop



PokerStars Hand #254276369384:  Hold'em No Limit ($0.50/$1.00 USD) - 2025/01/09 11:42:13 WET [2025/01/09 6:42:13 ET]
Table 'Morrison II' 6-max Seat #2 is the button
Seat 1: Nurlanstar92 ($201.84 in chips) 
Seat 2: gig.gyty ($140.51 in chips) 
Seat 4: b2k-Snick ($103.34 in chips) 
Seat 5: G.HANSEN333 ($124.30 in chips) 
Seat 6: Santiss87 ($21.07 in chips) 
b2k-Snick: posts small blind $0.50
G.HANSEN333: posts big blind $1
*** HOLE CARDS ***
Santiss87: raises $20.07 to $21.07 and is all-in
Nurlanstar92: folds 
gig.gyty: folds 
b2k-Snick: folds 
G.HANSEN333: folds 
Uncalled bet ($20.07) returned to Santiss87
Santiss87 collected $2.50 from pot
Santiss87: doesn't show hand 
*** SUMMARY ***
Total pot $2.50 | Rake $0 
Seat 1: Nurlanstar92 folded before Flop (didn't bet)
Seat 2: gig.gyty (button) folded before Flop (didn't bet)
Seat 4: b2k-Snick (small blind) folded before Flop
Seat 5: G.HANSEN333 (big blind) folded before Flop
Seat 6: Santiss87 collected ($2.50)



PokerStars Hand #254276370812:  Hold'em No Limit ($0.50/$1.00 USD) - 2025/01/09 11:42:24 WET [2025/01/09 6:42:24 ET]
Table 'Morrison II' 6-max Seat #4 is the button
Seat 1: Nurlanstar92 ($201.84 in chips) 
Seat 2: gig.gyty ($140.51 in chips) 
Seat 4: b2k-Snick ($102.84 in chips) 
Seat 5: G.HANSEN333 ($123.30 in chips) 
Seat 6: Santiss87 ($22.57 in chips) 
G.HANSEN333: posts small blind $0.50
Santiss87: posts big blind $1
*** HOLE CARDS ***
Nurlanstar92: folds 
gig.gyty: folds 
b2k-Snick: folds 
G.HANSEN333: folds 
Uncalled bet ($0.50) returned to Santiss87
Santiss87 collected $1 from pot
Santiss87: doesn't show hand 
*** SUMMARY ***
Total pot $1 | Rake $0 
Seat 1: Nurlanstar92 folded before Flop (didn't bet)
Seat 2: gig.gyty folded before Flop (didn't bet)
Seat 4: b2k-Snick (button) folded before Flop (didn't bet)
Seat 5: G.HANSEN333 (small blind) folded before Flop
Seat 6: Santiss87 (big blind) collected ($1)



PokerStars Hand #254276373184:  Hold'em No Limit ($0.50/$1.00 USD) - 2025/01/09 11:42:41 WET [2025/01/09 6:42:41 ET]
Table 'Morrison II' 6-max Seat #5 is the button
Seat 1: Nurlanstar92 ($201.84 in chips) 
Seat 2: gig.gyty ($140.51 in chips) 
Seat 4: b2k-Snick ($102.84 in chips) 
Seat 5: G.HANSEN333 ($122.80 in chips) 
Seat 6: Santiss87 ($23.07 in chips) 
Santiss87: posts small blind $0.50
Nurlanstar92: posts big blind $1
*** HOLE CARDS ***
gig.gyty: folds 
b2k-Snick: raises $1.50 to $2.50
G.HANSEN333: folds 
Santiss87: folds 
Nurlanstar92: folds 
Uncalled bet ($1.50) returned to b2k-Snick
b2k-Snick collected $2.50 from pot
b2k-Snick: doesn't show hand 
*** SUMMARY ***
Total pot $2.50 | Rake $0 
Seat 1: Nurlanstar92 (big blind) folded before Flop
Seat 2: gig.gyty folded before Flop (didn't bet)
Seat 4: b2k-Snick collected ($2.50)
Seat 5: G.HANSEN333 (button) folded before Flop (didn't bet)
Seat 6: Santiss87 (small blind) folded before Flop



PokerStars Hand #254276375273:  Hold'em No Limit ($0.50/$1.00 USD) - 2025/01/09 11:42:55 WET [2025/01/09 6:42:55 ET]
Table 'Morrison II' 6-max Seat #6 is the button
Seat 1: Nurlanstar92 ($200.84 in chips) 
Seat 2: gig.gyty ($140.51 in chips) 
Seat 4: b2k-Snick ($104.34 in chips) 
Seat 5: G.HANSEN333 ($122.80 in chips) 
Seat 6: Santiss87 ($22.57 in chips) 
Nurlanstar92: posts small blind $0.50
gig.gyty: posts big blind $1
*** HOLE CARDS ***
b2k-Snick: folds 
G.HANSEN333: folds 
Santiss87: folds 
Nurlanstar92: raises $2 to $3
gig.gyty: folds 
Uncalled bet ($2) returned to Nurlanstar92
Nurlanstar92 collected $2 from pot
Nurlanstar92: doesn't show hand 
*** SUMMARY ***
Total pot $2 | Rake $0 
Seat 1: Nurlanstar92 (small blind) collected ($2)
Seat 2: gig.gyty (big blind) folded before Flop
Seat 4: b2k-Snick folded before Flop (didn't bet)
Seat 5: G.HANSEN333 folded before Flop (didn't bet)
Seat 6: Santiss87 (button) folded before Flop (didn't bet)



PokerStars Hand #254276377843:  Hold'em No Limit ($0.50/$1.00 USD) - 2025/01/09 11:43:15 WET [2025/01/09 6:43:15 ET]
Table 'Morrison II' 6-max Seat #1 is the button
Seat 1: Nurlanstar92 ($201.84 in chips) 
Seat 2: gig.gyty ($139.51 in chips) 
Seat 4: b2k-Snick ($104.34 in chips) 
Seat 5: G.HANSEN333 ($122.80 in chips) 
Seat 6: Santiss87 ($22.57 in chips) 
gig.gyty: posts small blind $0.50
b2k-Snick: posts big blind $1
*** HOLE CARDS ***
KeR888 joins the table at seat #3 
G.HANSEN333: folds 
Santiss87: folds 
Nurlanstar92: raises $1.50 to $2.50
gig.gyty: folds 
b2k-Snick: calls $1.50
*** FLOP *** [5s Tc Td]
b2k-Snick: checks 
Nurlanstar92: bets $1.72
b2k-Snick: calls $1.72
*** TURN *** [5s Tc Td] [Kh]
b2k-Snick: checks 
Nurlanstar92: bets $4.25
b2k-Snick: folds 
Uncalled bet ($4.25) returned to Nurlanstar92
Nurlanstar92 collected $8.49 from pot
Nurlanstar92: doesn't show hand 
*** SUMMARY ***
Total pot $8.94 | Rake $0.45 
Board [5s Tc Td Kh]
Seat 1: Nurlanstar92 (button) collected ($8.49)
Seat 2: gig.gyty (small blind) folded before Flop
Seat 4: b2k-Snick (big blind) folded on the Turn
Seat 5: G.HANSEN333 folded before Flop (didn't bet)
Seat 6: Santiss87 folded before Flop (didn't bet)



PokerStars Hand #254276383714:  Hold'em No Limit ($0.50/$1.00 USD) - 2025/01/09 11:43:57 WET [2025/01/09 6:43:57 ET]
Table 'Morrison II' 6-max Seat #2 is the button
Seat 3: KeR888 ($100 in chips) is sitting out
Seat 1: Nurlanstar92 ($206.11 in chips) 
Seat 2: gig.gyty ($139.01 in chips) 
Seat 4: b2k-Snick ($100.12 in chips) 
Seat 5: G.HANSEN333 ($122.80 in chips) 
Seat 6: Santiss87 ($22.57 in chips) 
b2k-Snick: posts small blind $0.50
G.HANSEN333: posts big blind $1
*** HOLE CARDS ***
Santiss87: raises $1 to $2
Nurlanstar92: folds 
gig.gyty: folds 
b2k-Snick: folds 
G.HANSEN333: folds 
Uncalled bet ($1) returned to Santiss87
Santiss87 collected $2.50 from pot
Santiss87: doesn't show hand 
*** SUMMARY ***
Total pot $2.50 | Rake $0 
Seat 3: KeR888
Seat 1: Nurlanstar92 folded before Flop (didn't bet)
Seat 2: gig.gyty (button) folded before Flop (didn't bet)
Seat 4: b2k-Snick (small blind) folded before Flop
Seat 5: G.HANSEN333 (big blind) folded before Flop
Seat 6: Santiss87 collected ($2.50)



PokerStars Hand #254276385340:  Hold'em No Limit ($0.50/$1.00 USD) - 2025/01/09 11:44:09 WET [2025/01/09 6:44:09 ET]
Table 'Morrison II' 6-max Seat #4 is the button
Seat 3: KeR888 ($100 in chips) is sitting out
Seat 1: Nurlanstar92 ($206.11 in chips) 
Seat 2: gig.gyty ($139.01 in chips) 
Seat 4: b2k-Snick ($100 in chips) 
Seat 5: G.HANSEN333 ($121.80 in chips) 
Seat 6: Santiss87 ($24.07 in chips) 
G.HANSEN333: posts small blind $0.50
Santiss87: posts big blind $1
KeR888: sits out 
*** HOLE CARDS ***
Nurlanstar92: folds 
gig.gyty: folds 
b2k-Snick: raises $1.50 to $2.50
G.HANSEN333: folds 
Santiss87: folds 
Uncalled bet ($1.50) returned to b2k-Snick
b2k-Snick collected $2.50 from pot
b2k-Snick: doesn't show hand 
*** SUMMARY ***
Total pot $2.50 | Rake $0 
Seat 3: KeR888
Seat 1: Nurlanstar92 folded before Flop (didn't bet)
Seat 2: gig.gyty folded before Flop (didn't bet)
Seat 4: b2k-Snick (button) collected ($2.50)
Seat 5: G.HANSEN333 (small blind) folded before Flop
Seat 6: Santiss87 (big blind) folded before Flop



PokerStars Hand #254276387273:  Hold'em No Limit ($0.50/$1.00 USD) - 2025/01/09 11:44:23 WET [2025/01/09 6:44:23 ET]
Table 'Morrison II' 6-max Seat #5 is the button
Seat 3: KeR888 ($100 in chips) is sitting out
Seat 1: Nurlanstar92 ($206.11 in chips) 
Seat 2: gig.gyty ($139.01 in chips) 
Seat 4: b2k-Snick ($101.50 in chips) 
Seat 5: G.HANSEN333 ($121.30 in chips) 
Seat 6: Santiss87 ($23.07 in chips) 
Santiss87: posts small blind $0.50
Nurlanstar92: posts big blind $1
KeR888: sits out 
*** HOLE CARDS ***
gig.gyty: folds 
b2k-Snick: folds 
G.HANSEN333: folds 
Santiss87: calls $0.50
Nurlanstar92: checks 
*** FLOP *** [Qc Kh 3d]
Santiss87: checks 
Nurlanstar92: checks 
*** TURN *** [Qc Kh 3d] [Ah]
Santiss87: checks 
Nurlanstar92: checks 
*** RIVER *** [Qc Kh 3d Ah] [3c]
Santiss87: checks 
Nurlanstar92: checks 
*** SHOW DOWN ***
Santiss87: shows [6c 2h] (a pair of Threes)
Nurlanstar92: shows [4d 9h] (a pair of Threes)
Santiss87 collected $0.95 from pot
Nurlanstar92 collected $0.95 from pot
*** SUMMARY ***
Total pot $2 | Rake $0.10 
Board [Qc Kh 3d Ah 3c]
Seat 3: KeR888
Seat 1: Nurlanstar92 (big blind) showed [4d 9h] and won ($0.95) with a pair of Threes
Seat 2: gig.gyty folded before Flop (didn't bet)
Seat 4: b2k-Snick folded before Flop (didn't bet)
Seat 5: G.HANSEN333 (button) folded before Flop (didn't bet)
Seat 6: Santiss87 (small blind) showed [6c 2h] and won ($0.95) with a pair of Threes



PokerStars Hand #254276390939:  Hold'em No Limit ($0.50/$1.00 USD) - 2025/01/09 11:44:49 WET [2025/01/09 6:44:49 ET]
Table 'Morrison II' 6-max Seat #6 is the button
Seat 2: gig.gyty ($139.01 in chips) is sitting out
Seat 1: Nurlanstar92 ($206.06 in chips) 
Seat 3: KeR888 ($100 in chips) 
Seat 4: b2k-Snick ($101.50 in chips) 
Seat 5: G.HANSEN333 ($121.30 in chips) 
Seat 6: Santiss87 ($23.02 in chips) 
Nurlanstar92: posts small blind $0.50
gig.gyty: is sitting out 
KeR888: posts big blind $1
*** HOLE CARDS ***
b2k-Snick: folds 
gig.gyty leaves the table
G.HANSEN333: folds 
Santiss87: raises $1 to $2
Nurlanstar92: folds 
KeR888: calls $1
*** FLOP *** [Jh 5s Th]
KeR888: checks 
Santiss87: checks 
*** TURN *** [Jh 5s Th] [4h]
TheBraveGirl joins the table at seat #2 
KeR888: bets $3.21
Santiss87: folds 
Uncalled bet ($3.21) returned to KeR888
KeR888 collected $4.28 from pot
KeR888: doesn't show hand 
*** SUMMARY ***
Total pot $4.50 | Rake $0.22 
Board [Jh 5s Th 4h]
Seat 2: gig.gyty
Seat 1: Nurlanstar92 (small blind) folded before Flop
Seat 3: KeR888 (big blind) collected ($4.28)
Seat 4: b2k-Snick folded before Flop (didn't bet)
Seat 5: G.HANSEN333 folded before Flop (didn't bet)
Seat 6: Santiss87 (button) folded on the Turn



PokerStars Hand #254276394413:  Hold'em No Limit ($0.50/$1.00 USD) - 2025/01/09 11:45:15 WET [2025/01/09 6:45:15 ET]
Table 'Morrison II' 6-max Seat #1 is the button
Seat 2: TheBraveGirl ($100 in chips) is sitting out
Seat 1: Nurlanstar92 ($205.56 in chips) 
Seat 3: KeR888 ($102.28 in chips) 
Seat 4: b2k-Snick ($101.50 in chips) 
Seat 5: G.HANSEN333 ($121.30 in chips) 
Seat 6: Santiss87 ($21.02 in chips) 
KeR888: posts small blind $0.50
b2k-Snick: posts big blind $1
*** HOLE CARDS ***
G.HANSEN333: folds 
Santiss87: folds 
Nurlanstar92: folds 
KeR888: raises $2 to $3
b2k-Snick: folds 
Uncalled bet ($2) returned to KeR888
KeR888 collected $2 from pot
KeR888: doesn't show hand 
*** SUMMARY ***
Total pot $2 | Rake $0 
Seat 2: TheBraveGirl
Seat 1: Nurlanstar92 (button) folded before Flop (didn't bet)
Seat 3: KeR888 (small blind) collected ($2)
Seat 4: b2k-Snick (big blind) folded before Flop
Seat 5: G.HANSEN333 folded before Flop (didn't bet)
Seat 6: Santiss87 folded before Flop (didn't bet)



PokerStars Hand #254276396765:  Hold'em No Limit ($0.50/$1.00 USD) - 2025/01/09 11:45:32 WET [2025/01/09 6:45:32 ET]
Table 'Morrison II' 6-max Seat #3 is the button
Seat 2: TheBraveGirl ($100 in chips) is sitting out
Seat 1: Nurlanstar92 ($205.56 in chips) 
Seat 3: KeR888 ($103.28 in chips) 
Seat 4: b2k-Snick ($100.50 in chips) 
Seat 5: G.HANSEN333 ($121.30 in chips) 
Seat 6: Santiss87 ($21.02 in chips) 
b2k-Snick: posts small blind $0.50
G.HANSEN333: posts big blind $1
TheBraveGirl: sits out 
*** HOLE CARDS ***
Santiss87: folds 
Nurlanstar92: folds 
KeR888: folds 
b2k-Snick: raises $2 to $3
G.HANSEN333: calls $2
*** FLOP *** [Qs 2h Ad]
b2k-Snick: bets $1.88
G.HANSEN333: folds 
Uncalled bet ($1.88) returned to b2k-Snick
b2k-Snick collected $5.70 from pot
b2k-Snick: doesn't show hand 
*** SUMMARY ***
Total pot $6 | Rake $0.30 
Board [Qs 2h Ad]
Seat 2: TheBraveGirl
Seat 1: Nurlanstar92 folded before Flop (didn't bet)
Seat 3: KeR888 (button) folded before Flop (didn't bet)
Seat 4: b2k-Snick (small blind) collected ($5.70)
Seat 5: G.HANSEN333 (big blind) folded on the Flop
Seat 6: Santiss87 folded before Flop (didn't bet)



PokerStars Hand #254276400168:  Hold'em No Limit ($0.50/$1.00 USD) - 2025/01/09 11:45:57 WET [2025/01/09 6:45:57 ET]
Table 'Morrison II' 6-max Seat #4 is the button
Seat 2: TheBraveGirl ($100 in chips) is sitting out
Seat 1: Nurlanstar92 ($205.56 in chips) 
Seat 3: KeR888 ($103.28 in chips) 
Seat 4: b2k-Snick ($103.20 in chips) 
Seat 5: G.HANSEN333 ($118.30 in chips) 
Seat 6: Santiss87 ($21.02 in chips) 
G.HANSEN333: posts small blind $0.50
Santiss87: posts big blind $1
TheBraveGirl: sits out 
*** HOLE CARDS ***
Nurlanstar92: raises $1 to $2
KeR888: folds 
b2k-Snick: folds 
G.HANSEN333: folds 
Santiss87: calls $1
*** FLOP *** [9c 3h 8d]
Santiss87: checks 
Nurlanstar92: bets $3.21
Santiss87: folds 
Uncalled bet ($3.21) returned to Nurlanstar92
Nurlanstar92 collected $4.28 from pot
Nurlanstar92: doesn't show hand 
*** SUMMARY ***
Total pot $4.50 | Rake $0.22 
Board [9c 3h 8d]
Seat 2: TheBraveGirl
Seat 1: Nurlanstar92 collected ($4.28)
Seat 3: KeR888 folded before Flop (didn't bet)
Seat 4: b2k-Snick (button) folded before Flop (didn't bet)
Seat 5: G.HANSEN333 (small blind) folded before Flop
Seat 6: Santiss87 (big blind) folded on the Flop



PokerStars Hand #254276403478:  Hold'em No Limit ($0.50/$1.00 USD) - 2025/01/09 11:46:21 WET [2025/01/09 6:46:21 ET]
Table 'Morrison II' 6-max Seat #5 is the button
Seat 1: Nurlanstar92 ($207.84 in chips) is sitting out
Seat 2: TheBraveGirl ($100 in chips) 
Seat 3: KeR888 ($103.28 in chips) 
Seat 4: b2k-Snick ($103.20 in chips) 
Seat 5: G.HANSEN333 ($117.80 in chips) 
Seat 6: Santiss87 ($19.02 in chips) 
Santiss87: posts small blind $0.50
Nurlanstar92: is sitting out 
TheBraveGirl: posts big blind $1
*** HOLE CARDS ***
KeR888: raises $1.20 to $2.20
b2k-Snick: folds 
G.HANSEN333: folds 
Santiss87: folds 
TheBraveGirl: calls $1.20
*** FLOP *** [Jd 7h Kh]
TheBraveGirl: checks 
KeR888: bets $1.40
TheBraveGirl: calls $1.40
*** TURN *** [Jd 7h Kh] [5h]
TheBraveGirl: checks 
KeR888: checks 
*** RIVER *** [Jd 7h Kh 5h] [7d]
TheBraveGirl: bets $7.50
KeR888: folds 
Uncalled bet ($7.50) returned to TheBraveGirl
TheBraveGirl collected $7.32 from pot
TheBraveGirl: doesn't show hand 
*** SUMMARY ***
Total pot $7.70 | Rake $0.38 
Board [Jd 7h Kh 5h 7d]
Seat 1: Nurlanstar92
Seat 2: TheBraveGirl (big blind) collected ($7.32)
Seat 3: KeR888 folded on the River
Seat 4: b2k-Snick folded before Flop (didn't bet)
Seat 5: G.HANSEN333 (button) folded before Flop (didn't bet)
Seat 6: Santiss87 (small blind) folded before Flop



PokerStars Hand #254276414363:  Hold'em No Limit ($0.50/$1.00 USD) - 2025/01/09 11:47:40 WET [2025/01/09 6:47:40 ET]
Table 'Morrison II' 6-max Seat #6 is the button
Seat 1: Nurlanstar92 ($207.84 in chips) is sitting out
Seat 2: TheBraveGirl ($103.72 in chips) 
Seat 3: KeR888 ($100 in chips) 
Seat 4: b2k-Snick ($103.20 in chips) 
Seat 5: G.HANSEN333 ($117.80 in chips) 
Seat 6: Santiss87 ($18.52 in chips) 
TheBraveGirl: posts small blind $0.50
KeR888: posts big blind $1
*** HOLE CARDS ***
b2k-Snick: raises $1.10 to $2.10
G.HANSEN333: calls $2.10
Santiss87: folds 
TheBraveGirl: folds 
KeR888: folds 
*** FLOP *** [Qd 6d 3c]
b2k-Snick: checks 
G.HANSEN333: checks 
*** TURN *** [Qd 6d 3c] [Ks]
b2k-Snick: bets $3.50
G.HANSEN333: folds 
Uncalled bet ($3.50) returned to b2k-Snick
b2k-Snick collected $5.42 from pot
b2k-Snick: doesn't show hand 
*** SUMMARY ***
Total pot $5.70 | Rake $0.28 
Board [Qd 6d 3c Ks]
Seat 1: Nurlanstar92
Seat 2: TheBraveGirl (small blind) folded before Flop
Seat 3: KeR888 (big blind) folded before Flop
Seat 4: b2k-Snick collected ($5.42)
Seat 5: G.HANSEN333 folded on the Turn
Seat 6: Santiss87 (button) folded before Flop (didn't bet)



PokerStars Hand #254276420275:  Hold'em No Limit ($0.50/$1.00 USD) - 2025/01/09 11:48:23 WET [2025/01/09 6:48:23 ET]
Table 'Morrison II' 6-max Seat #2 is the button
Seat 1: Nurlanstar92 ($207.84 in chips) is sitting out
Seat 2: TheBraveGirl ($103.22 in chips) 
Seat 3: KeR888 ($100 in chips) 
Seat 4: b2k-Snick ($106.52 in chips) 
Seat 5: G.HANSEN333 ($115.70 in chips) 
Seat 6: Santiss87 ($18.52 in chips) 
KeR888: posts small blind $0.50
b2k-Snick: posts big blind $1
Nurlanstar92: sits out 
*** HOLE CARDS ***
G.HANSEN333: folds 
Santiss87: folds 
TheBraveGirl: raises $1 to $2
KeR888: folds 
b2k-Snick: folds 
Uncalled bet ($1) returned to TheBraveGirl
TheBraveGirl collected $2.50 from pot
TheBraveGirl: doesn't show hand 
*** SUMMARY ***
Total pot $2.50 | Rake $0 
Seat 1: Nurlanstar92
Seat 2: TheBraveGirl (button) collected ($2.50)
Seat 3: KeR888 (small blind) folded before Flop
Seat 4: b2k-Snick (big blind) folded before Flop
Seat 5: G.HANSEN333 folded before Flop (didn't bet)
Seat 6: Santiss87 folded before Flop (didn't bet)



PokerStars Hand #254276423303:  Hold'em No Limit ($0.50/$1.00 USD) - 2025/01/09 11:48:46 WET [2025/01/09 6:48:46 ET]
Table 'Morrison II' 6-max Seat #3 is the button
Seat 1: Nurlanstar92 ($207.84 in chips) is sitting out
Seat 2: TheBraveGirl ($104.72 in chips) 
Seat 3: KeR888 ($100 in chips) 
Seat 4: b2k-Snick ($105.52 in chips) 
Seat 5: G.HANSEN333 ($115.70 in chips) 
Seat 6: Santiss87 ($18.52 in chips) 
b2k-Snick: posts small blind $0.50
G.HANSEN333: posts big blind $1
Nurlanstar92: sits out 
*** HOLE CARDS ***
Santiss87: folds 
TheBraveGirl: folds 
KeR888: folds 
b2k-Snick: raises $2 to $3
G.HANSEN333: folds 
Uncalled bet ($2) returned to b2k-Snick
b2k-Snick collected $2 from pot
b2k-Snick: doesn't show hand 
*** SUMMARY ***
Total pot $2 | Rake $0 
Seat 1: Nurlanstar92
Seat 2: TheBraveGirl folded before Flop (didn't bet)
Seat 3: KeR888 (button) folded before Flop (didn't bet)
Seat 4: b2k-Snick (small blind) collected ($2)
Seat 5: G.HANSEN333 (big blind) folded before Flop
Seat 6: Santiss87 folded before Flop (didn't bet)



PokerStars Hand #254276425386:  Hold'em No Limit ($0.50/$1.00 USD) - 2025/01/09 11:49:00 WET [2025/01/09 6:49:00 ET]
Table 'Morrison II' 6-max Seat #4 is the button
Seat 1: Nurlanstar92 ($207.84 in chips) is sitting out
Seat 2: TheBraveGirl ($104.72 in chips) 
Seat 3: KeR888 ($100 in chips) 
Seat 4: b2k-Snick ($106.52 in chips) 
Seat 5: G.HANSEN333 ($114.70 in chips) 
Seat 6: Santiss87 ($18.52 in chips) 
G.HANSEN333: posts small blind $0.50
Santiss87: posts big blind $1
Nurlanstar92: sits out 
*** HOLE CARDS ***
TheBraveGirl: raises $1 to $2
KeR888: folds 
b2k-Snick: raises $5 to $7
G.HANSEN333: folds 
Santiss87: folds 
TheBraveGirl: raises $15 to $22
b2k-Snick: folds 
Uncalled bet ($15) returned to TheBraveGirl
TheBraveGirl collected $15.50 from pot
TheBraveGirl: doesn't show hand 
*** SUMMARY ***
Total pot $15.50 | Rake $0 
Seat 1: Nurlanstar92
Seat 2: TheBraveGirl collected ($15.50)
Seat 3: KeR888 folded before Flop (didn't bet)
Seat 4: b2k-Snick (button) folded before Flop
Seat 5: G.HANSEN333 (small blind) folded before Flop
Seat 6: Santiss87 (big blind) folded before Flop



PokerStars Hand #254276430282:  Hold'em No Limit ($0.50/$1.00 USD) - 2025/01/09 11:49:37 WET [2025/01/09 6:49:37 ET]
Table 'Morrison II' 6-max Seat #5 is the button
Seat 1: Nurlanstar92 ($207.84 in chips) 
Seat 2: TheBraveGirl ($113.22 in chips) 
Seat 3: KeR888 ($100 in chips) 
Seat 4: b2k-Snick ($100 in chips) 
Seat 5: G.HANSEN333 ($114.20 in chips) 
Seat 6: Santiss87 ($17.52 in chips) 
Santiss87: posts small blind $0.50
Nurlanstar92: posts big blind $1
*** HOLE CARDS ***
TheBraveGirl: folds 
KeR888: raises $1.20 to $2.20
b2k-Snick: folds 
G.HANSEN333: folds 
Santiss87: folds 
Nurlanstar92: folds 
Uncalled bet ($1.20) returned to KeR888
KeR888 collected $2.50 from pot
KeR888: doesn't show hand 
*** SUMMARY ***
Total pot $2.50 | Rake $0 
Seat 1: Nurlanstar92 (big blind) folded before Flop
Seat 2: TheBraveGirl folded before Flop (didn't bet)
Seat 3: KeR888 collected ($2.50)
Seat 4: b2k-Snick folded before Flop (didn't bet)
Seat 5: G.HANSEN333 (button) folded before Flop (didn't bet)
Seat 6: Santiss87 (small blind) folded before Flop



PokerStars Hand #254276432226:  Hold'em No Limit ($0.50/$1.00 USD) - 2025/01/09 11:49:51 WET [2025/01/09 6:49:51 ET]
Table 'Morrison II' 6-max Seat #6 is the button
Seat 1: Nurlanstar92 ($206.84 in chips) 
Seat 2: TheBraveGirl ($113.22 in chips) 
Seat 3: KeR888 ($101.50 in chips) 
Seat 4: b2k-Snick ($100 in chips) 
Seat 5: G.HANSEN333 ($114.20 in chips) 
Seat 6: Santiss87 ($17.02 in chips) 
Nurlanstar92: posts small blind $0.50
TheBraveGirl: posts big blind $1
*** HOLE CARDS ***
KeR888: folds 
b2k-Snick: folds 
G.HANSEN333: folds 
Santiss87: folds 
Nurlanstar92: raises $2 to $3
TheBraveGirl: folds 
Uncalled bet ($2) returned to Nurlanstar92
Nurlanstar92 collected $2 from pot
Nurlanstar92: doesn't show hand 
*** SUMMARY ***
Total pot $2 | Rake $0 
Seat 1: Nurlanstar92 (small blind) collected ($2)
Seat 2: TheBraveGirl (big blind) folded before Flop
Seat 3: KeR888 folded before Flop (didn't bet)
Seat 4: b2k-Snick folded before Flop (didn't bet)
Seat 5: G.HANSEN333 folded before Flop (didn't bet)
Seat 6: Santiss87 (button) folded before Flop (didn't bet)



PokerStars Hand #254276435337:  Hold'em No Limit ($0.50/$1.00 USD) - 2025/01/09 11:50:13 WET [2025/01/09 6:50:13 ET]
Table 'Morrison II' 6-max Seat #1 is the button
Seat 3: KeR888 ($101.50 in chips) is sitting out
Seat 1: Nurlanstar92 ($207.84 in chips) 
Seat 2: TheBraveGirl ($112.22 in chips) 
Seat 4: b2k-Snick ($100 in chips) 
Seat 5: G.HANSEN333 ($114.20 in chips) 
Seat 6: Santiss87 ($17.02 in chips) 
TheBraveGirl: posts small blind $0.50
KeR888: is sitting out 
b2k-Snick: posts big blind $1
*** HOLE CARDS ***
G.HANSEN333: folds 
Santiss87: folds 
KeR888 leaves the table
Nurlanstar92: folds 
TheBraveGirl: raises $2 to $3
b2k-Snick: folds 
Uncalled bet ($2) returned to TheBraveGirl
TheBraveGirl collected $2 from pot
TheBraveGirl: doesn't show hand 
*** SUMMARY ***
Total pot $2 | Rake $0 
Seat 3: KeR888
Seat 1: Nurlanstar92 (button) folded before Flop (didn't bet)
Seat 2: TheBraveGirl (small blind) collected ($2)
Seat 4: b2k-Snick (big blind) folded before Flop
Seat 5: G.HANSEN333 folded before Flop (didn't bet)
Seat 6: Santiss87 folded before Flop (didn't bet)



PokerStars Hand #254276437347:  Hold'em No Limit ($0.50/$1.00 USD) - 2025/01/09 11:50:28 WET [2025/01/09 6:50:28 ET]
Table 'Morrison II' 6-max Seat #2 is the button
Seat 1: Nurlanstar92 ($207.84 in chips) 
Seat 2: TheBraveGirl ($113.22 in chips) 
Seat 4: b2k-Snick ($100 in chips) 
Seat 5: G.HANSEN333 ($114.20 in chips) 
Seat 6: Santiss87 ($17.02 in chips) 
b2k-Snick: posts small blind $0.50
G.HANSEN333: posts big blind $1
*** HOLE CARDS ***
Santiss87: folds 
Nurlanstar92: raises $1.30 to $2.30
TheBraveGirl: folds 
b2k-Snick: folds 
G.HANSEN333: folds 
Uncalled bet ($1.30) returned to Nurlanstar92
Nurlanstar92 collected $2.50 from pot
Nurlanstar92: doesn't show hand 
*** SUMMARY ***
Total pot $2.50 | Rake $0 
Seat 1: Nurlanstar92 collected ($2.50)
Seat 2: TheBraveGirl (button) folded before Flop (didn't bet)
Seat 4: b2k-Snick (small blind) folded before Flop
Seat 5: G.HANSEN333 (big blind) folded before Flop
Seat 6: Santiss87 folded before Flop (didn't bet)



PokerStars Hand #254276439192:  Hold'em No Limit ($0.50/$1.00 USD) - 2025/01/09 11:50:42 WET [2025/01/09 6:50:42 ET]
Table 'Morrison II' 6-max Seat #4 is the button
Seat 1: Nurlanstar92 ($209.34 in chips) 
Seat 2: TheBraveGirl ($113.22 in chips) 
Seat 4: b2k-Snick ($100 in chips) 
Seat 5: G.HANSEN333 ($113.20 in chips) 
Seat 6: Santiss87 ($17.02 in chips) 
G.HANSEN333: posts small blind $0.50
Santiss87: posts big blind $1
*** HOLE CARDS ***
Nurlanstar92: folds 
TheBraveGirl: folds 
b2k-Snick: raises $1.50 to $2.50
G.HANSEN333: folds 
Santiss87: raises $14.52 to $17.02 and is all-in
b2k-Snick: folds 
Uncalled bet ($14.52) returned to Santiss87
Santiss87 collected $5.50 from pot
Santiss87: doesn't show hand 
*** SUMMARY ***
Total pot $5.50 | Rake $0 
Seat 1: Nurlanstar92 folded before Flop (didn't bet)
Seat 2: TheBraveGirl folded before Flop (didn't bet)
Seat 4: b2k-Snick (button) folded before Flop
Seat 5: G.HANSEN333 (small blind) folded before Flop
Seat 6: Santiss87 (big blind) collected ($5.50)



PokerStars Hand #254276443534:  Hold'em No Limit ($0.50/$1.00 USD) - 2025/01/09 11:51:14 WET [2025/01/09 6:51:14 ET]
Table 'Morrison II' 6-max Seat #5 is the button
Seat 1: Nurlanstar92 ($209.34 in chips) 
Seat 2: TheBraveGirl ($113.22 in chips) 
Seat 4: b2k-Snick ($100 in chips) 
Seat 5: G.HANSEN333 ($112.70 in chips) 
Seat 6: Santiss87 ($20.02 in chips) 
Santiss87: posts small blind $0.50
Nurlanstar92: posts big blind $1
*** HOLE CARDS ***
TheBraveGirl: folds 
b2k-Snick: folds 
G.HANSEN333: folds 
Santiss87: calls $0.50
Nurlanstar92: checks 
*** FLOP *** [6c 4s Kh]
Santiss87: checks 
Nurlanstar92: bets $1
Santiss87: folds 
Uncalled bet ($1) returned to Nurlanstar92
MCFC4INAROW joins the table at seat #3 
MCFC4INAROW is disconnected 
Nurlanstar92 collected $1.90 from pot
Nurlanstar92: doesn't show hand 
*** SUMMARY ***
Total pot $2 | Rake $0.10 
Board [6c 4s Kh]
Seat 1: Nurlanstar92 (big blind) collected ($1.90)
Seat 2: TheBraveGirl folded before Flop (didn't bet)
Seat 4: b2k-Snick folded before Flop (didn't bet)
Seat 5: G.HANSEN333 (button) folded before Flop (didn't bet)
Seat 6: Santiss87 (small blind) folded on the Flop



PokerStars Hand #254276447342:  Hold'em No Limit ($0.50/$1.00 USD) - 2025/01/09 11:51:42 WET [2025/01/09 6:51:42 ET]
Table 'Morrison II' 6-max Seat #6 is the button
Seat 3: MCFC4INAROW ($23.84 in chips) is sitting out
Seat 1: Nurlanstar92 ($210.24 in chips) 
Seat 2: TheBraveGirl ($113.22 in chips) 
Seat 4: b2k-Snick ($100 in chips) 
Seat 5: G.HANSEN333 ($112.70 in chips) 
Seat 6: Santiss87 ($19.02 in chips) 
Nurlanstar92: posts small blind $0.50
TheBraveGirl: posts big blind $1
MCFC4INAROW: sits out 
*** HOLE CARDS ***
b2k-Snick: folds 
G.HANSEN333: folds 
Santiss87: folds 
Nurlanstar92: folds 
Uncalled bet ($0.50) returned to TheBraveGirl
TheBraveGirl collected $1 from pot
TheBraveGirl: doesn't show hand 
*** SUMMARY ***
Total pot $1 | Rake $0 
Seat 3: MCFC4INAROW
Seat 1: Nurlanstar92 (small blind) folded before Flop
Seat 2: TheBraveGirl (big blind) collected ($1)
Seat 4: b2k-Snick folded before Flop (didn't bet)
Seat 5: G.HANSEN333 folded before Flop (didn't bet)
Seat 6: Santiss87 (button) folded before Flop (didn't bet)



PokerStars Hand #254276449428:  Hold'em No Limit ($0.50/$1.00 USD) - 2025/01/09 11:51:57 WET [2025/01/09 6:51:57 ET]
Table 'Morrison II' 6-max Seat #1 is the button
Seat 1: Nurlanstar92 ($209.74 in chips) 
Seat 2: TheBraveGirl ($113.72 in chips) 
Seat 3: MCFC4INAROW ($23.84 in chips) 
Seat 4: b2k-Snick ($100 in chips) 
Seat 5: G.HANSEN333 ($112.70 in chips) 
Seat 6: Santiss87 ($19.02 in chips) 
TheBraveGirl: posts small blind $0.50
MCFC4INAROW: posts big blind $1
*** HOLE CARDS ***
b2k-Snick: folds 
G.HANSEN333: folds 
Santiss87: folds 
Nurlanstar92: raises $1.50 to $2.50
TheBraveGirl: folds 
MCFC4INAROW: calls $1.50
*** FLOP *** [Jd Jc As]
MCFC4INAROW: checks 
Nurlanstar92: bets $1.30
MCFC4INAROW: folds 
Uncalled bet ($1.30) returned to Nurlanstar92
Nurlanstar92 collected $5.22 from pot
Nurlanstar92: doesn't show hand 
*** SUMMARY ***
Total pot $5.50 | Rake $0.28 
Board [Jd Jc As]
Seat 1: Nurlanstar92 (button) collected ($5.22)
Seat 2: TheBraveGirl (small blind) folded before Flop
Seat 3: MCFC4INAROW (big blind) folded on the Flop
Seat 4: b2k-Snick folded before Flop (didn't bet)
Seat 5: G.HANSEN333 folded before Flop (didn't bet)
Seat 6: Santiss87 folded before Flop (didn't bet)



PokerStars Hand #254276455035:  Hold'em No Limit ($0.50/$1.00 USD) - 2025/01/09 11:52:39 WET [2025/01/09 6:52:39 ET]
Table 'Morrison II' 6-max Seat #2 is the button
Seat 1: Nurlanstar92 ($212.46 in chips) 
Seat 2: TheBraveGirl ($113.22 in chips) 
Seat 3: MCFC4INAROW ($21.34 in chips) 
Seat 4: b2k-Snick ($100 in chips) 
Seat 5: G.HANSEN333 ($112.70 in chips) 
Seat 6: Santiss87 ($19.02 in chips) 
MCFC4INAROW: posts small blind $0.50
b2k-Snick: posts big blind $1
*** HOLE CARDS ***
G.HANSEN333: folds 
Santiss87: folds 
Nurlanstar92: folds 
TheBraveGirl: folds 
MCFC4INAROW: raises $1 to $2
b2k-Snick: folds 
Uncalled bet ($1) returned to MCFC4INAROW
MCFC4INAROW collected $2 from pot
*** SUMMARY ***
Total pot $2 | Rake $0 
Seat 1: Nurlanstar92 folded before Flop (didn't bet)
Seat 2: TheBraveGirl (button) folded before Flop (didn't bet)
Seat 3: MCFC4INAROW (small blind) collected ($2)
Seat 4: b2k-Snick (big blind) folded before Flop
Seat 5: G.HANSEN333 folded before Flop (didn't bet)
Seat 6: Santiss87 folded before Flop (didn't bet)



PokerStars Hand #254276459080:  Hold'em No Limit ($0.50/$1.00 USD) - 2025/01/09 11:53:08 WET [2025/01/09 6:53:08 ET]
Table 'Morrison II' 6-max Seat #3 is the button
Seat 1: Nurlanstar92 ($212.46 in chips) 
Seat 2: TheBraveGirl ($113.22 in chips) 
Seat 3: MCFC4INAROW ($22.34 in chips) 
Seat 4: b2k-Snick ($100 in chips) 
Seat 5: G.HANSEN333 ($112.70 in chips) 
Seat 6: Santiss87 ($19.02 in chips) 
b2k-Snick: posts small blind $0.50
G.HANSEN333: posts big blind $1
*** HOLE CARDS ***
Santiss87: folds 
Nurlanstar92: folds 
TheBraveGirl: folds 
MCFC4INAROW: raises $1.10 to $2.10
b2k-Snick: folds 
G.HANSEN333: calls $1.10
*** FLOP *** [2h 9h 3d]
G.HANSEN333: checks 
MCFC4INAROW: bets $1.10
G.HANSEN333: raises $109.50 to $110.60 and is all-in
MCFC4INAROW: folds 
Uncalled bet ($109.50) returned to G.HANSEN333
G.HANSEN333 collected $6.56 from pot
G.HANSEN333: doesn't show hand 
*** SUMMARY ***
Total pot $6.90 | Rake $0.34 
Board [2h 9h 3d]
Seat 1: Nurlanstar92 folded before Flop (didn't bet)
Seat 2: TheBraveGirl folded before Flop (didn't bet)
Seat 3: MCFC4INAROW (button) folded on the Flop
Seat 4: b2k-Snick (small blind) folded before Flop
Seat 5: G.HANSEN333 (big blind) collected ($6.56)
Seat 6: Santiss87 folded before Flop (didn't bet)



PokerStars Hand #254276465788:  Hold'em No Limit ($0.50/$1.00 USD) - 2025/01/09 11:53:57 WET [2025/01/09 6:53:57 ET]
Table 'Morrison II' 6-max Seat #4 is the button
Seat 1: Nurlanstar92 ($212.46 in chips) 
Seat 2: TheBraveGirl ($113.22 in chips) 
Seat 3: MCFC4INAROW ($19.14 in chips) 
Seat 4: b2k-Snick ($100 in chips) 
Seat 5: G.HANSEN333 ($116.06 in chips) 
Seat 6: Santiss87 ($19.02 in chips) 
G.HANSEN333: posts small blind $0.50
Santiss87: posts big blind $1
*** HOLE CARDS ***
Nurlanstar92: folds 
TheBraveGirl: folds 
MCFC4INAROW: folds 
b2k-Snick: raises $1.50 to $2.50
G.HANSEN333: raises $8.50 to $11
Santiss87: folds 
b2k-Snick: folds 
Uncalled bet ($8.50) returned to G.HANSEN333
G.HANSEN333 collected $6 from pot
G.HANSEN333: doesn't show hand 
*** SUMMARY ***
Total pot $6 | Rake $0 
Seat 1: Nurlanstar92 folded before Flop (didn't bet)
Seat 2: TheBraveGirl folded before Flop (didn't bet)
Seat 3: MCFC4INAROW folded before Flop (didn't bet)
Seat 4: b2k-Snick (button) folded before Flop
Seat 5: G.HANSEN333 (small blind) collected ($6)
Seat 6: Santiss87 (big blind) folded before Flop



PokerStars Hand #254276468229:  Hold'em No Limit ($0.50/$1.00 USD) - 2025/01/09 11:54:15 WET [2025/01/09 6:54:15 ET]
Table 'Morrison II' 6-max Seat #5 is the button
Seat 1: Nurlanstar92 ($212.46 in chips) 
Seat 2: TheBraveGirl ($113.22 in chips) 
Seat 3: MCFC4INAROW ($19.14 in chips) 
Seat 4: b2k-Snick ($100 in chips) 
Seat 5: G.HANSEN333 ($119.56 in chips) 
Seat 6: Santiss87 ($18.02 in chips) 
Santiss87: posts small blind $0.50
Nurlanstar92: posts big blind $1
*** HOLE CARDS ***
TheBraveGirl: raises $1 to $2
MCFC4INAROW: raises $4 to $6
b2k-Snick: folds 
G.HANSEN333: folds 
Santiss87: folds 
Nurlanstar92: folds 
TheBraveGirl: folds 
Uncalled bet ($4) returned to MCFC4INAROW
MCFC4INAROW collected $5.50 from pot
*** SUMMARY ***
Total pot $5.50 | Rake $0 
Seat 1: Nurlanstar92 (big blind) folded before Flop
Seat 2: TheBraveGirl folded before Flop
Seat 3: MCFC4INAROW collected ($5.50)
Seat 4: b2k-Snick folded before Flop (didn't bet)
Seat 5: G.HANSEN333 (button) folded before Flop (didn't bet)
Seat 6: Santiss87 (small blind) folded before Flop



PokerStars Hand #254276472437:  Hold'em No Limit ($0.50/$1.00 USD) - 2025/01/09 11:54:46 WET [2025/01/09 6:54:46 ET]
Table 'Morrison II' 6-max Seat #6 is the button
Seat 1: Nurlanstar92 ($211.46 in chips) 
Seat 2: TheBraveGirl ($111.22 in chips) 
Seat 3: MCFC4INAROW ($22.64 in chips) 
Seat 4: b2k-Snick ($100 in chips) 
Seat 5: G.HANSEN333 ($119.56 in chips) 
Seat 6: Santiss87 ($17.52 in chips) 
Nurlanstar92: posts small blind $0.50
TheBraveGirl: posts big blind $1
*** HOLE CARDS ***
MCFC4INAROW: folds 
b2k-Snick: folds 
G.HANSEN333: folds 
Santiss87: folds 
Nurlanstar92: raises $2 to $3
TheBraveGirl: calls $2
*** FLOP *** [7h 3d Tc]
Nurlanstar92: checks 
TheBraveGirl: checks 
*** TURN *** [7h 3d Tc] [2h]
Nurlanstar92: bets $4.28
TheBraveGirl: folds 
Uncalled bet ($4.28) returned to Nurlanstar92
Nurlanstar92 collected $5.70 from pot
Nurlanstar92: doesn't show hand 
*** SUMMARY ***
Total pot $6 | Rake $0.30 
Board [7h 3d Tc 2h]
Seat 1: Nurlanstar92 (small blind) collected ($5.70)
Seat 2: TheBraveGirl (big blind) folded on the Turn
Seat 3: MCFC4INAROW folded before Flop (didn't bet)
Seat 4: b2k-Snick folded before Flop (didn't bet)
Seat 5: G.HANSEN333 folded before Flop (didn't bet)
Seat 6: Santiss87 (button) folded before Flop (didn't bet)



PokerStars Hand #254276478345:  Hold'em No Limit ($0.50/$1.00 USD) - 2025/01/09 11:55:33 WET [2025/01/09 6:55:33 ET]
Table 'Morrison II' 6-max Seat #1 is the button
Seat 1: Nurlanstar92 ($214.16 in chips) 
Seat 2: TheBraveGirl ($108.22 in chips) 
Seat 3: MCFC4INAROW ($22.64 in chips) 
Seat 4: b2k-Snick ($100 in chips) 
Seat 5: G.HANSEN333 ($119.56 in chips) 
Seat 6: Santiss87 ($17.52 in chips) 
TheBraveGirl: posts small blind $0.50
MCFC4INAROW: posts big blind $1
*** HOLE CARDS ***
b2k-Snick: folds 
G.HANSEN333: folds 
Santiss87: raises $16.52 to $17.52 and is all-in
Nurlanstar92: folds 
TheBraveGirl: folds 
MCFC4INAROW: calls $16.52
*** FLOP *** [Qd 4d 8c]
*** TURN *** [Qd 4d 8c] [7h]
*** RIVER *** [Qd 4d 8c 7h] [2c]
*** SHOW DOWN ***
MCFC4INAROW: shows [Ks Qc] (a pair of Queens)
Santiss87: shows [4h 4s] (three of a kind, Fours)
Santiss87 collected $33.76 from pot
*** SUMMARY ***
Total pot $35.54 | Rake $1.78 
Board [Qd 4d 8c 7h 2c]
Seat 1: Nurlanstar92 (button) folded before Flop (didn't bet)
Seat 2: TheBraveGirl (small blind) folded before Flop
Seat 3: MCFC4INAROW (big blind) showed [Ks Qc] and lost with a pair of Queens
Seat 4: b2k-Snick folded before Flop (didn't bet)
Seat 5: G.HANSEN333 folded before Flop (didn't bet)
Seat 6: Santiss87 showed [4h 4s] and won ($33.76) with three of a kind, Fours



PokerStars Hand #254276482641:  Hold'em No Limit ($0.50/$1.00 USD) - 2025/01/09 11:56:10 WET [2025/01/09 6:56:10 ET]
Table 'Morrison II' 6-max Seat #2 is the button
Seat 1: Nurlanstar92 ($214.16 in chips) 
Seat 2: TheBraveGirl ($107.72 in chips) 
Seat 3: MCFC4INAROW ($5.12 in chips) 
Seat 4: b2k-Snick ($100 in chips) 
Seat 5: G.HANSEN333 ($119.56 in chips) 
Seat 6: Santiss87 ($33.76 in chips) 
MCFC4INAROW: posts small blind $0.50
b2k-Snick: posts big blind $1
*** HOLE CARDS ***
G.HANSEN333: folds 
Santiss87: raises $2 to $3
Nurlanstar92: folds 
TheBraveGirl: folds 
MCFC4INAROW: folds 
b2k-Snick: folds 
Uncalled bet ($2) returned to Santiss87
Santiss87 collected $2.50 from pot
Santiss87: doesn't show hand 
*** SUMMARY ***
Total pot $2.50 | Rake $0 
Seat 1: Nurlanstar92 folded before Flop (didn't bet)
Seat 2: TheBraveGirl (button) folded before Flop (didn't bet)
Seat 3: MCFC4INAROW (small blind) folded before Flop
Seat 4: b2k-Snick (big blind) folded before Flop
Seat 5: G.HANSEN333 folded before Flop (didn't bet)
Seat 6: Santiss87 collected ($2.50)



PokerStars Hand #254276485461:  Hold'em No Limit ($0.50/$1.00 USD) - 2025/01/09 11:56:35 WET [2025/01/09 6:56:35 ET]
Table 'Morrison II' 6-max Seat #3 is the button
Seat 1: Nurlanstar92 ($214.16 in chips) 
Seat 2: TheBraveGirl ($107.72 in chips) 
Seat 3: MCFC4INAROW ($4.62 in chips) 
Seat 4: b2k-Snick ($100 in chips) 
Seat 5: G.HANSEN333 ($119.56 in chips) 
Seat 6: Santiss87 ($35.26 in chips) 
b2k-Snick: posts small blind $0.50
G.HANSEN333: posts big blind $1
*** HOLE CARDS ***
Santiss87: folds 
Nurlanstar92: folds 
TheBraveGirl: folds 
MCFC4INAROW: folds 
b2k-Snick: raises $2 to $3
G.HANSEN333: folds 
Uncalled bet ($2) returned to b2k-Snick
b2k-Snick collected $2 from pot
b2k-Snick: doesn't show hand 
*** SUMMARY ***
Total pot $2 | Rake $0 
Seat 1: Nurlanstar92 folded before Flop (didn't bet)
Seat 2: TheBraveGirl folded before Flop (didn't bet)
Seat 3: MCFC4INAROW (button) folded before Flop (didn't bet)
Seat 4: b2k-Snick (small blind) collected ($2)
Seat 5: G.HANSEN333 (big blind) folded before Flop
Seat 6: Santiss87 folded before Flop (didn't bet)



PokerStars Hand #254276488091:  Hold'em No Limit ($0.50/$1.00 USD) - 2025/01/09 11:56:58 WET [2025/01/09 6:56:58 ET]
Table 'Morrison II' 6-max Seat #4 is the button
Seat 1: Nurlanstar92 ($214.16 in chips) 
Seat 2: TheBraveGirl ($107.72 in chips) 
Seat 3: MCFC4INAROW ($4.62 in chips) 
Seat 4: b2k-Snick ($101 in chips) 
Seat 5: G.HANSEN333 ($118.56 in chips) 
Seat 6: Santiss87 ($35.26 in chips) 
G.HANSEN333: posts small blind $0.50
Santiss87: posts big blind $1
*** HOLE CARDS ***
Nurlanstar92: folds 
TheBraveGirl: folds 
MCFC4INAROW: raises $3.62 to $4.62 and is all-in
b2k-Snick: folds 
G.HANSEN333: folds 
Santiss87: calls $3.62
*** FLOP *** [9h Jc 4s]
*** TURN *** [9h Jc 4s] [Qd]
*** RIVER *** [9h Jc 4s Qd] [5d]
*** SHOW DOWN ***
Santiss87: shows [6d Ad] (high card Ace)
MCFC4INAROW: shows [As 6s] (high card Ace)
Santiss87 collected $4.63 from pot
MCFC4INAROW collected $4.62 from pot
*** SUMMARY ***
Total pot $9.74 | Rake $0.49 
Board [9h Jc 4s Qd 5d]
Seat 1: Nurlanstar92 folded before Flop (didn't bet)
Seat 2: TheBraveGirl folded before Flop (didn't bet)
Seat 3: MCFC4INAROW showed [As 6s] and won ($4.62) with high card Ace
Seat 4: b2k-Snick (button) folded before Flop (didn't bet)
Seat 5: G.HANSEN333 (small blind) folded before Flop
Seat 6: Santiss87 (big blind) showed [6d Ad] and won ($4.63) with high card Ace



PokerStars Hand #254276491075:  Hold'em No Limit ($0.50/$1.00 USD) - 2025/01/09 11:57:24 WET [2025/01/09 6:57:24 ET]
Table 'Morrison II' 6-max Seat #5 is the button
Seat 1: Nurlanstar92 ($214.16 in chips) 
Seat 2: TheBraveGirl ($107.72 in chips) 
Seat 3: MCFC4INAROW ($4.62 in chips) 
Seat 4: b2k-Snick ($101 in chips) 
Seat 5: G.HANSEN333 ($118.06 in chips) 
Seat 6: Santiss87 ($35.27 in chips) 
Santiss87: posts small blind $0.50
Nurlanstar92: posts big blind $1
*** HOLE CARDS ***
TheBraveGirl: folds 
MCFC4INAROW: raises $3.62 to $4.62 and is all-in
b2k-Snick: folds 
G.HANSEN333: folds 
Santiss87: raises $3.62 to $8.24
Nurlanstar92: raises $6.76 to $15
Santiss87: raises $20.27 to $35.27 and is all-in
Nurlanstar92: calls $20.27
*** FLOP *** [Jh 6h 8s]
*** TURN *** [Jh 6h 8s] [9d]
*** RIVER *** [Jh 6h 8s 9d] [Ac]
*** SHOW DOWN ***
Santiss87: shows [Ad Ah] (three of a kind, Aces)
Nurlanstar92: shows [Qd Qs] (a pair of Queens)
Santiss87 collected $59.49 from side pot
MCFC4INAROW: shows [Js Kd] (a pair of Jacks)
Santiss87 collected $13.17 from main pot
*** SUMMARY ***
Total pot $75.16 Main pot $13.17. Side pot $59.49. | Rake $2.50 
Board [Jh 6h 8s 9d Ac]
Seat 1: Nurlanstar92 (big blind) showed [Qd Qs] and lost with a pair of Queens
Seat 2: TheBraveGirl folded before Flop (didn't bet)
Seat 3: MCFC4INAROW showed [Js Kd] and lost with a pair of Jacks
Seat 4: b2k-Snick folded before Flop (didn't bet)
Seat 5: G.HANSEN333 (button) folded before Flop (didn't bet)
Seat 6: Santiss87 (small blind) showed [Ad Ah] and won ($72.66) with three of a kind, Aces



PokerStars Hand #254276496482:  Hold'em No Limit ($0.50/$1.00 USD) - 2025/01/09 11:58:10 WET [2025/01/09 6:58:10 ET]
Table 'Morrison II' 6-max Seat #6 is the button
Seat 3: MCFC4INAROW ($0 in chips) is sitting out
Seat 1: Nurlanstar92 ($178.89 in chips) 
Seat 2: TheBraveGirl ($107.72 in chips) 
Seat 4: b2k-Snick ($101 in chips) 
Seat 5: G.HANSEN333 ($118.06 in chips) 
Seat 6: Santiss87 ($72.66 in chips) 
Nurlanstar92: posts small blind $0.50
TheBraveGirl: posts big blind $1
*** HOLE CARDS ***
b2k-Snick: folds 
G.HANSEN333: folds 
Santiss87: calls $1
Nurlanstar92: raises $4 to $5
MCFC4INAROW leaves the table
TheBraveGirl: folds 
Santiss87: raises $67.66 to $72.66 and is all-in
Nurlanstar92: calls $67.66
chinokevin13 joins the table at seat #3 
*** FLOP *** [Qh 6s 4d]
*** TURN *** [Qh 6s 4d] [Js]
*** RIVER *** [Qh 6s 4d Js] [Th]
*** SHOW DOWN ***
Nurlanstar92: shows [Ad Ac] (a pair of Aces)
Santiss87: shows [8c 8h] (a pair of Eights)
Nurlanstar92 collected $143.82 from pot
*** SUMMARY ***
Total pot $146.32 | Rake $2.50 
Board [Qh 6s 4d Js Th]
Seat 3: MCFC4INAROW
Seat 1: Nurlanstar92 (small blind) showed [Ad Ac] and won ($143.82) with a pair of Aces
Seat 2: TheBraveGirl (big blind) folded before Flop
Seat 4: b2k-Snick folded before Flop (didn't bet)
Seat 5: G.HANSEN333 folded before Flop (didn't bet)
Seat 6: Santiss87 (button) showed [8c 8h] and lost with a pair of Eights



PokerStars Hand #254276499897:  Hold'em No Limit ($0.50/$1.00 USD) - 2025/01/09 11:58:39 WET [2025/01/09 6:58:39 ET]
Table 'Morrison II' 6-max Seat #1 is the button
Seat 6: Santiss87 ($0 in chips) is sitting out
Seat 1: Nurlanstar92 ($250.05 in chips) 
Seat 2: TheBraveGirl ($106.72 in chips) 
Seat 3: chinokevin13 ($100 in chips) 
Seat 4: b2k-Snick ($101 in chips) 
Seat 5: G.HANSEN333 ($118.06 in chips) 
TheBraveGirl: posts small blind $0.50
chinokevin13: posts big blind $1
*** HOLE CARDS ***
Santiss87 leaves the table
b2k-Snick: folds 
G.HANSEN333: folds 
Nurlanstar92: raises $1.50 to $2.50
TheBraveGirl: folds 
chinokevin13: folds 
Uncalled bet ($1.50) returned to Nurlanstar92
Nurlanstar92 collected $2.50 from pot
Nurlanstar92: doesn't show hand 
*** SUMMARY ***
Total pot $2.50 | Rake $0 
Seat 6: Santiss87
Seat 1: Nurlanstar92 (button) collected ($2.50)
Seat 2: TheBraveGirl (small blind) folded before Flop
Seat 3: chinokevin13 (big blind) folded before Flop
Seat 4: b2k-Snick folded before Flop (didn't bet)
Seat 5: G.HANSEN333 folded before Flop (didn't bet)



PokerStars Hand #254276502955:  Hold'em No Limit ($0.50/$1.00 USD) - 2025/01/09 11:59:06 WET [2025/01/09 6:59:06 ET]
Table 'Morrison II' 6-max Seat #2 is the button
Seat 1: Nurlanstar92 ($251.55 in chips) 
Seat 2: TheBraveGirl ($106.22 in chips) 
Seat 3: chinokevin13 ($100 in chips) 
Seat 4: b2k-Snick ($101 in chips) 
Seat 5: G.HANSEN333 ($118.06 in chips) 
chinokevin13: posts small blind $0.50
b2k-Snick: posts big blind $1
*** HOLE CARDS ***
G.HANSEN333: folds 
Nurlanstar92: raises $1.30 to $2.30
G.HANSEN333 leaves the table
TheBraveGirl: folds 
chinokevin13: folds 
b2k-Snick: folds 
Uncalled bet ($1.30) returned to Nurlanstar92
Nurlanstar92 collected $2.50 from pot
Nurlanstar92: doesn't show hand 
*** SUMMARY ***
Total pot $2.50 | Rake $0 
Seat 1: Nurlanstar92 collected ($2.50)
Seat 2: TheBraveGirl (button) folded before Flop (didn't bet)
Seat 3: chinokevin13 (small blind) folded before Flop
Seat 4: b2k-Snick (big blind) folded before Flop
Seat 5: G.HANSEN333 folded before Flop (didn't bet)



PokerStars Hand #254276507260:  Hold'em No Limit ($0.50/$1.00 USD) - 2025/01/09 11:59:43 WET [2025/01/09 6:59:43 ET]
Table 'Morrison II' 6-max Seat #3 is the button
Seat 1: Nurlanstar92 ($253.05 in chips) is sitting out
Seat 2: TheBraveGirl ($106.22 in chips) 
Seat 3: chinokevin13 ($100 in chips) 
Seat 4: b2k-Snick ($100 in chips) 
b2k-Snick: posts small blind $0.50
Nurlanstar92: is sitting out 
TheBraveGirl: posts big blind $1
*** HOLE CARDS ***
XattexStomil joins the table at seat #6 
chinokevin13: raises $1.50 to $2.50
Nurlanstar92 leaves the table
b2k-Snick: folds 
TheBraveGirl: raises $10.50 to $13
chinokevin13: raises $14 to $27
TheBraveGirl: folds 
Uncalled bet ($14) returned to chinokevin13
chinokevin13 collected $26.50 from pot
chinokevin13: doesn't show hand 
*** SUMMARY ***
Total pot $26.50 | Rake $0 
Seat 1: Nurlanstar92
Seat 2: TheBraveGirl (big blind) folded before Flop
Seat 3: chinokevin13 (button) collected ($26.50)
Seat 4: b2k-Snick (small blind) folded before Flop



PokerStars Hand #254276513363:  Hold'em No Limit ($0.50/$1.00 USD) - 2025/01/09 12:00:35 WET [2025/01/09 7:00:35 ET]
Table 'Morrison II' 6-max Seat #6 is the button
Seat 4: b2k-Snick ($100 in chips) is sitting out
Seat 2: TheBraveGirl ($100 in chips) 
Seat 6: XattexStomil ($100 in chips) 
XattexStomil: posts small blind $0.50
TheBraveGirl: posts big blind $1
*** HOLE CARDS ***
XattexStomil: raises $1 to $2
TheBraveGirl: calls $1
*** FLOP *** [6d 9s 8h]
TheBraveGirl: checks 
b2k-Snick leaves the table
XattexStomil: checks 
*** TURN *** [6d 9s 8h] [6c]
TheBraveGirl: bets $1.50
XattexStomil: folds 
Uncalled bet ($1.50) returned to TheBraveGirl
TheBraveGirl collected $3.80 from pot
TheBraveGirl: doesn't show hand 
*** SUMMARY ***
Total pot $4 | Rake $0.20 
Board [6d 9s 8h 6c]
Seat 4: b2k-Snick
Seat 2: TheBraveGirl (big blind) collected ($3.80)
Seat 6: XattexStomil (button) (small blind) folded on the Turn



PokerStars Hand #254276519735:  Hold'em No Limit ($0.50/$1.00 USD) - 2025/01/09 12:01:23 WET [2025/01/09 7:01:23 ET]
Table 'Morrison II' 6-max Seat #2 is the button
Seat 2: TheBraveGirl ($101.80 in chips) 
Seat 6: XattexStomil ($100 in chips) 
TheBraveGirl: posts small blind $0.50
XattexStomil: posts big blind $1
*** HOLE CARDS ***
TheBraveGirl: raises $1 to $2
XattexStomil: folds 
Uncalled bet ($1) returned to TheBraveGirl
TheBraveGirl collected $2 from pot
TheBraveGirl: doesn't show hand 
*** SUMMARY ***
Total pot $2 | Rake $0 
Seat 2: TheBraveGirl (button) (small blind) collected ($2)
Seat 6: XattexStomil (big blind) folded before Flop



