PokerStars Hand #254277475939:  Hold'em No Limit ($0.50/$1.00 USD) - 2025/01/09 13:44:34 WET [2025/01/09 8:44:34 ET]
Table 'Brachium II' 6-max Seat #1 is the button
Seat 2: SankethHx ($0 in chips) is sitting out
Seat 1: G.HANSEN333 ($112.94 in chips) 
Seat 3: value_ftw ($100 in chips) 
G.HANSEN333: posts small blind $0.50
value_ftw: posts big blind $1
*** HOLE CARDS ***
G.HANSEN333: raises $2 to $3
value_ftw: calls $2
*** FLOP *** [Ac 7s 2h]
value_ftw: checks 
G.HANSEN333: bets $4.28
value_ftw: folds 
Uncalled bet ($4.28) returned to G.HANSEN333
G.HANSEN333 collected $5.70 from pot
G.HANSEN333: doesn't show hand 
*** SUMMARY ***
Total pot $6 | Rake $0.30 
Board [Ac 7s 2h]
Seat 2: SankethHx
Seat 1: G.HANSEN333 (button) (small blind) collected ($5.70)
Seat 3: value_ftw (big blind) folded on the Flop



PokerStars Hand #254277478355:  Hold'em No Limit ($0.50/$1.00 USD) - 2025/01/09 13:44:48 WET [2025/01/09 8:44:48 ET]
Table 'Brachium II' 6-max Seat #3 is the button
Seat 2: SankethHx ($0 in chips) is sitting out
Seat 1: G.HANSEN333 ($115.64 in chips) 
Seat 3: value_ftw ($100 in chips) 
value_ftw: posts small blind $0.50
G.HANSEN333: posts big blind $1
*** HOLE CARDS ***
value_ftw: raises $2 to $3
G.HANSEN333: folds 
Uncalled bet ($2) returned to value_ftw
value_ftw collected $2 from pot
value_ftw: doesn't show hand 
*** SUMMARY ***
Total pot $2 | Rake $0 
Seat 2: SankethHx
Seat 1: G.HANSEN333 (big blind) folded before Flop
Seat 3: value_ftw (button) (small blind) collected ($2)



PokerStars Hand #254277513137:  Hold'em No Limit ($0.50/$1.00 USD) - 2025/01/09 13:48:07 WET [2025/01/09 8:48:07 ET]
Table 'Brachium II' 6-max Seat #1 is the button
Seat 2: Bessie0009 ($23.89 in chips) is sitting out
Seat 1: G.HANSEN333 ($114.64 in chips) 
Seat 3: mr.Jckpot ($100 in chips) 
G.HANSEN333: posts small blind $0.50
mr.Jckpot: posts big blind $1
*** HOLE CARDS ***
G.HANSEN333: raises $2 to $3
mr.Jckpot: folds 
Uncalled bet ($2) returned to G.HANSEN333
G.HANSEN333 collected $2 from pot
G.HANSEN333: doesn't show hand 
*** SUMMARY ***
Total pot $2 | Rake $0 
Seat 2: Bessie0009
Seat 1: G.HANSEN333 (button) (small blind) collected ($2)
Seat 3: mr.Jckpot (big blind) folded before Flop



PokerStars Hand #254277515060:  Hold'em No Limit ($0.50/$1.00 USD) - 2025/01/09 13:48:18 WET [2025/01/09 8:48:18 ET]
Table 'Brachium II' 6-max Seat #3 is the button
Seat 2: Bessie0009 ($23.89 in chips) is sitting out
Seat 1: G.HANSEN333 ($115.64 in chips) 
Seat 3: mr.Jckpot ($100 in chips) 
mr.Jckpot: posts small blind $0.50
G.HANSEN333: posts big blind $1
*** HOLE CARDS ***
mr.Jckpot: folds 
Uncalled bet ($0.50) returned to G.HANSEN333
G.HANSEN333 collected $1 from pot
G.HANSEN333: doesn't show hand 
*** SUMMARY ***
Total pot $1 | Rake $0 
Seat 2: Bessie0009
Seat 1: G.HANSEN333 (big blind) collected ($1)
Seat 3: mr.Jckpot (button) (small blind) folded before Flop



PokerStars Hand #254277516356:  Hold'em No Limit ($0.50/$1.00 USD) - 2025/01/09 13:48:25 WET [2025/01/09 8:48:25 ET]
Table 'Brachium II' 6-max Seat #1 is the button
Seat 2: Bessie0009 ($23.89 in chips) is sitting out
Seat 1: G.HANSEN333 ($116.14 in chips) 
Seat 3: mr.Jckpot ($100 in chips) 
G.HANSEN333: posts small blind $0.50
mr.Jckpot: posts big blind $1
*** HOLE CARDS ***
G.HANSEN333: raises $2 to $3
mr.Jckpot: folds 
Uncalled bet ($2) returned to G.HANSEN333
G.HANSEN333 collected $2 from pot
G.HANSEN333: doesn't show hand 
BGS013 joins the table at seat #4 
*** SUMMARY ***
Total pot $2 | Rake $0 
Seat 2: Bessie0009
Seat 1: G.HANSEN333 (button) (small blind) collected ($2)
Seat 3: mr.Jckpot (big blind) folded before Flop



PokerStars Hand #254277517833:  Hold'em No Limit ($0.50/$1.00 USD) - 2025/01/09 13:48:34 WET [2025/01/09 8:48:34 ET]
Table 'Brachium II' 6-max Seat #1 is the button
Seat 2: Bessie0009 ($23.89 in chips) is sitting out
Seat 1: G.HANSEN333 ($117.14 in chips) 
Seat 3: mr.Jckpot ($100 in chips) 
Seat 4: BGS013 ($100 in chips) 
mr.Jckpot: posts small blind $0.50
BGS013 is connected 
BGS013: posts big blind $1
*** HOLE CARDS ***
G.HANSEN333: raises $1.50 to $2.50
mr.Jckpot: folds 
BGS013: calls $1.50
*** FLOP *** [3s 7s 2c]
BGS013: checks 
G.HANSEN333: bets $3.39
BGS013: calls $3.39
*** TURN *** [3s 7s 2c] [6h]
BGS013: checks 
G.HANSEN333: checks 
*** RIVER *** [3s 7s 2c 6h] [Ah]
BGS013: checks 
G.HANSEN333: checks 
*** SHOW DOWN ***
BGS013: shows [3d 4d] (a pair of Threes)
G.HANSEN333: mucks hand 
BGS013 collected $11.67 from pot
*** SUMMARY ***
Total pot $12.28 | Rake $0.61 
Board [3s 7s 2c 6h Ah]
Seat 2: Bessie0009
Seat 1: G.HANSEN333 (button) mucked
Seat 3: mr.Jckpot (small blind) folded before Flop
Seat 4: BGS013 (big blind) showed [3d 4d] and won ($11.67) with a pair of Threes



PokerStars Hand #254277525284:  Hold'em No Limit ($0.50/$1.00 USD) - 2025/01/09 13:49:17 WET [2025/01/09 8:49:17 ET]
Table 'Brachium II' 6-max Seat #3 is the button
Seat 2: Bessie0009 ($23.89 in chips) is sitting out
Seat 1: G.HANSEN333 ($111.25 in chips) 
Seat 3: mr.Jckpot ($100 in chips) 
Seat 4: BGS013 ($105.78 in chips) 
BGS013: posts small blind $0.50
G.HANSEN333: posts big blind $1
Bessie0009: sits out 
*** HOLE CARDS ***
mr.Jckpot: raises $1.50 to $2.50
BGS013: folds 
G.HANSEN333: folds 
Uncalled bet ($1.50) returned to mr.Jckpot
mr.Jckpot collected $2.50 from pot
mr.Jckpot: doesn't show hand 
*** SUMMARY ***
Total pot $2.50 | Rake $0 
Seat 2: Bessie0009
Seat 1: G.HANSEN333 (big blind) folded before Flop
Seat 3: mr.Jckpot (button) collected ($2.50)
Seat 4: BGS013 (small blind) folded before Flop



PokerStars Hand #254277527254:  Hold'em No Limit ($0.50/$1.00 USD) - 2025/01/09 13:49:28 WET [2025/01/09 8:49:28 ET]
Table 'Brachium II' 6-max Seat #4 is the button
Seat 1: G.HANSEN333 ($110.25 in chips) 
Seat 2: Bessie0009 ($23.89 in chips) 
Seat 3: mr.Jckpot ($101.50 in chips) 
Seat 4: BGS013 ($105.28 in chips) 
G.HANSEN333: posts small blind $0.50
Bessie0009: posts big blind $1
*** HOLE CARDS ***
mr.Jckpot: folds 
BGS013: folds 
G.HANSEN333: folds 
Uncalled bet ($0.50) returned to Bessie0009
Bessie0009 collected $1 from pot
*** SUMMARY ***
Total pot $1 | Rake $0 
Seat 1: G.HANSEN333 (small blind) folded before Flop
Seat 2: Bessie0009 (big blind) collected ($1)
Seat 3: mr.Jckpot folded before Flop (didn't bet)
Seat 4: BGS013 (button) folded before Flop (didn't bet)



PokerStars Hand #254277529168:  Hold'em No Limit ($0.50/$1.00 USD) - 2025/01/09 13:49:40 WET [2025/01/09 8:49:40 ET]
Table 'Brachium II' 6-max Seat #1 is the button
Seat 1: G.HANSEN333 ($109.75 in chips) 
Seat 2: Bessie0009 ($24.39 in chips) 
Seat 3: mr.Jckpot ($101.50 in chips) 
Seat 4: BGS013 ($105.28 in chips) 
Bessie0009: posts small blind $0.50
mr.Jckpot: posts big blind $1
*** HOLE CARDS ***
BGS013: raises $1.50 to $2.50
G.HANSEN333: folds 
Bessie0009: calls $2
mr.Jckpot: folds 
*** FLOP *** [Qc 4s 6s]
Bessie0009: checks 
BGS013: bets $1.48
Bessie0009: folds 
Uncalled bet ($1.48) returned to BGS013
BGS013 collected $5.70 from pot
BGS013: doesn't show hand 
*** SUMMARY ***
Total pot $6 | Rake $0.30 
Board [Qc 4s 6s]
Seat 1: G.HANSEN333 (button) folded before Flop (didn't bet)
Seat 2: Bessie0009 (small blind) folded on the Flop
Seat 3: mr.Jckpot (big blind) folded before Flop
Seat 4: BGS013 collected ($5.70)



PokerStars Hand #254277532568:  Hold'em No Limit ($0.50/$1.00 USD) - 2025/01/09 13:49:59 WET [2025/01/09 8:49:59 ET]
Table 'Brachium II' 6-max Seat #2 is the button
Seat 1: G.HANSEN333 ($109.75 in chips) 
Seat 2: Bessie0009 ($21.89 in chips) 
Seat 3: mr.Jckpot ($100.50 in chips) 
Seat 4: BGS013 ($108.48 in chips) 
mr.Jckpot: posts small blind $0.50
BGS013: posts big blind $1
*** HOLE CARDS ***
G.HANSEN333: folds 
Bessie0009: folds 
mr.Jckpot: folds 
Uncalled bet ($0.50) returned to BGS013
BGS013 collected $1 from pot
BGS013: doesn't show hand 
*** SUMMARY ***
Total pot $1 | Rake $0 
Seat 1: G.HANSEN333 folded before Flop (didn't bet)
Seat 2: Bessie0009 (button) folded before Flop (didn't bet)
Seat 3: mr.Jckpot (small blind) folded before Flop
Seat 4: BGS013 (big blind) collected ($1)



PokerStars Hand #254277533743:  Hold'em No Limit ($0.50/$1.00 USD) - 2025/01/09 13:50:06 WET [2025/01/09 8:50:06 ET]
Table 'Brachium II' 6-max Seat #3 is the button
Seat 1: G.HANSEN333 ($109.75 in chips) 
Seat 2: Bessie0009 ($21.89 in chips) 
Seat 3: mr.Jckpot ($100 in chips) 
Seat 4: BGS013 ($108.98 in chips) 
BGS013: posts small blind $0.50
G.HANSEN333: posts big blind $1
*** HOLE CARDS ***
Bessie0009: folds 
mr.Jckpot: raises $1.50 to $2.50
sbd250,270,200 joins the table at seat #5 
BGS013: folds 
G.HANSEN333: raises $8.50 to $11
PhoenixAssassin joins the table at seat #6 
mr.Jckpot: calls $8.50
*** FLOP *** [Jh 8c 6c]
G.HANSEN333: checks 
mr.Jckpot: checks 
*** TURN *** [Jh 8c 6c] [4h]
G.HANSEN333: bets $32.25
mr.Jckpot: calls $32.25
*** RIVER *** [Jh 8c 6c 4h] [Qh]
G.HANSEN333: bets $66.50 and is all-in
mr.Jckpot: calls $56.75 and is all-in
Uncalled bet ($9.75) returned to G.HANSEN333
*** SHOW DOWN ***
G.HANSEN333: shows [Kh Kd] (a pair of Kings)
mr.Jckpot: shows [8h 9h] (a flush, Queen high)
mr.Jckpot collected $199.50 from pot
*** SUMMARY ***
Total pot $200.50 | Rake $1 
Board [Jh 8c 6c 4h Qh]
Seat 1: G.HANSEN333 (big blind) showed [Kh Kd] and lost with a pair of Kings
Seat 2: Bessie0009 folded before Flop (didn't bet)
Seat 3: mr.Jckpot (button) showed [8h 9h] and won ($199.50) with a flush, Queen high
Seat 4: BGS013 (small blind) folded before Flop



PokerStars Hand #254277540466:  Hold'em No Limit ($0.50/$1.00 USD) - 2025/01/09 13:50:44 WET [2025/01/09 8:50:44 ET]
Table 'Brachium II' 6-max Seat #4 is the button
Seat 5: sbd250,270,200 ($19.30 in chips) is sitting out
Seat 6: PhoenixAssassin ($100 in chips) is sitting out
Seat 1: G.HANSEN333 ($100 in chips) 
Seat 2: Bessie0009 ($21.89 in chips) 
Seat 3: mr.Jckpot ($199.50 in chips) 
Seat 4: BGS013 ($108.48 in chips) 
G.HANSEN333: posts small blind $0.50
Bessie0009: posts big blind $1
*** HOLE CARDS ***
mr.Jckpot: folds 
BGS013: raises $1.50 to $2.50
G.HANSEN333: folds 
Bessie0009: folds 
Uncalled bet ($1.50) returned to BGS013
BGS013 collected $2.50 from pot
BGS013: doesn't show hand 
*** SUMMARY ***
Total pot $2.50 | Rake $0 
Seat 5: sbd250,270,200
Seat 6: PhoenixAssassin
Seat 1: G.HANSEN333 (small blind) folded before Flop
Seat 2: Bessie0009 (big blind) folded before Flop
Seat 3: mr.Jckpot folded before Flop (didn't bet)
Seat 4: BGS013 (button) collected ($2.50)



PokerStars Hand #254277542714:  Hold'em No Limit ($0.50/$1.00 USD) - 2025/01/09 13:50:58 WET [2025/01/09 8:50:58 ET]
Table 'Brachium II' 6-max Seat #1 is the button
Seat 6: PhoenixAssassin ($100 in chips) is sitting out
Seat 1: G.HANSEN333 ($100 in chips) 
Seat 2: Bessie0009 ($20.89 in chips) 
Seat 3: mr.Jckpot ($199.50 in chips) 
Seat 4: BGS013 ($109.98 in chips) 
Seat 5: sbd250,270,200 ($19.30 in chips) 
Bessie0009: posts small blind $0.50
mr.Jckpot: posts big blind $1
sbd250,270,200: posts big blind $1
PhoenixAssassin: sits out 
*** HOLE CARDS ***
BGS013: folds 
sbd250,270,200: checks 
G.HANSEN333: folds 
Bessie0009: calls $0.50
mr.Jckpot: checks 
*** FLOP *** [9c Ac Qc]
Bessie0009: checks 
mr.Jckpot: checks 
sbd250,270,200: checks 
*** TURN *** [9c Ac Qc] [7s]
Bessie0009: bets $2.85
mr.Jckpot: folds 
sbd250,270,200: folds 
Uncalled bet ($2.85) returned to Bessie0009
Bessie0009 collected $2.85 from pot
*** SUMMARY ***
Total pot $3 | Rake $0.15 
Board [9c Ac Qc 7s]
Seat 6: PhoenixAssassin
Seat 1: G.HANSEN333 (button) folded before Flop (didn't bet)
Seat 2: Bessie0009 (small blind) collected ($2.85)
Seat 3: mr.Jckpot (big blind) folded on the Turn
Seat 4: BGS013 folded before Flop (didn't bet)
Seat 5: sbd250,270,200 folded on the Turn (didn't bet)



PokerStars Hand #254277547883:  Hold'em No Limit ($0.50/$1.00 USD) - 2025/01/09 13:51:27 WET [2025/01/09 8:51:27 ET]
Table 'Brachium II' 6-max Seat #2 is the button
Seat 6: PhoenixAssassin ($100 in chips) is sitting out
Seat 1: G.HANSEN333 ($100 in chips) 
Seat 2: Bessie0009 ($22.74 in chips) 
Seat 3: mr.Jckpot ($198.50 in chips) 
Seat 4: BGS013 ($109.98 in chips) 
Seat 5: sbd250,270,200 ($18.30 in chips) 
mr.Jckpot: posts small blind $0.50
BGS013: posts big blind $1
PhoenixAssassin: sits out 
*** HOLE CARDS ***
sbd250,270,200: folds 
G.HANSEN333: folds 
Bessie0009: folds 
mr.Jckpot: folds 
Uncalled bet ($0.50) returned to BGS013
BGS013 collected $1 from pot
BGS013: doesn't show hand 
*** SUMMARY ***
Total pot $1 | Rake $0 
Seat 6: PhoenixAssassin
Seat 1: G.HANSEN333 folded before Flop (didn't bet)
Seat 2: Bessie0009 (button) folded before Flop (didn't bet)
Seat 3: mr.Jckpot (small blind) folded before Flop
Seat 4: BGS013 (big blind) collected ($1)
Seat 5: sbd250,270,200 folded before Flop (didn't bet)



PokerStars Hand #254277550229:  Hold'em No Limit ($0.50/$1.00 USD) - 2025/01/09 13:51:40 WET [2025/01/09 8:51:40 ET]
Table 'Brachium II' 6-max Seat #3 is the button
Seat 6: PhoenixAssassin ($100 in chips) is sitting out
Seat 1: G.HANSEN333 ($100 in chips) 
Seat 2: Bessie0009 ($22.74 in chips) 
Seat 3: mr.Jckpot ($198 in chips) 
Seat 4: BGS013 ($110.48 in chips) 
Seat 5: sbd250,270,200 ($18.30 in chips) 
BGS013: posts small blind $0.50
sbd250,270,200: posts big blind $1
PhoenixAssassin: sits out 
*** HOLE CARDS ***
G.HANSEN333: folds 
Bessie0009: calls $1
mr.Jckpot: folds 
BGS013: calls $0.50
sbd250,270,200: checks 
*** FLOP *** [Jc 2c Kc]
BGS013: checks 
sbd250,270,200: checks 
Bessie0009: checks 
*** TURN *** [Jc 2c Kc] [9h]
BGS013: bets $1.57
sbd250,270,200: folds 
Bessie0009: folds 
Uncalled bet ($1.57) returned to BGS013
BGS013 collected $2.85 from pot
BGS013: doesn't show hand 
*** SUMMARY ***
Total pot $3 | Rake $0.15 
Board [Jc 2c Kc 9h]
Seat 6: PhoenixAssassin
Seat 1: G.HANSEN333 folded before Flop (didn't bet)
Seat 2: Bessie0009 folded on the Turn
Seat 3: mr.Jckpot (button) folded before Flop (didn't bet)
Seat 4: BGS013 (small blind) collected ($2.85)
Seat 5: sbd250,270,200 (big blind) folded on the Turn



PokerStars Hand #254277555142:  Hold'em No Limit ($0.50/$1.00 USD) - 2025/01/09 13:52:08 WET [2025/01/09 8:52:08 ET]
Table 'Brachium II' 6-max Seat #4 is the button
Seat 1: G.HANSEN333 ($100 in chips) 
Seat 2: Bessie0009 ($21.74 in chips) 
Seat 3: mr.Jckpot ($198 in chips) 
Seat 4: BGS013 ($112.33 in chips) 
Seat 5: sbd250,270,200 ($17.30 in chips) 
Seat 6: PhoenixAssassin ($100 in chips) 
sbd250,270,200: posts small blind $0.50
PhoenixAssassin: posts big blind $1
*** HOLE CARDS ***
G.HANSEN333: folds 
Bessie0009: folds 
mr.Jckpot: folds 
BGS013: folds 
sbd250,270,200: raises $2 to $3
PhoenixAssassin: folds 
Uncalled bet ($2) returned to sbd250,270,200
sbd250,270,200 collected $2 from pot
sbd250,270,200: doesn't show hand 
*** SUMMARY ***
Total pot $2 | Rake $0 
Seat 1: G.HANSEN333 folded before Flop (didn't bet)
Seat 2: Bessie0009 folded before Flop (didn't bet)
Seat 3: mr.Jckpot folded before Flop (didn't bet)
Seat 4: BGS013 (button) folded before Flop (didn't bet)
Seat 5: sbd250,270,200 (small blind) collected ($2)
Seat 6: PhoenixAssassin (big blind) folded before Flop



PokerStars Hand #254277557060:  Hold'em No Limit ($0.50/$1.00 USD) - 2025/01/09 13:52:19 WET [2025/01/09 8:52:19 ET]
Table 'Brachium II' 6-max Seat #5 is the button
Seat 1: G.HANSEN333 ($100 in chips) 
Seat 2: Bessie0009 ($21.74 in chips) 
Seat 3: mr.Jckpot ($198 in chips) 
Seat 4: BGS013 ($112.33 in chips) 
Seat 5: sbd250,270,200 ($18.30 in chips) 
Seat 6: PhoenixAssassin ($100 in chips) 
PhoenixAssassin: posts small blind $0.50
G.HANSEN333: posts big blind $1
*** HOLE CARDS ***
Bessie0009: folds 
mr.Jckpot: folds 
BGS013: raises $1.50 to $2.50
sbd250,270,200: folds 
PhoenixAssassin: folds 
G.HANSEN333: folds 
Uncalled bet ($1.50) returned to BGS013
BGS013 collected $2.50 from pot
BGS013: doesn't show hand 
*** SUMMARY ***
Total pot $2.50 | Rake $0 
Seat 1: G.HANSEN333 (big blind) folded before Flop
Seat 2: Bessie0009 folded before Flop (didn't bet)
Seat 3: mr.Jckpot folded before Flop (didn't bet)
Seat 4: BGS013 collected ($2.50)
Seat 5: sbd250,270,200 (button) folded before Flop (didn't bet)
Seat 6: PhoenixAssassin (small blind) folded before Flop



PokerStars Hand #254277559931:  Hold'em No Limit ($0.50/$1.00 USD) - 2025/01/09 13:52:36 WET [2025/01/09 8:52:36 ET]
Table 'Brachium II' 6-max Seat #6 is the button
Seat 1: G.HANSEN333 ($100 in chips) 
Seat 2: Bessie0009 ($21.74 in chips) 
Seat 3: mr.Jckpot ($198 in chips) 
Seat 4: BGS013 ($113.83 in chips) 
Seat 5: sbd250,270,200 ($18.30 in chips) 
Seat 6: PhoenixAssassin ($100 in chips) 
G.HANSEN333: posts small blind $0.50
Bessie0009: posts big blind $1
*** HOLE CARDS ***
mr.Jckpot: folds 
BGS013: folds 
sbd250,270,200: calls $1
PhoenixAssassin: folds 
G.HANSEN333: folds 
Bessie0009: checks 
*** FLOP *** [2d Ad 7c]
Bessie0009: checks 
sbd250,270,200: bets $1
Bessie0009: calls $1
*** TURN *** [2d Ad 7c] [9h]
Bessie0009: checks 
sbd250,270,200: bets $2.14
Bessie0009: calls $2.14
*** RIVER *** [2d Ad 7c 9h] [4h]
Bessie0009: checks 
sbd250,270,200: checks 
*** SHOW DOWN ***
Bessie0009: shows [Th 7h] (a pair of Sevens)
sbd250,270,200: shows [9d Kd] (a pair of Nines)
sbd250,270,200 collected $8.34 from pot
*** SUMMARY ***
Total pot $8.78 | Rake $0.44 
Board [2d Ad 7c 9h 4h]
Seat 1: G.HANSEN333 (small blind) folded before Flop
Seat 2: Bessie0009 (big blind) showed [Th 7h] and lost with a pair of Sevens
Seat 3: mr.Jckpot folded before Flop (didn't bet)
Seat 4: BGS013 folded before Flop (didn't bet)
Seat 5: sbd250,270,200 showed [9d Kd] and won ($8.34) with a pair of Nines
Seat 6: PhoenixAssassin (button) folded before Flop (didn't bet)



PokerStars Hand #254277563617:  Hold'em No Limit ($0.50/$1.00 USD) - 2025/01/09 13:52:56 WET [2025/01/09 8:52:56 ET]
Table 'Brachium II' 6-max Seat #1 is the button
Seat 3: mr.Jckpot ($198 in chips) is sitting out
Seat 1: G.HANSEN333 ($100 in chips) 
Seat 2: Bessie0009 ($17.60 in chips) 
Seat 4: BGS013 ($113.83 in chips) 
Seat 5: sbd250,270,200 ($22.50 in chips) 
Seat 6: PhoenixAssassin ($100 in chips) 
Bessie0009: posts small blind $0.50
mr.Jckpot: is sitting out 
BGS013: posts big blind $1
*** HOLE CARDS ***
mr.Jckpot leaves the table
sbd250,270,200: calls $1
PhoenixAssassin: folds 
G.HANSEN333: raises $3.50 to $4.50
Bessie0009: folds 
value_ftw joins the table at seat #3 
BGS013: folds 
sbd250,270,200: folds 
Uncalled bet ($3.50) returned to G.HANSEN333
G.HANSEN333 collected $3.50 from pot
G.HANSEN333: doesn't show hand 
*** SUMMARY ***
Total pot $3.50 | Rake $0 
Seat 3: mr.Jckpot
Seat 1: G.HANSEN333 (button) collected ($3.50)
Seat 2: Bessie0009 (small blind) folded before Flop
Seat 4: BGS013 (big blind) folded before Flop
Seat 5: sbd250,270,200 folded before Flop
Seat 6: PhoenixAssassin folded before Flop (didn't bet)



PokerStars Hand #254277566836:  Hold'em No Limit ($0.50/$1.00 USD) - 2025/01/09 13:53:15 WET [2025/01/09 8:53:15 ET]
Table 'Brachium II' 6-max Seat #2 is the button
Seat 3: value_ftw ($101 in chips) is sitting out
Seat 1: G.HANSEN333 ($102.50 in chips) 
Seat 2: Bessie0009 ($17.10 in chips) 
Seat 4: BGS013 ($112.83 in chips) 
Seat 5: sbd250,270,200 ($21.50 in chips) 
Seat 6: PhoenixAssassin ($100 in chips) 
BGS013: posts small blind $0.50
sbd250,270,200: posts big blind $1
*** HOLE CARDS ***
PhoenixAssassin: raises $1.20 to $2.20
G.HANSEN333: folds 
Bessie0009: folds 
BGS013: folds 
sbd250,270,200: calls $1.20
*** FLOP *** [Qc 8h Tc]
sbd250,270,200: checks 
PhoenixAssassin: bets $2.33
sbd250,270,200: folds 
Uncalled bet ($2.33) returned to PhoenixAssassin
PhoenixAssassin collected $4.66 from pot
PhoenixAssassin: doesn't show hand 
*** SUMMARY ***
Total pot $4.90 | Rake $0.24 
Board [Qc 8h Tc]
Seat 3: value_ftw
Seat 1: G.HANSEN333 folded before Flop (didn't bet)
Seat 2: Bessie0009 (button) folded before Flop (didn't bet)
Seat 4: BGS013 (small blind) folded before Flop
Seat 5: sbd250,270,200 (big blind) folded on the Flop
Seat 6: PhoenixAssassin collected ($4.66)



PokerStars Hand #254277570125:  Hold'em No Limit ($0.50/$1.00 USD) - 2025/01/09 13:53:33 WET [2025/01/09 8:53:33 ET]
Table 'Brachium II' 6-max Seat #4 is the button
Seat 3: value_ftw ($101 in chips) is sitting out
Seat 1: G.HANSEN333 ($102.50 in chips) 
Seat 2: Bessie0009 ($17.10 in chips) 
Seat 4: BGS013 ($112.33 in chips) 
Seat 5: sbd250,270,200 ($19.30 in chips) 
Seat 6: PhoenixAssassin ($102.46 in chips) 
sbd250,270,200: posts small blind $0.50
PhoenixAssassin: posts big blind $1
value_ftw: sits out 
*** HOLE CARDS ***
G.HANSEN333: folds 
Bessie0009: raises $2.50 to $3.50
BGS013: folds 
sbd250,270,200: folds 
PhoenixAssassin: folds 
Uncalled bet ($2.50) returned to Bessie0009
Bessie0009 collected $2.50 from pot
*** SUMMARY ***
Total pot $2.50 | Rake $0 
Seat 3: value_ftw
Seat 1: G.HANSEN333 folded before Flop (didn't bet)
Seat 2: Bessie0009 collected ($2.50)
Seat 4: BGS013 (button) folded before Flop (didn't bet)
Seat 5: sbd250,270,200 (small blind) folded before Flop
Seat 6: PhoenixAssassin (big blind) folded before Flop



PokerStars Hand #254277572429:  Hold'em No Limit ($0.50/$1.00 USD) - 2025/01/09 13:53:46 WET [2025/01/09 8:53:46 ET]
Table 'Brachium II' 6-max Seat #5 is the button
Seat 3: value_ftw ($101 in chips) is sitting out
Seat 1: G.HANSEN333 ($102.50 in chips) 
Seat 2: Bessie0009 ($18.60 in chips) 
Seat 4: BGS013 ($112.33 in chips) 
Seat 5: sbd250,270,200 ($18.80 in chips) 
Seat 6: PhoenixAssassin ($101.46 in chips) 
PhoenixAssassin: posts small blind $0.50
G.HANSEN333: posts big blind $1
value_ftw: sits out 
*** HOLE CARDS ***
Bessie0009: folds 
BGS013: folds 
sbd250,270,200: raises $2 to $3
PhoenixAssassin: folds 
G.HANSEN333: folds 
Uncalled bet ($2) returned to sbd250,270,200
sbd250,270,200 collected $2.50 from pot
sbd250,270,200: doesn't show hand 
*** SUMMARY ***
Total pot $2.50 | Rake $0 
Seat 3: value_ftw
Seat 1: G.HANSEN333 (big blind) folded before Flop
Seat 2: Bessie0009 folded before Flop (didn't bet)
Seat 4: BGS013 folded before Flop (didn't bet)
Seat 5: sbd250,270,200 (button) collected ($2.50)
Seat 6: PhoenixAssassin (small blind) folded before Flop



PokerStars Hand #254277574361:  Hold'em No Limit ($0.50/$1.00 USD) - 2025/01/09 13:53:57 WET [2025/01/09 8:53:57 ET]
Table 'Brachium II' 6-max Seat #6 is the button
Seat 3: value_ftw ($101 in chips) is sitting out
Seat 1: G.HANSEN333 ($101.50 in chips) 
Seat 2: Bessie0009 ($18.60 in chips) 
Seat 4: BGS013 ($112.33 in chips) 
Seat 5: sbd250,270,200 ($20.30 in chips) 
Seat 6: PhoenixAssassin ($100.96 in chips) 
G.HANSEN333: posts small blind $0.50
Bessie0009: posts big blind $1
value_ftw: sits out 
*** HOLE CARDS ***
BGS013: folds 
sbd250,270,200: folds 
PhoenixAssassin: raises $1.50 to $2.50
G.HANSEN333: folds 
Bessie0009: folds 
Uncalled bet ($1.50) returned to PhoenixAssassin
PhoenixAssassin collected $2.50 from pot
PhoenixAssassin: doesn't show hand 
*** SUMMARY ***
Total pot $2.50 | Rake $0 
Seat 3: value_ftw
Seat 1: G.HANSEN333 (small blind) folded before Flop
Seat 2: Bessie0009 (big blind) folded before Flop
Seat 4: BGS013 folded before Flop (didn't bet)
Seat 5: sbd250,270,200 folded before Flop (didn't bet)
Seat 6: PhoenixAssassin (button) collected ($2.50)



PokerStars Hand #254277576360:  Hold'em No Limit ($0.50/$1.00 USD) - 2025/01/09 13:54:08 WET [2025/01/09 8:54:08 ET]
Table 'Brachium II' 6-max Seat #1 is the button
Seat 1: G.HANSEN333 ($101 in chips) 
Seat 2: Bessie0009 ($17.60 in chips) 
Seat 3: value_ftw ($101 in chips) 
Seat 4: BGS013 ($112.33 in chips) 
Seat 5: sbd250,270,200 ($20.30 in chips) 
Seat 6: PhoenixAssassin ($102.46 in chips) 
Bessie0009: posts small blind $0.50
value_ftw: posts big blind $1
*** HOLE CARDS ***
BGS013: folds 
sbd250,270,200: folds 
PhoenixAssassin: folds 
G.HANSEN333: raises $1.50 to $2.50
Bessie0009: folds 
value_ftw: calls $1.50
*** FLOP *** [4d 2d 6s]
value_ftw: checks 
G.HANSEN333: bets $3.39
value_ftw: calls $3.39
*** TURN *** [4d 2d 6s] [Qs]
value_ftw: checks 
G.HANSEN333: bets $8.75
value_ftw: folds 
Uncalled bet ($8.75) returned to G.HANSEN333
G.HANSEN333 collected $11.67 from pot
G.HANSEN333: doesn't show hand 
*** SUMMARY ***
Total pot $12.28 | Rake $0.61 
Board [4d 2d 6s Qs]
Seat 1: G.HANSEN333 (button) collected ($11.67)
Seat 2: Bessie0009 (small blind) folded before Flop
Seat 3: value_ftw (big blind) folded on the Turn
Seat 4: BGS013 folded before Flop (didn't bet)
Seat 5: sbd250,270,200 folded before Flop (didn't bet)
Seat 6: PhoenixAssassin folded before Flop (didn't bet)



PokerStars Hand #254277581384:  Hold'em No Limit ($0.50/$1.00 USD) - 2025/01/09 13:54:37 WET [2025/01/09 8:54:37 ET]
Table 'Brachium II' 6-max Seat #2 is the button
Seat 1: G.HANSEN333 ($106.78 in chips) 
Seat 2: Bessie0009 ($17.10 in chips) 
Seat 3: value_ftw ($100 in chips) 
Seat 4: BGS013 ($112.33 in chips) 
Seat 5: sbd250,270,200 ($20.30 in chips) 
Seat 6: PhoenixAssassin ($102.46 in chips) 
value_ftw: posts small blind $0.50
BGS013: posts big blind $1
*** HOLE CARDS ***
sbd250,270,200: raises $1 to $2
PhoenixAssassin: folds 
G.HANSEN333: folds 
Bessie0009: calls $2
value_ftw: folds 
BGS013: folds 
*** FLOP *** [Js 4c 6d]
sbd250,270,200: bets $2
Bessie0009: calls $2
*** TURN *** [Js 4c 6d] [Ad]
sbd250,270,200: bets $3.51
Bessie0009: folds 
Uncalled bet ($3.51) returned to sbd250,270,200
sbd250,270,200 collected $9.02 from pot
sbd250,270,200: doesn't show hand 
*** SUMMARY ***
Total pot $9.50 | Rake $0.48 
Board [Js 4c 6d Ad]
Seat 1: G.HANSEN333 folded before Flop (didn't bet)
Seat 2: Bessie0009 (button) folded on the Turn
Seat 3: value_ftw (small blind) folded before Flop
Seat 4: BGS013 (big blind) folded before Flop
Seat 5: sbd250,270,200 collected ($9.02)
Seat 6: PhoenixAssassin folded before Flop (didn't bet)



PokerStars Hand #254277586731:  Hold'em No Limit ($0.50/$1.00 USD) - 2025/01/09 13:55:09 WET [2025/01/09 8:55:09 ET]
Table 'Brachium II' 6-max Seat #3 is the button
Seat 1: G.HANSEN333 ($106.78 in chips) 
Seat 2: Bessie0009 ($13.10 in chips) 
Seat 3: value_ftw ($100 in chips) 
Seat 4: BGS013 ($111.33 in chips) 
Seat 5: sbd250,270,200 ($25.32 in chips) 
Seat 6: PhoenixAssassin ($102.46 in chips) 
BGS013: posts small blind $0.50
sbd250,270,200: posts big blind $1
*** HOLE CARDS ***
PhoenixAssassin: folds 
G.HANSEN333: folds 
Bessie0009: raises $2.50 to $3.50
value_ftw: folds 
BGS013: folds 
sbd250,270,200: folds 
Uncalled bet ($2.50) returned to Bessie0009
Bessie0009 collected $2.50 from pot
*** SUMMARY ***
Total pot $2.50 | Rake $0 
Seat 1: G.HANSEN333 folded before Flop (didn't bet)
Seat 2: Bessie0009 collected ($2.50)
Seat 3: value_ftw (button) folded before Flop (didn't bet)
Seat 4: BGS013 (small blind) folded before Flop
Seat 5: sbd250,270,200 (big blind) folded before Flop
Seat 6: PhoenixAssassin folded before Flop (didn't bet)



PokerStars Hand #254277588481:  Hold'em No Limit ($0.50/$1.00 USD) - 2025/01/09 13:55:22 WET [2025/01/09 8:55:22 ET]
Table 'Brachium II' 6-max Seat #4 is the button
Seat 1: G.HANSEN333 ($106.78 in chips) 
Seat 2: Bessie0009 ($14.60 in chips) 
Seat 3: value_ftw ($100 in chips) 
Seat 4: BGS013 ($110.83 in chips) 
Seat 5: sbd250,270,200 ($24.32 in chips) 
Seat 6: PhoenixAssassin ($102.46 in chips) 
sbd250,270,200: posts small blind $0.50
PhoenixAssassin: posts big blind $1
*** HOLE CARDS ***
G.HANSEN333: folds 
Bessie0009: folds 
value_ftw: folds 
BGS013: folds 
sbd250,270,200: folds 
Uncalled bet ($0.50) returned to PhoenixAssassin
PhoenixAssassin collected $1 from pot
PhoenixAssassin: doesn't show hand 
*** SUMMARY ***
Total pot $1 | Rake $0 
Seat 1: G.HANSEN333 folded before Flop (didn't bet)
Seat 2: Bessie0009 folded before Flop (didn't bet)
Seat 3: value_ftw folded before Flop (didn't bet)
Seat 4: BGS013 (button) folded before Flop (didn't bet)
Seat 5: sbd250,270,200 (small blind) folded before Flop
Seat 6: PhoenixAssassin (big blind) collected ($1)



PokerStars Hand #254277590527:  Hold'em No Limit ($0.50/$1.00 USD) - 2025/01/09 13:55:37 WET [2025/01/09 8:55:37 ET]
Table 'Brachium II' 6-max Seat #5 is the button
Seat 1: G.HANSEN333 ($106.78 in chips) 
Seat 2: Bessie0009 ($14.60 in chips) 
Seat 3: value_ftw ($100 in chips) 
Seat 4: BGS013 ($110.83 in chips) 
Seat 5: sbd250,270,200 ($23.82 in chips) 
Seat 6: PhoenixAssassin ($102.96 in chips) 
PhoenixAssassin: posts small blind $0.50
G.HANSEN333: posts big blind $1
*** HOLE CARDS ***
Bessie0009: folds 
value_ftw: folds 
BGS013: folds 
sbd250,270,200: raises $1 to $2
PhoenixAssassin: folds 
G.HANSEN333: calls $1
*** FLOP *** [Ts Js 2d]
G.HANSEN333: checks 
sbd250,270,200: checks 
*** TURN *** [Ts Js 2d] [8d]
G.HANSEN333: bets $3.21
sbd250,270,200: calls $3.21
*** RIVER *** [Ts Js 2d 8d] [3h]
G.HANSEN333: checks 
sbd250,270,200: bets $5
G.HANSEN333: folds 
Uncalled bet ($5) returned to sbd250,270,200
sbd250,270,200 collected $10.37 from pot
sbd250,270,200: doesn't show hand 
*** SUMMARY ***
Total pot $10.92 | Rake $0.55 
Board [Ts Js 2d 8d 3h]
Seat 1: G.HANSEN333 (big blind) folded on the River
Seat 2: Bessie0009 folded before Flop (didn't bet)
Seat 3: value_ftw folded before Flop (didn't bet)
Seat 4: BGS013 folded before Flop (didn't bet)
Seat 5: sbd250,270,200 (button) collected ($10.37)
Seat 6: PhoenixAssassin (small blind) folded before Flop



PokerStars Hand #254277596245:  Hold'em No Limit ($0.50/$1.00 USD) - 2025/01/09 13:56:18 WET [2025/01/09 8:56:18 ET]
Table 'Brachium II' 6-max Seat #6 is the button
Seat 1: G.HANSEN333 ($101.57 in chips) 
Seat 2: Bessie0009 ($14.60 in chips) 
Seat 3: value_ftw ($100 in chips) 
Seat 4: BGS013 ($110.83 in chips) 
Seat 5: sbd250,270,200 ($28.98 in chips) 
Seat 6: PhoenixAssassin ($102.46 in chips) 
G.HANSEN333: posts small blind $0.50
Bessie0009: posts big blind $1
*** HOLE CARDS ***
value_ftw: folds 
BGS013: folds 
sbd250,270,200: folds 
PhoenixAssassin: folds 
G.HANSEN333: raises $2 to $3
Bessie0009: calls $2
*** FLOP *** [Ts 7c 8c]
G.HANSEN333: bets $13
Bessie0009: calls $11.60 and is all-in
Uncalled bet ($1.40) returned to G.HANSEN333
*** TURN *** [Ts 7c 8c] [8d]
*** RIVER *** [Ts 7c 8c 8d] [5d]
*** SHOW DOWN ***
G.HANSEN333: shows [Th Jd] (two pair, Tens and Eights)
Bessie0009: shows [8h Qs] (three of a kind, Eights)
Bessie0009 collected $27.74 from pot
*** SUMMARY ***
Total pot $29.20 | Rake $1.46 
Board [Ts 7c 8c 8d 5d]
Seat 1: G.HANSEN333 (small blind) showed [Th Jd] and lost with two pair, Tens and Eights
Seat 2: Bessie0009 (big blind) showed [8h Qs] and won ($27.74) with three of a kind, Eights
Seat 3: value_ftw folded before Flop (didn't bet)
Seat 4: BGS013 folded before Flop (didn't bet)
Seat 5: sbd250,270,200 folded before Flop (didn't bet)
Seat 6: PhoenixAssassin (button) folded before Flop (didn't bet)



PokerStars Hand #254277601060:  Hold'em No Limit ($0.50/$1.00 USD) - 2025/01/09 13:56:53 WET [2025/01/09 8:56:53 ET]
Table 'Brachium II' 6-max Seat #1 is the button
Seat 1: G.HANSEN333 ($100 in chips) 
Seat 2: Bessie0009 ($27.74 in chips) 
Seat 3: value_ftw ($100 in chips) 
Seat 4: BGS013 ($110.83 in chips) 
Seat 5: sbd250,270,200 ($28.98 in chips) 
Seat 6: PhoenixAssassin ($102.46 in chips) 
Bessie0009: posts small blind $0.50
value_ftw: posts big blind $1
*** HOLE CARDS ***
BGS013: folds 
sbd250,270,200: raises $2 to $3
PhoenixAssassin: folds 
G.HANSEN333: folds 
Bessie0009: folds 
value_ftw: folds 
Uncalled bet ($2) returned to sbd250,270,200
sbd250,270,200 collected $2.50 from pot
sbd250,270,200: doesn't show hand 
*** SUMMARY ***
Total pot $2.50 | Rake $0 
Seat 1: G.HANSEN333 (button) folded before Flop (didn't bet)
Seat 2: Bessie0009 (small blind) folded before Flop
Seat 3: value_ftw (big blind) folded before Flop
Seat 4: BGS013 folded before Flop (didn't bet)
Seat 5: sbd250,270,200 collected ($2.50)
Seat 6: PhoenixAssassin folded before Flop (didn't bet)



PokerStars Hand #254277604185:  Hold'em No Limit ($0.50/$1.00 USD) - 2025/01/09 13:57:15 WET [2025/01/09 8:57:15 ET]
Table 'Brachium II' 6-max Seat #2 is the button
Seat 1: G.HANSEN333 ($100 in chips) 
Seat 2: Bessie0009 ($27.24 in chips) 
Seat 3: value_ftw ($100 in chips) 
Seat 4: BGS013 ($110.83 in chips) 
Seat 5: sbd250,270,200 ($30.48 in chips) 
Seat 6: PhoenixAssassin ($102.46 in chips) 
value_ftw: posts small blind $0.50
BGS013: posts big blind $1
*** HOLE CARDS ***
sbd250,270,200: folds 
PhoenixAssassin: raises $1.20 to $2.20
G.HANSEN333: folds 
Bessie0009: folds 
value_ftw: folds 
BGS013: folds 
Uncalled bet ($1.20) returned to PhoenixAssassin
PhoenixAssassin collected $2.50 from pot
PhoenixAssassin: doesn't show hand 
*** SUMMARY ***
Total pot $2.50 | Rake $0 
Seat 1: G.HANSEN333 folded before Flop (didn't bet)
Seat 2: Bessie0009 (button) folded before Flop (didn't bet)
Seat 3: value_ftw (small blind) folded before Flop
Seat 4: BGS013 (big blind) folded before Flop
Seat 5: sbd250,270,200 folded before Flop (didn't bet)
Seat 6: PhoenixAssassin collected ($2.50)



PokerStars Hand #254277605898:  Hold'em No Limit ($0.50/$1.00 USD) - 2025/01/09 13:57:28 WET [2025/01/09 8:57:28 ET]
Table 'Brachium II' 6-max Seat #3 is the button
Seat 1: G.HANSEN333 ($100 in chips) 
Seat 2: Bessie0009 ($27.24 in chips) 
Seat 3: value_ftw ($100 in chips) 
Seat 4: BGS013 ($109.83 in chips) 
Seat 5: sbd250,270,200 ($30.48 in chips) 
Seat 6: PhoenixAssassin ($103.96 in chips) 
BGS013: posts small blind $0.50
sbd250,270,200: posts big blind $1
*** HOLE CARDS ***
PhoenixAssassin: raises $1.20 to $2.20
G.HANSEN333: folds 
Bessie0009: folds 
value_ftw: raises $5.25 to $7.45
BGS013: folds 
sbd250,270,200: folds 
PhoenixAssassin: raises $12.55 to $20
value_ftw: folds 
Uncalled bet ($12.55) returned to PhoenixAssassin
PhoenixAssassin collected $16.40 from pot
PhoenixAssassin: doesn't show hand 
*** SUMMARY ***
Total pot $16.40 | Rake $0 
Seat 1: G.HANSEN333 folded before Flop (didn't bet)
Seat 2: Bessie0009 folded before Flop (didn't bet)
Seat 3: value_ftw (button) folded before Flop
Seat 4: BGS013 (small blind) folded before Flop
Seat 5: sbd250,270,200 (big blind) folded before Flop
Seat 6: PhoenixAssassin collected ($16.40)



PokerStars Hand #254277609377:  Hold'em No Limit ($0.50/$1.00 USD) - 2025/01/09 13:57:53 WET [2025/01/09 8:57:53 ET]
Table 'Brachium II' 6-max Seat #4 is the button
Seat 1: G.HANSEN333 ($100 in chips) 
Seat 2: Bessie0009 ($27.24 in chips) 
Seat 3: value_ftw ($100 in chips) 
Seat 4: BGS013 ($109.33 in chips) 
Seat 5: sbd250,270,200 ($29.48 in chips) 
Seat 6: PhoenixAssassin ($112.91 in chips) 
sbd250,270,200: posts small blind $0.50
PhoenixAssassin: posts big blind $1
*** HOLE CARDS ***
G.HANSEN333: folds 
Bessie0009: folds 
value_ftw: folds 
BGS013: folds 
sbd250,270,200: raises $1 to $2
PhoenixAssassin: calls $1
*** FLOP *** [Jc Qd Qs]
sbd250,270,200: bets $2
PhoenixAssassin: calls $2
*** TURN *** [Jc Qd Qs] [Js]
sbd250,270,200: bets $3
PhoenixAssassin: calls $3
*** RIVER *** [Jc Qd Qs Js] [Td]
sbd250,270,200: checks 
PhoenixAssassin: checks 
*** SHOW DOWN ***
sbd250,270,200: shows [8c As] (two pair, Queens and Jacks)
PhoenixAssassin: shows [Th Ac] (two pair, Queens and Jacks)
sbd250,270,200 collected $6.65 from pot
PhoenixAssassin collected $6.65 from pot
*** SUMMARY ***
Total pot $14 | Rake $0.70 
Board [Jc Qd Qs Js Td]
Seat 1: G.HANSEN333 folded before Flop (didn't bet)
Seat 2: Bessie0009 folded before Flop (didn't bet)
Seat 3: value_ftw folded before Flop (didn't bet)
Seat 4: BGS013 (button) folded before Flop (didn't bet)
Seat 5: sbd250,270,200 (small blind) showed [8c As] and won ($6.65) with two pair, Queens and Jacks
Seat 6: PhoenixAssassin (big blind) showed [Th Ac] and won ($6.65) with two pair, Queens and Jacks



PokerStars Hand #254277614508:  Hold'em No Limit ($0.50/$1.00 USD) - 2025/01/09 13:58:30 WET [2025/01/09 8:58:30 ET]
Table 'Brachium II' 6-max Seat #5 is the button
Seat 1: G.HANSEN333 ($100 in chips) 
Seat 2: Bessie0009 ($27.24 in chips) 
Seat 3: value_ftw ($100 in chips) 
Seat 4: BGS013 ($109.33 in chips) 
Seat 5: sbd250,270,200 ($29.13 in chips) 
Seat 6: PhoenixAssassin ($112.56 in chips) 
PhoenixAssassin: posts small blind $0.50
G.HANSEN333: posts big blind $1
*** HOLE CARDS ***
Bessie0009: folds 
value_ftw: folds 
BGS013: folds 
sbd250,270,200: raises $2 to $3
PhoenixAssassin: folds 
G.HANSEN333: calls $2
*** FLOP *** [7d 2c 5d]
G.HANSEN333: checks 
sbd250,270,200: checks 
*** TURN *** [7d 2c 5d] [9d]
G.HANSEN333: bets $4.63
sbd250,270,200: folds 
Uncalled bet ($4.63) returned to G.HANSEN333
G.HANSEN333 collected $6.18 from pot
G.HANSEN333: doesn't show hand 
*** SUMMARY ***
Total pot $6.50 | Rake $0.32 
Board [7d 2c 5d 9d]
Seat 1: G.HANSEN333 (big blind) collected ($6.18)
Seat 2: Bessie0009 folded before Flop (didn't bet)
Seat 3: value_ftw folded before Flop (didn't bet)
Seat 4: BGS013 folded before Flop (didn't bet)
Seat 5: sbd250,270,200 (button) folded on the Turn
Seat 6: PhoenixAssassin (small blind) folded before Flop



PokerStars Hand #254277620136:  Hold'em No Limit ($0.50/$1.00 USD) - 2025/01/09 13:59:11 WET [2025/01/09 8:59:11 ET]
Table 'Brachium II' 6-max Seat #6 is the button
Seat 1: G.HANSEN333 ($103.18 in chips) 
Seat 2: Bessie0009 ($27.24 in chips) 
Seat 3: value_ftw ($100 in chips) 
Seat 4: BGS013 ($109.33 in chips) 
Seat 5: sbd250,270,200 ($26.13 in chips) 
Seat 6: PhoenixAssassin ($112.06 in chips) 
G.HANSEN333: posts small blind $0.50
Bessie0009: posts big blind $1
*** HOLE CARDS ***
value_ftw: raises $1.20 to $2.20
BGS013: folds 
sbd250,270,200: folds 
PhoenixAssassin: folds 
G.HANSEN333: folds 
Bessie0009: folds 
Uncalled bet ($1.20) returned to value_ftw
value_ftw collected $2.50 from pot
value_ftw: doesn't show hand 
*** SUMMARY ***
Total pot $2.50 | Rake $0 
Seat 1: G.HANSEN333 (small blind) folded before Flop
Seat 2: Bessie0009 (big blind) folded before Flop
Seat 3: value_ftw collected ($2.50)
Seat 4: BGS013 folded before Flop (didn't bet)
Seat 5: sbd250,270,200 folded before Flop (didn't bet)
Seat 6: PhoenixAssassin (button) folded before Flop (didn't bet)



PokerStars Hand #254277622779:  Hold'em No Limit ($0.50/$1.00 USD) - 2025/01/09 13:59:30 WET [2025/01/09 8:59:30 ET]
Table 'Brachium II' 6-max Seat #1 is the button
Seat 3: value_ftw ($101.50 in chips) is sitting out
Seat 1: G.HANSEN333 ($102.68 in chips) 
Seat 2: Bessie0009 ($26.24 in chips) 
Seat 4: BGS013 ($109.33 in chips) 
Seat 5: sbd250,270,200 ($26.13 in chips) 
Seat 6: PhoenixAssassin ($112.06 in chips) 
Bessie0009: posts small blind $0.50
value_ftw: is sitting out 
BGS013: posts big blind $1
*** HOLE CARDS ***
value_ftw leaves the table
sbd250,270,200: folds 
PhoenixAssassin: raises $1.50 to $2.50
G.HANSEN333: raises $5.50 to $8
Bessie0009: folds 
BGS013: folds 
PhoenixAssassin: calls $5.50
*** FLOP *** [3d Js 5d]
PhoenixAssassin: checks 
G.HANSEN333: bets $6.50
Fold Your Cats joins the table at seat #3 
PhoenixAssassin: calls $6.50
*** TURN *** [3d Js 5d] [Th]
PhoenixAssassin: checks 
G.HANSEN333: checks 
*** RIVER *** [3d Js 5d Th] [5s]
PhoenixAssassin: checks 
G.HANSEN333: bets $21.73
PhoenixAssassin: folds 
Uncalled bet ($21.73) returned to G.HANSEN333
G.HANSEN333 collected $28.98 from pot
G.HANSEN333: doesn't show hand 
*** SUMMARY ***
Total pot $30.50 | Rake $1.52 
Board [3d Js 5d Th 5s]
Seat 3: value_ftw
Seat 1: G.HANSEN333 (button) collected ($28.98)
Seat 2: Bessie0009 (small blind) folded before Flop
Seat 4: BGS013 (big blind) folded before Flop
Seat 5: sbd250,270,200 folded before Flop (didn't bet)
Seat 6: PhoenixAssassin folded on the River



PokerStars Hand #254277631972:  Hold'em No Limit ($0.50/$1.00 USD) - 2025/01/09 14:00:35 WET [2025/01/09 9:00:35 ET]
Table 'Brachium II' 6-max Seat #2 is the button
Seat 3: Fold Your Cats ($100 in chips) is sitting out
Seat 1: G.HANSEN333 ($117.16 in chips) 
Seat 2: Bessie0009 ($25.74 in chips) 
Seat 4: BGS013 ($108.33 in chips) 
Seat 5: sbd250,270,200 ($26.13 in chips) 
Seat 6: PhoenixAssassin ($100 in chips) 
BGS013: posts small blind $0.50
sbd250,270,200: posts big blind $1
*** HOLE CARDS ***
PhoenixAssassin: folds 
G.HANSEN333: folds 
Bessie0009: folds 
BGS013: raises $2 to $3
sbd250,270,200: folds 
Uncalled bet ($2) returned to BGS013
BGS013 collected $2 from pot
BGS013: doesn't show hand 
*** SUMMARY ***
Total pot $2 | Rake $0 
Seat 3: Fold Your Cats
Seat 1: G.HANSEN333 folded before Flop (didn't bet)
Seat 2: Bessie0009 (button) folded before Flop (didn't bet)
Seat 4: BGS013 (small blind) collected ($2)
Seat 5: sbd250,270,200 (big blind) folded before Flop
Seat 6: PhoenixAssassin folded before Flop (didn't bet)



PokerStars Hand #254277633878:  Hold'em No Limit ($0.50/$1.00 USD) - 2025/01/09 14:00:47 WET [2025/01/09 9:00:47 ET]
Table 'Brachium II' 6-max Seat #4 is the button
Seat 3: Fold Your Cats ($100 in chips) is sitting out
Seat 1: G.HANSEN333 ($117.16 in chips) 
Seat 2: Bessie0009 ($25.74 in chips) 
Seat 4: BGS013 ($109.33 in chips) 
Seat 5: sbd250,270,200 ($25.13 in chips) 
Seat 6: PhoenixAssassin ($100 in chips) 
sbd250,270,200: posts small blind $0.50
PhoenixAssassin: posts big blind $1
Fold Your Cats: sits out 
*** HOLE CARDS ***
G.HANSEN333: folds 
Bessie0009: calls $1
BGS013: folds 
sbd250,270,200: calls $0.50
PhoenixAssassin: checks 
*** FLOP *** [7h 8h 7c]
sbd250,270,200: checks 
PhoenixAssassin: bets $1
Bessie0009: folds 
sbd250,270,200: folds 
Uncalled bet ($1) returned to PhoenixAssassin
PhoenixAssassin collected $2.85 from pot
PhoenixAssassin: doesn't show hand 
*** SUMMARY ***
Total pot $3 | Rake $0.15 
Board [7h 8h 7c]
Seat 3: Fold Your Cats
Seat 1: G.HANSEN333 folded before Flop (didn't bet)
Seat 2: Bessie0009 folded on the Flop
Seat 4: BGS013 (button) folded before Flop (didn't bet)
Seat 5: sbd250,270,200 (small blind) folded on the Flop
Seat 6: PhoenixAssassin (big blind) collected ($2.85)



PokerStars Hand #254277637530:  Hold'em No Limit ($0.50/$1.00 USD) - 2025/01/09 14:01:09 WET [2025/01/09 9:01:09 ET]
Table 'Brachium II' 6-max Seat #5 is the button
Seat 3: Fold Your Cats ($100 in chips) is sitting out
Seat 1: G.HANSEN333 ($117.16 in chips) 
Seat 2: Bessie0009 ($24.74 in chips) 
Seat 4: BGS013 ($109.33 in chips) 
Seat 5: sbd250,270,200 ($24.13 in chips) 
Seat 6: PhoenixAssassin ($101.85 in chips) 
PhoenixAssassin: posts small blind $0.50
G.HANSEN333: posts big blind $1
Fold Your Cats: sits out 
*** HOLE CARDS ***
Bessie0009: raises $2.50 to $3.50
BGS013: folds 
sbd250,270,200: folds 
PhoenixAssassin: folds 
G.HANSEN333: folds 
Uncalled bet ($2.50) returned to Bessie0009
Bessie0009 collected $2.50 from pot
*** SUMMARY ***
Total pot $2.50 | Rake $0 
Seat 3: Fold Your Cats
Seat 1: G.HANSEN333 (big blind) folded before Flop
Seat 2: Bessie0009 collected ($2.50)
Seat 4: BGS013 folded before Flop (didn't bet)
Seat 5: sbd250,270,200 (button) folded before Flop (didn't bet)
Seat 6: PhoenixAssassin (small blind) folded before Flop



PokerStars Hand #254277639072:  Hold'em No Limit ($0.50/$1.00 USD) - 2025/01/09 14:01:19 WET [2025/01/09 9:01:19 ET]
Table 'Brachium II' 6-max Seat #6 is the button
Seat 3: Fold Your Cats ($100 in chips) is sitting out
Seat 1: G.HANSEN333 ($116.16 in chips) 
Seat 2: Bessie0009 ($26.24 in chips) 
Seat 4: BGS013 ($109.33 in chips) 
Seat 5: sbd250,270,200 ($24.13 in chips) 
Seat 6: PhoenixAssassin ($101.35 in chips) 
G.HANSEN333: posts small blind $0.50
Bessie0009: posts big blind $1
Fold Your Cats: sits out 
*** HOLE CARDS ***
BGS013: raises $1 to $2
sbd250,270,200: folds 
PhoenixAssassin: folds 
G.HANSEN333: folds 
Bessie0009: calls $1
*** FLOP *** [8d Ks Th]
Bessie0009: checks 
BGS013: bets $1.11
Bessie0009: folds 
Uncalled bet ($1.11) returned to BGS013
BGS013 collected $4.28 from pot
BGS013: doesn't show hand 
*** SUMMARY ***
Total pot $4.50 | Rake $0.22 
Board [8d Ks Th]
Seat 3: Fold Your Cats
Seat 1: G.HANSEN333 (small blind) folded before Flop
Seat 2: Bessie0009 (big blind) folded on the Flop
Seat 4: BGS013 collected ($4.28)
Seat 5: sbd250,270,200 folded before Flop (didn't bet)
Seat 6: PhoenixAssassin (button) folded before Flop (didn't bet)



PokerStars Hand #254277642295:  Hold'em No Limit ($0.50/$1.00 USD) - 2025/01/09 14:01:38 WET [2025/01/09 9:01:38 ET]
Table 'Brachium II' 6-max Seat #1 is the button
Seat 1: G.HANSEN333 ($115.66 in chips) 
Seat 2: Bessie0009 ($24.24 in chips) 
Seat 3: Fold Your Cats ($100 in chips) 
Seat 4: BGS013 ($111.61 in chips) 
Seat 5: sbd250,270,200 ($24.13 in chips) 
Seat 6: PhoenixAssassin ($101.35 in chips) 
Bessie0009: posts small blind $0.50
Fold Your Cats: posts big blind $1
*** HOLE CARDS ***
BGS013: folds 
sbd250,270,200: folds 
PhoenixAssassin: raises $1.50 to $2.50
G.HANSEN333: folds 
Bessie0009: folds 
Fold Your Cats: raises $8.50 to $11
PhoenixAssassin: raises $12 to $23
Fold Your Cats: folds 
Uncalled bet ($12) returned to PhoenixAssassin
PhoenixAssassin collected $22.50 from pot
PhoenixAssassin: doesn't show hand 
*** SUMMARY ***
Total pot $22.50 | Rake $0 
Seat 1: G.HANSEN333 (button) folded before Flop (didn't bet)
Seat 2: Bessie0009 (small blind) folded before Flop
Seat 3: Fold Your Cats (big blind) folded before Flop
Seat 4: BGS013 folded before Flop (didn't bet)
Seat 5: sbd250,270,200 folded before Flop (didn't bet)
Seat 6: PhoenixAssassin collected ($22.50)



PokerStars Hand #254277649324:  Hold'em No Limit ($0.50/$1.00 USD) - 2025/01/09 14:02:20 WET [2025/01/09 9:02:20 ET]
Table 'Brachium II' 6-max Seat #2 is the button
Seat 1: G.HANSEN333 ($115.66 in chips) 
Seat 2: Bessie0009 ($23.74 in chips) 
Seat 3: Fold Your Cats ($100 in chips) 
Seat 4: BGS013 ($111.61 in chips) 
Seat 5: sbd250,270,200 ($24.13 in chips) 
Seat 6: PhoenixAssassin ($112.85 in chips) 
Fold Your Cats: posts small blind $0.50
BGS013: posts big blind $1
*** HOLE CARDS ***
sbd250,270,200: folds 
PhoenixAssassin: raises $1.20 to $2.20
G.HANSEN333: folds 
Bessie0009: calls $2.20
Fold Your Cats: folds 
BGS013: calls $1.20
*** FLOP *** [5s 5c 9c]
BGS013: bets $1.75
PhoenixAssassin: calls $1.75
Bessie0009: folds 
*** TURN *** [5s 5c 9c] [3h]
BGS013: bets $8.50
PhoenixAssassin: calls $8.50
*** RIVER *** [5s 5c 9c 3h] [5h]
BGS013: checks 
PhoenixAssassin: checks 
*** SHOW DOWN ***
BGS013: shows [Kc 8c] (three of a kind, Fives)
PhoenixAssassin: mucks hand 
BGS013 collected $26.22 from pot
*** SUMMARY ***
Total pot $27.60 | Rake $1.38 
Board [5s 5c 9c 3h 5h]
Seat 1: G.HANSEN333 folded before Flop (didn't bet)
Seat 2: Bessie0009 (button) folded on the Flop
Seat 3: Fold Your Cats (small blind) folded before Flop
Seat 4: BGS013 (big blind) showed [Kc 8c] and won ($26.22) with three of a kind, Fives
Seat 5: sbd250,270,200 folded before Flop (didn't bet)
Seat 6: PhoenixAssassin mucked



PokerStars Hand #254277658491:  Hold'em No Limit ($0.50/$1.00 USD) - 2025/01/09 14:03:13 WET [2025/01/09 9:03:13 ET]
Table 'Brachium II' 6-max Seat #3 is the button
Seat 1: G.HANSEN333 ($115.66 in chips) 
Seat 2: Bessie0009 ($21.54 in chips) 
Seat 3: Fold Your Cats ($100 in chips) 
Seat 4: BGS013 ($125.38 in chips) 
Seat 5: sbd250,270,200 ($24.13 in chips) 
Seat 6: PhoenixAssassin ($100.40 in chips) 
BGS013: posts small blind $0.50
sbd250,270,200: posts big blind $1
*** HOLE CARDS ***
PhoenixAssassin: folds 
G.HANSEN333: folds 
Bessie0009: raises $2.50 to $3.50
Fold Your Cats: folds 
BGS013: folds 
sbd250,270,200: calls $2.50
*** FLOP *** [4d 9d 8s]
sbd250,270,200: bets $3.56
Bessie0009: calls $3.56
*** TURN *** [4d 9d 8s] [9c]
sbd250,270,200: bets $6.95
Bessie0009: calls $6.95
*** RIVER *** [4d 9d 8s 9c] [Qc]
sbd250,270,200: bets $10.12 and is all-in
Bessie0009: folds 
Uncalled bet ($10.12) returned to sbd250,270,200
sbd250,270,200 collected $27.09 from pot
sbd250,270,200: doesn't show hand 
*** SUMMARY ***
Total pot $28.52 | Rake $1.43 
Board [4d 9d 8s 9c Qc]
Seat 1: G.HANSEN333 folded before Flop (didn't bet)
Seat 2: Bessie0009 folded on the River
Seat 3: Fold Your Cats (button) folded before Flop (didn't bet)
Seat 4: BGS013 (small blind) folded before Flop
Seat 5: sbd250,270,200 (big blind) collected ($27.09)
Seat 6: PhoenixAssassin folded before Flop (didn't bet)



PokerStars Hand #254277664105:  Hold'em No Limit ($0.50/$1.00 USD) - 2025/01/09 14:03:46 WET [2025/01/09 9:03:46 ET]
Table 'Brachium II' 6-max Seat #4 is the button
Seat 1: G.HANSEN333 ($115.66 in chips) 
Seat 2: Bessie0009 ($7.53 in chips) 
Seat 3: Fold Your Cats ($100 in chips) 
Seat 4: BGS013 ($124.88 in chips) 
Seat 5: sbd250,270,200 ($37.21 in chips) 
Seat 6: PhoenixAssassin ($100.40 in chips) 
sbd250,270,200: posts small blind $0.50
PhoenixAssassin: posts big blind $1
*** HOLE CARDS ***
G.HANSEN333: raises $1.50 to $2.50
Bessie0009: calls $2.50
Fold Your Cats: folds 
BGS013: folds 
sbd250,270,200: folds 
PhoenixAssassin: raises $10.50 to $13
G.HANSEN333: folds 
Bessie0009: calls $5.03 and is all-in
Uncalled bet ($5.47) returned to PhoenixAssassin
*** FLOP *** [3c Jh 7c]
*** TURN *** [3c Jh 7c] [9c]
*** RIVER *** [3c Jh 7c 9c] [2s]
*** SHOW DOWN ***
PhoenixAssassin: shows [Qs As] (high card Ace)
Bessie0009: shows [Jc Tc] (a flush, Jack high)
Bessie0009 collected $17.16 from pot
*** SUMMARY ***
Total pot $18.06 | Rake $0.90 
Board [3c Jh 7c 9c 2s]
Seat 1: G.HANSEN333 folded before Flop
Seat 2: Bessie0009 showed [Jc Tc] and won ($17.16) with a flush, Jack high
Seat 3: Fold Your Cats folded before Flop (didn't bet)
Seat 4: BGS013 (button) folded before Flop (didn't bet)
Seat 5: sbd250,270,200 (small blind) folded before Flop
Seat 6: PhoenixAssassin (big blind) showed [Qs As] and lost with high card Ace



PokerStars Hand #254277669194:  Hold'em No Limit ($0.50/$1.00 USD) - 2025/01/09 14:04:16 WET [2025/01/09 9:04:16 ET]
Table 'Brachium II' 6-max Seat #5 is the button
Seat 1: G.HANSEN333 ($113.16 in chips) 
Seat 2: Bessie0009 ($17.16 in chips) 
Seat 3: Fold Your Cats ($100 in chips) 
Seat 4: BGS013 ($124.88 in chips) 
Seat 5: sbd250,270,200 ($36.71 in chips) 
Seat 6: PhoenixAssassin ($100 in chips) 
PhoenixAssassin: posts small blind $0.50
G.HANSEN333: posts big blind $1
*** HOLE CARDS ***
Bessie0009: folds 
Fold Your Cats: folds 
BGS013: folds 
sbd250,270,200: raises $1 to $2
PhoenixAssassin: folds 
G.HANSEN333: calls $1
*** FLOP *** [Kh 4h 3h]
G.HANSEN333: checks 
sbd250,270,200: checks 
*** TURN *** [Kh 4h 3h] [2s]
G.HANSEN333: checks 
sbd250,270,200: bets $2
G.HANSEN333: folds 
Uncalled bet ($2) returned to sbd250,270,200
sbd250,270,200 collected $4.28 from pot
sbd250,270,200: doesn't show hand 
*** SUMMARY ***
Total pot $4.50 | Rake $0.22 
Board [Kh 4h 3h 2s]
Seat 1: G.HANSEN333 (big blind) folded on the Turn
Seat 2: Bessie0009 folded before Flop (didn't bet)
Seat 3: Fold Your Cats folded before Flop (didn't bet)
Seat 4: BGS013 folded before Flop (didn't bet)
Seat 5: sbd250,270,200 (button) collected ($4.28)
Seat 6: PhoenixAssassin (small blind) folded before Flop



PokerStars Hand #254277674283:  Hold'em No Limit ($0.50/$1.00 USD) - 2025/01/09 14:04:45 WET [2025/01/09 9:04:45 ET]
Table 'Brachium II' 6-max Seat #6 is the button
Seat 1: G.HANSEN333 ($111.16 in chips) 
Seat 2: Bessie0009 ($17.16 in chips) 
Seat 3: Fold Your Cats ($100 in chips) 
Seat 4: BGS013 ($124.88 in chips) 
Seat 5: sbd250,270,200 ($38.99 in chips) 
Seat 6: PhoenixAssassin ($100 in chips) 
G.HANSEN333: posts small blind $0.50
Bessie0009: posts big blind $1
*** HOLE CARDS ***
Fold Your Cats: folds 
BGS013: folds 
sbd250,270,200: folds 
PhoenixAssassin: folds 
G.HANSEN333: folds 
Uncalled bet ($0.50) returned to Bessie0009
Bessie0009 collected $1 from pot
*** SUMMARY ***
Total pot $1 | Rake $0 
Seat 1: G.HANSEN333 (small blind) folded before Flop
Seat 2: Bessie0009 (big blind) collected ($1)
Seat 3: Fold Your Cats folded before Flop (didn't bet)
Seat 4: BGS013 folded before Flop (didn't bet)
Seat 5: sbd250,270,200 folded before Flop (didn't bet)
Seat 6: PhoenixAssassin (button) folded before Flop (didn't bet)



PokerStars Hand #254277676247:  Hold'em No Limit ($0.50/$1.00 USD) - 2025/01/09 14:04:56 WET [2025/01/09 9:04:56 ET]
Table 'Brachium II' 6-max Seat #1 is the button
Seat 1: G.HANSEN333 ($110.66 in chips) 
Seat 2: Bessie0009 ($17.66 in chips) 
Seat 3: Fold Your Cats ($100 in chips) 
Seat 4: BGS013 ($124.88 in chips) 
Seat 5: sbd250,270,200 ($38.99 in chips) 
Seat 6: PhoenixAssassin ($100 in chips) 
Bessie0009: posts small blind $0.50
Fold Your Cats: posts big blind $1
*** HOLE CARDS ***
BGS013: folds 
sbd250,270,200: folds 
PhoenixAssassin: folds 
G.HANSEN333: raises $1.50 to $2.50
Bessie0009: folds 
Fold Your Cats: folds 
Uncalled bet ($1.50) returned to G.HANSEN333
G.HANSEN333 collected $2.50 from pot
G.HANSEN333: doesn't show hand 
*** SUMMARY ***
Total pot $2.50 | Rake $0 
Seat 1: G.HANSEN333 (button) collected ($2.50)
Seat 2: Bessie0009 (small blind) folded before Flop
Seat 3: Fold Your Cats (big blind) folded before Flop
Seat 4: BGS013 folded before Flop (didn't bet)
Seat 5: sbd250,270,200 folded before Flop (didn't bet)
Seat 6: PhoenixAssassin folded before Flop (didn't bet)



PokerStars Hand #254277678653:  Hold'em No Limit ($0.50/$1.00 USD) - 2025/01/09 14:05:10 WET [2025/01/09 9:05:10 ET]
Table 'Brachium II' 6-max Seat #2 is the button
Seat 1: G.HANSEN333 ($112.16 in chips) 
Seat 2: Bessie0009 ($17.16 in chips) 
Seat 3: Fold Your Cats ($100 in chips) 
Seat 4: BGS013 ($124.88 in chips) 
Seat 5: sbd250,270,200 ($38.99 in chips) 
Seat 6: PhoenixAssassin ($100 in chips) 
Fold Your Cats: posts small blind $0.50
BGS013: posts big blind $1
*** HOLE CARDS ***
sbd250,270,200: folds 
PhoenixAssassin: folds 
G.HANSEN333: folds 
Bessie0009: folds 
Fold Your Cats: folds 
Uncalled bet ($0.50) returned to BGS013
BGS013 collected $1 from pot
BGS013: doesn't show hand 
*** SUMMARY ***
Total pot $1 | Rake $0 
Seat 1: G.HANSEN333 folded before Flop (didn't bet)
Seat 2: Bessie0009 (button) folded before Flop (didn't bet)
Seat 3: Fold Your Cats (small blind) folded before Flop
Seat 4: BGS013 (big blind) collected ($1)
Seat 5: sbd250,270,200 folded before Flop (didn't bet)
Seat 6: PhoenixAssassin folded before Flop (didn't bet)



PokerStars Hand #254277680706:  Hold'em No Limit ($0.50/$1.00 USD) - 2025/01/09 14:05:22 WET [2025/01/09 9:05:22 ET]
Table 'Brachium II' 6-max Seat #3 is the button
Seat 1: G.HANSEN333 ($112.16 in chips) 
Seat 2: Bessie0009 ($17.16 in chips) 
Seat 3: Fold Your Cats ($100 in chips) 
Seat 4: BGS013 ($125.38 in chips) 
Seat 5: sbd250,270,200 ($38.99 in chips) 
Seat 6: PhoenixAssassin ($100 in chips) 
BGS013: posts small blind $0.50
sbd250,270,200: posts big blind $1
*** HOLE CARDS ***
PhoenixAssassin: raises $1.20 to $2.20
G.HANSEN333: folds 
Bessie0009: calls $2.20
Fold Your Cats: folds 
BGS013: folds 
sbd250,270,200: folds 
*** FLOP *** [8h 3d 6h]
PhoenixAssassin: bets $3.70
Bessie0009: calls $3.70
*** TURN *** [8h 3d 6h] [7h]
PhoenixAssassin: bets $12.64
Bessie0009: calls $11.26 and is all-in
Uncalled bet ($1.38) returned to PhoenixAssassin
*** RIVER *** [8h 3d 6h 7h] [3h]
*** SHOW DOWN ***
PhoenixAssassin: shows [8s 7s] (two pair, Eights and Sevens)
Bessie0009: shows [4d 4h] (a flush, Eight high)
Bessie0009 cashed out the hand for $10.60 | Cash Out Fee $0.22
*** SUMMARY ***
Total pot $35.82 | Rake $1.79 
Board [8h 3d 6h 7h 3h]
Seat 1: G.HANSEN333 folded before Flop (didn't bet)
Seat 2: Bessie0009 showed [4d 4h] and won ($34.03) with a flush, Eight high (pot not awarded as player cashed out)
Seat 3: Fold Your Cats (button) folded before Flop (didn't bet)
Seat 4: BGS013 (small blind) folded before Flop
Seat 5: sbd250,270,200 (big blind) folded before Flop
Seat 6: PhoenixAssassin showed [8s 7s] and lost with two pair, Eights and Sevens



PokerStars Hand #254277691356:  Hold'em No Limit ($0.50/$1.00 USD) - 2025/01/09 14:06:22 WET [2025/01/09 9:06:22 ET]
Table 'Brachium II' 6-max Seat #4 is the button
Seat 1: G.HANSEN333 ($112.16 in chips) 
Seat 2: Bessie0009 ($10.60 in chips) 
Seat 3: Fold Your Cats ($100 in chips) 
Seat 4: BGS013 ($124.88 in chips) 
Seat 5: sbd250,270,200 ($37.99 in chips) 
Seat 6: PhoenixAssassin ($100 in chips) 
sbd250,270,200: posts small blind $0.50
PhoenixAssassin: posts big blind $1
*** HOLE CARDS ***
G.HANSEN333: folds 
Bessie0009: folds 
Fold Your Cats: folds 
BGS013: raises $1.50 to $2.50
sbd250,270,200: folds 
PhoenixAssassin: folds 
Uncalled bet ($1.50) returned to BGS013
BGS013 collected $2.50 from pot
BGS013: doesn't show hand 
*** SUMMARY ***
Total pot $2.50 | Rake $0 
Seat 1: G.HANSEN333 folded before Flop (didn't bet)
Seat 2: Bessie0009 folded before Flop (didn't bet)
Seat 3: Fold Your Cats folded before Flop (didn't bet)
Seat 4: BGS013 (button) collected ($2.50)
Seat 5: sbd250,270,200 (small blind) folded before Flop
Seat 6: PhoenixAssassin (big blind) folded before Flop



PokerStars Hand #254277693676:  Hold'em No Limit ($0.50/$1.00 USD) - 2025/01/09 14:06:35 WET [2025/01/09 9:06:35 ET]
Table 'Brachium II' 6-max Seat #5 is the button
Seat 1: G.HANSEN333 ($112.16 in chips) 
Seat 2: Bessie0009 ($10.60 in chips) 
Seat 3: Fold Your Cats ($100 in chips) 
Seat 4: BGS013 ($126.38 in chips) 
Seat 5: sbd250,270,200 ($37.49 in chips) 
Seat 6: PhoenixAssassin ($100 in chips) 
PhoenixAssassin: posts small blind $0.50
G.HANSEN333: posts big blind $1
*** HOLE CARDS ***
Bessie0009: raises $2.50 to $3.50
Fold Your Cats: raises $7.50 to $11
BGS013: folds 
sbd250,270,200: folds 
PhoenixAssassin: folds 
G.HANSEN333: folds 
Bessie0009: calls $7.10 and is all-in
Uncalled bet ($0.40) returned to Fold Your Cats
*** FLOP *** [7s 4s Kc]
*** TURN *** [7s 4s Kc] [Ks]
*** RIVER *** [7s 4s Kc Ks] [Kh]
*** SHOW DOWN ***
Bessie0009: shows [Ah 8h] (three of a kind, Kings)
Fold Your Cats: shows [9c 9s] (a full house, Kings full of Nines)
Fold Your Cats collected $21.56 from pot
*** SUMMARY ***
Total pot $22.70 | Rake $1.14 
Board [7s 4s Kc Ks Kh]
Seat 1: G.HANSEN333 (big blind) folded before Flop
Seat 2: Bessie0009 showed [Ah 8h] and lost with three of a kind, Kings
Seat 3: Fold Your Cats showed [9c 9s] and won ($21.56) with a full house, Kings full of Nines
Seat 4: BGS013 folded before Flop (didn't bet)
Seat 5: sbd250,270,200 (button) folded before Flop (didn't bet)
Seat 6: PhoenixAssassin (small blind) folded before Flop



PokerStars Hand #254277700050:  Hold'em No Limit ($0.50/$1.00 USD) - 2025/01/09 14:07:12 WET [2025/01/09 9:07:12 ET]
Table 'Brachium II' 6-max Seat #6 is the button
Seat 2: Bessie0009 ($0 in chips) is sitting out
Seat 1: G.HANSEN333 ($111.16 in chips) 
Seat 3: Fold Your Cats ($110.96 in chips) 
Seat 4: BGS013 ($126.38 in chips) 
Seat 5: sbd250,270,200 ($37.49 in chips) 
Seat 6: PhoenixAssassin ($100 in chips) 
G.HANSEN333: posts small blind $0.50
Fold Your Cats: posts big blind $1
*** HOLE CARDS ***
BGS013: folds 
sbd250,270,200: raises $2 to $3
PhoenixAssassin: folds 
Bessie0009 leaves the table
G.HANSEN333: folds 
Fold Your Cats: calls $2
*** FLOP *** [Jc 4d 4c]
Fold Your Cats: checks 
sbd250,270,200: bets $6.18
Fold Your Cats: calls $6.18
*** TURN *** [Jc 4d 4c] [Kh]
Fold Your Cats: checks 
sbd250,270,200: checks 
*** RIVER *** [Jc 4d 4c Kh] [6c]
Fold Your Cats: bets $4.48
sbd250,270,200: folds 
Uncalled bet ($4.48) returned to Fold Your Cats
Fold Your Cats collected $17.92 from pot
Fold Your Cats: doesn't show hand 
*** SUMMARY ***
Total pot $18.86 | Rake $0.94 
Board [Jc 4d 4c Kh 6c]
Seat 2: Bessie0009
Seat 1: G.HANSEN333 (small blind) folded before Flop
Seat 3: Fold Your Cats (big blind) collected ($17.92)
Seat 4: BGS013 folded before Flop (didn't bet)
Seat 5: sbd250,270,200 folded on the River
Seat 6: PhoenixAssassin (button) folded before Flop (didn't bet)



PokerStars Hand #254277707536:  Hold'em No Limit ($0.50/$1.00 USD) - 2025/01/09 14:07:55 WET [2025/01/09 9:07:55 ET]
Table 'Brachium II' 6-max Seat #1 is the button
Seat 1: G.HANSEN333 ($110.66 in chips) 
Seat 3: Fold Your Cats ($119.70 in chips) 
Seat 4: BGS013 ($126.38 in chips) 
Seat 5: sbd250,270,200 ($28.31 in chips) 
Seat 6: PhoenixAssassin ($100 in chips) 
Fold Your Cats: posts small blind $0.50
BGS013: posts big blind $1
*** HOLE CARDS ***
sbd250,270,200: raises $1 to $2
PhoenixAssassin: folds 
G.HANSEN333: folds 
Fold Your Cats: folds 
BGS013: calls $1
*** FLOP *** [9c Ac 4s]
BGS013: checks 
sbd250,270,200: checks 
*** TURN *** [9c Ac 4s] [3c]
BGS013: checks 
sbd250,270,200: bets $2
BGS013: folds 
Uncalled bet ($2) returned to sbd250,270,200
sbd250,270,200 collected $4.28 from pot
sbd250,270,200: doesn't show hand 
*** SUMMARY ***
Total pot $4.50 | Rake $0.22 
Board [9c Ac 4s 3c]
Seat 1: G.HANSEN333 (button) folded before Flop (didn't bet)
Seat 3: Fold Your Cats (small blind) folded before Flop
Seat 4: BGS013 (big blind) folded on the Turn
Seat 5: sbd250,270,200 collected ($4.28)
Seat 6: PhoenixAssassin folded before Flop (didn't bet)



PokerStars Hand #254277711834:  Hold'em No Limit ($0.50/$1.00 USD) - 2025/01/09 14:08:19 WET [2025/01/09 9:08:19 ET]
Table 'Brachium II' 6-max Seat #3 is the button
Seat 1: G.HANSEN333 ($110.66 in chips) 
Seat 3: Fold Your Cats ($119.20 in chips) 
Seat 4: BGS013 ($124.38 in chips) 
Seat 5: sbd250,270,200 ($30.59 in chips) 
Seat 6: PhoenixAssassin ($100 in chips) 
BGS013: posts small blind $0.50
sbd250,270,200: posts big blind $1
*** HOLE CARDS ***
PhoenixAssassin: folds 
G.HANSEN333: folds 
Fold Your Cats: raises $1.50 to $2.50
BGS013: folds 
sbd250,270,200: folds 
Uncalled bet ($1.50) returned to Fold Your Cats
Fold Your Cats collected $2.50 from pot
Fold Your Cats: doesn't show hand 
*** SUMMARY ***
Total pot $2.50 | Rake $0 
Seat 1: G.HANSEN333 folded before Flop (didn't bet)
Seat 3: Fold Your Cats (button) collected ($2.50)
Seat 4: BGS013 (small blind) folded before Flop
Seat 5: sbd250,270,200 (big blind) folded before Flop
Seat 6: PhoenixAssassin folded before Flop (didn't bet)



PokerStars Hand #254277713673:  Hold'em No Limit ($0.50/$1.00 USD) - 2025/01/09 14:08:30 WET [2025/01/09 9:08:30 ET]
Table 'Brachium II' 6-max Seat #4 is the button
Seat 1: G.HANSEN333 ($110.66 in chips) 
Seat 3: Fold Your Cats ($120.70 in chips) 
Seat 4: BGS013 ($123.88 in chips) 
Seat 5: sbd250,270,200 ($29.59 in chips) 
Seat 6: PhoenixAssassin ($100 in chips) 
sbd250,270,200: posts small blind $0.50
PhoenixAssassin: posts big blind $1
*** HOLE CARDS ***
G.HANSEN333: folds 
Fold Your Cats: folds 
BGS013: folds 
sbd250,270,200: folds 
Uncalled bet ($0.50) returned to PhoenixAssassin
PhoenixAssassin collected $1 from pot
PhoenixAssassin: doesn't show hand 
*** SUMMARY ***
Total pot $1 | Rake $0 
Seat 1: G.HANSEN333 folded before Flop (didn't bet)
Seat 3: Fold Your Cats folded before Flop (didn't bet)
Seat 4: BGS013 (button) folded before Flop (didn't bet)
Seat 5: sbd250,270,200 (small blind) folded before Flop
Seat 6: PhoenixAssassin (big blind) collected ($1)



PokerStars Hand #254277715939:  Hold'em No Limit ($0.50/$1.00 USD) - 2025/01/09 14:08:43 WET [2025/01/09 9:08:43 ET]
Table 'Brachium II' 6-max Seat #5 is the button
Seat 1: G.HANSEN333 ($110.66 in chips) 
Seat 3: Fold Your Cats ($120.70 in chips) 
Seat 4: BGS013 ($123.88 in chips) 
Seat 5: sbd250,270,200 ($29.09 in chips) 
Seat 6: PhoenixAssassin ($100.50 in chips) 
PhoenixAssassin: posts small blind $0.50
G.HANSEN333: posts big blind $1
*** HOLE CARDS ***
Bessie0009 joins the table at seat #2 
Bessie0009 is disconnected 
Fold Your Cats: folds 
BGS013: folds 
sbd250,270,200: raises $1 to $2
PhoenixAssassin: folds 
G.HANSEN333: folds 
Uncalled bet ($1) returned to sbd250,270,200
sbd250,270,200 collected $2.50 from pot
sbd250,270,200: doesn't show hand 
*** SUMMARY ***
Total pot $2.50 | Rake $0 
Seat 1: G.HANSEN333 (big blind) folded before Flop
Seat 3: Fold Your Cats folded before Flop (didn't bet)
Seat 4: BGS013 folded before Flop (didn't bet)
Seat 5: sbd250,270,200 (button) collected ($2.50)
Seat 6: PhoenixAssassin (small blind) folded before Flop



PokerStars Hand #254277718874:  Hold'em No Limit ($0.50/$1.00 USD) - 2025/01/09 14:09:00 WET [2025/01/09 9:09:00 ET]
Table 'Brachium II' 6-max Seat #6 is the button
Seat 1: G.HANSEN333 ($109.66 in chips) 
Seat 2: Bessie0009 ($23.86 in chips) 
Seat 3: Fold Your Cats ($120.70 in chips) 
Seat 4: BGS013 ($123.88 in chips) 
Seat 5: sbd250,270,200 ($30.59 in chips) 
Seat 6: PhoenixAssassin ($100 in chips) 
G.HANSEN333: posts small blind $0.50
Bessie0009: posts big blind $1
*** HOLE CARDS ***
Fold Your Cats: folds 
BGS013: folds 
sbd250,270,200: folds 
PhoenixAssassin: folds 
G.HANSEN333: raises $2 to $3
Bessie0009: folds 
Uncalled bet ($2) returned to G.HANSEN333
G.HANSEN333 collected $2 from pot
G.HANSEN333: doesn't show hand 
*** SUMMARY ***
Total pot $2 | Rake $0 
Seat 1: G.HANSEN333 (small blind) collected ($2)
Seat 2: Bessie0009 (big blind) folded before Flop
Seat 3: Fold Your Cats folded before Flop (didn't bet)
Seat 4: BGS013 folded before Flop (didn't bet)
Seat 5: sbd250,270,200 folded before Flop (didn't bet)
Seat 6: PhoenixAssassin (button) folded before Flop (didn't bet)



PokerStars Hand #254277722136:  Hold'em No Limit ($0.50/$1.00 USD) - 2025/01/09 14:09:18 WET [2025/01/09 9:09:18 ET]
Table 'Brachium II' 6-max Seat #1 is the button
Seat 1: G.HANSEN333 ($110.66 in chips) 
Seat 2: Bessie0009 ($22.86 in chips) 
Seat 3: Fold Your Cats ($120.70 in chips) 
Seat 4: BGS013 ($123.88 in chips) 
Seat 5: sbd250,270,200 ($30.59 in chips) 
Seat 6: PhoenixAssassin ($100 in chips) 
Bessie0009: posts small blind $0.50
Fold Your Cats: posts big blind $1
*** HOLE CARDS ***
BGS013: folds 
sbd250,270,200: raises $1 to $2
PhoenixAssassin: folds 
G.HANSEN333: folds 
Bessie0009: calls $1.50
Fold Your Cats: folds 
*** FLOP *** [Tc 8h 4d]
Bessie0009: checks 
sbd250,270,200: bets $2
Bessie0009: calls $2
*** TURN *** [Tc 8h 4d] [Ac]
Bessie0009: checks 
sbd250,270,200: checks 
*** RIVER *** [Tc 8h 4d Ac] [Qs]
Bessie0009: checks 
sbd250,270,200: checks 
*** SHOW DOWN ***
Bessie0009: shows [Jc 8c] (a pair of Eights)
sbd250,270,200: mucks hand 
Bessie0009 collected $8.55 from pot
*** SUMMARY ***
Total pot $9 | Rake $0.45 
Board [Tc 8h 4d Ac Qs]
Seat 1: G.HANSEN333 (button) folded before Flop (didn't bet)
Seat 2: Bessie0009 (small blind) showed [Jc 8c] and won ($8.55) with a pair of Eights
Seat 3: Fold Your Cats (big blind) folded before Flop
Seat 4: BGS013 folded before Flop (didn't bet)
Seat 5: sbd250,270,200 mucked
Seat 6: PhoenixAssassin folded before Flop (didn't bet)



PokerStars Hand #254277727658:  Hold'em No Limit ($0.50/$1.00 USD) - 2025/01/09 14:09:50 WET [2025/01/09 9:09:50 ET]
Table 'Brachium II' 6-max Seat #2 is the button
Seat 1: G.HANSEN333 ($110.66 in chips) 
Seat 2: Bessie0009 ($27.41 in chips) 
Seat 3: Fold Your Cats ($119.70 in chips) 
Seat 4: BGS013 ($123.88 in chips) 
Seat 5: sbd250,270,200 ($26.59 in chips) 
Seat 6: PhoenixAssassin ($100 in chips) 
Fold Your Cats: posts small blind $0.50
BGS013: posts big blind $1
*** HOLE CARDS ***
sbd250,270,200: calls $1
PhoenixAssassin: folds 
G.HANSEN333: folds 
Bessie0009: raises $3.50 to $4.50
Fold Your Cats: folds 
BGS013: folds 
sbd250,270,200: folds 
Uncalled bet ($3.50) returned to Bessie0009
Bessie0009 collected $3.50 from pot
*** SUMMARY ***
Total pot $3.50 | Rake $0 
Seat 1: G.HANSEN333 folded before Flop (didn't bet)
Seat 2: Bessie0009 (button) collected ($3.50)
Seat 3: Fold Your Cats (small blind) folded before Flop
Seat 4: BGS013 (big blind) folded before Flop
Seat 5: sbd250,270,200 folded before Flop
Seat 6: PhoenixAssassin folded before Flop (didn't bet)



PokerStars Hand #254277732065:  Hold'em No Limit ($0.50/$1.00 USD) - 2025/01/09 14:10:15 WET [2025/01/09 9:10:15 ET]
Table 'Brachium II' 6-max Seat #3 is the button
Seat 1: G.HANSEN333 ($110.66 in chips) 
Seat 2: Bessie0009 ($29.91 in chips) 
Seat 3: Fold Your Cats ($119.20 in chips) 
Seat 4: BGS013 ($122.88 in chips) 
Seat 5: sbd250,270,200 ($25.59 in chips) 
Seat 6: PhoenixAssassin ($100 in chips) 
BGS013: posts small blind $0.50
sbd250,270,200: posts big blind $1
*** HOLE CARDS ***
PhoenixAssassin: raises $1.20 to $2.20
G.HANSEN333: folds 
Bessie0009: folds 
Fold Your Cats: folds 
BGS013: folds 
sbd250,270,200: calls $1.20
*** FLOP *** [Jd Ad Jc]
sbd250,270,200: checks 
PhoenixAssassin: bets $1.54
sbd250,270,200: folds 
Uncalled bet ($1.54) returned to PhoenixAssassin
PhoenixAssassin collected $4.66 from pot
PhoenixAssassin: doesn't show hand 
*** SUMMARY ***
Total pot $4.90 | Rake $0.24 
Board [Jd Ad Jc]
Seat 1: G.HANSEN333 folded before Flop (didn't bet)
Seat 2: Bessie0009 folded before Flop (didn't bet)
Seat 3: Fold Your Cats (button) folded before Flop (didn't bet)
Seat 4: BGS013 (small blind) folded before Flop
Seat 5: sbd250,270,200 (big blind) folded on the Flop
Seat 6: PhoenixAssassin collected ($4.66)



PokerStars Hand #254277736112:  Hold'em No Limit ($0.50/$1.00 USD) - 2025/01/09 14:10:38 WET [2025/01/09 9:10:38 ET]
Table 'Brachium II' 6-max Seat #4 is the button
Seat 1: G.HANSEN333 ($110.66 in chips) 
Seat 2: Bessie0009 ($29.91 in chips) 
Seat 3: Fold Your Cats ($119.20 in chips) 
Seat 4: BGS013 ($122.38 in chips) 
Seat 5: sbd250,270,200 ($23.39 in chips) 
Seat 6: PhoenixAssassin ($102.46 in chips) 
sbd250,270,200: posts small blind $0.50
PhoenixAssassin: posts big blind $1
*** HOLE CARDS ***
G.HANSEN333: folds 
Bessie0009: calls $1
Fold Your Cats: raises $3 to $4
BGS013: folds 
sbd250,270,200: raises $19.39 to $23.39 and is all-in
PhoenixAssassin: folds 
Bessie0009: folds 
Fold Your Cats: calls $19.39
*** FLOP *** [Kh 6s 9c]
*** TURN *** [Kh 6s 9c] [4d]
*** RIVER *** [Kh 6s 9c 4d] [Qs]
*** SHOW DOWN ***
sbd250,270,200: shows [Ah Td] (high card Ace)
Fold Your Cats: shows [Ad Qh] (a pair of Queens)
Fold Your Cats collected $46.34 from pot
*** SUMMARY ***
Total pot $48.78 | Rake $2.44 
Board [Kh 6s 9c 4d Qs]
Seat 1: G.HANSEN333 folded before Flop (didn't bet)
Seat 2: Bessie0009 folded before Flop
Seat 3: Fold Your Cats showed [Ad Qh] and won ($46.34) with a pair of Queens
Seat 4: BGS013 (button) folded before Flop (didn't bet)
Seat 5: sbd250,270,200 (small blind) showed [Ah Td] and lost with high card Ace
Seat 6: PhoenixAssassin (big blind) folded before Flop



PokerStars Hand #254277744533:  Hold'em No Limit ($0.50/$1.00 USD) - 2025/01/09 14:11:27 WET [2025/01/09 9:11:27 ET]
Table 'Brachium II' 6-max Seat #6 is the button
Seat 1: G.HANSEN333 ($110.66 in chips) 
Seat 2: Bessie0009 ($28.91 in chips) 
Seat 3: Fold Your Cats ($142.15 in chips) 
Seat 4: BGS013 ($122.38 in chips) 
Seat 6: PhoenixAssassin ($101.46 in chips) 
G.HANSEN333: posts small blind $0.50
Bessie0009: posts big blind $1
*** HOLE CARDS ***
Fold Your Cats: folds 
BGS013: folds 
PhoenixAssassin: folds 
G.HANSEN333: folds 
Uncalled bet ($0.50) returned to Bessie0009
Bessie0009 collected $1 from pot
*** SUMMARY ***
Total pot $1 | Rake $0 
Seat 1: G.HANSEN333 (small blind) folded before Flop
Seat 2: Bessie0009 (big blind) collected ($1)
Seat 3: Fold Your Cats folded before Flop (didn't bet)
Seat 4: BGS013 folded before Flop (didn't bet)
Seat 6: PhoenixAssassin (button) folded before Flop (didn't bet)



PokerStars Hand #254277746528:  Hold'em No Limit ($0.50/$1.00 USD) - 2025/01/09 14:11:38 WET [2025/01/09 9:11:38 ET]
Table 'Brachium II' 6-max Seat #1 is the button
Seat 1: G.HANSEN333 ($110.16 in chips) 
Seat 2: Bessie0009 ($29.41 in chips) 
Seat 3: Fold Your Cats ($142.15 in chips) 
Seat 4: BGS013 ($122.38 in chips) 
Seat 6: PhoenixAssassin ($101.46 in chips) 
Bessie0009: posts small blind $0.50
Fold Your Cats: posts big blind $1
*** HOLE CARDS ***
BGS013: folds 
PhoenixAssassin: raises $1.50 to $2.50
G.HANSEN333: folds 
Bessie0009: calls $2
Fold Your Cats: folds 
*** FLOP *** [Ad Tc 4c]
Bessie0009: checks 
PhoenixAssassin: bets $1.88
Bessie0009: folds 
Uncalled bet ($1.88) returned to PhoenixAssassin
PhoenixAssassin collected $5.70 from pot
PhoenixAssassin: doesn't show hand 
*** SUMMARY ***
Total pot $6 | Rake $0.30 
Board [Ad Tc 4c]
Seat 1: G.HANSEN333 (button) folded before Flop (didn't bet)
Seat 2: Bessie0009 (small blind) folded on the Flop
Seat 3: Fold Your Cats (big blind) folded before Flop
Seat 4: BGS013 folded before Flop (didn't bet)
Seat 6: PhoenixAssassin collected ($5.70)



PokerStars Hand #254277751081:  Hold'em No Limit ($0.50/$1.00 USD) - 2025/01/09 14:12:04 WET [2025/01/09 9:12:04 ET]
Table 'Brachium II' 6-max Seat #2 is the button
Seat 1: G.HANSEN333 ($110.16 in chips) 
Seat 2: Bessie0009 ($26.91 in chips) 
Seat 3: Fold Your Cats ($141.15 in chips) 
Seat 4: BGS013 ($122.38 in chips) 
Seat 6: PhoenixAssassin ($104.66 in chips) 
Fold Your Cats: posts small blind $0.50
BGS013: posts big blind $1
*** HOLE CARDS ***
PhoenixAssassin: raises $1.20 to $2.20
G.HANSEN333: folds 
Bessie0009: calls $2.20
Fold Your Cats: folds 
BGS013: folds 
*** FLOP *** [Qs 2d 7d]
PhoenixAssassin: bets $1.85
Bessie0009: raises $4.65 to $6.50
PhoenixAssassin: calls $4.65
*** TURN *** [Qs 2d 7d] [8h]
PhoenixAssassin: checks 
Bessie0009: bets $17.96
PhoenixAssassin: raises $17.96 to $35.92
Bessie0009: calls $0.25 and is all-in
Uncalled bet ($17.71) returned to PhoenixAssassin
*** RIVER *** [Qs 2d 7d 8h] [2c]
*** SHOW DOWN ***
PhoenixAssassin: shows [7h 7s] (a full house, Sevens full of Deuces)
Bessie0009: shows [9c 8d] (two pair, Eights and Deuces)
PhoenixAssassin collected $52.82 from pot
*** SUMMARY ***
Total pot $55.32 | Rake $2.50 
Board [Qs 2d 7d 8h 2c]
Seat 1: G.HANSEN333 folded before Flop (didn't bet)
Seat 2: Bessie0009 (button) showed [9c 8d] and lost with two pair, Eights and Deuces
Seat 3: Fold Your Cats (small blind) folded before Flop
Seat 4: BGS013 (big blind) folded before Flop
Seat 6: PhoenixAssassin showed [7h 7s] and won ($52.82) with a full house, Sevens full of Deuces



PokerStars Hand #254277758981:  Hold'em No Limit ($0.50/$1.00 USD) - 2025/01/09 14:12:49 WET [2025/01/09 9:12:49 ET]
Table 'Brachium II' 6-max Seat #3 is the button
Seat 2: Bessie0009 ($0 in chips) is sitting out
Seat 6: PhoenixAssassin ($130.57 in chips) is sitting out
Seat 1: G.HANSEN333 ($110.16 in chips) 
Seat 3: Fold Your Cats ($140.65 in chips) 
Seat 4: BGS013 ($121.38 in chips) 
BGS013: posts small blind $0.50
PhoenixAssassin: is sitting out 
G.HANSEN333: posts big blind $1
*** HOLE CARDS ***
Fold Your Cats: raises $1.50 to $2.50
BGS013: folds 
Bessie0009 leaves the table
G.HANSEN333: folds 
Uncalled bet ($1.50) returned to Fold Your Cats
Fold Your Cats collected $2.50 from pot
Fold Your Cats: doesn't show hand 
*** SUMMARY ***
Total pot $2.50 | Rake $0 
Seat 2: Bessie0009
Seat 6: PhoenixAssassin
Seat 1: G.HANSEN333 (big blind) folded before Flop
Seat 3: Fold Your Cats (button) collected ($2.50)
Seat 4: BGS013 (small blind) folded before Flop



PokerStars Hand #254277760502:  Hold'em No Limit ($0.50/$1.00 USD) - 2025/01/09 14:12:58 WET [2025/01/09 9:12:58 ET]
Table 'Brachium II' 6-max Seat #1 is the button
Seat 3: Fold Your Cats ($142.15 in chips) is sitting out
Seat 6: PhoenixAssassin ($130.57 in chips) is sitting out
Seat 1: G.HANSEN333 ($109.16 in chips) 
Seat 4: BGS013 ($120.88 in chips) 
G.HANSEN333: posts small blind $0.50
Fold Your Cats: is sitting out 
BGS013: posts big blind $1
*** HOLE CARDS ***
PhoenixAssassin leaves the table
G.HANSEN333: raises $2 to $3
BGS013: calls $2
*** FLOP *** [Ac Js Tc]
BGS013: checks 
G.HANSEN333: bets $3
BGS013: folds 
Uncalled bet ($3) returned to G.HANSEN333
G.HANSEN333 collected $5.70 from pot
G.HANSEN333: doesn't show hand 
Fold Your Cats leaves the table
*** SUMMARY ***
Total pot $6 | Rake $0.30 
Board [Ac Js Tc]
Seat 3: Fold Your Cats
Seat 6: PhoenixAssassin
Seat 1: G.HANSEN333 (button) (small blind) collected ($5.70)
Seat 4: BGS013 (big blind) folded on the Flop



PokerStars Hand #254277764155:  Hold'em No Limit ($0.50/$1.00 USD) - 2025/01/09 14:13:19 WET [2025/01/09 9:13:19 ET]
Table 'Brachium II' 6-max Seat #4 is the button
Seat 1: G.HANSEN333 ($111.86 in chips) 
Seat 4: BGS013 ($117.88 in chips) 
BGS013: posts small blind $0.50
G.HANSEN333: posts big blind $1
*** HOLE CARDS ***
BGS013: raises $1.50 to $2.50
G.HANSEN333: folds 
Uncalled bet ($1.50) returned to BGS013
BGS013 collected $2 from pot
BGS013: doesn't show hand 
*** SUMMARY ***
Total pot $2 | Rake $0 
Seat 1: G.HANSEN333 (big blind) folded before Flop
Seat 4: BGS013 (button) (small blind) collected ($2)



PokerStars Hand #254277765766:  Hold'em No Limit ($0.50/$1.00 USD) - 2025/01/09 14:13:28 WET [2025/01/09 9:13:28 ET]
Table 'Brachium II' 6-max Seat #1 is the button
Seat 1: G.HANSEN333 ($110.86 in chips) 
Seat 4: BGS013 ($118.88 in chips) 
G.HANSEN333: posts small blind $0.50
BGS013: posts big blind $1
*** HOLE CARDS ***
G.HANSEN333: folds 
Uncalled bet ($0.50) returned to BGS013
BGS013 collected $1 from pot
BGS013: doesn't show hand 
*** SUMMARY ***
Total pot $1 | Rake $0 
Seat 1: G.HANSEN333 (button) (small blind) folded before Flop
Seat 4: BGS013 (big blind) collected ($1)



PokerStars Hand #254277766827:  Hold'em No Limit ($0.50/$1.00 USD) - 2025/01/09 14:13:33 WET [2025/01/09 9:13:33 ET]
Table 'Brachium II' 6-max Seat #4 is the button
Seat 1: G.HANSEN333 ($110.36 in chips) 
Seat 4: BGS013 ($119.38 in chips) 
BGS013: posts small blind $0.50
G.HANSEN333: posts big blind $1
*** HOLE CARDS ***
BGS013: folds 
Uncalled bet ($0.50) returned to G.HANSEN333
G.HANSEN333 collected $1 from pot
G.HANSEN333: doesn't show hand 
*** SUMMARY ***
Total pot $1 | Rake $0 
Seat 1: G.HANSEN333 (big blind) collected ($1)
Seat 4: BGS013 (button) (small blind) folded before Flop



PokerStars Hand #254277768000:  Hold'em No Limit ($0.50/$1.00 USD) - 2025/01/09 14:13:40 WET [2025/01/09 9:13:40 ET]
Table 'Brachium II' 6-max Seat #1 is the button
Seat 1: G.HANSEN333 ($110.86 in chips) 
Seat 4: BGS013 ($118.88 in chips) 
G.HANSEN333: posts small blind $0.50
BGS013: posts big blind $1
*** HOLE CARDS ***
G.HANSEN333: raises $2 to $3
BGS013: calls $2
*** FLOP *** [Qd 8h Td]
BGS013: checks 
G.HANSEN333: checks 
*** TURN *** [Qd 8h Td] [3s]
BGS013: bets $1.48
G.HANSEN333: folds 
Uncalled bet ($1.48) returned to BGS013
BGS013 collected $5.70 from pot
BGS013: doesn't show hand 
*** SUMMARY ***
Total pot $6 | Rake $0.30 
Board [Qd 8h Td 3s]
Seat 1: G.HANSEN333 (button) (small blind) folded on the Turn
Seat 4: BGS013 (big blind) collected ($5.70)



PokerStars Hand #254277772670:  Hold'em No Limit ($0.50/$1.00 USD) - 2025/01/09 14:14:07 WET [2025/01/09 9:14:07 ET]
Table 'Brachium II' 6-max Seat #4 is the button
Seat 1: G.HANSEN333 ($107.86 in chips) 
Seat 4: BGS013 ($121.58 in chips) 
BGS013: posts small blind $0.50
G.HANSEN333: posts big blind $1
*** HOLE CARDS ***
BGS013: raises $1.50 to $2.50
G.HANSEN333: raises $8.50 to $11
BGS013: calls $8.50
*** FLOP *** [Jd 8h Jh]
Bessie0009 joins the table at seat #2 
Bessie0009 is disconnected 
G.HANSEN333: checks 
BGS013: bets $4.50
G.HANSEN333: folds 
Uncalled bet ($4.50) returned to BGS013
BGS013 collected $21 from pot
BGS013: doesn't show hand 
*** SUMMARY ***
Total pot $22 | Rake $1 
Board [Jd 8h Jh]
Seat 1: G.HANSEN333 (big blind) folded on the Flop
Seat 4: BGS013 (button) (small blind) collected ($21)



PokerStars Hand #254277777285:  Hold'em No Limit ($0.50/$1.00 USD) - 2025/01/09 14:14:33 WET [2025/01/09 9:14:33 ET]
Table 'Brachium II' 6-max Seat #4 is the button
Seat 1: G.HANSEN333 ($100 in chips) 
Seat 2: Bessie0009 ($23.86 in chips) 
Seat 4: BGS013 ($131.58 in chips) 
G.HANSEN333: posts small blind $0.50
Bessie0009: posts big blind $1
*** HOLE CARDS ***
BGS013: raises $1.50 to $2.50
G.HANSEN333: folds 
Bessie0009: calls $1.50
*** FLOP *** [8c 4s 2h]
Bessie0009: checks 
BGS013: bets $1.36
Bessie0009: raises $7.94 to $9.30
Fold Your Cats joins the table at seat #3 
BGS013: folds 
Uncalled bet ($7.94) returned to Bessie0009
Bessie0009 collected $7.81 from pot
*** SUMMARY ***
Total pot $8.22 | Rake $0.41 
Board [8c 4s 2h]
Seat 1: G.HANSEN333 (small blind) folded before Flop
Seat 2: Bessie0009 (big blind) collected ($7.81)
Seat 4: BGS013 (button) folded on the Flop



PokerStars Hand #254277781092:  Hold'em No Limit ($0.50/$1.00 USD) - 2025/01/09 14:14:54 WET [2025/01/09 9:14:54 ET]
Table 'Brachium II' 6-max Seat #1 is the button
Seat 1: G.HANSEN333 ($100 in chips) 
Seat 2: Bessie0009 ($27.81 in chips) 
Seat 3: Fold Your Cats ($142.15 in chips) 
Seat 4: BGS013 ($127.72 in chips) 
Bessie0009: posts small blind $0.50
Fold Your Cats: posts big blind $1
*** HOLE CARDS ***
BGS013: folds 
G.HANSEN333: raises $1.50 to $2.50
Bessie0009: calls $2
Fold Your Cats: calls $1.50
*** FLOP *** [Jh 2s Qs]
Bessie0009: checks 
Fold Your Cats: checks 
G.HANSEN333: checks 
*** TURN *** [Jh 2s Qs] [8h]
Bessie0009: bets $7.12
Fold Your Cats: folds 
G.HANSEN333: folds 
Uncalled bet ($7.12) returned to Bessie0009
Bessie0009 collected $7.12 from pot
*** SUMMARY ***
Total pot $7.50 | Rake $0.38 
Board [Jh 2s Qs 8h]
Seat 1: G.HANSEN333 (button) folded on the Turn
Seat 2: Bessie0009 (small blind) collected ($7.12)
Seat 3: Fold Your Cats (big blind) folded on the Turn
Seat 4: BGS013 folded before Flop (didn't bet)



PokerStars Hand #254277787205:  Hold'em No Limit ($0.50/$1.00 USD) - 2025/01/09 14:15:29 WET [2025/01/09 9:15:29 ET]
Table 'Brachium II' 6-max Seat #2 is the button
Seat 1: G.HANSEN333 ($100 in chips) 
Seat 2: Bessie0009 ($32.43 in chips) 
Seat 3: Fold Your Cats ($139.65 in chips) 
Seat 4: BGS013 ($127.72 in chips) 
Fold Your Cats: posts small blind $0.50
BGS013: posts big blind $1
*** HOLE CARDS ***
G.HANSEN333: raises $1.50 to $2.50
Bessie0009: calls $2.50
Fold Your Cats: folds 
BGS013: folds 
*** FLOP *** [Tc Ah Td]
G.HANSEN333: checks 
Bessie0009: checks 
*** TURN *** [Tc Ah Td] [5h]
G.HANSEN333: checks 
Bessie0009: bets $6.18
G.HANSEN333: folds 
Uncalled bet ($6.18) returned to Bessie0009
Bessie0009 collected $6.18 from pot
*** SUMMARY ***
Total pot $6.50 | Rake $0.32 
Board [Tc Ah Td 5h]
Seat 1: G.HANSEN333 folded on the Turn
Seat 2: Bessie0009 (button) collected ($6.18)
Seat 3: Fold Your Cats (small blind) folded before Flop
Seat 4: BGS013 (big blind) folded before Flop



PokerStars Hand #254277797377:  Hold'em No Limit ($0.50/$1.00 USD) - 2025/01/09 14:16:25 WET [2025/01/09 9:16:25 ET]
Table 'Brachium II' 6-max Seat #3 is the button
Seat 1: G.HANSEN333 ($100 in chips) 
Seat 2: Bessie0009 ($36.11 in chips) 
Seat 3: Fold Your Cats ($139.15 in chips) 
Seat 4: BGS013 ($126.72 in chips) 
BGS013: posts small blind $0.50
G.HANSEN333: posts big blind $1
*** HOLE CARDS ***
Bessie0009: raises $2.50 to $3.50
Fold Your Cats: folds 
BGS013: folds 
G.HANSEN333: folds 
Uncalled bet ($2.50) returned to Bessie0009
Bessie0009 collected $2.50 from pot
*** SUMMARY ***
Total pot $2.50 | Rake $0 
Seat 1: G.HANSEN333 (big blind) folded before Flop
Seat 2: Bessie0009 collected ($2.50)
Seat 3: Fold Your Cats (button) folded before Flop (didn't bet)
Seat 4: BGS013 (small blind) folded before Flop



PokerStars Hand #254277800606:  Hold'em No Limit ($0.50/$1.00 USD) - 2025/01/09 14:16:43 WET [2025/01/09 9:16:43 ET]
Table 'Brachium II' 6-max Seat #4 is the button
Seat 1: G.HANSEN333 ($100 in chips) 
Seat 2: Bessie0009 ($37.61 in chips) 
Seat 3: Fold Your Cats ($139.15 in chips) 
Seat 4: BGS013 ($126.22 in chips) 
G.HANSEN333: posts small blind $0.50
Bessie0009: posts big blind $1
*** HOLE CARDS ***
Fold Your Cats: folds 
BGS013: folds 
TheBraveGirl joins the table at seat #6 
G.HANSEN333: folds 
Uncalled bet ($0.50) returned to Bessie0009
Bessie0009 collected $1 from pot
*** SUMMARY ***
Total pot $1 | Rake $0 
Seat 1: G.HANSEN333 (small blind) folded before Flop
Seat 2: Bessie0009 (big blind) collected ($1)
Seat 3: Fold Your Cats folded before Flop (didn't bet)
Seat 4: BGS013 (button) folded before Flop (didn't bet)



PokerStars Hand #254277802451:  Hold'em No Limit ($0.50/$1.00 USD) - 2025/01/09 14:16:53 WET [2025/01/09 9:16:53 ET]
Table 'Brachium II' 6-max Seat #1 is the button
Seat 6: TheBraveGirl ($100 in chips) is sitting out
Seat 1: G.HANSEN333 ($100 in chips) 
Seat 2: Bessie0009 ($38.11 in chips) 
Seat 3: Fold Your Cats ($139.15 in chips) 
Seat 4: BGS013 ($126.22 in chips) 
Bessie0009: posts small blind $0.50
Fold Your Cats: posts big blind $1
TheBraveGirl: sits out 
*** HOLE CARDS ***
BGS013: folds 
G.HANSEN333: folds 
Bessie0009: raises $2 to $3
Fold Your Cats: raises $6 to $9
Bessie0009: calls $6
*** FLOP *** [4h Ah 5c]
Bessie0009: checks 
Fold Your Cats: bets $5.50
Bessie0009: raises $23.61 to $29.11 and is all-in
Fold Your Cats: calls $23.61
Corsair444 joins the table at seat #5 
*** TURN *** [4h Ah 5c] [4d]
*** RIVER *** [4h Ah 5c 4d] [Jc]
*** SHOW DOWN ***
Bessie0009: shows [Ad Qc] (two pair, Aces and Fours)
Fold Your Cats: shows [Td Ts] (two pair, Tens and Fours)
Bessie0009 collected $75.22 from pot
*** SUMMARY ***
Total pot $76.22 | Rake $1 
Board [4h Ah 5c 4d Jc]
Seat 6: TheBraveGirl
Seat 1: G.HANSEN333 (button) folded before Flop (didn't bet)
Seat 2: Bessie0009 (small blind) showed [Ad Qc] and won ($75.22) with two pair, Aces and Fours
Seat 3: Fold Your Cats (big blind) showed [Td Ts] and lost with two pair, Tens and Fours
Seat 4: BGS013 folded before Flop (didn't bet)



PokerStars Hand #254277809038:  Hold'em No Limit ($0.50/$1.00 USD) - 2025/01/09 14:17:30 WET [2025/01/09 9:17:30 ET]
Table 'Brachium II' 6-max Seat #2 is the button
Seat 5: Corsair444 ($100 in chips) is sitting out
Seat 6: TheBraveGirl ($100 in chips) is sitting out
Seat 1: G.HANSEN333 ($100 in chips) 
Seat 2: Bessie0009 ($75.22 in chips) 
Seat 3: Fold Your Cats ($101.04 in chips) 
Seat 4: BGS013 ($126.22 in chips) 
Fold Your Cats: posts small blind $0.50
BGS013: posts big blind $1
Corsair444: sits out 
TheBraveGirl: sits out 
*** HOLE CARDS ***
G.HANSEN333: folds 
Bessie0009: folds 
Fold Your Cats: raises $2 to $3
BGS013: folds 
Uncalled bet ($2) returned to Fold Your Cats
Fold Your Cats collected $2 from pot
Fold Your Cats: doesn't show hand 
*** SUMMARY ***
Total pot $2 | Rake $0 
Seat 5: Corsair444
Seat 6: TheBraveGirl
Seat 1: G.HANSEN333 folded before Flop (didn't bet)
Seat 2: Bessie0009 (button) folded before Flop (didn't bet)
Seat 3: Fold Your Cats (small blind) collected ($2)
Seat 4: BGS013 (big blind) folded before Flop



PokerStars Hand #254277810919:  Hold'em No Limit ($0.50/$1.00 USD) - 2025/01/09 14:17:41 WET [2025/01/09 9:17:41 ET]
Table 'Brachium II' 6-max Seat #3 is the button
Seat 6: TheBraveGirl ($100 in chips) is sitting out
Seat 1: G.HANSEN333 ($100 in chips) 
Seat 2: Bessie0009 ($75.22 in chips) 
Seat 3: Fold Your Cats ($102.04 in chips) 
Seat 4: BGS013 ($125.22 in chips) 
Seat 5: Corsair444 ($100 in chips) 
BGS013: posts small blind $0.50
Corsair444: posts big blind $1
TheBraveGirl: sits out 
*** HOLE CARDS ***
G.HANSEN333: folds 
Bessie0009: calls $1
Fold Your Cats: raises $3 to $4
BGS013: folds 
Corsair444: folds 
Bessie0009: folds 
Uncalled bet ($3) returned to Fold Your Cats
Fold Your Cats collected $3.50 from pot
Fold Your Cats: doesn't show hand 
*** SUMMARY ***
Total pot $3.50 | Rake $0 
Seat 6: TheBraveGirl
Seat 1: G.HANSEN333 folded before Flop (didn't bet)
Seat 2: Bessie0009 folded before Flop
Seat 3: Fold Your Cats (button) collected ($3.50)
Seat 4: BGS013 (small blind) folded before Flop
Seat 5: Corsair444 (big blind) folded before Flop



PokerStars Hand #254277814059:  Hold'em No Limit ($0.50/$1.00 USD) - 2025/01/09 14:17:58 WET [2025/01/09 9:17:58 ET]
Table 'Brachium II' 6-max Seat #4 is the button
Seat 1: G.HANSEN333 ($100 in chips) 
Seat 2: Bessie0009 ($74.22 in chips) 
Seat 3: Fold Your Cats ($104.54 in chips) 
Seat 4: BGS013 ($124.72 in chips) 
Seat 5: Corsair444 ($99 in chips) 
Seat 6: TheBraveGirl ($100 in chips) 
Corsair444: posts small blind $0.50
TheBraveGirl: posts big blind $1
*** HOLE CARDS ***
G.HANSEN333: folds 
Bessie0009: folds 
Fold Your Cats: raises $1.50 to $2.50
BGS013: folds 
Corsair444: folds 
TheBraveGirl: calls $1.50
*** FLOP *** [4c 4s Kh]
TheBraveGirl: checks 
Fold Your Cats: bets $1.74
TheBraveGirl: calls $1.74
*** TURN *** [4c 4s Kh] [9c]
TheBraveGirl: checks 
Fold Your Cats: bets $6.40
TheBraveGirl: calls $6.40
*** RIVER *** [4c 4s Kh 9c] [2h]
TheBraveGirl: checks 
Fold Your Cats: bets $15.52
TheBraveGirl: folds 
Uncalled bet ($15.52) returned to Fold Your Cats
Fold Your Cats collected $20.69 from pot
Fold Your Cats: doesn't show hand 
*** SUMMARY ***
Total pot $21.78 | Rake $1.09 
Board [4c 4s Kh 9c 2h]
Seat 1: G.HANSEN333 folded before Flop (didn't bet)
Seat 2: Bessie0009 folded before Flop (didn't bet)
Seat 3: Fold Your Cats collected ($20.69)
Seat 4: BGS013 (button) folded before Flop (didn't bet)
Seat 5: Corsair444 (small blind) folded before Flop
Seat 6: TheBraveGirl (big blind) folded on the River



PokerStars Hand #254277821969:  Hold'em No Limit ($0.50/$1.00 USD) - 2025/01/09 14:18:42 WET [2025/01/09 9:18:42 ET]
Table 'Brachium II' 6-max Seat #5 is the button
Seat 1: G.HANSEN333 ($100 in chips) 
Seat 2: Bessie0009 ($74.22 in chips) 
Seat 3: Fold Your Cats ($114.59 in chips) 
Seat 4: BGS013 ($124.72 in chips) 
Seat 5: Corsair444 ($98.50 in chips) 
Seat 6: TheBraveGirl ($100 in chips) 
TheBraveGirl: posts small blind $0.50
G.HANSEN333: posts big blind $1
*** HOLE CARDS ***
Bessie0009: folds 
Fold Your Cats: raises $1.50 to $2.50
BGS013: folds 
Corsair444: folds 
TheBraveGirl: folds 
G.HANSEN333: folds 
Uncalled bet ($1.50) returned to Fold Your Cats
Fold Your Cats collected $2.50 from pot
Fold Your Cats: doesn't show hand 
*** SUMMARY ***
Total pot $2.50 | Rake $0 
Seat 1: G.HANSEN333 (big blind) folded before Flop
Seat 2: Bessie0009 folded before Flop (didn't bet)
Seat 3: Fold Your Cats collected ($2.50)
Seat 4: BGS013 folded before Flop (didn't bet)
Seat 5: Corsair444 (button) folded before Flop (didn't bet)
Seat 6: TheBraveGirl (small blind) folded before Flop



PokerStars Hand #254277824396:  Hold'em No Limit ($0.50/$1.00 USD) - 2025/01/09 14:18:55 WET [2025/01/09 9:18:55 ET]
Table 'Brachium II' 6-max Seat #6 is the button
Seat 1: G.HANSEN333 ($100 in chips) 
Seat 2: Bessie0009 ($74.22 in chips) 
Seat 3: Fold Your Cats ($116.09 in chips) 
Seat 4: BGS013 ($124.72 in chips) 
Seat 5: Corsair444 ($98.50 in chips) 
Seat 6: TheBraveGirl ($100 in chips) 
G.HANSEN333: posts small blind $0.50
Bessie0009: posts big blind $1
*** HOLE CARDS ***
Fold Your Cats: folds 
BGS013: raises $1 to $2
Corsair444: calls $2
TheBraveGirl: folds 
G.HANSEN333: folds 
Bessie0009: calls $1
*** FLOP *** [Jh 4h 9c]
Bessie0009: checks 
BGS013: bets $1.61
Corsair444: raises $1.61 to $3.22
Bessie0009: folds 
BGS013: calls $1.61
*** TURN *** [Jh 4h 9c] [7c]
BGS013: checks 
Corsair444: bets $6.15
BGS013: calls $6.15
*** RIVER *** [Jh 4h 9c 7c] [4c]
BGS013: checks 
Corsair444: checks 
*** SHOW DOWN ***
BGS013: shows [9d Ad] (two pair, Nines and Fours)
Corsair444: shows [Ac Ah] (two pair, Aces and Fours)
Corsair444 collected $23.98 from pot
*** SUMMARY ***
Total pot $25.24 | Rake $1.26 
Board [Jh 4h 9c 7c 4c]
Seat 1: G.HANSEN333 (small blind) folded before Flop
Seat 2: Bessie0009 (big blind) folded on the Flop
Seat 3: Fold Your Cats folded before Flop (didn't bet)
Seat 4: BGS013 showed [9d Ad] and lost with two pair, Nines and Fours
Seat 5: Corsair444 showed [Ac Ah] and won ($23.98) with two pair, Aces and Fours
Seat 6: TheBraveGirl (button) folded before Flop (didn't bet)



PokerStars Hand #254277832266:  Hold'em No Limit ($0.50/$1.00 USD) - 2025/01/09 14:19:39 WET [2025/01/09 9:19:39 ET]
Table 'Brachium II' 6-max Seat #1 is the button
Seat 1: G.HANSEN333 ($100 in chips) 
Seat 2: Bessie0009 ($72.22 in chips) 
Seat 3: Fold Your Cats ($116.09 in chips) 
Seat 4: BGS013 ($113.35 in chips) 
Seat 5: Corsair444 ($111.11 in chips) 
Seat 6: TheBraveGirl ($100 in chips) 
Bessie0009: posts small blind $0.50
Fold Your Cats: posts big blind $1
*** HOLE CARDS ***
BGS013: folds 
Corsair444: folds 
TheBraveGirl: folds 
G.HANSEN333: folds 
Bessie0009: folds 
Uncalled bet ($0.50) returned to Fold Your Cats
Fold Your Cats collected $1 from pot
Fold Your Cats: doesn't show hand 
*** SUMMARY ***
Total pot $1 | Rake $0 
Seat 1: G.HANSEN333 (button) folded before Flop (didn't bet)
Seat 2: Bessie0009 (small blind) folded before Flop
Seat 3: Fold Your Cats (big blind) collected ($1)
Seat 4: BGS013 folded before Flop (didn't bet)
Seat 5: Corsair444 folded before Flop (didn't bet)
Seat 6: TheBraveGirl folded before Flop (didn't bet)



PokerStars Hand #254277834997:  Hold'em No Limit ($0.50/$1.00 USD) - 2025/01/09 14:19:54 WET [2025/01/09 9:19:54 ET]
Table 'Brachium II' 6-max Seat #2 is the button
Seat 1: G.HANSEN333 ($100 in chips) 
Seat 2: Bessie0009 ($71.72 in chips) 
Seat 3: Fold Your Cats ($116.59 in chips) 
Seat 4: BGS013 ($113.35 in chips) 
Seat 5: Corsair444 ($111.11 in chips) 
Seat 6: TheBraveGirl ($100 in chips) 
Fold Your Cats: posts small blind $0.50
BGS013: posts big blind $1
*** HOLE CARDS ***
Corsair444: calls $1
TheBraveGirl: folds 
G.HANSEN333: raises $2.50 to $3.50
Bessie0009: folds 
Fold Your Cats: folds 
BGS013: folds 
Corsair444: calls $2.50
*** FLOP *** [2h 7s Ks]
Corsair444: checks 
G.HANSEN333: bets $5.25
Corsair444: folds 
Uncalled bet ($5.25) returned to G.HANSEN333
G.HANSEN333 collected $8.08 from pot
G.HANSEN333: doesn't show hand 
*** SUMMARY ***
Total pot $8.50 | Rake $0.42 
Board [2h 7s Ks]
Seat 1: G.HANSEN333 collected ($8.08)
Seat 2: Bessie0009 (button) folded before Flop (didn't bet)
Seat 3: Fold Your Cats (small blind) folded before Flop
Seat 4: BGS013 (big blind) folded before Flop
Seat 5: Corsair444 folded on the Flop
Seat 6: TheBraveGirl folded before Flop (didn't bet)



PokerStars Hand #254277846730:  Hold'em No Limit ($0.50/$1.00 USD) - 2025/01/09 14:20:59 WET [2025/01/09 9:20:59 ET]
Table 'Brachium II' 6-max Seat #3 is the button
Seat 1: G.HANSEN333 ($104.58 in chips) 
Seat 2: Bessie0009 ($71.72 in chips) 
Seat 3: Fold Your Cats ($116.09 in chips) 
Seat 4: BGS013 ($112.35 in chips) 
Seat 5: Corsair444 ($107.61 in chips) 
Seat 6: TheBraveGirl ($100 in chips) 
BGS013: posts small blind $0.50
Corsair444: posts big blind $1
*** HOLE CARDS ***
TheBraveGirl: folds 
G.HANSEN333: folds 
Bessie0009: folds 
Fold Your Cats: raises $1.50 to $2.50
BGS013: folds 
Corsair444: folds 
Uncalled bet ($1.50) returned to Fold Your Cats
Fold Your Cats collected $2.50 from pot
Fold Your Cats: doesn't show hand 
*** SUMMARY ***
Total pot $2.50 | Rake $0 
Seat 1: G.HANSEN333 folded before Flop (didn't bet)
Seat 2: Bessie0009 folded before Flop (didn't bet)
Seat 3: Fold Your Cats (button) collected ($2.50)
Seat 4: BGS013 (small blind) folded before Flop
Seat 5: Corsair444 (big blind) folded before Flop
Seat 6: TheBraveGirl folded before Flop (didn't bet)



PokerStars Hand #254277850580:  Hold'em No Limit ($0.50/$1.00 USD) - 2025/01/09 14:21:21 WET [2025/01/09 9:21:21 ET]
Table 'Brachium II' 6-max Seat #4 is the button
Seat 1: G.HANSEN333 ($104.58 in chips) 
Seat 2: Bessie0009 ($71.72 in chips) 
Seat 3: Fold Your Cats ($117.59 in chips) 
Seat 4: BGS013 ($111.85 in chips) 
Seat 5: Corsair444 ($106.61 in chips) 
Seat 6: TheBraveGirl ($100 in chips) 
Corsair444: posts small blind $0.50
TheBraveGirl: posts big blind $1
*** HOLE CARDS ***
G.HANSEN333: folds 
Bessie0009: calls $1
Fold Your Cats: folds 
BGS013: folds 
Corsair444: folds 
TheBraveGirl: checks 
*** FLOP *** [7s 8s 5d]
TheBraveGirl: checks 
Bessie0009: bets $2.38
TheBraveGirl: folds 
Uncalled bet ($2.38) returned to Bessie0009
Bessie0009 collected $2.38 from pot
*** SUMMARY ***
Total pot $2.50 | Rake $0.12 
Board [7s 8s 5d]
Seat 1: G.HANSEN333 folded before Flop (didn't bet)
Seat 2: Bessie0009 collected ($2.38)
Seat 3: Fold Your Cats folded before Flop (didn't bet)
Seat 4: BGS013 (button) folded before Flop (didn't bet)
Seat 5: Corsair444 (small blind) folded before Flop
Seat 6: TheBraveGirl (big blind) folded on the Flop



PokerStars Hand #254277856561:  Hold'em No Limit ($0.50/$1.00 USD) - 2025/01/09 14:21:54 WET [2025/01/09 9:21:54 ET]
Table 'Brachium II' 6-max Seat #5 is the button
Seat 1: G.HANSEN333 ($104.58 in chips) 
Seat 2: Bessie0009 ($73.10 in chips) 
Seat 3: Fold Your Cats ($117.59 in chips) 
Seat 4: BGS013 ($111.85 in chips) 
Seat 5: Corsair444 ($106.11 in chips) 
Seat 6: TheBraveGirl ($100 in chips) 
TheBraveGirl: posts small blind $0.50
G.HANSEN333: posts big blind $1
*** HOLE CARDS ***
Bessie0009: folds 
Fold Your Cats: raises $1.50 to $2.50
BGS013: folds 
Corsair444: calls $2.50
TheBraveGirl: folds 
G.HANSEN333: folds 
*** FLOP *** [Ac Jh Qc]
Fold Your Cats: bets $2.06
Corsair444: raises $2.06 to $4.12
Fold Your Cats: calls $2.06
*** TURN *** [Ac Jh Qc] [6d]
Fold Your Cats: checks 
Corsair444: bets $7
Fold Your Cats: calls $7
*** RIVER *** [Ac Jh Qc 6d] [4s]
Fold Your Cats: checks 
Corsair444: checks 
*** SHOW DOWN ***
Fold Your Cats: shows [Ah Kc] (a pair of Aces)
Corsair444: mucks hand 
Fold Your Cats collected $27.30 from pot
*** SUMMARY ***
Total pot $28.74 | Rake $1.44 
Board [Ac Jh Qc 6d 4s]
Seat 1: G.HANSEN333 (big blind) folded before Flop
Seat 2: Bessie0009 folded before Flop (didn't bet)
Seat 3: Fold Your Cats showed [Ah Kc] and won ($27.30) with a pair of Aces
Seat 4: BGS013 folded before Flop (didn't bet)
Seat 5: Corsair444 (button) mucked
Seat 6: TheBraveGirl (small blind) folded before Flop



PokerStars Hand #254277863802:  Hold'em No Limit ($0.50/$1.00 USD) - 2025/01/09 14:22:35 WET [2025/01/09 9:22:35 ET]
Table 'Brachium II' 6-max Seat #6 is the button
Seat 1: G.HANSEN333 ($103.58 in chips) 
Seat 2: Bessie0009 ($73.10 in chips) 
Seat 3: Fold Your Cats ($131.27 in chips) 
Seat 4: BGS013 ($111.85 in chips) 
Seat 5: Corsair444 ($92.49 in chips) 
Seat 6: TheBraveGirl ($100 in chips) 
G.HANSEN333: posts small blind $0.50
Bessie0009: posts big blind $1
*** HOLE CARDS ***
Fold Your Cats: folds 
BGS013: raises $1 to $2
Corsair444: calls $2
TheBraveGirl: folds 
G.HANSEN333: folds 
Bessie0009: calls $1
*** FLOP *** [Td 4c 9c]
Bessie0009: checks 
BGS013: checks 
Corsair444: checks 
*** TURN *** [Td 4c 9c] [9d]
Bessie0009: bets $6.18
BGS013: calls $6.18
Corsair444: folds 
*** RIVER *** [Td 4c 9c 9d] [2d]
Bessie0009: bets $8.96
BGS013: calls $8.96
*** SHOW DOWN ***
Bessie0009: shows [8h Qh] (a pair of Nines)
BGS013: shows [Ac As] (two pair, Aces and Nines)
BGS013 collected $34.94 from pot
*** SUMMARY ***
Total pot $36.78 | Rake $1.84 
Board [Td 4c 9c 9d 2d]
Seat 1: G.HANSEN333 (small blind) folded before Flop
Seat 2: Bessie0009 (big blind) showed [8h Qh] and lost with a pair of Nines
Seat 3: Fold Your Cats folded before Flop (didn't bet)
Seat 4: BGS013 showed [Ac As] and won ($34.94) with two pair, Aces and Nines
Seat 5: Corsair444 folded on the Turn
Seat 6: TheBraveGirl (button) folded before Flop (didn't bet)



PokerStars Hand #254277871647:  Hold'em No Limit ($0.50/$1.00 USD) - 2025/01/09 14:23:18 WET [2025/01/09 9:23:18 ET]
Table 'Brachium II' 6-max Seat #1 is the button
Seat 1: G.HANSEN333 ($103.08 in chips) 
Seat 2: Bessie0009 ($55.96 in chips) 
Seat 3: Fold Your Cats ($131.27 in chips) 
Seat 4: BGS013 ($129.65 in chips) 
Seat 5: Corsair444 ($90.49 in chips) 
Seat 6: TheBraveGirl ($100 in chips) 
Bessie0009: posts small blind $0.50
Fold Your Cats: posts big blind $1
*** HOLE CARDS ***
BGS013: folds 
Corsair444: folds 
TheBraveGirl: folds 
G.HANSEN333: raises $1.50 to $2.50
Bessie0009: calls $2
Fold Your Cats: folds 
*** FLOP *** [Kc 9c 8c]
Bessie0009: checks 
G.HANSEN333: checks 
*** TURN *** [Kc 9c 8c] [As]
Bessie0009: bets $5.70
G.HANSEN333: folds 
Uncalled bet ($5.70) returned to Bessie0009
Bessie0009 collected $5.70 from pot
*** SUMMARY ***
Total pot $6 | Rake $0.30 
Board [Kc 9c 8c As]
Seat 1: G.HANSEN333 (button) folded on the Turn
Seat 2: Bessie0009 (small blind) collected ($5.70)
Seat 3: Fold Your Cats (big blind) folded before Flop
Seat 4: BGS013 folded before Flop (didn't bet)
Seat 5: Corsair444 folded before Flop (didn't bet)
Seat 6: TheBraveGirl folded before Flop (didn't bet)



PokerStars Hand #254277877091:  Hold'em No Limit ($0.50/$1.00 USD) - 2025/01/09 14:23:49 WET [2025/01/09 9:23:49 ET]
Table 'Brachium II' 6-max Seat #2 is the button
Seat 1: G.HANSEN333 ($100.58 in chips) 
Seat 2: Bessie0009 ($59.16 in chips) 
Seat 3: Fold Your Cats ($130.27 in chips) 
Seat 4: BGS013 ($129.65 in chips) 
Seat 5: Corsair444 ($90.49 in chips) 
Seat 6: TheBraveGirl ($100 in chips) 
Fold Your Cats: posts small blind $0.50
BGS013: posts big blind $1
*** HOLE CARDS ***
Corsair444: calls $1
TheBraveGirl: folds 
G.HANSEN333: folds 
Bessie0009: calls $1
Fold Your Cats: folds 
BGS013: checks 
*** FLOP *** [Ac 2h 3h]
BGS013: checks 
Corsair444: checks 
Bessie0009: bets $3.32
BGS013: folds 
Corsair444: folds 
Uncalled bet ($3.32) returned to Bessie0009
Bessie0009 collected $3.32 from pot
*** SUMMARY ***
Total pot $3.50 | Rake $0.18 
Board [Ac 2h 3h]
Seat 1: G.HANSEN333 folded before Flop (didn't bet)
Seat 2: Bessie0009 (button) collected ($3.32)
Seat 3: Fold Your Cats (small blind) folded before Flop
Seat 4: BGS013 (big blind) folded on the Flop
Seat 5: Corsair444 folded on the Flop
Seat 6: TheBraveGirl folded before Flop (didn't bet)



PokerStars Hand #254277883517:  Hold'em No Limit ($0.50/$1.00 USD) - 2025/01/09 14:24:25 WET [2025/01/09 9:24:25 ET]
Table 'Brachium II' 6-max Seat #3 is the button
Seat 1: G.HANSEN333 ($100.58 in chips) 
Seat 2: Bessie0009 ($61.48 in chips) 
Seat 3: Fold Your Cats ($129.77 in chips) 
Seat 4: BGS013 ($128.65 in chips) 
Seat 5: Corsair444 ($89.49 in chips) 
Seat 6: TheBraveGirl ($100 in chips) 
BGS013: posts small blind $0.50
Corsair444: posts big blind $1
*** HOLE CARDS ***
TheBraveGirl: folds 
G.HANSEN333: folds 
Bessie0009: folds 
Fold Your Cats: raises $1.50 to $2.50
BGS013: folds 
Corsair444: folds 
Uncalled bet ($1.50) returned to Fold Your Cats
Fold Your Cats collected $2.50 from pot
Fold Your Cats: doesn't show hand 
*** SUMMARY ***
Total pot $2.50 | Rake $0 
Seat 1: G.HANSEN333 folded before Flop (didn't bet)
Seat 2: Bessie0009 folded before Flop (didn't bet)
Seat 3: Fold Your Cats (button) collected ($2.50)
Seat 4: BGS013 (small blind) folded before Flop
Seat 5: Corsair444 (big blind) folded before Flop
Seat 6: TheBraveGirl folded before Flop (didn't bet)



PokerStars Hand #254277887111:  Hold'em No Limit ($0.50/$1.00 USD) - 2025/01/09 14:24:46 WET [2025/01/09 9:24:46 ET]
Table 'Brachium II' 6-max Seat #4 is the button
Seat 1: G.HANSEN333 ($100.58 in chips) 
Seat 2: Bessie0009 ($61.48 in chips) 
Seat 3: Fold Your Cats ($131.27 in chips) 
Seat 4: BGS013 ($128.15 in chips) 
Seat 5: Corsair444 ($88.49 in chips) 
Seat 6: TheBraveGirl ($100 in chips) 
Corsair444: posts small blind $0.50
TheBraveGirl: posts big blind $1
*** HOLE CARDS ***
G.HANSEN333: folds 
Bessie0009: folds 
Fold Your Cats: raises $1.50 to $2.50
BGS013: folds 
Corsair444: folds 
TheBraveGirl: folds 
Uncalled bet ($1.50) returned to Fold Your Cats
Fold Your Cats collected $2.50 from pot
Fold Your Cats: doesn't show hand 
*** SUMMARY ***
Total pot $2.50 | Rake $0 
Seat 1: G.HANSEN333 folded before Flop (didn't bet)
Seat 2: Bessie0009 folded before Flop (didn't bet)
Seat 3: Fold Your Cats collected ($2.50)
Seat 4: BGS013 (button) folded before Flop (didn't bet)
Seat 5: Corsair444 (small blind) folded before Flop
Seat 6: TheBraveGirl (big blind) folded before Flop



PokerStars Hand #254277889262:  Hold'em No Limit ($0.50/$1.00 USD) - 2025/01/09 14:24:58 WET [2025/01/09 9:24:58 ET]
Table 'Brachium II' 6-max Seat #5 is the button
Seat 1: G.HANSEN333 ($100.58 in chips) 
Seat 2: Bessie0009 ($61.48 in chips) 
Seat 3: Fold Your Cats ($132.77 in chips) 
Seat 4: BGS013 ($128.15 in chips) 
Seat 5: Corsair444 ($87.99 in chips) 
Seat 6: TheBraveGirl ($100 in chips) 
TheBraveGirl: posts small blind $0.50
G.HANSEN333: posts big blind $1
*** HOLE CARDS ***
Bessie0009: calls $1
Fold Your Cats: raises $3 to $4
BGS013: folds 
Corsair444: folds 
TheBraveGirl: folds 
G.HANSEN333: folds 
Bessie0009: calls $3
*** FLOP *** [3d 3c 5s]
Bessie0009: checks 
Fold Your Cats: bets $3.01
Bessie0009: folds 
Uncalled bet ($3.01) returned to Fold Your Cats
Fold Your Cats collected $9.02 from pot
Fold Your Cats: doesn't show hand 
*** SUMMARY ***
Total pot $9.50 | Rake $0.48 
Board [3d 3c 5s]
Seat 1: G.HANSEN333 (big blind) folded before Flop
Seat 2: Bessie0009 folded on the Flop
Seat 3: Fold Your Cats collected ($9.02)
Seat 4: BGS013 folded before Flop (didn't bet)
Seat 5: Corsair444 (button) folded before Flop (didn't bet)
Seat 6: TheBraveGirl (small blind) folded before Flop



PokerStars Hand #254277893784:  Hold'em No Limit ($0.50/$1.00 USD) - 2025/01/09 14:25:23 WET [2025/01/09 9:25:23 ET]
Table 'Brachium II' 6-max Seat #6 is the button
Seat 1: G.HANSEN333 ($100 in chips) 
Seat 2: Bessie0009 ($57.48 in chips) 
Seat 3: Fold Your Cats ($137.79 in chips) 
Seat 4: BGS013 ($128.15 in chips) 
Seat 5: Corsair444 ($87.99 in chips) 
Seat 6: TheBraveGirl ($100 in chips) 
G.HANSEN333: posts small blind $0.50
Bessie0009: posts big blind $1
*** HOLE CARDS ***
Fold Your Cats: raises $1.50 to $2.50
BGS013: folds 
Corsair444: folds 
TheBraveGirl: folds 
G.HANSEN333: folds 
Bessie0009: calls $1.50
*** FLOP *** [Ad Ac 4h]
Bessie0009: checks 
Fold Your Cats: bets $1.74
Bessie0009: folds 
Uncalled bet ($1.74) returned to Fold Your Cats
Fold Your Cats collected $5.22 from pot
Fold Your Cats: doesn't show hand 
*** SUMMARY ***
Total pot $5.50 | Rake $0.28 
Board [Ad Ac 4h]
Seat 1: G.HANSEN333 (small blind) folded before Flop
Seat 2: Bessie0009 (big blind) folded on the Flop
Seat 3: Fold Your Cats collected ($5.22)
Seat 4: BGS013 folded before Flop (didn't bet)
Seat 5: Corsair444 folded before Flop (didn't bet)
Seat 6: TheBraveGirl (button) folded before Flop (didn't bet)



PokerStars Hand #254277898269:  Hold'em No Limit ($0.50/$1.00 USD) - 2025/01/09 14:25:48 WET [2025/01/09 9:25:48 ET]
Table 'Brachium II' 6-max Seat #1 is the button
Seat 1: G.HANSEN333 ($100 in chips) 
Seat 2: Bessie0009 ($54.98 in chips) 
Seat 3: Fold Your Cats ($140.51 in chips) 
Seat 4: BGS013 ($128.15 in chips) 
Seat 5: Corsair444 ($87.99 in chips) 
Seat 6: TheBraveGirl ($100 in chips) 
Bessie0009: posts small blind $0.50
Fold Your Cats: posts big blind $1
*** HOLE CARDS ***
BGS013: folds 
Corsair444: folds 
TheBraveGirl: folds 
G.HANSEN333: raises $1.50 to $2.50
Bessie0009: calls $2
Fold Your Cats: folds 
*** FLOP *** [Td 5h 6c]
Bessie0009: checks 
G.HANSEN333: bets $3
Bessie0009: calls $3
*** TURN *** [Td 5h 6c] [4d]
Bessie0009: checks 
G.HANSEN333: bets $7.41
Bessie0009: folds 
Uncalled bet ($7.41) returned to G.HANSEN333
G.HANSEN333 collected $11.40 from pot
G.HANSEN333: doesn't show hand 
*** SUMMARY ***
Total pot $12 | Rake $0.60 
Board [Td 5h 6c 4d]
Seat 1: G.HANSEN333 (button) collected ($11.40)
Seat 2: Bessie0009 (small blind) folded on the Turn
Seat 3: Fold Your Cats (big blind) folded before Flop
Seat 4: BGS013 folded before Flop (didn't bet)
Seat 5: Corsair444 folded before Flop (didn't bet)
Seat 6: TheBraveGirl folded before Flop (didn't bet)



PokerStars Hand #254277904186:  Hold'em No Limit ($0.50/$1.00 USD) - 2025/01/09 14:26:20 WET [2025/01/09 9:26:20 ET]
Table 'Brachium II' 6-max Seat #2 is the button
Seat 1: G.HANSEN333 ($105.90 in chips) 
Seat 2: Bessie0009 ($49.48 in chips) 
Seat 3: Fold Your Cats ($139.51 in chips) 
Seat 4: BGS013 ($128.15 in chips) 
Seat 5: Corsair444 ($87.99 in chips) 
Seat 6: TheBraveGirl ($100 in chips) 
Fold Your Cats: posts small blind $0.50
BGS013: posts big blind $1
*** HOLE CARDS ***
Corsair444: raises $1 to $2
TheBraveGirl: raises $5 to $7
G.HANSEN333: folds 
Bessie0009: folds 
Fold Your Cats: folds 
BGS013: raises $12.50 to $19.50
Corsair444: folds 
TheBraveGirl: folds 
Uncalled bet ($12.50) returned to BGS013
BGS013 collected $16.50 from pot
BGS013: doesn't show hand 
*** SUMMARY ***
Total pot $16.50 | Rake $0 
Seat 1: G.HANSEN333 folded before Flop (didn't bet)
Seat 2: Bessie0009 (button) folded before Flop (didn't bet)
Seat 3: Fold Your Cats (small blind) folded before Flop
Seat 4: BGS013 (big blind) collected ($16.50)
Seat 5: Corsair444 folded before Flop
Seat 6: TheBraveGirl folded before Flop



PokerStars Hand #254277911065:  Hold'em No Limit ($0.50/$1.00 USD) - 2025/01/09 14:26:58 WET [2025/01/09 9:26:58 ET]
Table 'Brachium II' 6-max Seat #3 is the button
Seat 1: G.HANSEN333 ($105.90 in chips) 
Seat 2: Bessie0009 ($49.48 in chips) 
Seat 3: Fold Your Cats ($139.01 in chips) 
Seat 4: BGS013 ($137.65 in chips) 
Seat 5: Corsair444 ($85.99 in chips) 
Seat 6: TheBraveGirl ($100 in chips) 
BGS013: posts small blind $0.50
Corsair444: posts big blind $1
*** HOLE CARDS ***
TheBraveGirl: folds 
G.HANSEN333: raises $1.50 to $2.50
Bessie0009: folds 
Fold Your Cats: folds 
BGS013: folds 
Corsair444: calls $1.50
*** FLOP *** [6d Ks 4c]
Corsair444: checks 
G.HANSEN333: bets $3.39
Corsair444: calls $3.39
*** TURN *** [6d Ks 4c] [7d]
Corsair444: checks 
G.HANSEN333: checks 
*** RIVER *** [6d Ks 4c 7d] [Kh]
Corsair444: bets $11.67
G.HANSEN333: folds 
Uncalled bet ($11.67) returned to Corsair444
Corsair444 collected $11.67 from pot
Corsair444: doesn't show hand 
*** SUMMARY ***
Total pot $12.28 | Rake $0.61 
Board [6d Ks 4c 7d Kh]
Seat 1: G.HANSEN333 folded on the River
Seat 2: Bessie0009 folded before Flop (didn't bet)
Seat 3: Fold Your Cats (button) folded before Flop (didn't bet)
Seat 4: BGS013 (small blind) folded before Flop
Seat 5: Corsair444 (big blind) collected ($11.67)
Seat 6: TheBraveGirl folded before Flop (didn't bet)



PokerStars Hand #254277925415:  Hold'em No Limit ($0.50/$1.00 USD) - 2025/01/09 14:28:16 WET [2025/01/09 9:28:16 ET]
Table 'Brachium II' 6-max Seat #4 is the button
Seat 1: G.HANSEN333 ($100.01 in chips) 
Seat 2: Bessie0009 ($49.48 in chips) 
Seat 3: Fold Your Cats ($139.01 in chips) 
Seat 4: BGS013 ($137.15 in chips) 
Seat 5: Corsair444 ($91.77 in chips) 
Seat 6: TheBraveGirl ($100 in chips) 
Corsair444: posts small blind $0.50
TheBraveGirl: posts big blind $1
*** HOLE CARDS ***
G.HANSEN333: folds 
Bessie0009: folds 
Fold Your Cats: folds 
BGS013: folds 
Corsair444: raises $1 to $2
TheBraveGirl: folds 
Uncalled bet ($1) returned to Corsair444
Corsair444 collected $2 from pot
Corsair444: doesn't show hand 
*** SUMMARY ***
Total pot $2 | Rake $0 
Seat 1: G.HANSEN333 folded before Flop (didn't bet)
Seat 2: Bessie0009 folded before Flop (didn't bet)
Seat 3: Fold Your Cats folded before Flop (didn't bet)
Seat 4: BGS013 (button) folded before Flop (didn't bet)
Seat 5: Corsair444 (small blind) collected ($2)
Seat 6: TheBraveGirl (big blind) folded before Flop



PokerStars Hand #254277929704:  Hold'em No Limit ($0.50/$1.00 USD) - 2025/01/09 14:28:40 WET [2025/01/09 9:28:40 ET]
Table 'Brachium II' 6-max Seat #5 is the button
Seat 1: G.HANSEN333 ($100.01 in chips) 
Seat 2: Bessie0009 ($49.48 in chips) 
Seat 3: Fold Your Cats ($139.01 in chips) 
Seat 4: BGS013 ($137.15 in chips) 
Seat 5: Corsair444 ($92.77 in chips) 
Seat 6: TheBraveGirl ($100 in chips) 
TheBraveGirl: posts small blind $0.50
G.HANSEN333: posts big blind $1
*** HOLE CARDS ***
Bessie0009: folds 
Fold Your Cats: folds 
BGS013: raises $1.50 to $2.50
Corsair444: folds 
TheBraveGirl: raises $9 to $11.50
G.HANSEN333: folds 
BGS013: folds 
Uncalled bet ($9) returned to TheBraveGirl
TheBraveGirl collected $6 from pot
TheBraveGirl: doesn't show hand 
*** SUMMARY ***
Total pot $6 | Rake $0 
Seat 1: G.HANSEN333 (big blind) folded before Flop
Seat 2: Bessie0009 folded before Flop (didn't bet)
Seat 3: Fold Your Cats folded before Flop (didn't bet)
Seat 4: BGS013 folded before Flop
Seat 5: Corsair444 (button) folded before Flop (didn't bet)
Seat 6: TheBraveGirl (small blind) collected ($6)



PokerStars Hand #254277937003:  Hold'em No Limit ($0.50/$1.00 USD) - 2025/01/09 14:29:20 WET [2025/01/09 9:29:20 ET]
Table 'Brachium II' 6-max Seat #6 is the button
Seat 1: G.HANSEN333 ($100 in chips) 
Seat 2: Bessie0009 ($49.48 in chips) 
Seat 3: Fold Your Cats ($139.01 in chips) 
Seat 4: BGS013 ($134.65 in chips) 
Seat 5: Corsair444 ($92.77 in chips) 
Seat 6: TheBraveGirl ($103.50 in chips) 
G.HANSEN333: posts small blind $0.50
Bessie0009: posts big blind $1
*** HOLE CARDS ***
Fold Your Cats: folds 
BGS013: folds 
Corsair444: folds 
TheBraveGirl: folds 
G.HANSEN333: folds 
Uncalled bet ($0.50) returned to Bessie0009
Bessie0009 collected $1 from pot
*** SUMMARY ***
Total pot $1 | Rake $0 
Seat 1: G.HANSEN333 (small blind) folded before Flop
Seat 2: Bessie0009 (big blind) collected ($1)
Seat 3: Fold Your Cats folded before Flop (didn't bet)
Seat 4: BGS013 folded before Flop (didn't bet)
Seat 5: Corsair444 folded before Flop (didn't bet)
Seat 6: TheBraveGirl (button) folded before Flop (didn't bet)



PokerStars Hand #254277940224:  Hold'em No Limit ($0.50/$1.00 USD) - 2025/01/09 14:29:37 WET [2025/01/09 9:29:37 ET]
Table 'Brachium II' 6-max Seat #1 is the button
Seat 1: G.HANSEN333 ($100 in chips) 
Seat 2: Bessie0009 ($49.98 in chips) 
Seat 3: Fold Your Cats ($139.01 in chips) 
Seat 4: BGS013 ($134.65 in chips) 
Seat 5: Corsair444 ($92.77 in chips) 
Seat 6: TheBraveGirl ($103.50 in chips) 
Bessie0009: posts small blind $0.50
Fold Your Cats: posts big blind $1
*** HOLE CARDS ***
BGS013: folds 
Corsair444: folds 
TheBraveGirl: folds 
G.HANSEN333: folds 
Bessie0009: folds 
Uncalled bet ($0.50) returned to Fold Your Cats
Fold Your Cats collected $1 from pot
Fold Your Cats: doesn't show hand 
*** SUMMARY ***
Total pot $1 | Rake $0 
Seat 1: G.HANSEN333 (button) folded before Flop (didn't bet)
Seat 2: Bessie0009 (small blind) folded before Flop
Seat 3: Fold Your Cats (big blind) collected ($1)
Seat 4: BGS013 folded before Flop (didn't bet)
Seat 5: Corsair444 folded before Flop (didn't bet)
Seat 6: TheBraveGirl folded before Flop (didn't bet)



PokerStars Hand #254277943258:  Hold'em No Limit ($0.50/$1.00 USD) - 2025/01/09 14:29:54 WET [2025/01/09 9:29:54 ET]
Table 'Brachium II' 6-max Seat #2 is the button
Seat 1: G.HANSEN333 ($100 in chips) 
Seat 2: Bessie0009 ($49.48 in chips) 
Seat 3: Fold Your Cats ($139.51 in chips) 
Seat 4: BGS013 ($134.65 in chips) 
Seat 5: Corsair444 ($92.77 in chips) 
Seat 6: TheBraveGirl ($103.50 in chips) 
Fold Your Cats: posts small blind $0.50
BGS013: posts big blind $1
*** HOLE CARDS ***
Corsair444: folds 
TheBraveGirl: folds 
G.HANSEN333: folds 
Bessie0009: raises $2.50 to $3.50
Fold Your Cats: folds 
BGS013: folds 
Uncalled bet ($2.50) returned to Bessie0009
Bessie0009 collected $2.50 from pot
*** SUMMARY ***
Total pot $2.50 | Rake $0 
Seat 1: G.HANSEN333 folded before Flop (didn't bet)
Seat 2: Bessie0009 (button) collected ($2.50)
Seat 3: Fold Your Cats (small blind) folded before Flop
Seat 4: BGS013 (big blind) folded before Flop
Seat 5: Corsair444 folded before Flop (didn't bet)
Seat 6: TheBraveGirl folded before Flop (didn't bet)



PokerStars Hand #254277946553:  Hold'em No Limit ($0.50/$1.00 USD) - 2025/01/09 14:30:11 WET [2025/01/09 9:30:11 ET]
Table 'Brachium II' 6-max Seat #3 is the button
Seat 1: G.HANSEN333 ($100 in chips) 
Seat 2: Bessie0009 ($50.98 in chips) 
Seat 3: Fold Your Cats ($139.01 in chips) 
Seat 4: BGS013 ($133.65 in chips) 
Seat 5: Corsair444 ($92.77 in chips) 
Seat 6: TheBraveGirl ($103.50 in chips) 
BGS013: posts small blind $0.50
Corsair444: posts big blind $1
*** HOLE CARDS ***
TheBraveGirl: folds 
G.HANSEN333: folds 
Bessie0009: calls $1
Fold Your Cats: raises $3 to $4
BGS013: folds 
Corsair444: folds 
Bessie0009: calls $3
*** FLOP *** [7h 7d 8s]
Bessie0009: checks 
Fold Your Cats: bets $3.01
Bessie0009: calls $3.01
*** TURN *** [7h 7d 8s] [9d]
Bessie0009: checks 
Fold Your Cats: bets $9.58
Bessie0009: folds 
Uncalled bet ($9.58) returned to Fold Your Cats
Fold Your Cats collected $14.74 from pot
Fold Your Cats: doesn't show hand 
*** SUMMARY ***
Total pot $15.52 | Rake $0.78 
Board [7h 7d 8s 9d]
Seat 1: G.HANSEN333 folded before Flop (didn't bet)
Seat 2: Bessie0009 folded on the Turn
Seat 3: Fold Your Cats (button) collected ($14.74)
Seat 4: BGS013 (small blind) folded before Flop
Seat 5: Corsair444 (big blind) folded before Flop
Seat 6: TheBraveGirl folded before Flop (didn't bet)



PokerStars Hand #254277956949:  Hold'em No Limit ($0.50/$1.00 USD) - 2025/01/09 14:31:07 WET [2025/01/09 9:31:07 ET]
Table 'Brachium II' 6-max Seat #4 is the button
Seat 1: G.HANSEN333 ($100 in chips) 
Seat 2: Bessie0009 ($43.97 in chips) 
Seat 3: Fold Your Cats ($146.74 in chips) 
Seat 4: BGS013 ($133.15 in chips) 
Seat 5: Corsair444 ($91.77 in chips) 
Seat 6: TheBraveGirl ($103.50 in chips) 
Corsair444: posts small blind $0.50
TheBraveGirl: posts big blind $1
*** HOLE CARDS ***
G.HANSEN333: folds 
Bessie0009: folds 
Fold Your Cats: folds 
BGS013: raises $1.50 to $2.50
Corsair444: folds 
TheBraveGirl: calls $1.50
*** FLOP *** [8d 4d 5h]
TheBraveGirl: bets $1.46
BGS013: raises $5.04 to $6.50
TheBraveGirl: calls $5.04
*** TURN *** [8d 4d 5h] [2c]
TheBraveGirl: checks 
BGS013: checks 
*** RIVER *** [8d 4d 5h 2c] [6s]
TheBraveGirl: bets $21.98
BGS013: folds 
Uncalled bet ($21.98) returned to TheBraveGirl
TheBraveGirl collected $17.58 from pot
TheBraveGirl: doesn't show hand 
*** SUMMARY ***
Total pot $18.50 | Rake $0.92 
Board [8d 4d 5h 2c 6s]
Seat 1: G.HANSEN333 folded before Flop (didn't bet)
Seat 2: Bessie0009 folded before Flop (didn't bet)
Seat 3: Fold Your Cats folded before Flop (didn't bet)
Seat 4: BGS013 (button) folded on the River
Seat 5: Corsair444 (small blind) folded before Flop
Seat 6: TheBraveGirl (big blind) collected ($17.58)



PokerStars Hand #254277973332:  Hold'em No Limit ($0.50/$1.00 USD) - 2025/01/09 14:32:34 WET [2025/01/09 9:32:34 ET]
Table 'Brachium II' 6-max Seat #5 is the button
Seat 1: G.HANSEN333 ($100 in chips) 
Seat 2: Bessie0009 ($43.97 in chips) 
Seat 3: Fold Your Cats ($146.74 in chips) 
Seat 4: BGS013 ($124.15 in chips) 
Seat 5: Corsair444 ($91.27 in chips) 
Seat 6: TheBraveGirl ($112.08 in chips) 
TheBraveGirl: posts small blind $0.50
G.HANSEN333: posts big blind $1
*** HOLE CARDS ***
Bessie0009: calls $1
Fold Your Cats: raises $3 to $4
BGS013: folds 
Corsair444: calls $4
TheBraveGirl: folds 
G.HANSEN333: folds 
Bessie0009: folds 
*** FLOP *** [Qs 5s Ah]
Fold Your Cats: checks 
Corsair444: bets $9.98
Fold Your Cats: folds 
Uncalled bet ($9.98) returned to Corsair444
Corsair444 collected $9.98 from pot
Corsair444: doesn't show hand 
*** SUMMARY ***
Total pot $10.50 | Rake $0.52 
Board [Qs 5s Ah]
Seat 1: G.HANSEN333 (big blind) folded before Flop
Seat 2: Bessie0009 folded before Flop
Seat 3: Fold Your Cats folded on the Flop
Seat 4: BGS013 folded before Flop (didn't bet)
Seat 5: Corsair444 (button) collected ($9.98)
Seat 6: TheBraveGirl (small blind) folded before Flop



PokerStars Hand #254277981685:  Hold'em No Limit ($0.50/$1.00 USD) - 2025/01/09 14:33:19 WET [2025/01/09 9:33:19 ET]
Table 'Brachium II' 6-max Seat #6 is the button
Seat 1: G.HANSEN333 ($100 in chips) 
Seat 2: Bessie0009 ($42.97 in chips) 
Seat 3: Fold Your Cats ($142.74 in chips) 
Seat 4: BGS013 ($124.15 in chips) 
Seat 5: Corsair444 ($97.25 in chips) 
Seat 6: TheBraveGirl ($111.58 in chips) 
G.HANSEN333: posts small blind $0.50
Bessie0009: posts big blind $1
*** HOLE CARDS ***
Fold Your Cats: folds 
BGS013: folds 
Corsair444: folds 
TheBraveGirl: raises $1 to $2
G.HANSEN333: calls $1.50
Bessie0009: raises $6 to $8
TheBraveGirl: folds 
G.HANSEN333: folds 
Uncalled bet ($6) returned to Bessie0009
Bessie0009 collected $6 from pot
*** SUMMARY ***
Total pot $6 | Rake $0 
Seat 1: G.HANSEN333 (small blind) folded before Flop
Seat 2: Bessie0009 (big blind) collected ($6)
Seat 3: Fold Your Cats folded before Flop (didn't bet)
Seat 4: BGS013 folded before Flop (didn't bet)
Seat 5: Corsair444 folded before Flop (didn't bet)
Seat 6: TheBraveGirl (button) folded before Flop



PokerStars Hand #254277987248:  Hold'em No Limit ($0.50/$1.00 USD) - 2025/01/09 14:33:48 WET [2025/01/09 9:33:48 ET]
Table 'Brachium II' 6-max Seat #1 is the button
Seat 1: G.HANSEN333 ($100 in chips) 
Seat 2: Bessie0009 ($46.97 in chips) 
Seat 3: Fold Your Cats ($142.74 in chips) 
Seat 4: BGS013 ($124.15 in chips) 
Seat 5: Corsair444 ($97.25 in chips) 
Seat 6: TheBraveGirl ($109.58 in chips) 
Bessie0009: posts small blind $0.50
Fold Your Cats: posts big blind $1
*** HOLE CARDS ***
BGS013: folds 
Corsair444: folds 
TheBraveGirl: folds 
G.HANSEN333: raises $1.50 to $2.50
Bessie0009: folds 
Fold Your Cats: folds 
Uncalled bet ($1.50) returned to G.HANSEN333
G.HANSEN333 collected $2.50 from pot
G.HANSEN333: doesn't show hand 
*** SUMMARY ***
Total pot $2.50 | Rake $0 
Seat 1: G.HANSEN333 (button) collected ($2.50)
Seat 2: Bessie0009 (small blind) folded before Flop
Seat 3: Fold Your Cats (big blind) folded before Flop
Seat 4: BGS013 folded before Flop (didn't bet)
Seat 5: Corsair444 folded before Flop (didn't bet)
Seat 6: TheBraveGirl folded before Flop (didn't bet)



PokerStars Hand #254277992152:  Hold'em No Limit ($0.50/$1.00 USD) - 2025/01/09 14:34:14 WET [2025/01/09 9:34:14 ET]
Table 'Brachium II' 6-max Seat #2 is the button
Seat 1: G.HANSEN333 ($101.50 in chips) 
Seat 2: Bessie0009 ($46.47 in chips) 
Seat 3: Fold Your Cats ($141.74 in chips) 
Seat 4: BGS013 ($124.15 in chips) 
Seat 5: Corsair444 ($97.25 in chips) 
Seat 6: TheBraveGirl ($109.58 in chips) 
Fold Your Cats: posts small blind $0.50
BGS013: posts big blind $1
*** HOLE CARDS ***
Corsair444: folds 
TheBraveGirl: folds 
G.HANSEN333: raises $1.50 to $2.50
Bessie0009: calls $2.50
Fold Your Cats: folds 
BGS013: folds 
*** FLOP *** [9s 9h Jd]
G.HANSEN333: bets $4.02
Bessie0009: folds 
Uncalled bet ($4.02) returned to G.HANSEN333
G.HANSEN333 collected $6.18 from pot
G.HANSEN333: doesn't show hand 
*** SUMMARY ***
Total pot $6.50 | Rake $0.32 
Board [9s 9h Jd]
Seat 1: G.HANSEN333 collected ($6.18)
Seat 2: Bessie0009 (button) folded on the Flop
Seat 3: Fold Your Cats (small blind) folded before Flop
Seat 4: BGS013 (big blind) folded before Flop
Seat 5: Corsair444 folded before Flop (didn't bet)
Seat 6: TheBraveGirl folded before Flop (didn't bet)



PokerStars Hand #254277999398:  Hold'em No Limit ($0.50/$1.00 USD) - 2025/01/09 14:34:52 WET [2025/01/09 9:34:52 ET]
Table 'Brachium II' 6-max Seat #3 is the button
Seat 1: G.HANSEN333 ($105.18 in chips) 
Seat 2: Bessie0009 ($43.97 in chips) 
Seat 3: Fold Your Cats ($141.24 in chips) 
Seat 4: BGS013 ($123.15 in chips) 
Seat 5: Corsair444 ($97.25 in chips) 
Seat 6: TheBraveGirl ($109.58 in chips) 
BGS013: posts small blind $0.50
Corsair444: posts big blind $1
*** HOLE CARDS ***
TheBraveGirl: raises $1 to $2
G.HANSEN333: raises $5.50 to $7.50
Bessie0009: folds 
Fold Your Cats: folds 
BGS013: folds 
Corsair444: folds 
TheBraveGirl: raises $14 to $21.50
G.HANSEN333: folds 
Uncalled bet ($14) returned to TheBraveGirl
TheBraveGirl collected $16.50 from pot
TheBraveGirl: doesn't show hand 
*** SUMMARY ***
Total pot $16.50 | Rake $0 
Seat 1: G.HANSEN333 folded before Flop
Seat 2: Bessie0009 folded before Flop (didn't bet)
Seat 3: Fold Your Cats (button) folded before Flop (didn't bet)
Seat 4: BGS013 (small blind) folded before Flop
Seat 5: Corsair444 (big blind) folded before Flop
Seat 6: TheBraveGirl collected ($16.50)



PokerStars Hand #254278007435:  Hold'em No Limit ($0.50/$1.00 USD) - 2025/01/09 14:35:34 WET [2025/01/09 9:35:34 ET]
Table 'Brachium II' 6-max Seat #4 is the button
Seat 1: G.HANSEN333 ($100 in chips) 
Seat 2: Bessie0009 ($43.97 in chips) 
Seat 3: Fold Your Cats ($141.24 in chips) 
Seat 4: BGS013 ($122.65 in chips) 
Seat 5: Corsair444 ($96.25 in chips) 
Seat 6: TheBraveGirl ($118.58 in chips) 
Corsair444: posts small blind $0.50
TheBraveGirl: posts big blind $1
*** HOLE CARDS ***
G.HANSEN333: folds 
Bessie0009: folds 
Fold Your Cats: raises $1.50 to $2.50
BGS013: folds 
Corsair444: folds 
TheBraveGirl: folds 
Uncalled bet ($1.50) returned to Fold Your Cats
Fold Your Cats collected $2.50 from pot
Fold Your Cats: doesn't show hand 
*** SUMMARY ***
Total pot $2.50 | Rake $0 
Seat 1: G.HANSEN333 folded before Flop (didn't bet)
Seat 2: Bessie0009 folded before Flop (didn't bet)
Seat 3: Fold Your Cats collected ($2.50)
Seat 4: BGS013 (button) folded before Flop (didn't bet)
Seat 5: Corsair444 (small blind) folded before Flop
Seat 6: TheBraveGirl (big blind) folded before Flop



PokerStars Hand #254278011294:  Hold'em No Limit ($0.50/$1.00 USD) - 2025/01/09 14:35:55 WET [2025/01/09 9:35:55 ET]
Table 'Brachium II' 6-max Seat #5 is the button
Seat 1: G.HANSEN333 ($100 in chips) 
Seat 2: Bessie0009 ($43.97 in chips) 
Seat 3: Fold Your Cats ($142.74 in chips) 
Seat 4: BGS013 ($122.65 in chips) 
Seat 5: Corsair444 ($95.75 in chips) 
Seat 6: TheBraveGirl ($117.58 in chips) 
TheBraveGirl: posts small blind $0.50
G.HANSEN333: posts big blind $1
*** HOLE CARDS ***
Bessie0009: folds 
Fold Your Cats: folds 
BGS013: folds 
Corsair444: calls $1
TheBraveGirl: folds 
G.HANSEN333: checks 
*** FLOP *** [9h 4d Js]
G.HANSEN333: checks 
Corsair444: bets $2.38
G.HANSEN333: folds 
Uncalled bet ($2.38) returned to Corsair444
Corsair444 collected $2.38 from pot
Corsair444: doesn't show hand 
*** SUMMARY ***
Total pot $2.50 | Rake $0.12 
Board [9h 4d Js]
Seat 1: G.HANSEN333 (big blind) folded on the Flop
Seat 2: Bessie0009 folded before Flop (didn't bet)
Seat 3: Fold Your Cats folded before Flop (didn't bet)
Seat 4: BGS013 folded before Flop (didn't bet)
Seat 5: Corsair444 (button) collected ($2.38)
Seat 6: TheBraveGirl (small blind) folded before Flop



PokerStars Hand #254278017150:  Hold'em No Limit ($0.50/$1.00 USD) - 2025/01/09 14:36:25 WET [2025/01/09 9:36:25 ET]
Table 'Brachium II' 6-max Seat #6 is the button
Seat 1: G.HANSEN333 ($100 in chips) 
Seat 2: Bessie0009 ($43.97 in chips) 
Seat 3: Fold Your Cats ($142.74 in chips) 
Seat 4: BGS013 ($122.65 in chips) 
Seat 5: Corsair444 ($97.13 in chips) 
Seat 6: TheBraveGirl ($117.08 in chips) 
G.HANSEN333: posts small blind $0.50
Bessie0009: posts big blind $1
*** HOLE CARDS ***
Fold Your Cats: folds 
BGS013: raises $1 to $2
Corsair444: calls $2
TheBraveGirl: folds 
G.HANSEN333: folds 
Bessie0009: calls $1
*** FLOP *** [2s Js 4h]
Bessie0009: checks 
BGS013: checks 
Corsair444: checks 
*** TURN *** [2s Js 4h] [4s]
Bessie0009: checks 
BGS013: checks 
Corsair444: bets $6.18
Bessie0009: calls $6.18
BGS013: folds 
*** RIVER *** [2s Js 4h 4s] [Tc]
Bessie0009: checks 
Corsair444: checks 
*** SHOW DOWN ***
Bessie0009: shows [5s 9s] (a flush, Jack high)
Corsair444: mucks hand 
Bessie0009 collected $17.92 from pot
*** SUMMARY ***
Total pot $18.86 | Rake $0.94 
Board [2s Js 4h 4s Tc]
Seat 1: G.HANSEN333 (small blind) folded before Flop
Seat 2: Bessie0009 (big blind) showed [5s 9s] and won ($17.92) with a flush, Jack high
Seat 3: Fold Your Cats folded before Flop (didn't bet)
Seat 4: BGS013 folded on the Turn
Seat 5: Corsair444 mucked
Seat 6: TheBraveGirl (button) folded before Flop (didn't bet)



PokerStars Hand #254278026530:  Hold'em No Limit ($0.50/$1.00 USD) - 2025/01/09 14:37:14 WET [2025/01/09 9:37:14 ET]
Table 'Brachium II' 6-max Seat #1 is the button
Seat 1: G.HANSEN333 ($100 in chips) 
Seat 2: Bessie0009 ($53.71 in chips) 
Seat 3: Fold Your Cats ($142.74 in chips) 
Seat 4: BGS013 ($120.65 in chips) 
Seat 5: Corsair444 ($88.95 in chips) 
Seat 6: TheBraveGirl ($117.08 in chips) 
Bessie0009: posts small blind $0.50
Fold Your Cats: posts big blind $1
*** HOLE CARDS ***
BGS013: raises $1 to $2
Corsair444: calls $2
TheBraveGirl: folds 
G.HANSEN333: folds 
Bessie0009: calls $1.50
Fold Your Cats: folds 
*** FLOP *** [Js 7d 9s]
Bessie0009: checks 
BGS013: checks 
Corsair444: bets $3.33
Bessie0009: folds 
BGS013: calls $3.33
*** TURN *** [Js 7d 9s] [4d]
BGS013: checks 
Corsair444: checks 
*** RIVER *** [Js 7d 9s 4d] [9h]
BGS013: bets $10.12
Corsair444: calls $10.12
*** SHOW DOWN ***
BGS013: shows [Jc Ks] (two pair, Jacks and Nines)
Corsair444: mucks hand 
BGS013 collected $32.20 from pot
*** SUMMARY ***
Total pot $33.90 | Rake $1.70 
Board [Js 7d 9s 4d 9h]
Seat 1: G.HANSEN333 (button) folded before Flop (didn't bet)
Seat 2: Bessie0009 (small blind) folded on the Flop
Seat 3: Fold Your Cats (big blind) folded before Flop
Seat 4: BGS013 showed [Jc Ks] and won ($32.20) with two pair, Jacks and Nines
Seat 5: Corsair444 mucked
Seat 6: TheBraveGirl folded before Flop (didn't bet)



PokerStars Hand #254278036417:  Hold'em No Limit ($0.50/$1.00 USD) - 2025/01/09 14:38:06 WET [2025/01/09 9:38:06 ET]
Table 'Brachium II' 6-max Seat #2 is the button
Seat 1: G.HANSEN333 ($100 in chips) 
Seat 2: Bessie0009 ($51.71 in chips) 
Seat 3: Fold Your Cats ($141.74 in chips) 
Seat 4: BGS013 ($137.40 in chips) 
Seat 5: Corsair444 ($73.50 in chips) 
Seat 6: TheBraveGirl ($117.08 in chips) 
Fold Your Cats: posts small blind $0.50
BGS013: posts big blind $1
*** HOLE CARDS ***
Corsair444: folds 
TheBraveGirl: folds 
G.HANSEN333: raises $1.50 to $2.50
Bessie0009: calls $2.50
Fold Your Cats: folds 
BGS013: folds 
*** FLOP *** [3h Ad Ks]
G.HANSEN333: bets $4.50
Bessie0009: calls $4.50
*** TURN *** [3h Ad Ks] [2c]
G.HANSEN333: checks 
Bessie0009: checks 
*** RIVER *** [3h Ad Ks 2c] [3d]
G.HANSEN333: bets $11.04
Bessie0009: folds 
Uncalled bet ($11.04) returned to G.HANSEN333
G.HANSEN333 collected $14.72 from pot
G.HANSEN333: doesn't show hand 
*** SUMMARY ***
Total pot $15.50 | Rake $0.78 
Board [3h Ad Ks 2c 3d]
Seat 1: G.HANSEN333 collected ($14.72)
Seat 2: Bessie0009 (button) folded on the River
Seat 3: Fold Your Cats (small blind) folded before Flop
Seat 4: BGS013 (big blind) folded before Flop
Seat 5: Corsair444 folded before Flop (didn't bet)
Seat 6: TheBraveGirl folded before Flop (didn't bet)



PokerStars Hand #254278046209:  Hold'em No Limit ($0.50/$1.00 USD) - 2025/01/09 14:38:57 WET [2025/01/09 9:38:57 ET]
Table 'Brachium II' 6-max Seat #3 is the button
Seat 1: G.HANSEN333 ($107.72 in chips) 
Seat 2: Bessie0009 ($44.71 in chips) 
Seat 3: Fold Your Cats ($141.24 in chips) 
Seat 4: BGS013 ($136.40 in chips) 
Seat 5: Corsair444 ($73.50 in chips) 
Seat 6: TheBraveGirl ($117.08 in chips) 
BGS013: posts small blind $0.50
Corsair444: posts big blind $1
*** HOLE CARDS ***
TheBraveGirl: folds 
G.HANSEN333: folds 
Bessie0009: calls $1
Fold Your Cats: folds 
BGS013: folds 
Corsair444: raises $1 to $2
Bessie0009: calls $1
*** FLOP *** [7c 8c 8s]
Corsair444: checks 
Bessie0009: bets $4.28
Corsair444: raises $4.28 to $8.56
Bessie0009: folds 
Uncalled bet ($4.28) returned to Corsair444
Corsair444 collected $12.41 from pot
Corsair444: doesn't show hand 
*** SUMMARY ***
Total pot $13.06 | Rake $0.65 
Board [7c 8c 8s]
Seat 1: G.HANSEN333 folded before Flop (didn't bet)
Seat 2: Bessie0009 folded on the Flop
Seat 3: Fold Your Cats (button) folded before Flop (didn't bet)
Seat 4: BGS013 (small blind) folded before Flop
Seat 5: Corsair444 (big blind) collected ($12.41)
Seat 6: TheBraveGirl folded before Flop (didn't bet)



PokerStars Hand #254278054718:  Hold'em No Limit ($0.50/$1.00 USD) - 2025/01/09 14:39:42 WET [2025/01/09 9:39:42 ET]
Table 'Brachium II' 6-max Seat #4 is the button
Seat 1: G.HANSEN333 ($107.72 in chips) 
Seat 2: Bessie0009 ($38.43 in chips) 
Seat 3: Fold Your Cats ($141.24 in chips) 
Seat 4: BGS013 ($135.90 in chips) 
Seat 5: Corsair444 ($79.63 in chips) 
Seat 6: TheBraveGirl ($117.08 in chips) 
Corsair444: posts small blind $0.50
TheBraveGirl: posts big blind $1
*** HOLE CARDS ***
G.HANSEN333: folds 
Bessie0009: folds 
Fold Your Cats: raises $1.50 to $2.50
BGS013: folds 
Corsair444: folds 
TheBraveGirl: folds 
Uncalled bet ($1.50) returned to Fold Your Cats
Fold Your Cats collected $2.50 from pot
Fold Your Cats: doesn't show hand 
*** SUMMARY ***
Total pot $2.50 | Rake $0 
Seat 1: G.HANSEN333 folded before Flop (didn't bet)
Seat 2: Bessie0009 folded before Flop (didn't bet)
Seat 3: Fold Your Cats collected ($2.50)
Seat 4: BGS013 (button) folded before Flop (didn't bet)
Seat 5: Corsair444 (small blind) folded before Flop
Seat 6: TheBraveGirl (big blind) folded before Flop



PokerStars Hand #254278058962:  Hold'em No Limit ($0.50/$1.00 USD) - 2025/01/09 14:40:04 WET [2025/01/09 9:40:04 ET]
Table 'Brachium II' 6-max Seat #5 is the button
Seat 1: G.HANSEN333 ($107.72 in chips) 
Seat 2: Bessie0009 ($38.43 in chips) 
Seat 3: Fold Your Cats ($142.74 in chips) 
Seat 4: BGS013 ($135.90 in chips) 
Seat 5: Corsair444 ($79.13 in chips) 
Seat 6: TheBraveGirl ($116.08 in chips) 
TheBraveGirl: posts small blind $0.50
G.HANSEN333: posts big blind $1
*** HOLE CARDS ***
Bessie0009: folds 
Fold Your Cats: raises $1.50 to $2.50
BGS013: folds 
Corsair444: folds 
TheBraveGirl: folds 
G.HANSEN333: folds 
Uncalled bet ($1.50) returned to Fold Your Cats
Fold Your Cats collected $2.50 from pot
Fold Your Cats: doesn't show hand 
*** SUMMARY ***
Total pot $2.50 | Rake $0 
Seat 1: G.HANSEN333 (big blind) folded before Flop
Seat 2: Bessie0009 folded before Flop (didn't bet)
Seat 3: Fold Your Cats collected ($2.50)
Seat 4: BGS013 folded before Flop (didn't bet)
Seat 5: Corsair444 (button) folded before Flop (didn't bet)
Seat 6: TheBraveGirl (small blind) folded before Flop



PokerStars Hand #254278062874:  Hold'em No Limit ($0.50/$1.00 USD) - 2025/01/09 14:40:24 WET [2025/01/09 9:40:24 ET]
Table 'Brachium II' 6-max Seat #6 is the button
Seat 1: G.HANSEN333 ($106.72 in chips) 
Seat 2: Bessie0009 ($38.43 in chips) 
Seat 3: Fold Your Cats ($144.24 in chips) 
Seat 4: BGS013 ($135.90 in chips) 
Seat 5: Corsair444 ($79.13 in chips) 
Seat 6: TheBraveGirl ($115.58 in chips) 
G.HANSEN333: posts small blind $0.50
Bessie0009: posts big blind $1
*** HOLE CARDS ***
Fold Your Cats: folds 
BGS013: folds 
Corsair444: folds 
TheBraveGirl: raises $1 to $2
G.HANSEN333: folds 
Bessie0009: raises $4.50 to $6.50
TheBraveGirl: calls $4.50
*** FLOP *** [Kd 8s 8c]
Bessie0009: bets $12.82
TheBraveGirl: calls $12.82
*** TURN *** [Kd 8s 8c] [3s]
Bessie0009: bets $19.11 and is all-in
TheBraveGirl: calls $19.11
*** RIVER *** [Kd 8s 8c 3s] [Th]
*** SHOW DOWN ***
Bessie0009: shows [Ah Js] (a pair of Eights)
TheBraveGirl: shows [9s 8d] (three of a kind, Eights)
TheBraveGirl collected $74.86 from pot
*** SUMMARY ***
Total pot $77.36 | Rake $2.50 
Board [Kd 8s 8c 3s Th]
Seat 1: G.HANSEN333 (small blind) folded before Flop
Seat 2: Bessie0009 (big blind) showed [Ah Js] and lost with a pair of Eights
Seat 3: Fold Your Cats folded before Flop (didn't bet)
Seat 4: BGS013 folded before Flop (didn't bet)
Seat 5: Corsair444 folded before Flop (didn't bet)
Seat 6: TheBraveGirl (button) showed [9s 8d] and won ($74.86) with three of a kind, Eights



PokerStars Hand #254278070881:  Hold'em No Limit ($0.50/$1.00 USD) - 2025/01/09 14:41:06 WET [2025/01/09 9:41:06 ET]
Table 'Brachium II' 6-max Seat #1 is the button
Seat 2: Bessie0009 ($0 in chips) is sitting out
Seat 1: G.HANSEN333 ($106.22 in chips) 
Seat 3: Fold Your Cats ($144.24 in chips) 
Seat 4: BGS013 ($135.90 in chips) 
Seat 5: Corsair444 ($79.13 in chips) 
Seat 6: TheBraveGirl ($152.01 in chips) 
Fold Your Cats: posts small blind $0.50
BGS013: posts big blind $1
*** HOLE CARDS ***
Corsair444: calls $1
TheBraveGirl: folds 
G.HANSEN333: raises $3 to $4
Bessie0009 leaves the table
Fold Your Cats: folds 
BGS013: folds 
Corsair444: calls $3
*** FLOP *** [As 5d Th]
Corsair444: checks 
G.HANSEN333: bets $2.98
PayTaxOrDie joins the table at seat #2 
Corsair444: calls $2.98
*** TURN *** [As 5d Th] [2h]
Corsair444: checks 
G.HANSEN333: checks 
*** RIVER *** [As 5d Th 2h] [3c]
Corsair444: checks 
G.HANSEN333: checks 
*** SHOW DOWN ***
Corsair444: shows [Js Qc] (high card Ace)
G.HANSEN333: shows [9c 9h] (a pair of Nines)
G.HANSEN333 collected $14.69 from pot
*** SUMMARY ***
Total pot $15.46 | Rake $0.77 
Board [As 5d Th 2h 3c]
Seat 2: Bessie0009
Seat 1: G.HANSEN333 (button) showed [9c 9h] and won ($14.69) with a pair of Nines
Seat 3: Fold Your Cats (small blind) folded before Flop
Seat 4: BGS013 (big blind) folded before Flop
Seat 5: Corsair444 showed [Js Qc] and lost with high card Ace
Seat 6: TheBraveGirl folded before Flop (didn't bet)



PokerStars Hand #254278080961:  Hold'em No Limit ($0.50/$1.00 USD) - 2025/01/09 14:41:58 WET [2025/01/09 9:41:58 ET]
Table 'Brachium II' 6-max Seat #3 is the button
Seat 2: PayTaxOrDie ($100 in chips) is sitting out
Seat 1: G.HANSEN333 ($113.93 in chips) 
Seat 3: Fold Your Cats ($143.74 in chips) 
Seat 4: BGS013 ($134.90 in chips) 
Seat 5: Corsair444 ($72.15 in chips) 
Seat 6: TheBraveGirl ($152.01 in chips) 
BGS013: posts small blind $0.50
Corsair444: posts big blind $1
PayTaxOrDie: sits out 
*** HOLE CARDS ***
TheBraveGirl: folds 
G.HANSEN333: folds 
Fold Your Cats: folds 
BGS013: folds 
Uncalled bet ($0.50) returned to Corsair444
Corsair444 collected $1 from pot
Corsair444: doesn't show hand 
*** SUMMARY ***
Total pot $1 | Rake $0 
Seat 2: PayTaxOrDie
Seat 1: G.HANSEN333 folded before Flop (didn't bet)
Seat 3: Fold Your Cats (button) folded before Flop (didn't bet)
Seat 4: BGS013 (small blind) folded before Flop
Seat 5: Corsair444 (big blind) collected ($1)
Seat 6: TheBraveGirl folded before Flop (didn't bet)



PokerStars Hand #254278082759:  Hold'em No Limit ($0.50/$1.00 USD) - 2025/01/09 14:42:07 WET [2025/01/09 9:42:07 ET]
Table 'Brachium II' 6-max Seat #4 is the button
Seat 2: PayTaxOrDie ($100 in chips) is sitting out
Seat 1: G.HANSEN333 ($113.93 in chips) 
Seat 3: Fold Your Cats ($143.74 in chips) 
Seat 4: BGS013 ($134.40 in chips) 
Seat 5: Corsair444 ($72.65 in chips) 
Seat 6: TheBraveGirl ($152.01 in chips) 
Corsair444: posts small blind $0.50
TheBraveGirl: posts big blind $1
PayTaxOrDie: sits out 
*** HOLE CARDS ***
G.HANSEN333: folds 
Fold Your Cats: raises $1.50 to $2.50
BGS013: folds 
Corsair444: calls $2
TheBraveGirl: folds 
*** FLOP *** [Jh Kc Jc]
Corsair444: checks 
Fold Your Cats: bets $1.90
Corsair444: calls $1.90
*** TURN *** [Jh Kc Jc] [9h]
Corsair444: checks 
Fold Your Cats: checks 
*** RIVER *** [Jh Kc Jc 9h] [5s]
Corsair444: checks 
Fold Your Cats: checks 
*** SHOW DOWN ***
Corsair444: shows [Ah 4d] (a pair of Jacks)
Fold Your Cats: shows [2d 2c] (two pair, Jacks and Deuces)
Fold Your Cats collected $9.31 from pot
*** SUMMARY ***
Total pot $9.80 | Rake $0.49 
Board [Jh Kc Jc 9h 5s]
Seat 2: PayTaxOrDie
Seat 1: G.HANSEN333 folded before Flop (didn't bet)
Seat 3: Fold Your Cats showed [2d 2c] and won ($9.31) with two pair, Jacks and Deuces
Seat 4: BGS013 (button) folded before Flop (didn't bet)
Seat 5: Corsair444 (small blind) showed [Ah 4d] and lost with a pair of Jacks
Seat 6: TheBraveGirl (big blind) folded before Flop



PokerStars Hand #254278091294:  Hold'em No Limit ($0.50/$1.00 USD) - 2025/01/09 14:42:52 WET [2025/01/09 9:42:52 ET]
Table 'Brachium II' 6-max Seat #5 is the button
Seat 2: PayTaxOrDie ($100 in chips) is sitting out
Seat 1: G.HANSEN333 ($113.93 in chips) 
Seat 3: Fold Your Cats ($148.65 in chips) 
Seat 4: BGS013 ($134.40 in chips) 
Seat 5: Corsair444 ($68.25 in chips) 
Seat 6: TheBraveGirl ($151.01 in chips) 
TheBraveGirl: posts small blind $0.50
G.HANSEN333: posts big blind $1
PayTaxOrDie: sits out 
*** HOLE CARDS ***
Fold Your Cats: folds 
BGS013: raises $1.50 to $2.50
Corsair444: calls $2.50
TheBraveGirl: folds 
G.HANSEN333: folds 
*** FLOP *** [Ts 2s Qd]
BGS013: bets $1.61
Corsair444: folds 
Uncalled bet ($1.61) returned to BGS013
BGS013 collected $6.18 from pot
BGS013: doesn't show hand 
*** SUMMARY ***
Total pot $6.50 | Rake $0.32 
Board [Ts 2s Qd]
Seat 2: PayTaxOrDie
Seat 1: G.HANSEN333 (big blind) folded before Flop
Seat 3: Fold Your Cats folded before Flop (didn't bet)
Seat 4: BGS013 collected ($6.18)
Seat 5: Corsair444 (button) folded on the Flop
Seat 6: TheBraveGirl (small blind) folded before Flop



PokerStars Hand #254278095723:  Hold'em No Limit ($0.50/$1.00 USD) - 2025/01/09 14:43:16 WET [2025/01/09 9:43:16 ET]
Table 'Brachium II' 6-max Seat #6 is the button
Seat 1: G.HANSEN333 ($112.93 in chips) 
Seat 2: PayTaxOrDie ($100 in chips) 
Seat 3: Fold Your Cats ($148.65 in chips) 
Seat 4: BGS013 ($138.08 in chips) 
Seat 5: Corsair444 ($65.75 in chips) 
Seat 6: TheBraveGirl ($150.51 in chips) 
G.HANSEN333: posts small blind $0.50
PayTaxOrDie: posts big blind $1
*** HOLE CARDS ***
Fold Your Cats: folds 
BGS013: folds 
Corsair444: folds 
TheBraveGirl: raises $1 to $2
G.HANSEN333: folds 
PayTaxOrDie: calls $1
*** FLOP *** [Jd Ks 4s]
PayTaxOrDie: checks 
TheBraveGirl: bets $3.21
PayTaxOrDie: folds 
Uncalled bet ($3.21) returned to TheBraveGirl
TheBraveGirl collected $4.28 from pot
TheBraveGirl: doesn't show hand 
*** SUMMARY ***
Total pot $4.50 | Rake $0.22 
Board [Jd Ks 4s]
Seat 1: G.HANSEN333 (small blind) folded before Flop
Seat 2: PayTaxOrDie (big blind) folded on the Flop
Seat 3: Fold Your Cats folded before Flop (didn't bet)
Seat 4: BGS013 folded before Flop (didn't bet)
Seat 5: Corsair444 folded before Flop (didn't bet)
Seat 6: TheBraveGirl (button) collected ($4.28)



PokerStars Hand #254278101837:  Hold'em No Limit ($0.50/$1.00 USD) - 2025/01/09 14:43:48 WET [2025/01/09 9:43:48 ET]
Table 'Brachium II' 6-max Seat #1 is the button
Seat 3: Fold Your Cats ($148.65 in chips) is sitting out
Seat 4: BGS013 ($138.08 in chips) is sitting out
Seat 5: Corsair444 ($65.75 in chips) is sitting out
Seat 1: G.HANSEN333 ($112.43 in chips) 
Seat 2: PayTaxOrDie ($100 in chips) 
Seat 6: TheBraveGirl ($152.79 in chips) 
PayTaxOrDie: posts small blind $0.50
Fold Your Cats: is sitting out 
BGS013: is sitting out 
TheBraveGirl: posts big blind $1
*** HOLE CARDS ***
Fold Your Cats leaves the table
G.HANSEN333: raises $1.50 to $2.50
BGS013 leaves the table
PayTaxOrDie: folds 
TheBraveGirl: folds 
Uncalled bet ($1.50) returned to G.HANSEN333
G.HANSEN333 collected $2.50 from pot
G.HANSEN333: doesn't show hand 
*** SUMMARY ***
Total pot $2.50 | Rake $0 
Seat 3: Fold Your Cats
Seat 4: BGS013
Seat 5: Corsair444
Seat 1: G.HANSEN333 (button) collected ($2.50)
Seat 2: PayTaxOrDie (small blind) folded before Flop
Seat 6: TheBraveGirl (big blind) folded before Flop



PokerStars Hand #254278104435:  Hold'em No Limit ($0.50/$1.00 USD) - 2025/01/09 14:44:02 WET [2025/01/09 9:44:02 ET]
Table 'Brachium II' 6-max Seat #2 is the button
Seat 5: Corsair444 ($65.75 in chips) is sitting out
Seat 1: G.HANSEN333 ($113.93 in chips) 
Seat 2: PayTaxOrDie ($100 in chips) 
Seat 6: TheBraveGirl ($151.79 in chips) 
TheBraveGirl: posts small blind $0.50
G.HANSEN333: posts big blind $1
*** HOLE CARDS ***
PayTaxOrDie: folds 
TheBraveGirl: folds 
Uncalled bet ($0.50) returned to G.HANSEN333
G.HANSEN333 collected $1 from pot
G.HANSEN333: doesn't show hand 
*** SUMMARY ***
Total pot $1 | Rake $0 
Seat 5: Corsair444
Seat 1: G.HANSEN333 (big blind) collected ($1)
Seat 2: PayTaxOrDie (button) folded before Flop (didn't bet)
Seat 6: TheBraveGirl (small blind) folded before Flop



PokerStars Hand #254278105799:  Hold'em No Limit ($0.50/$1.00 USD) - 2025/01/09 14:44:09 WET [2025/01/09 9:44:09 ET]
Table 'Brachium II' 6-max Seat #6 is the button
Seat 5: Corsair444 ($65.75 in chips) is sitting out
Seat 1: G.HANSEN333 ($114.43 in chips) 
Seat 2: PayTaxOrDie ($100 in chips) 
Seat 6: TheBraveGirl ($151.29 in chips) 
G.HANSEN333: posts small blind $0.50
PayTaxOrDie: posts big blind $1
*** HOLE CARDS ***
TheBraveGirl: folds 
G.HANSEN333: folds 
Uncalled bet ($0.50) returned to PayTaxOrDie
PayTaxOrDie collected $1 from pot
PayTaxOrDie: doesn't show hand 
*** SUMMARY ***
Total pot $1 | Rake $0 
Seat 5: Corsair444
Seat 1: G.HANSEN333 (small blind) folded before Flop
Seat 2: PayTaxOrDie (big blind) collected ($1)
Seat 6: TheBraveGirl (button) folded before Flop (didn't bet)



PokerStars Hand #254278107971:  Hold'em No Limit ($0.50/$1.00 USD) - 2025/01/09 14:44:20 WET [2025/01/09 9:44:20 ET]
Table 'Brachium II' 6-max Seat #2 is the button
Seat 5: Corsair444 ($65.75 in chips) is sitting out
Seat 6: TheBraveGirl ($151.29 in chips) is sitting out
Seat 1: G.HANSEN333 ($113.93 in chips) 
Seat 2: PayTaxOrDie ($100.50 in chips) 
PayTaxOrDie: posts small blind $0.50
TheBraveGirl: is sitting out 
G.HANSEN333: posts big blind $1
*** HOLE CARDS ***
PayTaxOrDie: folds 
Uncalled bet ($0.50) returned to G.HANSEN333
G.HANSEN333 collected $1 from pot
TheBraveGirl leaves the table
G.HANSEN333: doesn't show hand 
*** SUMMARY ***
Total pot $1 | Rake $0 
Seat 5: Corsair444
Seat 6: TheBraveGirl
Seat 1: G.HANSEN333 (big blind) collected ($1)
Seat 2: PayTaxOrDie (button) (small blind) folded before Flop



PokerStars Hand #254278109866:  Hold'em No Limit ($0.50/$1.00 USD) - 2025/01/09 14:44:30 WET [2025/01/09 9:44:30 ET]
Table 'Brachium II' 6-max Seat #1 is the button
Seat 5: Corsair444 ($65.75 in chips) is sitting out
Seat 1: G.HANSEN333 ($114.43 in chips) 
Seat 2: PayTaxOrDie ($100 in chips) 
G.HANSEN333: posts small blind $0.50
PayTaxOrDie: posts big blind $1
*** HOLE CARDS ***
G.HANSEN333: folds 
Uncalled bet ($0.50) returned to PayTaxOrDie
PayTaxOrDie collected $1 from pot
PayTaxOrDie: doesn't show hand 
*** SUMMARY ***
Total pot $1 | Rake $0 
Seat 5: Corsair444
Seat 1: G.HANSEN333 (button) (small blind) folded before Flop
Seat 2: PayTaxOrDie (big blind) collected ($1)



