PokerStars Hand #254282897184:  Hold'em No Limit ($0.50/$1.00 USD) - 2025/01/09 19:57:42 WET [2025/01/09 14:57:42 ET]
Table 'Sonja II' 6-max Seat #2 is the button
Seat 1: xxxZeka ($100 in chips) is sitting out
Seat 2: Operages ($100 in chips) 
Seat 3: oneduo ($100 in chips) 
Seat 4: BenCampbel10 ($100 in chips) 
Seat 5: kekoccc ($100 in chips) 
Seat 6: worker0k ($100 in chips) 
oneduo: posts small blind $0.50
BenCampbel10: posts big blind $1
*** HOLE CARDS ***
kekoccc: folds 
worker0k: folds 
Operages: raises $1.55 to $2.55
oneduo: folds 
BenCampbel10: folds 
Uncalled bet ($1.55) returned to Operages
Operages collected $2.50 from pot
Operages: doesn't show hand 
*** SUMMARY ***
Total pot $2.50 | Rake $0 
Seat 1: xxxZeka
Seat 2: Operages (button) collected ($2.50)
Seat 3: oneduo (small blind) folded before Flop
Seat 4: BenCampbel10 (big blind) folded before Flop
Seat 5: kekoccc folded before Flop (didn't bet)
Seat 6: worker0k folded before Flop (didn't bet)



PokerStars Hand #254282899946:  Hold'em No Limit ($0.50/$1.00 USD) - 2025/01/09 19:57:54 WET [2025/01/09 14:57:54 ET]
Table 'Sonja II' 6-max Seat #3 is the button
Seat 1: xxxZeka ($100 in chips) is sitting out
Seat 2: Operages ($101.50 in chips) 
Seat 3: oneduo ($100 in chips) 
Seat 4: BenCampbel10 ($100 in chips) 
Seat 5: kekoccc ($100 in chips) 
Seat 6: worker0k ($100 in chips) 
BenCampbel10: posts small blind $0.50
kekoccc: posts big blind $1
xxxZeka: sits out 
*** HOLE CARDS ***
worker0k: folds 
Operages: folds 
oneduo: raises $1.80 to $2.80
BenCampbel10: raises $9.20 to $12
kekoccc: folds 
oneduo: folds 
Uncalled bet ($9.20) returned to BenCampbel10
BenCampbel10 collected $6.60 from pot
*** SUMMARY ***
Total pot $6.60 | Rake $0 
Seat 1: xxxZeka
Seat 2: Operages folded before Flop (didn't bet)
Seat 3: oneduo (button) folded before Flop
Seat 4: BenCampbel10 (small blind) collected ($6.60)
Seat 5: kekoccc (big blind) folded before Flop
Seat 6: worker0k folded before Flop (didn't bet)



PokerStars Hand #254282904477:  Hold'em No Limit ($0.50/$1.00 USD) - 2025/01/09 19:58:14 WET [2025/01/09 14:58:14 ET]
Table 'Sonja II' 6-max Seat #4 is the button
Seat 1: xxxZeka ($100 in chips) is sitting out
Seat 2: Operages ($101.50 in chips) 
Seat 3: oneduo ($100 in chips) 
Seat 4: BenCampbel10 ($103.80 in chips) 
Seat 5: kekoccc ($100 in chips) 
Seat 6: worker0k ($100 in chips) 
kekoccc: posts small blind $0.50
worker0k: posts big blind $1
xxxZeka: sits out 
*** HOLE CARDS ***
Operages: folds 
oneduo: folds 
BenCampbel10: raises $1 to $2
kekoccc: folds 
worker0k: folds 
Uncalled bet ($1) returned to BenCampbel10
BenCampbel10 collected $2.50 from pot
*** SUMMARY ***
Total pot $2.50 | Rake $0 
Seat 1: xxxZeka
Seat 2: Operages folded before Flop (didn't bet)
Seat 3: oneduo folded before Flop (didn't bet)
Seat 4: BenCampbel10 (button) collected ($2.50)
Seat 5: kekoccc (small blind) folded before Flop
Seat 6: worker0k (big blind) folded before Flop



PokerStars Hand #254282907357:  Hold'em No Limit ($0.50/$1.00 USD) - 2025/01/09 19:58:27 WET [2025/01/09 14:58:27 ET]
Table 'Sonja II' 6-max Seat #5 is the button
Seat 1: xxxZeka ($100 in chips) 
Seat 2: Operages ($101.50 in chips) 
Seat 3: oneduo ($100 in chips) 
Seat 4: BenCampbel10 ($105.30 in chips) 
Seat 5: kekoccc ($100 in chips) 
Seat 6: worker0k ($100 in chips) 
worker0k: posts small blind $0.50
xxxZeka: posts big blind $1
*** HOLE CARDS ***
Operages: folds 
oneduo: folds 
BenCampbel10: folds 
kekoccc: folds 
worker0k: folds 
Uncalled bet ($0.50) returned to xxxZeka
xxxZeka collected $1 from pot
xxxZeka: doesn't show hand 
*** SUMMARY ***
Total pot $1 | Rake $0 
Seat 1: xxxZeka (big blind) collected ($1)
Seat 2: Operages folded before Flop (didn't bet)
Seat 3: oneduo folded before Flop (didn't bet)
Seat 4: BenCampbel10 folded before Flop (didn't bet)
Seat 5: kekoccc (button) folded before Flop (didn't bet)
Seat 6: worker0k (small blind) folded before Flop



PokerStars Hand #254282909485:  Hold'em No Limit ($0.50/$1.00 USD) - 2025/01/09 19:58:36 WET [2025/01/09 14:58:36 ET]
Table 'Sonja II' 6-max Seat #6 is the button
Seat 1: xxxZeka ($100.50 in chips) 
Seat 2: Operages ($101.50 in chips) 
Seat 3: oneduo ($100 in chips) 
Seat 4: BenCampbel10 ($105.30 in chips) 
Seat 5: kekoccc ($100 in chips) 
Seat 6: worker0k ($100 in chips) 
xxxZeka: posts small blind $0.50
Operages: posts big blind $1
*** HOLE CARDS ***
oneduo: folds 
BenCampbel10: folds 
kekoccc: raises $1.50 to $2.50
worker0k: folds 
worker0k leaves the table
xxxZeka: raises $8.50 to $11
GuigaMan joins the table at seat #6 
Operages: raises $14 to $25
kekoccc: folds 
xxxZeka: folds 
Uncalled bet ($14) returned to Operages
Operages collected $24.50 from pot
Operages: doesn't show hand 
*** SUMMARY ***
Total pot $24.50 | Rake $0 
Seat 1: xxxZeka (small blind) folded before Flop
Seat 2: Operages (big blind) collected ($24.50)
Seat 3: oneduo folded before Flop (didn't bet)
Seat 4: BenCampbel10 folded before Flop (didn't bet)
Seat 5: kekoccc folded before Flop
Seat 6: worker0k (button) folded before Flop (didn't bet)



PokerStars Hand #254282918516:  Hold'em No Limit ($0.50/$1.00 USD) - 2025/01/09 19:59:16 WET [2025/01/09 14:59:16 ET]
Table 'Sonja II' 6-max Seat #1 is the button
Seat 3: oneduo ($100 in chips) is sitting out
Seat 6: GuigaMan ($100 in chips) is sitting out
Seat 1: xxxZeka ($100 in chips) 
Seat 2: Operages ($115 in chips) 
Seat 4: BenCampbel10 ($105.30 in chips) 
Seat 5: kekoccc ($100 in chips) 
Operages: posts small blind $0.50
oneduo: is sitting out 
BenCampbel10: posts big blind $1
GuigaMan: sits out 
*** HOLE CARDS ***
kekoccc: folds 
oneduo leaves the table
xxxZeka: folds 
Operages: folds 
Uncalled bet ($0.50) returned to BenCampbel10
jhguhgfugctu joins the table at seat #3 
jhguhgfugctu is disconnected 
BenCampbel10 collected $1 from pot
*** SUMMARY ***
Total pot $1 | Rake $0 
Seat 3: oneduo
Seat 6: GuigaMan
Seat 1: xxxZeka (button) folded before Flop (didn't bet)
Seat 2: Operages (small blind) folded before Flop
Seat 4: BenCampbel10 (big blind) collected ($1)
Seat 5: kekoccc folded before Flop (didn't bet)



PokerStars Hand #254282922081:  Hold'em No Limit ($0.50/$1.00 USD) - 2025/01/09 19:59:32 WET [2025/01/09 14:59:32 ET]
Table 'Sonja II' 6-max Seat #2 is the button
Seat 3: jhguhgfugctu ($74.60 in chips) is sitting out
Seat 6: GuigaMan ($100 in chips) is sitting out
Seat 1: xxxZeka ($100 in chips) 
Seat 2: Operages ($114.50 in chips) 
Seat 4: BenCampbel10 ($105.80 in chips) 
Seat 5: kekoccc ($100 in chips) 
BenCampbel10: posts small blind $0.50
kekoccc: posts big blind $1
GuigaMan: sits out 
*** HOLE CARDS ***
xxxZeka: folds 
Operages: raises $1.55 to $2.55
BenCampbel10: folds 
kekoccc: calls $1.55
*** FLOP *** [3d 2h 7s]
kekoccc: checks 
Operages: checks 
*** TURN *** [3d 2h 7s] [Kc]
kekoccc: checks 
Operages: bets $2.23
kekoccc: folds 
Uncalled bet ($2.23) returned to Operages
Operages collected $5.32 from pot
Operages: doesn't show hand 
*** SUMMARY ***
Total pot $5.60 | Rake $0.28 
Board [3d 2h 7s Kc]
Seat 3: jhguhgfugctu
Seat 6: GuigaMan
Seat 1: xxxZeka folded before Flop (didn't bet)
Seat 2: Operages (button) collected ($5.32)
Seat 4: BenCampbel10 (small blind) folded before Flop
Seat 5: kekoccc (big blind) folded on the Turn



PokerStars Hand #254282936167:  Hold'em No Limit ($0.50/$1.00 USD) - 2025/01/09 20:00:33 WET [2025/01/09 15:00:33 ET]
Table 'Sonja II' 6-max Seat #4 is the button
Seat 1: xxxZeka ($100 in chips) 
Seat 2: Operages ($117.27 in chips) 
Seat 3: jhguhgfugctu ($74.60 in chips) 
Seat 4: BenCampbel10 ($105.30 in chips) 
Seat 5: kekoccc ($100 in chips) 
Seat 6: GuigaMan ($100 in chips) 
kekoccc: posts small blind $0.50
GuigaMan: posts big blind $1
jhguhgfugctu: posts big blind $1
*** HOLE CARDS ***
xxxZeka: folds 
Operages: folds 
jhguhgfugctu: checks 
BenCampbel10: folds 
kekoccc: folds 
GuigaMan: checks 
*** FLOP *** [5d 2h Qc]
GuigaMan: checks 
jhguhgfugctu: checks 
*** TURN *** [5d 2h Qc] [Jd]
GuigaMan: checks 
jhguhgfugctu: bets $1
GuigaMan: folds 
Uncalled bet ($1) returned to jhguhgfugctu
jhguhgfugctu collected $2.38 from pot
*** SUMMARY ***
Total pot $2.50 | Rake $0.12 
Board [5d 2h Qc Jd]
Seat 1: xxxZeka folded before Flop (didn't bet)
Seat 2: Operages folded before Flop (didn't bet)
Seat 3: jhguhgfugctu collected ($2.38)
Seat 4: BenCampbel10 (button) folded before Flop (didn't bet)
Seat 5: kekoccc (small blind) folded before Flop
Seat 6: GuigaMan (big blind) folded on the Turn



PokerStars Hand #254282942288:  Hold'em No Limit ($0.50/$1.00 USD) - 2025/01/09 20:00:57 WET [2025/01/09 15:00:57 ET]
Table 'Sonja II' 6-max Seat #5 is the button
Seat 1: xxxZeka ($100 in chips) 
Seat 2: Operages ($117.27 in chips) 
Seat 3: jhguhgfugctu ($75.98 in chips) 
Seat 4: BenCampbel10 ($105.30 in chips) 
Seat 5: kekoccc ($100 in chips) 
Seat 6: GuigaMan ($100 in chips) 
GuigaMan: posts small blind $0.50
xxxZeka: posts big blind $1
*** HOLE CARDS ***
Operages: folds 
jhguhgfugctu: folds 
BenCampbel10: folds 
kekoccc: folds 
GuigaMan: raises $2 to $3
xxxZeka: folds 
Uncalled bet ($2) returned to GuigaMan
GuigaMan collected $2 from pot
GuigaMan: doesn't show hand 
*** SUMMARY ***
Total pot $2 | Rake $0 
Seat 1: xxxZeka (big blind) folded before Flop
Seat 2: Operages folded before Flop (didn't bet)
Seat 3: jhguhgfugctu folded before Flop (didn't bet)
Seat 4: BenCampbel10 folded before Flop (didn't bet)
Seat 5: kekoccc (button) folded before Flop (didn't bet)
Seat 6: GuigaMan (small blind) collected ($2)



PokerStars Hand #254282946702:  Hold'em No Limit ($0.50/$1.00 USD) - 2025/01/09 20:01:13 WET [2025/01/09 15:01:13 ET]
Table 'Sonja II' 6-max Seat #6 is the button
Seat 1: xxxZeka ($100 in chips) 
Seat 2: Operages ($117.27 in chips) 
Seat 3: jhguhgfugctu ($75.98 in chips) 
Seat 4: BenCampbel10 ($105.30 in chips) 
Seat 5: kekoccc ($100 in chips) 
Seat 6: GuigaMan ($101 in chips) 
xxxZeka: posts small blind $0.50
Operages: posts big blind $1
*** HOLE CARDS ***
jhguhgfugctu: folds 
BenCampbel10: folds 
kekoccc: raises $1.50 to $2.50
GuigaMan: folds 
xxxZeka: folds 
Operages: folds 
Uncalled bet ($1.50) returned to kekoccc
kekoccc collected $2.50 from pot
kekoccc: doesn't show hand 
*** SUMMARY ***
Total pot $2.50 | Rake $0 
Seat 1: xxxZeka (small blind) folded before Flop
Seat 2: Operages (big blind) folded before Flop
Seat 3: jhguhgfugctu folded before Flop (didn't bet)
Seat 4: BenCampbel10 folded before Flop (didn't bet)
Seat 5: kekoccc collected ($2.50)
Seat 6: GuigaMan (button) folded before Flop (didn't bet)



PokerStars Hand #254282951198:  Hold'em No Limit ($0.50/$1.00 USD) - 2025/01/09 20:01:29 WET [2025/01/09 15:01:29 ET]
Table 'Sonja II' 6-max Seat #1 is the button
Seat 1: xxxZeka ($100 in chips) 
Seat 2: Operages ($116.27 in chips) 
Seat 3: jhguhgfugctu ($75.98 in chips) 
Seat 4: BenCampbel10 ($105.30 in chips) 
Seat 5: kekoccc ($101.50 in chips) 
Seat 6: GuigaMan ($101 in chips) 
Operages: posts small blind $0.50
jhguhgfugctu: posts big blind $1
*** HOLE CARDS ***
BenCampbel10: raises $1 to $2
kekoccc: folds 
GuigaMan: folds 
xxxZeka: folds 
Operages: folds 
jhguhgfugctu: folds 
Uncalled bet ($1) returned to BenCampbel10
BenCampbel10 collected $2.50 from pot
BenCampbel10: doesn't show hand 
*** SUMMARY ***
Total pot $2.50 | Rake $0 
Seat 1: xxxZeka (button) folded before Flop (didn't bet)
Seat 2: Operages (small blind) folded before Flop
Seat 3: jhguhgfugctu (big blind) folded before Flop
Seat 4: BenCampbel10 collected ($2.50)
Seat 5: kekoccc folded before Flop (didn't bet)
Seat 6: GuigaMan folded before Flop (didn't bet)



PokerStars Hand #254282955571:  Hold'em No Limit ($0.50/$1.00 USD) - 2025/01/09 20:01:45 WET [2025/01/09 15:01:45 ET]
Table 'Sonja II' 6-max Seat #2 is the button
Seat 1: xxxZeka ($100 in chips) 
Seat 2: Operages ($115.77 in chips) 
Seat 3: jhguhgfugctu ($74.98 in chips) 
Seat 4: BenCampbel10 ($106.80 in chips) 
Seat 5: kekoccc ($101.50 in chips) 
Seat 6: GuigaMan ($101 in chips) 
jhguhgfugctu: posts small blind $0.50
BenCampbel10: posts big blind $1
*** HOLE CARDS ***
kekoccc: folds 
GuigaMan: folds 
xxxZeka: folds 
Operages: raises $1.55 to $2.55
jhguhgfugctu: calls $2.05
BenCampbel10: folds 
*** FLOP *** [Jd Tc 8s]
jhguhgfugctu: bets $2
Operages: raises $3.23 to $5.23
jhguhgfugctu: calls $3.23
*** TURN *** [Jd Tc 8s] [Ac]
jhguhgfugctu: checks 
Operages: bets $6.61
jhguhgfugctu: folds 
Uncalled bet ($6.61) returned to Operages
Operages collected $15.73 from pot
Operages: doesn't show hand 
*** SUMMARY ***
Total pot $16.56 | Rake $0.83 
Board [Jd Tc 8s Ac]
Seat 1: xxxZeka folded before Flop (didn't bet)
Seat 2: Operages (button) collected ($15.73)
Seat 3: jhguhgfugctu (small blind) folded on the Turn
Seat 4: BenCampbel10 (big blind) folded before Flop
Seat 5: kekoccc folded before Flop (didn't bet)
Seat 6: GuigaMan folded before Flop (didn't bet)



PokerStars Hand #254282972969:  Hold'em No Limit ($0.50/$1.00 USD) - 2025/01/09 20:02:41 WET [2025/01/09 15:02:41 ET]
Table 'Sonja II' 6-max Seat #3 is the button
Seat 1: xxxZeka ($100 in chips) 
Seat 2: Operages ($123.72 in chips) 
Seat 3: jhguhgfugctu ($67.20 in chips) 
Seat 4: BenCampbel10 ($105.80 in chips) 
Seat 5: kekoccc ($101.50 in chips) 
Seat 6: GuigaMan ($101 in chips) 
BenCampbel10: posts small blind $0.50
kekoccc: posts big blind $1
*** HOLE CARDS ***
GuigaMan: raises $1.10 to $2.10
xxxZeka: folds 
Operages: folds 
jhguhgfugctu: folds 
BenCampbel10: folds 
kekoccc: calls $1.10
*** FLOP *** [9d 9c 3d]
kekoccc: checks 
GuigaMan: checks 
*** TURN *** [9d 9c 3d] [7h]
kekoccc: checks 
GuigaMan: checks 
*** RIVER *** [9d 9c 3d 7h] [3c]
kekoccc: checks 
GuigaMan: checks 
*** SHOW DOWN ***
kekoccc: shows [8h Qh] (two pair, Nines and Threes)
GuigaMan: shows [Js Qs] (two pair, Nines and Threes)
kekoccc collected $2.23 from pot
GuigaMan collected $2.23 from pot
*** SUMMARY ***
Total pot $4.70 | Rake $0.24 
Board [9d 9c 3d 7h 3c]
Seat 1: xxxZeka folded before Flop (didn't bet)
Seat 2: Operages folded before Flop (didn't bet)
Seat 3: jhguhgfugctu (button) folded before Flop (didn't bet)
Seat 4: BenCampbel10 (small blind) folded before Flop
Seat 5: kekoccc (big blind) showed [8h Qh] and won ($2.23) with two pair, Nines and Threes
Seat 6: GuigaMan showed [Js Qs] and won ($2.23) with two pair, Nines and Threes



PokerStars Hand #254282986177:  Hold'em No Limit ($0.50/$1.00 USD) - 2025/01/09 20:03:23 WET [2025/01/09 15:03:23 ET]
Table 'Sonja II' 6-max Seat #4 is the button
Seat 1: xxxZeka ($100 in chips) 
Seat 2: Operages ($123.72 in chips) 
Seat 3: jhguhgfugctu ($67.20 in chips) 
Seat 4: BenCampbel10 ($105.30 in chips) 
Seat 5: kekoccc ($101.63 in chips) 
Seat 6: GuigaMan ($101.13 in chips) 
kekoccc: posts small blind $0.50
GuigaMan: posts big blind $1
*** HOLE CARDS ***
xxxZeka: folds 
Operages: folds 
jhguhgfugctu: raises $2 to $3
BenCampbel10: folds 
kekoccc: raises $9 to $12
GuigaMan: folds 
jhguhgfugctu: calls $9
*** FLOP *** [6d 8s 6h]
kekoccc: checks 
jhguhgfugctu: bets $11.88
kekoccc: calls $11.88
*** TURN *** [6d 8s 6h] [7d]
kekoccc: checks 
jhguhgfugctu: bets $43.32 and is all-in
kekoccc: folds 
Uncalled bet ($43.32) returned to jhguhgfugctu
jhguhgfugctu collected $46.32 from pot
*** SUMMARY ***
Total pot $48.76 | Rake $2.44 
Board [6d 8s 6h 7d]
Seat 1: xxxZeka folded before Flop (didn't bet)
Seat 2: Operages folded before Flop (didn't bet)
Seat 3: jhguhgfugctu collected ($46.32)
Seat 4: BenCampbel10 (button) folded before Flop (didn't bet)
Seat 5: kekoccc (small blind) folded on the Turn
Seat 6: GuigaMan (big blind) folded before Flop



PokerStars Hand #254283005452:  Hold'em No Limit ($0.50/$1.00 USD) - 2025/01/09 20:04:24 WET [2025/01/09 15:04:24 ET]
Table 'Sonja II' 6-max Seat #5 is the button
Seat 1: xxxZeka ($100 in chips) 
Seat 2: Operages ($123.72 in chips) 
Seat 3: jhguhgfugctu ($89.64 in chips) 
Seat 4: BenCampbel10 ($105.30 in chips) 
Seat 5: kekoccc ($100 in chips) 
Seat 6: GuigaMan ($100.13 in chips) 
GuigaMan: posts small blind $0.50
xxxZeka: posts big blind $1
*** HOLE CARDS ***
Operages: folds 
jhguhgfugctu: folds 
BenCampbel10: raises $1 to $2
kekoccc: folds 
GuigaMan: folds 
xxxZeka: calls $1
*** FLOP *** [2d 9h 8d]
xxxZeka: checks 
BenCampbel10: checks 
*** TURN *** [2d 9h 8d] [9d]
xxxZeka: bets $3.30
BenCampbel10: calls $3.30
*** RIVER *** [2d 9h 8d 9d] [Jc]
xxxZeka: bets $8.12
BenCampbel10: calls $8.12
*** SHOW DOWN ***
xxxZeka: shows [7h Th] (a straight, Seven to Jack)
BenCampbel10: mucks hand 
xxxZeka collected $25.97 from pot
*** SUMMARY ***
Total pot $27.34 | Rake $1.37 
Board [2d 9h 8d 9d Jc]
Seat 1: xxxZeka (big blind) showed [7h Th] and won ($25.97) with a straight, Seven to Jack
Seat 2: Operages folded before Flop (didn't bet)
Seat 3: jhguhgfugctu folded before Flop (didn't bet)
Seat 4: BenCampbel10 mucked
Seat 5: kekoccc (button) folded before Flop (didn't bet)
Seat 6: GuigaMan (small blind) folded before Flop



PokerStars Hand #254283032466:  Hold'em No Limit ($0.50/$1.00 USD) - 2025/01/09 20:05:46 WET [2025/01/09 15:05:46 ET]
Table 'Sonja II' 6-max Seat #6 is the button
Seat 1: xxxZeka ($112.55 in chips) 
Seat 2: Operages ($123.72 in chips) 
Seat 3: jhguhgfugctu ($89.64 in chips) 
Seat 4: BenCampbel10 ($100 in chips) 
Seat 5: kekoccc ($100 in chips) 
Seat 6: GuigaMan ($100 in chips) 
xxxZeka: posts small blind $0.50
Operages: posts big blind $1
*** HOLE CARDS ***
jhguhgfugctu: calls $1
BenCampbel10: folds 
kekoccc: folds 
GuigaMan: raises $2 to $3
xxxZeka: folds 
Operages: folds 
jhguhgfugctu: calls $2
*** FLOP *** [6d 9c 5h]
jhguhgfugctu: checks 
GuigaMan: checks 
*** TURN *** [6d 9c 5h] [Qd]
jhguhgfugctu: checks 
GuigaMan: checks 
*** RIVER *** [6d 9c 5h Qd] [6h]
jhguhgfugctu: checks 
GuigaMan: checks 
*** SHOW DOWN ***
jhguhgfugctu: shows [Ad 4d] (a pair of Sixes)
GuigaMan: shows [4c 5c] (two pair, Sixes and Fives)
GuigaMan collected $7.12 from pot
*** SUMMARY ***
Total pot $7.50 | Rake $0.38 
Board [6d 9c 5h Qd 6h]
Seat 1: xxxZeka (small blind) folded before Flop
Seat 2: Operages (big blind) folded before Flop
Seat 3: jhguhgfugctu showed [Ad 4d] and lost with a pair of Sixes
Seat 4: BenCampbel10 folded before Flop (didn't bet)
Seat 5: kekoccc folded before Flop (didn't bet)
Seat 6: GuigaMan (button) showed [4c 5c] and won ($7.12) with two pair, Sixes and Fives



PokerStars Hand #254283052502:  Hold'em No Limit ($0.50/$1.00 USD) - 2025/01/09 20:06:46 WET [2025/01/09 15:06:46 ET]
Table 'Sonja II' 6-max Seat #1 is the button
Seat 1: xxxZeka ($112.05 in chips) 
Seat 2: Operages ($122.72 in chips) 
Seat 3: jhguhgfugctu ($86.64 in chips) 
Seat 4: BenCampbel10 ($100 in chips) 
Seat 5: kekoccc ($100 in chips) 
Seat 6: GuigaMan ($104.12 in chips) 
Operages: posts small blind $0.50
jhguhgfugctu: posts big blind $1
*** HOLE CARDS ***
BenCampbel10: raises $1 to $2
kekoccc: folds 
GuigaMan: folds 
xxxZeka: folds 
Operages: folds 
jhguhgfugctu: folds 
Uncalled bet ($1) returned to BenCampbel10
BenCampbel10 collected $2.50 from pot
BenCampbel10: doesn't show hand 
*** SUMMARY ***
Total pot $2.50 | Rake $0 
Seat 1: xxxZeka (button) folded before Flop (didn't bet)
Seat 2: Operages (small blind) folded before Flop
Seat 3: jhguhgfugctu (big blind) folded before Flop
Seat 4: BenCampbel10 collected ($2.50)
Seat 5: kekoccc folded before Flop (didn't bet)
Seat 6: GuigaMan folded before Flop (didn't bet)



PokerStars Hand #254283058671:  Hold'em No Limit ($0.50/$1.00 USD) - 2025/01/09 20:07:05 WET [2025/01/09 15:07:05 ET]
Table 'Sonja II' 6-max Seat #2 is the button
Seat 1: xxxZeka ($112.05 in chips) 
Seat 2: Operages ($122.22 in chips) 
Seat 3: jhguhgfugctu ($85.64 in chips) 
Seat 4: BenCampbel10 ($101.50 in chips) 
Seat 5: kekoccc ($100 in chips) 
Seat 6: GuigaMan ($104.12 in chips) 
jhguhgfugctu: posts small blind $0.50
BenCampbel10: posts big blind $1
*** HOLE CARDS ***
kekoccc: raises $1.50 to $2.50
GuigaMan: folds 
xxxZeka: folds 
Operages: folds 
jhguhgfugctu: calls $2
BenCampbel10: raises $11 to $13.50
kekoccc: folds 
jhguhgfugctu: folds 
Uncalled bet ($11) returned to BenCampbel10
BenCampbel10 collected $7.50 from pot
BenCampbel10: doesn't show hand 
*** SUMMARY ***
Total pot $7.50 | Rake $0 
Seat 1: xxxZeka folded before Flop (didn't bet)
Seat 2: Operages (button) folded before Flop (didn't bet)
Seat 3: jhguhgfugctu (small blind) folded before Flop
Seat 4: BenCampbel10 (big blind) collected ($7.50)
Seat 5: kekoccc folded before Flop
Seat 6: GuigaMan folded before Flop (didn't bet)



PokerStars Hand #254283070902:  Hold'em No Limit ($0.50/$1.00 USD) - 2025/01/09 20:07:41 WET [2025/01/09 15:07:41 ET]
Table 'Sonja II' 6-max Seat #3 is the button
Seat 1: xxxZeka ($112.05 in chips) 
Seat 2: Operages ($122.22 in chips) 
Seat 3: jhguhgfugctu ($83.14 in chips) 
Seat 4: BenCampbel10 ($106.50 in chips) 
Seat 5: kekoccc ($100 in chips) 
Seat 6: GuigaMan ($104.12 in chips) 
BenCampbel10: posts small blind $0.50
kekoccc: posts big blind $1
*** HOLE CARDS ***
GuigaMan: folds 
xxxZeka: folds 
Operages: folds 
jhguhgfugctu: calls $1
BenCampbel10: raises $3.50 to $4.50
kekoccc: folds 
jhguhgfugctu: calls $3.50
*** FLOP *** [2h 6d Ah]
BenCampbel10: bets $2
jhguhgfugctu: calls $2
*** TURN *** [2h 6d Ah] [Tc]
BenCampbel10: checks 
jhguhgfugctu: bets $6.65
BenCampbel10: calls $6.65
*** RIVER *** [2h 6d Ah Tc] [Jc]
BenCampbel10: checks 
jhguhgfugctu: bets $25.94
BenCampbel10: folds 
Uncalled bet ($25.94) returned to jhguhgfugctu
jhguhgfugctu collected $25.94 from pot
*** SUMMARY ***
Total pot $27.30 | Rake $1.36 
Board [2h 6d Ah Tc Jc]
Seat 1: xxxZeka folded before Flop (didn't bet)
Seat 2: Operages folded before Flop (didn't bet)
Seat 3: jhguhgfugctu (button) collected ($25.94)
Seat 4: BenCampbel10 (small blind) folded on the River
Seat 5: kekoccc (big blind) folded before Flop
Seat 6: GuigaMan folded before Flop (didn't bet)



PokerStars Hand #254283086907:  Hold'em No Limit ($0.50/$1.00 USD) - 2025/01/09 20:08:30 WET [2025/01/09 15:08:30 ET]
Table 'Sonja II' 6-max Seat #4 is the button
Seat 1: xxxZeka ($112.05 in chips) 
Seat 2: Operages ($122.22 in chips) 
Seat 3: jhguhgfugctu ($95.93 in chips) 
Seat 4: BenCampbel10 ($100 in chips) 
Seat 5: kekoccc ($100 in chips) 
Seat 6: GuigaMan ($104.12 in chips) 
kekoccc: posts small blind $0.50
GuigaMan: posts big blind $1
*** HOLE CARDS ***
xxxZeka: folds 
Operages: folds 
jhguhgfugctu: calls $1
BenCampbel10: raises $2.50 to $3.50
kekoccc: raises $8 to $11.50
GuigaMan: folds 
jhguhgfugctu: folds 
BenCampbel10: folds 
Uncalled bet ($8) returned to kekoccc
kekoccc collected $9 from pot
kekoccc: doesn't show hand 
*** SUMMARY ***
Total pot $9 | Rake $0 
Seat 1: xxxZeka folded before Flop (didn't bet)
Seat 2: Operages folded before Flop (didn't bet)
Seat 3: jhguhgfugctu folded before Flop
Seat 4: BenCampbel10 (button) folded before Flop
Seat 5: kekoccc (small blind) collected ($9)
Seat 6: GuigaMan (big blind) folded before Flop



PokerStars Hand #254283101807:  Hold'em No Limit ($0.50/$1.00 USD) - 2025/01/09 20:09:14 WET [2025/01/09 15:09:14 ET]
Table 'Sonja II' 6-max Seat #5 is the button
Seat 1: xxxZeka ($112.05 in chips) 
Seat 2: Operages ($122.22 in chips) 
Seat 3: jhguhgfugctu ($94.93 in chips) 
Seat 4: BenCampbel10 ($100 in chips) 
Seat 5: kekoccc ($105.50 in chips) 
Seat 6: GuigaMan ($103.12 in chips) 
GuigaMan: posts small blind $0.50
xxxZeka: posts big blind $1
*** HOLE CARDS ***
Operages: raises $1.55 to $2.55
jhguhgfugctu: folds 
BenCampbel10: folds 
kekoccc: folds 
GuigaMan: folds 
jhguhgfugctu leaves the table
xxxZeka: calls $1.55
*** FLOP *** [Td 8h Jd]
xxxZeka: checks 
Operages: bets $3.30
xxxZeka: calls $3.30
*** TURN *** [Td 8h Jd] [As]
xxxZeka: checks 
Purenordic11 joins the table at seat #3 
Operages: bets $8.92
xxxZeka: calls $8.92
*** RIVER *** [Td 8h Jd As] [7s]
xxxZeka: checks 
Operages: bets $21.98
xxxZeka: folds 
Uncalled bet ($21.98) returned to Operages
Operages collected $28.54 from pot
Operages: doesn't show hand 
*** SUMMARY ***
Total pot $30.04 | Rake $1.50 
Board [Td 8h Jd As 7s]
Seat 1: xxxZeka (big blind) folded on the River
Seat 2: Operages collected ($28.54)
Seat 3: jhguhgfugctu folded before Flop (didn't bet)
Seat 4: BenCampbel10 folded before Flop (didn't bet)
Seat 5: kekoccc (button) folded before Flop (didn't bet)
Seat 6: GuigaMan (small blind) folded before Flop



PokerStars Hand #254283131671:  Hold'em No Limit ($0.50/$1.00 USD) - 2025/01/09 20:10:44 WET [2025/01/09 15:10:44 ET]
Table 'Sonja II' 6-max Seat #6 is the button
Seat 1: xxxZeka ($100 in chips) 
Seat 2: Operages ($135.99 in chips) 
Seat 3: Purenordic11 ($51.79 in chips) 
Seat 4: BenCampbel10 ($100 in chips) 
Seat 5: kekoccc ($105.50 in chips) 
Seat 6: GuigaMan ($102.62 in chips) 
xxxZeka: posts small blind $0.50
Operages: posts big blind $1
Purenordic11: posts big blind $1
*** HOLE CARDS ***
Purenordic11: checks 
BenCampbel10: folds 
kekoccc: folds 
GuigaMan: raises $1.10 to $2.10
xxxZeka: folds 
Operages: calls $1.10
Purenordic11: calls $1.10
*** FLOP *** [5c 3h 2s]
Operages: checks 
Purenordic11: checks 
GuigaMan: checks 
*** TURN *** [5c 3h 2s] [2h]
Operages: checks 
Purenordic11: bets $2
GuigaMan: folds 
Operages: folds 
Uncalled bet ($2) returned to Purenordic11
Purenordic11 collected $6.46 from pot
Purenordic11: doesn't show hand 
*** SUMMARY ***
Total pot $6.80 | Rake $0.34 
Board [5c 3h 2s 2h]
Seat 1: xxxZeka (small blind) folded before Flop
Seat 2: Operages (big blind) folded on the Turn
Seat 3: Purenordic11 collected ($6.46)
Seat 4: BenCampbel10 folded before Flop (didn't bet)
Seat 5: kekoccc folded before Flop (didn't bet)
Seat 6: GuigaMan (button) folded on the Turn



PokerStars Hand #254283152537:  Hold'em No Limit ($0.50/$1.00 USD) - 2025/01/09 20:11:46 WET [2025/01/09 15:11:46 ET]
Table 'Sonja II' 6-max Seat #1 is the button
Seat 1: xxxZeka ($100 in chips) 
Seat 2: Operages ($133.89 in chips) 
Seat 3: Purenordic11 ($56.15 in chips) 
Seat 4: BenCampbel10 ($100 in chips) 
Seat 5: kekoccc ($105.50 in chips) 
Seat 6: GuigaMan ($100.52 in chips) 
Operages: posts small blind $0.50
Purenordic11: posts big blind $1
*** HOLE CARDS ***
BenCampbel10: raises $1 to $2
kekoccc: folds 
GuigaMan: folds 
xxxZeka: calls $2
Operages: folds 
Purenordic11: calls $1
*** FLOP *** [5c 9s 8d]
Purenordic11: checks 
BenCampbel10: checks 
xxxZeka: bets $4.08
Purenordic11: folds 
BenCampbel10: folds 
Uncalled bet ($4.08) returned to xxxZeka
xxxZeka collected $6.18 from pot
xxxZeka: doesn't show hand 
*** SUMMARY ***
Total pot $6.50 | Rake $0.32 
Board [5c 9s 8d]
Seat 1: xxxZeka (button) collected ($6.18)
Seat 2: Operages (small blind) folded before Flop
Seat 3: Purenordic11 (big blind) folded on the Flop
Seat 4: BenCampbel10 folded on the Flop
Seat 5: kekoccc folded before Flop (didn't bet)
Seat 6: GuigaMan folded before Flop (didn't bet)



PokerStars Hand #254283179823:  Hold'em No Limit ($0.50/$1.00 USD) - 2025/01/09 20:13:07 WET [2025/01/09 15:13:07 ET]
Table 'Sonja II' 6-max Seat #2 is the button
Seat 1: xxxZeka ($104.18 in chips) 
Seat 2: Operages ($133.39 in chips) 
Seat 3: Purenordic11 ($54.15 in chips) 
Seat 4: BenCampbel10 ($100 in chips) 
Seat 5: kekoccc ($105.50 in chips) 
Seat 6: GuigaMan ($100.52 in chips) 
Purenordic11: posts small blind $0.50
BenCampbel10: posts big blind $1
*** HOLE CARDS ***
kekoccc: folds 
GuigaMan: folds 
xxxZeka: folds 
Operages: raises $1.55 to $2.55
Purenordic11: folds 
BenCampbel10: calls $1.55
*** FLOP *** [7d 9c Ts]
BenCampbel10: checks 
Operages: checks 
*** TURN *** [7d 9c Ts] [Kh]
BenCampbel10: checks 
Operages: bets $2.23
BenCampbel10: folds 
Uncalled bet ($2.23) returned to Operages
Operages collected $5.32 from pot
Operages: doesn't show hand 
*** SUMMARY ***
Total pot $5.60 | Rake $0.28 
Board [7d 9c Ts Kh]
Seat 1: xxxZeka folded before Flop (didn't bet)
Seat 2: Operages (button) collected ($5.32)
Seat 3: Purenordic11 (small blind) folded before Flop
Seat 4: BenCampbel10 (big blind) folded on the Turn
Seat 5: kekoccc folded before Flop (didn't bet)
Seat 6: GuigaMan folded before Flop (didn't bet)



PokerStars Hand #254283351142:  Hold'em No Limit ($0.50/$1.00 USD) - 2025/01/09 20:21:37 WET [2025/01/09 15:21:37 ET]
Table 'Sonja II' 6-max Seat #4 is the button
Seat 1: xxxZeka ($102.68 in chips) 
Seat 2: Operages ($123.87 in chips) 
Seat 3: Purenordic11 ($125.18 in chips) 
Seat 4: BenCampbel10 ($100 in chips) 
Seat 5: kekoccc ($114.15 in chips) 
Seat 6: GuigaMan ($101.40 in chips) 
kekoccc: posts small blind $0.50
GuigaMan: posts big blind $1
*** HOLE CARDS ***
xxxZeka: folds 
Operages: raises $1.55 to $2.55
Purenordic11: folds 
BenCampbel10: folds 
kekoccc: folds 
GuigaMan: folds 
Uncalled bet ($1.55) returned to Operages
Operages collected $2.50 from pot
Operages: doesn't show hand 
*** SUMMARY ***
Total pot $2.50 | Rake $0 
Seat 1: xxxZeka folded before Flop (didn't bet)
Seat 2: Operages collected ($2.50)
Seat 3: Purenordic11 folded before Flop (didn't bet)
Seat 4: BenCampbel10 (button) folded before Flop (didn't bet)
Seat 5: kekoccc (small blind) folded before Flop
Seat 6: GuigaMan (big blind) folded before Flop



PokerStars Hand #254283360601:  Hold'em No Limit ($0.50/$1.00 USD) - 2025/01/09 20:22:05 WET [2025/01/09 15:22:05 ET]
Table 'Sonja II' 6-max Seat #5 is the button
Seat 1: xxxZeka ($102.68 in chips) 
Seat 2: Operages ($125.37 in chips) 
Seat 3: Purenordic11 ($125.18 in chips) 
Seat 4: BenCampbel10 ($100 in chips) 
Seat 5: kekoccc ($113.65 in chips) 
Seat 6: GuigaMan ($100.40 in chips) 
GuigaMan: posts small blind $0.50
xxxZeka: posts big blind $1
*** HOLE CARDS ***
Operages: raises $1.55 to $2.55
Purenordic11: calls $2.55
BenCampbel10: raises $6.95 to $9.50
kekoccc: folds 
GuigaMan: folds 
xxxZeka: folds 
Operages: folds 
Purenordic11: folds 
Uncalled bet ($6.95) returned to BenCampbel10
BenCampbel10 collected $9.15 from pot
*** SUMMARY ***
Total pot $9.15 | Rake $0 
Seat 1: xxxZeka (big blind) folded before Flop
Seat 2: Operages folded before Flop
Seat 3: Purenordic11 folded before Flop
Seat 4: BenCampbel10 collected ($9.15)
Seat 5: kekoccc (button) folded before Flop (didn't bet)
Seat 6: GuigaMan (small blind) folded before Flop



PokerStars Hand #254283373607:  Hold'em No Limit ($0.50/$1.00 USD) - 2025/01/09 20:22:43 WET [2025/01/09 15:22:43 ET]
Table 'Sonja II' 6-max Seat #6 is the button
Seat 1: xxxZeka ($101.68 in chips) 
Seat 2: Operages ($122.82 in chips) 
Seat 3: Purenordic11 ($122.63 in chips) 
Seat 4: BenCampbel10 ($106.60 in chips) 
Seat 5: kekoccc ($113.65 in chips) 
Seat 6: GuigaMan ($100 in chips) 
xxxZeka: posts small blind $0.50
Operages: posts big blind $1
*** HOLE CARDS ***
Purenordic11: calls $1
BenCampbel10: raises $2.50 to $3.50
kekoccc: folds 
GuigaMan: folds 
xxxZeka: folds 
Operages: folds 
Purenordic11: calls $2.50
*** FLOP *** [6h 2d Jh]
Purenordic11: bets $2
BenCampbel10: calls $2
*** TURN *** [6h 2d Jh] [As]
Purenordic11: bets $6
BenCampbel10: calls $6
*** RIVER *** [6h 2d Jh As] [8c]
Purenordic11: bets $11
BenCampbel10: raises $84.10 to $95.10 and is all-in
Purenordic11: calls $84.10
*** SHOW DOWN ***
BenCampbel10: shows [8s 8d] (three of a kind, Eights)
Purenordic11: shows [Jc 2c] (two pair, Jacks and Deuces)
BenCampbel10 collected $212.20 from pot
*** SUMMARY ***
Total pot $214.70 | Rake $2.50 
Board [6h 2d Jh As 8c]
Seat 1: xxxZeka (small blind) folded before Flop
Seat 2: Operages (big blind) folded before Flop
Seat 3: Purenordic11 showed [Jc 2c] and lost with two pair, Jacks and Deuces
Seat 4: BenCampbel10 showed [8s 8d] and won ($212.20) with three of a kind, Eights
Seat 5: kekoccc folded before Flop (didn't bet)
Seat 6: GuigaMan (button) folded before Flop (didn't bet)



PokerStars Hand #254283401899:  Hold'em No Limit ($0.50/$1.00 USD) - 2025/01/09 20:24:07 WET [2025/01/09 15:24:07 ET]
Table 'Sonja II' 6-max Seat #1 is the button
Seat 1: xxxZeka ($101.18 in chips) 
Seat 2: Operages ($121.82 in chips) 
Seat 3: Purenordic11 ($16.03 in chips) 
Seat 4: BenCampbel10 ($212.20 in chips) 
Seat 5: kekoccc ($113.65 in chips) 
Seat 6: GuigaMan ($100 in chips) 
Operages: posts small blind $0.50
Purenordic11: posts big blind $1
*** HOLE CARDS ***
BenCampbel10: folds 
kekoccc: folds 
GuigaMan: folds 
xxxZeka: folds 
Operages: calls $0.50
Purenordic11: checks 
*** FLOP *** [Ts 9s 9d]
Operages: checks 
Purenordic11: bets $1
Operages: raises $2.42 to $3.42
Purenordic11: raises $11.61 to $15.03 and is all-in
Operages: calls $11.61
*** TURN *** [Ts 9s 9d] [2d]
*** RIVER *** [Ts 9s 9d 2d] [6s]
*** SHOW DOWN ***
Operages: shows [Jc 9c] (three of a kind, Nines)
Purenordic11: shows [8h Qc] (a pair of Nines)
Operages collected $30.46 from pot
*** SUMMARY ***
Total pot $32.06 | Rake $1.60 
Board [Ts 9s 9d 2d 6s]
Seat 1: xxxZeka (button) folded before Flop (didn't bet)
Seat 2: Operages (small blind) showed [Jc 9c] and won ($30.46) with three of a kind, Nines
Seat 3: Purenordic11 (big blind) showed [8h Qc] and lost with a pair of Nines
Seat 4: BenCampbel10 folded before Flop (didn't bet)
Seat 5: kekoccc folded before Flop (didn't bet)
Seat 6: GuigaMan folded before Flop (didn't bet)



PokerStars Hand #254283423959:  Hold'em No Limit ($0.50/$1.00 USD) - 2025/01/09 20:25:14 WET [2025/01/09 15:25:14 ET]
Table 'Sonja II' 6-max Seat #2 is the button
Seat 3: Purenordic11 ($0 in chips) is sitting out
Seat 5: kekoccc ($113.65 in chips) is sitting out
Seat 1: xxxZeka ($101.18 in chips) 
Seat 2: Operages ($136.25 in chips) 
Seat 4: BenCampbel10 ($212.20 in chips) 
Seat 6: GuigaMan ($100 in chips) 
BenCampbel10: posts small blind $0.50
kekoccc: is sitting out 
GuigaMan: posts big blind $1
*** HOLE CARDS ***
xxxZeka: folds 
kekoccc leaves the table
Operages: folds 
Purenordic11 leaves the table
BenCampbel10: folds 
Uncalled bet ($0.50) returned to GuigaMan
GuigaMan collected $1 from pot
GuigaMan: doesn't show hand 
*** SUMMARY ***
Total pot $1 | Rake $0 
Seat 3: Purenordic11
Seat 5: kekoccc
Seat 1: xxxZeka folded before Flop (didn't bet)
Seat 2: Operages (button) folded before Flop (didn't bet)
Seat 4: BenCampbel10 (small blind) folded before Flop
Seat 6: GuigaMan (big blind) collected ($1)



PokerStars Hand #254283428284:  Hold'em No Limit ($0.50/$1.00 USD) - 2025/01/09 20:25:27 WET [2025/01/09 15:25:27 ET]
Table 'Sonja II' 6-max Seat #4 is the button
Seat 1: xxxZeka ($101.18 in chips) 
Seat 2: Operages ($136.25 in chips) 
Seat 4: BenCampbel10 ($211.70 in chips) 
Seat 6: GuigaMan ($100.50 in chips) 
GuigaMan: posts small blind $0.50
xxxZeka: posts big blind $1
*** HOLE CARDS ***
Operages: folds 
BenCampbel10: raises $1 to $2
GuigaMan: folds 
xxxZeka: folds 
Uncalled bet ($1) returned to BenCampbel10
illarins joins the table at seat #3 
BenCampbel10 collected $2.50 from pot
BenCampbel10: doesn't show hand 
*** SUMMARY ***
Total pot $2.50 | Rake $0 
Seat 1: xxxZeka (big blind) folded before Flop
Seat 2: Operages folded before Flop (didn't bet)
Seat 4: BenCampbel10 (button) collected ($2.50)
Seat 6: GuigaMan (small blind) folded before Flop



PokerStars Hand #254283431967:  Hold'em No Limit ($0.50/$1.00 USD) - 2025/01/09 20:25:38 WET [2025/01/09 15:25:38 ET]
Table 'Sonja II' 6-max Seat #6 is the button
Seat 3: illarins ($100 in chips) is sitting out
Seat 1: xxxZeka ($100.18 in chips) 
Seat 2: Operages ($136.25 in chips) 
Seat 4: BenCampbel10 ($213.20 in chips) 
Seat 6: GuigaMan ($100 in chips) 
xxxZeka: posts small blind $0.50
Operages: posts big blind $1
illarins: sits out 
*** HOLE CARDS ***
BenCampbel10: folds 
GuigaMan: folds 
xxxZeka: folds 
Uncalled bet ($0.50) returned to Operages
Operages collected $1 from pot
Operages: doesn't show hand 
*** SUMMARY ***
Total pot $1 | Rake $0 
Seat 3: illarins
Seat 1: xxxZeka (small blind) folded before Flop
Seat 2: Operages (big blind) collected ($1)
Seat 4: BenCampbel10 folded before Flop (didn't bet)
Seat 6: GuigaMan (button) folded before Flop (didn't bet)



PokerStars Hand #254283436386:  Hold'em No Limit ($0.50/$1.00 USD) - 2025/01/09 20:25:51 WET [2025/01/09 15:25:51 ET]
Table 'Sonja II' 6-max Seat #1 is the button
Seat 1: xxxZeka ($100 in chips) 
Seat 2: Operages ($136.75 in chips) 
Seat 3: illarins ($100 in chips) 
Seat 4: BenCampbel10 ($213.20 in chips) 
Seat 6: GuigaMan ($100 in chips) 
Operages: posts small blind $0.50
illarins: posts big blind $1
*** HOLE CARDS ***
BenCampbel10: folds 
GuigaMan: folds 
xxxZeka: raises $1.50 to $2.50
Operages: folds 
illarins: folds 
Uncalled bet ($1.50) returned to xxxZeka
xxxZeka collected $2.50 from pot
xxxZeka: doesn't show hand 
*** SUMMARY ***
Total pot $2.50 | Rake $0 
Seat 1: xxxZeka (button) collected ($2.50)
Seat 2: Operages (small blind) folded before Flop
Seat 3: illarins (big blind) folded before Flop
Seat 4: BenCampbel10 folded before Flop (didn't bet)
Seat 6: GuigaMan folded before Flop (didn't bet)



PokerStars Hand #254283441614:  Hold'em No Limit ($0.50/$1.00 USD) - 2025/01/09 20:26:06 WET [2025/01/09 15:26:06 ET]
Table 'Sonja II' 6-max Seat #2 is the button
Seat 1: xxxZeka ($101.50 in chips) 
Seat 2: Operages ($136.25 in chips) 
Seat 3: illarins ($100 in chips) 
Seat 4: BenCampbel10 ($213.20 in chips) 
Seat 6: GuigaMan ($100 in chips) 
illarins: posts small blind $0.50
BenCampbel10: posts big blind $1
*** HOLE CARDS ***
GuigaMan: raises $1.10 to $2.10
xxxZeka: folds 
Operages: folds 
illarins: folds 
BenCampbel10: folds 
Uncalled bet ($1.10) returned to GuigaMan
GuigaMan collected $2.50 from pot
GuigaMan: doesn't show hand 
*** SUMMARY ***
Total pot $2.50 | Rake $0 
Seat 1: xxxZeka folded before Flop (didn't bet)
Seat 2: Operages (button) folded before Flop (didn't bet)
Seat 3: illarins (small blind) folded before Flop
Seat 4: BenCampbel10 (big blind) folded before Flop
Seat 6: GuigaMan collected ($2.50)



PokerStars Hand #254283451557:  Hold'em No Limit ($0.50/$1.00 USD) - 2025/01/09 20:26:36 WET [2025/01/09 15:26:36 ET]
Table 'Sonja II' 6-max Seat #3 is the button
Seat 1: xxxZeka ($101.50 in chips) is sitting out
Seat 6: GuigaMan ($101.50 in chips) is sitting out
Seat 2: Operages ($136.25 in chips) 
Seat 3: illarins ($100 in chips) 
Seat 4: BenCampbel10 ($212.20 in chips) 
BenCampbel10: posts small blind $0.50
GuigaMan: is sitting out 
xxxZeka: is sitting out 
Operages: posts big blind $1
*** HOLE CARDS ***
illarins: raises $1.50 to $2.50
BenCampbel10: folds 
Operages: folds 
Uncalled bet ($1.50) returned to illarins
illarins collected $2.50 from pot
illarins: doesn't show hand 
*** SUMMARY ***
Total pot $2.50 | Rake $0 
Seat 1: xxxZeka
Seat 6: GuigaMan
Seat 2: Operages (big blind) folded before Flop
Seat 3: illarins (button) collected ($2.50)
Seat 4: BenCampbel10 (small blind) folded before Flop



PokerStars Hand #254283455414:  Hold'em No Limit ($0.50/$1.00 USD) - 2025/01/09 20:26:47 WET [2025/01/09 15:26:47 ET]
Table 'Sonja II' 6-max Seat #2 is the button
Seat 1: xxxZeka ($101.50 in chips) is sitting out
Seat 3: illarins ($101.50 in chips) is sitting out
Seat 6: GuigaMan ($101.50 in chips) is sitting out
Seat 2: Operages ($135.25 in chips) 
Seat 4: BenCampbel10 ($211.70 in chips) 
Operages: posts small blind $0.50
illarins: is sitting out 
BenCampbel10: posts big blind $1
*** HOLE CARDS ***
illarins leaves the table
sta$igk joins the table at seat #5 
Operages: raises $1.24 to $2.24
BenCampbel10: raises $8.16 to $10.40
xxxZeka leaves the table
Operages: folds 
Uncalled bet ($8.16) returned to BenCampbel10
BenCampbel10 collected $4.48 from pot
BenCampbel10: doesn't show hand 
*** SUMMARY ***
Total pot $4.48 | Rake $0 
Seat 1: xxxZeka
Seat 3: illarins
Seat 6: GuigaMan
Seat 2: Operages (button) (small blind) folded before Flop
Seat 4: BenCampbel10 (big blind) collected ($4.48)



PokerStars Hand #254283462753:  Hold'em No Limit ($0.50/$1.00 USD) - 2025/01/09 20:27:09 WET [2025/01/09 15:27:09 ET]
Table 'Sonja II' 6-max Seat #2 is the button
Seat 6: GuigaMan ($101.50 in chips) is sitting out
Seat 2: Operages ($133.01 in chips) 
Seat 4: BenCampbel10 ($213.94 in chips) 
Seat 5: sta$igk ($100 in chips) 
BenCampbel10: posts small blind $0.50
sta$igk: posts big blind $1
*** HOLE CARDS ***
PayTaxOrDie joins the table at seat #3 
Operages: folds 
BenCampbel10: raises $1.50 to $2.50
sta$igk: raises $6.50 to $9
BenCampbel10: folds 
Uncalled bet ($6.50) returned to sta$igk
sta$igk collected $5 from pot
sta$igk: doesn't show hand 
*** SUMMARY ***
Total pot $5 | Rake $0 
Seat 6: GuigaMan
Seat 2: Operages (button) folded before Flop (didn't bet)
Seat 4: BenCampbel10 (small blind) folded before Flop
Seat 5: sta$igk (big blind) collected ($5)



PokerStars Hand #254283469734:  Hold'em No Limit ($0.50/$1.00 USD) - 2025/01/09 20:27:30 WET [2025/01/09 15:27:30 ET]
Table 'Sonja II' 6-max Seat #4 is the button
Seat 3: PayTaxOrDie ($100 in chips) is sitting out
Seat 6: GuigaMan ($101.50 in chips) is sitting out
Seat 2: Operages ($133.01 in chips) 
Seat 4: BenCampbel10 ($211.44 in chips) 
Seat 5: sta$igk ($102.50 in chips) 
sta$igk: posts small blind $0.50
Operages: posts big blind $1
PayTaxOrDie: sits out 
*** HOLE CARDS ***
BenCampbel10: folds 
sta$igk: folds 
Uncalled bet ($0.50) returned to Operages
Operages collected $1 from pot
Operages: doesn't show hand 
*** SUMMARY ***
Total pot $1 | Rake $0 
Seat 3: PayTaxOrDie
Seat 6: GuigaMan
Seat 2: Operages (big blind) collected ($1)
Seat 4: BenCampbel10 (button) folded before Flop (didn't bet)
Seat 5: sta$igk (small blind) folded before Flop



PokerStars Hand #254283472678:  Hold'em No Limit ($0.50/$1.00 USD) - 2025/01/09 20:27:38 WET [2025/01/09 15:27:38 ET]
Table 'Sonja II' 6-max Seat #5 is the button
Seat 6: GuigaMan ($101.50 in chips) is sitting out
Seat 2: Operages ($133.51 in chips) 
Seat 3: PayTaxOrDie ($100 in chips) 
Seat 4: BenCampbel10 ($211.44 in chips) 
Seat 5: sta$igk ($102 in chips) 
Operages: posts small blind $0.50
PayTaxOrDie: posts big blind $1
*** HOLE CARDS ***
BenCampbel10: raises $1 to $2
sta$igk: folds 
Operages: folds 
PayTaxOrDie: folds 
Uncalled bet ($1) returned to BenCampbel10
BenCampbel10 collected $2.50 from pot
*** SUMMARY ***
Total pot $2.50 | Rake $0 
Seat 6: GuigaMan
Seat 2: Operages (small blind) folded before Flop
Seat 3: PayTaxOrDie (big blind) folded before Flop
Seat 4: BenCampbel10 collected ($2.50)
Seat 5: sta$igk (button) folded before Flop (didn't bet)



PokerStars Hand #254283479212:  Hold'em No Limit ($0.50/$1.00 USD) - 2025/01/09 20:27:58 WET [2025/01/09 15:27:58 ET]
Table 'Sonja II' 6-max Seat #2 is the button
Seat 6: GuigaMan ($101.50 in chips) is sitting out
Seat 2: Operages ($133.01 in chips) 
Seat 3: PayTaxOrDie ($100 in chips) 
Seat 4: BenCampbel10 ($212.94 in chips) 
Seat 5: sta$igk ($102 in chips) 
PayTaxOrDie: posts small blind $0.50
BenCampbel10: posts big blind $1
*** HOLE CARDS ***
sta$igk: folds 
Operages: folds 
sta$igk leaves the table
PayTaxOrDie: folds 
Uncalled bet ($0.50) returned to BenCampbel10
BenCampbel10 collected $1 from pot
BenCampbel10: doesn't show hand 
*** SUMMARY ***
Total pot $1 | Rake $0 
Seat 6: GuigaMan
Seat 2: Operages (button) folded before Flop (didn't bet)
Seat 3: PayTaxOrDie (small blind) folded before Flop
Seat 4: BenCampbel10 (big blind) collected ($1)
Seat 5: sta$igk folded before Flop (didn't bet)



PokerStars Hand #254283482239:  Hold'em No Limit ($0.50/$1.00 USD) - 2025/01/09 20:28:07 WET [2025/01/09 15:28:07 ET]
Table 'Sonja II' 6-max Seat #3 is the button
Seat 6: GuigaMan ($101.50 in chips) is sitting out
Seat 2: Operages ($133.01 in chips) 
Seat 3: PayTaxOrDie ($100 in chips) 
Seat 4: BenCampbel10 ($213.44 in chips) 
BenCampbel10: posts small blind $0.50
Operages: posts big blind $1
*** HOLE CARDS ***
PayTaxOrDie: folds 
BenCampbel10: folds 
Uncalled bet ($0.50) returned to Operages
Operages collected $1 from pot
Operages: doesn't show hand 
*** SUMMARY ***
Total pot $1 | Rake $0 
Seat 6: GuigaMan
Seat 2: Operages (big blind) collected ($1)
Seat 3: PayTaxOrDie (button) folded before Flop (didn't bet)
Seat 4: BenCampbel10 (small blind) folded before Flop



PokerStars Hand #254283486810:  Hold'em No Limit ($0.50/$1.00 USD) - 2025/01/09 20:28:20 WET [2025/01/09 15:28:20 ET]
Table 'Sonja II' 6-max Seat #4 is the button
Seat 6: GuigaMan ($101.50 in chips) is sitting out
Seat 2: Operages ($133.51 in chips) 
Seat 3: PayTaxOrDie ($100 in chips) 
Seat 4: BenCampbel10 ($212.94 in chips) 
Operages: posts small blind $0.50
PayTaxOrDie: posts big blind $1
*** HOLE CARDS ***
BenCampbel10: folds 
Operages: raises $1.90 to $2.90
PayTaxOrDie: folds 
Uncalled bet ($1.90) returned to Operages
Operages collected $2 from pot
Operages: doesn't show hand 
KarP93 joins the table at seat #1 
*** SUMMARY ***
Total pot $2 | Rake $0 
Seat 6: GuigaMan
Seat 2: Operages (small blind) collected ($2)
Seat 3: PayTaxOrDie (big blind) folded before Flop
Seat 4: BenCampbel10 (button) folded before Flop (didn't bet)



PokerStars Hand #254283490525:  Hold'em No Limit ($0.50/$1.00 USD) - 2025/01/09 20:28:31 WET [2025/01/09 15:28:31 ET]
Table 'Sonja II' 6-max Seat #2 is the button
Seat 1: KarP93 ($100 in chips) is sitting out
Seat 6: GuigaMan ($101.50 in chips) is sitting out
Seat 2: Operages ($134.51 in chips) 
Seat 3: PayTaxOrDie ($100 in chips) 
Seat 4: BenCampbel10 ($212.94 in chips) 
PayTaxOrDie: posts small blind $0.50
BenCampbel10: posts big blind $1
KarP93: sits out 
*** HOLE CARDS ***
Operages: folds 
PayTaxOrDie: folds 
Uncalled bet ($0.50) returned to BenCampbel10
BenCampbel10 collected $1 from pot
*** SUMMARY ***
Total pot $1 | Rake $0 
Seat 1: KarP93
Seat 6: GuigaMan
Seat 2: Operages (button) folded before Flop (didn't bet)
Seat 3: PayTaxOrDie (small blind) folded before Flop
Seat 4: BenCampbel10 (big blind) collected ($1)



PokerStars Hand #254283658183:  Hold'em No Limit ($0.50/$1.00 USD) - 2025/01/09 20:36:45 WET [2025/01/09 15:36:45 ET]
Table 'Sonja II' 6-max Seat #2 is the button
Seat 2: Operages ($130.03 in chips) 
Seat 3: PayTaxOrDie ($222.27 in chips) 
Seat 6: GuigaMan ($100 in chips) 
PayTaxOrDie: posts small blind $0.50
GuigaMan: posts big blind $1
*** HOLE CARDS ***
Operages: raises $1.55 to $2.55
PayTaxOrDie: folds 
GuigaMan: folds 
Uncalled bet ($1.55) returned to Operages
Operages collected $2.50 from pot
Operages: doesn't show hand 
*** SUMMARY ***
Total pot $2.50 | Rake $0 
Seat 2: Operages (button) collected ($2.50)
Seat 3: PayTaxOrDie (small blind) folded before Flop
Seat 6: GuigaMan (big blind) folded before Flop



PokerStars Hand #254283660713:  Hold'em No Limit ($0.50/$1.00 USD) - 2025/01/09 20:36:53 WET [2025/01/09 15:36:53 ET]
Table 'Sonja II' 6-max Seat #3 is the button
Seat 2: Operages ($131.53 in chips) 
Seat 3: PayTaxOrDie ($221.77 in chips) 
Seat 6: GuigaMan ($100 in chips) 
GuigaMan: posts small blind $0.50
Operages: posts big blind $1
*** HOLE CARDS ***
PayTaxOrDie: raises $1.50 to $2.50
GuigaMan: raises $8.50 to $11
Operages: folds 
PayTaxOrDie: calls $8.50
*** FLOP *** [4c Jc Jh]
GuigaMan: bets $6.60
PayTaxOrDie: calls $6.60
*** TURN *** [4c Jc Jh] [8d]
GuigaMan: bets $26.40
PayTaxOrDie: calls $26.40
*** RIVER *** [4c Jc Jh 8d] [Kh]
GuigaMan: bets $56 and is all-in
PayTaxOrDie: folds 
Uncalled bet ($56) returned to GuigaMan
GuigaMan collected $88 from pot
GuigaMan: doesn't show hand 
*** SUMMARY ***
Total pot $89 | Rake $1 
Board [4c Jc Jh 8d Kh]
Seat 2: Operages (big blind) folded before Flop
Seat 3: PayTaxOrDie (button) folded on the River
Seat 6: GuigaMan (small blind) collected ($88)



PokerStars Hand #254283685183:  Hold'em No Limit ($0.50/$1.00 USD) - 2025/01/09 20:38:05 WET [2025/01/09 15:38:05 ET]
Table 'Sonja II' 6-max Seat #2 is the button
Seat 6: GuigaMan ($144 in chips) is sitting out
Seat 2: Operages ($130.53 in chips) 
Seat 3: PayTaxOrDie ($177.77 in chips) 
Operages: posts small blind $0.50
PayTaxOrDie: posts big blind $1
*** HOLE CARDS ***
Operages: raises $1.24 to $2.24
PayTaxOrDie: calls $1.24
*** FLOP *** [4h Ah 5d]
PayTaxOrDie: checks 
Operages: bets $1.79
PayTaxOrDie: folds 
Uncalled bet ($1.79) returned to Operages
Operages collected $4.26 from pot
Operages: doesn't show hand 
*** SUMMARY ***
Total pot $4.48 | Rake $0.22 
Board [4h Ah 5d]
Seat 6: GuigaMan
Seat 2: Operages (button) (small blind) collected ($4.26)
Seat 3: PayTaxOrDie (big blind) folded on the Flop



PokerStars Hand #254283693964:  Hold'em No Limit ($0.50/$1.00 USD) - 2025/01/09 20:38:31 WET [2025/01/09 15:38:31 ET]
Table 'Sonja II' 6-max Seat #3 is the button
Seat 6: GuigaMan ($144 in chips) is sitting out
Seat 2: Operages ($132.55 in chips) 
Seat 3: PayTaxOrDie ($175.53 in chips) 
PayTaxOrDie: posts small blind $0.50
Operages: posts big blind $1
*** HOLE CARDS ***
PayTaxOrDie: raises $1.50 to $2.50
Operages: calls $1.50
*** FLOP *** [3d 8d 6h]
Operages: checks 
PayTaxOrDie: checks 
*** TURN *** [3d 8d 6h] [Js]
Operages: bets $2
PayTaxOrDie: calls $2
*** RIVER *** [3d 8d 6h Js] [5s]
Operages: checks 
PayTaxOrDie: checks 
*** SHOW DOWN ***
Operages: shows [Qd Kh] (high card King)
PayTaxOrDie: shows [Ts As] (high card Ace)
PayTaxOrDie collected $8.55 from pot
*** SUMMARY ***
Total pot $9 | Rake $0.45 
Board [3d 8d 6h Js 5s]
Seat 6: GuigaMan
Seat 2: Operages (big blind) showed [Qd Kh] and lost with high card King
Seat 3: PayTaxOrDie (button) (small blind) showed [Ts As] and won ($8.55) with high card Ace



PokerStars Hand #254283757096:  Hold'em No Limit ($0.50/$1.00 USD) - 2025/01/09 20:41:40 WET [2025/01/09 15:41:40 ET]
Table 'Sonja II' 6-max Seat #6 is the button
Seat 2: Operages ($128.05 in chips) is sitting out
Seat 3: PayTaxOrDie ($179.58 in chips) 
Seat 6: GuigaMan ($144 in chips) 
GuigaMan: posts small blind $0.50
PayTaxOrDie: posts big blind $1
*** HOLE CARDS ***
GuigaMan: folds 
Uncalled bet ($0.50) returned to PayTaxOrDie
PayTaxOrDie collected $1 from pot
PayTaxOrDie: doesn't show hand 
*** SUMMARY ***
Total pot $1 | Rake $0 
Seat 2: Operages
Seat 3: PayTaxOrDie (big blind) collected ($1)
Seat 6: GuigaMan (button) (small blind) folded before Flop



PokerStars Hand #254283778338:  Hold'em No Limit ($0.50/$1.00 USD) - 2025/01/09 20:42:43 WET [2025/01/09 15:42:43 ET]
Table 'Sonja II' 6-max Seat #3 is the button
Seat 2: Operages ($128.05 in chips) is sitting out
Seat 3: PayTaxOrDie ($180.08 in chips) 
Seat 5: michasia ($100 in chips) 
PayTaxOrDie: posts small blind $0.50
michasia: posts big blind $1
*** HOLE CARDS ***
PayTaxOrDie: raises $1.50 to $2.50
michasia: folds 
Uncalled bet ($1.50) returned to PayTaxOrDie
PayTaxOrDie collected $2 from pot
PayTaxOrDie: doesn't show hand 
*** SUMMARY ***
Total pot $2 | Rake $0 
Seat 2: Operages
Seat 3: PayTaxOrDie (button) (small blind) collected ($2)
Seat 5: michasia (big blind) folded before Flop



PokerStars Hand #254283781988:  Hold'em No Limit ($0.50/$1.00 USD) - 2025/01/09 20:42:54 WET [2025/01/09 15:42:54 ET]
Table 'Sonja II' 6-max Seat #5 is the button
Seat 2: Operages ($128.05 in chips) is sitting out
Seat 3: PayTaxOrDie ($181.08 in chips) 
Seat 5: michasia ($100 in chips) 
michasia: posts small blind $0.50
PayTaxOrDie: posts big blind $1
*** HOLE CARDS ***
michasia: raises $1.80 to $2.80
PayTaxOrDie: folds 
Uncalled bet ($1.80) returned to michasia
michasia collected $2 from pot
michasia: doesn't show hand 
*** SUMMARY ***
Total pot $2 | Rake $0 
Seat 2: Operages
Seat 3: PayTaxOrDie (big blind) folded before Flop
Seat 5: michasia (button) (small blind) collected ($2)



PokerStars Hand #254283797935:  Hold'em No Limit ($0.50/$1.00 USD) - 2025/01/09 20:43:42 WET [2025/01/09 15:43:42 ET]
Table 'Sonja II' 6-max Seat #6 is the button
Seat 2: Operages ($128.05 in chips) is sitting out
Seat 1: TJMcc1996 ($100 in chips) 
Seat 3: sta$igk ($102 in chips) 
Seat 4: Alinyr ($100 in chips) 
Seat 5: blistein ($100 in chips) 
Seat 6: nastja336 ($100 in chips) 
TJMcc1996: posts small blind $0.50
sta$igk: posts big blind $1
*** HOLE CARDS ***
Alinyr: raises $1.05 to $2.05
blistein: folds 
nastja336: folds 
TJMcc1996: calls $1.55
sta$igk: calls $1.05
*** FLOP *** [5c Td 9h]
TJMcc1996: checks 
sta$igk: checks 
Alinyr: bets $1.93
TJMcc1996: calls $1.93
sta$igk: calls $1.93
*** TURN *** [5c Td 9h] [6s]
TJMcc1996: bets $5
sta$igk: calls $5
Alinyr: calls $5
*** RIVER *** [5c Td 9h 6s] [Js]
TJMcc1996: checks 
sta$igk: checks 
Alinyr: bets $38.64
TJMcc1996: calls $38.64
sta$igk: folds 
*** SHOW DOWN ***
Alinyr: shows [Qh Kd] (a straight, Nine to King)
TJMcc1996: mucks hand 
Alinyr collected $101.72 from pot
*** SUMMARY ***
Total pot $104.22 | Rake $2.50 
Board [5c Td 9h 6s Js]
Seat 2: Operages
Seat 1: TJMcc1996 (small blind) mucked
Seat 3: sta$igk (big blind) folded on the River
Seat 4: Alinyr showed [Qh Kd] and won ($101.72) with a straight, Nine to King
Seat 5: blistein folded before Flop (didn't bet)
Seat 6: nastja336 (button) folded before Flop (didn't bet)



PokerStars Hand #254283824091:  Hold'em No Limit ($0.50/$1.00 USD) - 2025/01/09 20:45:00 WET [2025/01/09 15:45:00 ET]
Table 'Sonja II' 6-max Seat #1 is the button
Seat 2: Operages ($128.05 in chips) is sitting out
Seat 1: TJMcc1996 ($52.38 in chips) 
Seat 3: sta$igk ($100 in chips) 
Seat 4: Alinyr ($154.10 in chips) 
Seat 5: blistein ($100 in chips) 
Seat 6: nastja336 ($100 in chips) 
sta$igk: posts small blind $0.50
Alinyr: posts big blind $1
*** HOLE CARDS ***
blistein: folds 
nastja336: folds 
TJMcc1996: raises $3 to $4
sta$igk: folds 
Alinyr: calls $3
*** FLOP *** [2c Ad 6s]
Alinyr: checks 
TJMcc1996: bets $3
Alinyr: folds 
Uncalled bet ($3) returned to TJMcc1996
TJMcc1996 collected $8.08 from pot
TJMcc1996: doesn't show hand 
*** SUMMARY ***
Total pot $8.50 | Rake $0.42 
Board [2c Ad 6s]
Seat 2: Operages
Seat 1: TJMcc1996 (button) collected ($8.08)
Seat 3: sta$igk (small blind) folded before Flop
Seat 4: Alinyr (big blind) folded on the Flop
Seat 5: blistein folded before Flop (didn't bet)
Seat 6: nastja336 folded before Flop (didn't bet)



PokerStars Hand #254283833876:  Hold'em No Limit ($0.50/$1.00 USD) - 2025/01/09 20:45:29 WET [2025/01/09 15:45:29 ET]
Table 'Sonja II' 6-max Seat #3 is the button
Seat 2: Operages ($128.05 in chips) is sitting out
Seat 1: TJMcc1996 ($56.46 in chips) 
Seat 3: sta$igk ($100 in chips) 
Seat 4: Alinyr ($150.10 in chips) 
Seat 5: blistein ($100 in chips) 
Seat 6: nastja336 ($100 in chips) 
Alinyr: posts small blind $0.50
blistein: posts big blind $1
*** HOLE CARDS ***
nastja336: raises $1.50 to $2.50
TJMcc1996: folds 
sta$igk: folds 
Alinyr: folds 
blistein: folds 
Uncalled bet ($1.50) returned to nastja336
nastja336 collected $2.50 from pot
nastja336: doesn't show hand 
*** SUMMARY ***
Total pot $2.50 | Rake $0 
Seat 2: Operages
Seat 1: TJMcc1996 folded before Flop (didn't bet)
Seat 3: sta$igk (button) folded before Flop (didn't bet)
Seat 4: Alinyr (small blind) folded before Flop
Seat 5: blistein (big blind) folded before Flop
Seat 6: nastja336 collected ($2.50)



PokerStars Hand #254283839357:  Hold'em No Limit ($0.50/$1.00 USD) - 2025/01/09 20:45:45 WET [2025/01/09 15:45:45 ET]
Table 'Sonja II' 6-max Seat #4 is the button
Seat 2: Operages ($128.05 in chips) is sitting out
Seat 1: TJMcc1996 ($56.46 in chips) 
Seat 3: sta$igk ($100 in chips) 
Seat 4: Alinyr ($149.60 in chips) 
Seat 5: blistein ($100 in chips) 
Seat 6: nastja336 ($101.50 in chips) 
blistein: posts small blind $0.50
nastja336: posts big blind $1
*** HOLE CARDS ***
TJMcc1996 has timed out
TJMcc1996: folds 
sta$igk: raises $1.50 to $2.50
Alinyr: folds 
blistein: folds 
nastja336: folds 
Uncalled bet ($1.50) returned to sta$igk
sta$igk collected $2.50 from pot
sta$igk: doesn't show hand 
*** SUMMARY ***
Total pot $2.50 | Rake $0 
Seat 2: Operages
Seat 1: TJMcc1996 folded before Flop (didn't bet)
Seat 3: sta$igk collected ($2.50)
Seat 4: Alinyr (button) folded before Flop (didn't bet)
Seat 5: blistein (small blind) folded before Flop
Seat 6: nastja336 (big blind) folded before Flop



PokerStars Hand #254283849062:  Hold'em No Limit ($0.50/$1.00 USD) - 2025/01/09 20:46:15 WET [2025/01/09 15:46:15 ET]
Table 'Sonja II' 6-max Seat #5 is the button
Seat 2: Operages ($128.05 in chips) is sitting out
Seat 1: TJMcc1996 ($56.46 in chips) 
Seat 3: sta$igk ($101.50 in chips) 
Seat 4: Alinyr ($149.60 in chips) 
Seat 5: blistein ($100 in chips) 
Seat 6: nastja336 ($100.50 in chips) 
nastja336: posts small blind $0.50
TJMcc1996: posts big blind $1
*** HOLE CARDS ***
sta$igk: folds 
Alinyr: folds 
blistein: folds 
nastja336: raises $2 to $3
TJMcc1996: calls $2
*** FLOP *** [8s 4s As]
nastja336: checks 
TJMcc1996: checks 
*** TURN *** [8s 4s As] [Ts]
nastja336: checks 
TJMcc1996: checks 
*** RIVER *** [8s 4s As Ts] [Ks]
nastja336: bets $1.88
TJMcc1996: folds 
Uncalled bet ($1.88) returned to nastja336
nastja336 collected $5.70 from pot
nastja336: doesn't show hand 
*** SUMMARY ***
Total pot $6 | Rake $0.30 
Board [8s 4s As Ts Ks]
Seat 2: Operages
Seat 1: TJMcc1996 (big blind) folded on the River
Seat 3: sta$igk folded before Flop (didn't bet)
Seat 4: Alinyr folded before Flop (didn't bet)
Seat 5: blistein (button) folded before Flop (didn't bet)
Seat 6: nastja336 (small blind) collected ($5.70)



PokerStars Hand #254283859530:  Hold'em No Limit ($0.50/$1.00 USD) - 2025/01/09 20:46:46 WET [2025/01/09 15:46:46 ET]
Table 'Sonja II' 6-max Seat #6 is the button
Seat 2: Operages ($128.05 in chips) is sitting out
Seat 1: TJMcc1996 ($53.46 in chips) 
Seat 3: sta$igk ($101.50 in chips) 
Seat 4: Alinyr ($149.60 in chips) 
Seat 5: blistein ($100 in chips) 
Seat 6: nastja336 ($103.20 in chips) 
TJMcc1996: posts small blind $0.50
sta$igk: posts big blind $1
*** HOLE CARDS ***
Alinyr: folds 
blistein: folds 
nastja336: folds 
TJMcc1996: calls $0.50
sta$igk: checks 
*** FLOP *** [2d 5s 6d]
TJMcc1996: bets $4
sta$igk: folds 
Uncalled bet ($4) returned to TJMcc1996
TJMcc1996 collected $1.90 from pot
TJMcc1996: doesn't show hand 
*** SUMMARY ***
Total pot $2 | Rake $0.10 
Board [2d 5s 6d]
Seat 2: Operages
Seat 1: TJMcc1996 (small blind) collected ($1.90)
Seat 3: sta$igk (big blind) folded on the Flop
Seat 4: Alinyr folded before Flop (didn't bet)
Seat 5: blistein folded before Flop (didn't bet)
Seat 6: nastja336 (button) folded before Flop (didn't bet)



PokerStars Hand #254283867070:  Hold'em No Limit ($0.50/$1.00 USD) - 2025/01/09 20:47:08 WET [2025/01/09 15:47:08 ET]
Table 'Sonja II' 6-max Seat #1 is the button
Seat 2: Operages ($128.05 in chips) is sitting out
Seat 1: TJMcc1996 ($54.36 in chips) 
Seat 3: sta$igk ($100.50 in chips) 
Seat 4: Alinyr ($149.60 in chips) 
Seat 5: blistein ($100 in chips) 
Seat 6: nastja336 ($103.20 in chips) 
sta$igk: posts small blind $0.50
Alinyr: posts big blind $1
*** HOLE CARDS ***
blistein: raises $1.20 to $2.20
nastja336: folds 
TJMcc1996: calls $2.20
sta$igk: folds 
Alinyr: folds 
*** FLOP *** [5h 6h Js]
blistein: bets $1.40
TJMcc1996: calls $1.40
*** TURN *** [5h 6h Js] [Qh]
blistein: bets $2.81
TJMcc1996: calls $2.81
*** RIVER *** [5h 6h Js Qh] [Jd]
blistein: bets $2.72
TJMcc1996: raises $9.28 to $12
blistein: calls $9.28
*** SHOW DOWN ***
TJMcc1996: shows [8h 9h] (a flush, Queen high)
blistein: mucks hand 
TJMcc1996 collected $36.40 from pot
*** SUMMARY ***
Total pot $38.32 | Rake $1.92 
Board [5h 6h Js Qh Jd]
Seat 2: Operages
Seat 1: TJMcc1996 (button) showed [8h 9h] and won ($36.40) with a flush, Queen high
Seat 3: sta$igk (small blind) folded before Flop
Seat 4: Alinyr (big blind) folded before Flop
Seat 5: blistein mucked
Seat 6: nastja336 folded before Flop (didn't bet)



PokerStars Hand #254283888512:  Hold'em No Limit ($0.50/$1.00 USD) - 2025/01/09 20:48:12 WET [2025/01/09 15:48:12 ET]
Table 'Sonja II' 6-max Seat #3 is the button
Seat 2: Operages ($128.05 in chips) is sitting out
Seat 1: TJMcc1996 ($72.35 in chips) 
Seat 3: sta$igk ($100 in chips) 
Seat 4: Alinyr ($148.60 in chips) 
Seat 5: blistein ($100 in chips) 
Seat 6: nastja336 ($103.20 in chips) 
Alinyr: posts small blind $0.50
blistein: posts big blind $1
*** HOLE CARDS ***
nastja336: folds 
TJMcc1996: folds 
sta$igk: raises $1.50 to $2.50
Alinyr: folds 
blistein: folds 
Uncalled bet ($1.50) returned to sta$igk
sta$igk collected $2.50 from pot
sta$igk: doesn't show hand 
*** SUMMARY ***
Total pot $2.50 | Rake $0 
Seat 2: Operages
Seat 1: TJMcc1996 folded before Flop (didn't bet)
Seat 3: sta$igk (button) collected ($2.50)
Seat 4: Alinyr (small blind) folded before Flop
Seat 5: blistein (big blind) folded before Flop
Seat 6: nastja336 folded before Flop (didn't bet)



PokerStars Hand #254283892595:  Hold'em No Limit ($0.50/$1.00 USD) - 2025/01/09 20:48:24 WET [2025/01/09 15:48:24 ET]
Table 'Sonja II' 6-max Seat #4 is the button
Seat 1: TJMcc1996 ($72.35 in chips) 
Seat 3: sta$igk ($101.50 in chips) 
Seat 4: Alinyr ($148.10 in chips) 
Seat 5: blistein ($100 in chips) 
Seat 6: nastja336 ($103.20 in chips) 
Operages leaves the table
blistein: posts small blind $0.50
nastja336: posts big blind $1
*** HOLE CARDS ***
TJMcc1996: calls $1
sta$igk: folds 
Alinyr: folds 
blistein: folds 
TheBraveGirl joins the table at seat #2 
nastja336: checks 
*** FLOP *** [8d 3s 9s]
nastja336: checks 
TJMcc1996: checks 
*** TURN *** [8d 3s 9s] [9h]
nastja336: bets $1.19
TJMcc1996: folds 
Uncalled bet ($1.19) returned to nastja336
nastja336 collected $2.38 from pot
nastja336: doesn't show hand 
*** SUMMARY ***
Total pot $2.50 | Rake $0.12 
Board [8d 3s 9s 9h]
Seat 1: TJMcc1996 folded on the Turn
Seat 3: sta$igk folded before Flop (didn't bet)
Seat 4: Alinyr (button) folded before Flop (didn't bet)
Seat 5: blistein (small blind) folded before Flop
Seat 6: nastja336 (big blind) collected ($2.38)



PokerStars Hand #254283898789:  Hold'em No Limit ($0.50/$1.00 USD) - 2025/01/09 20:48:43 WET [2025/01/09 15:48:43 ET]
Table 'Sonja II' 6-max Seat #5 is the button
Seat 2: TheBraveGirl ($100 in chips) is sitting out
Seat 1: TJMcc1996 ($71.35 in chips) 
Seat 3: sta$igk ($101.50 in chips) 
Seat 4: Alinyr ($148.10 in chips) 
Seat 5: blistein ($100 in chips) 
Seat 6: nastja336 ($104.58 in chips) 
nastja336: posts small blind $0.50
TJMcc1996: posts big blind $1
TheBraveGirl: sits out 
*** HOLE CARDS ***
sta$igk: folds 
Alinyr: raises $1.28 to $2.28
blistein: folds 
nastja336: raises $9.72 to $12
TJMcc1996: folds 
Alinyr: folds 
Uncalled bet ($9.72) returned to nastja336
nastja336 collected $5.56 from pot
nastja336: doesn't show hand 
*** SUMMARY ***
Total pot $5.56 | Rake $0 
Seat 2: TheBraveGirl
Seat 1: TJMcc1996 (big blind) folded before Flop
Seat 3: sta$igk folded before Flop (didn't bet)
Seat 4: Alinyr folded before Flop
Seat 5: blistein (button) folded before Flop (didn't bet)
Seat 6: nastja336 (small blind) collected ($5.56)



PokerStars Hand #254283909238:  Hold'em No Limit ($0.50/$1.00 USD) - 2025/01/09 20:49:14 WET [2025/01/09 15:49:14 ET]
Table 'Sonja II' 6-max Seat #6 is the button
Seat 1: TJMcc1996 ($70.35 in chips) 
Seat 2: TheBraveGirl ($100 in chips) 
Seat 3: sta$igk ($101.50 in chips) 
Seat 4: Alinyr ($145.82 in chips) 
Seat 5: blistein ($100 in chips) 
Seat 6: nastja336 ($107.86 in chips) 
TJMcc1996: posts small blind $0.50
TheBraveGirl: posts big blind $1
*** HOLE CARDS ***
sta$igk: folds 
Alinyr: folds 
blistein: folds 
nastja336: raises $1.50 to $2.50
TJMcc1996: calls $2
TheBraveGirl: folds 
*** FLOP *** [5c As Ks]
TJMcc1996: checks 
nastja336: bets $1.50
TJMcc1996: folds 
Uncalled bet ($1.50) returned to nastja336
nastja336 collected $5.70 from pot
nastja336: doesn't show hand 
*** SUMMARY ***
Total pot $6 | Rake $0.30 
Board [5c As Ks]
Seat 1: TJMcc1996 (small blind) folded on the Flop
Seat 2: TheBraveGirl (big blind) folded before Flop
Seat 3: sta$igk folded before Flop (didn't bet)
Seat 4: Alinyr folded before Flop (didn't bet)
Seat 5: blistein folded before Flop (didn't bet)
Seat 6: nastja336 (button) collected ($5.70)



PokerStars Hand #254283929608:  Hold'em No Limit ($0.50/$1.00 USD) - 2025/01/09 20:50:15 WET [2025/01/09 15:50:15 ET]
Table 'Sonja II' 6-max Seat #1 is the button
Seat 6: nastja336 ($111.06 in chips) is sitting out
Seat 1: TJMcc1996 ($67.85 in chips) 
Seat 2: TheBraveGirl ($100 in chips) 
Seat 3: sta$igk ($101.50 in chips) 
Seat 4: Alinyr ($145.82 in chips) 
Seat 5: blistein ($100 in chips) 
TheBraveGirl: posts small blind $0.50
sta$igk: posts big blind $1
*** HOLE CARDS ***
nastja336 leaves the table
Alinyr: folds 
Unipoker11 joins the table at seat #6 
blistein: folds 
TJMcc1996: raises $1 to $2
TheBraveGirl: folds 
sta$igk: folds 
Uncalled bet ($1) returned to TJMcc1996
TJMcc1996 collected $2.50 from pot
TJMcc1996: doesn't show hand 
*** SUMMARY ***
Total pot $2.50 | Rake $0 
Seat 6: nastja336
Seat 1: TJMcc1996 (button) collected ($2.50)
Seat 2: TheBraveGirl (small blind) folded before Flop
Seat 3: sta$igk (big blind) folded before Flop
Seat 4: Alinyr folded before Flop (didn't bet)
Seat 5: blistein folded before Flop (didn't bet)



PokerStars Hand #254283936344:  Hold'em No Limit ($0.50/$1.00 USD) - 2025/01/09 20:50:35 WET [2025/01/09 15:50:35 ET]
Table 'Sonja II' 6-max Seat #2 is the button
Seat 6: Unipoker11 ($100 in chips) is sitting out
Seat 1: TJMcc1996 ($69.35 in chips) 
Seat 2: TheBraveGirl ($100 in chips) 
Seat 3: sta$igk ($100.50 in chips) 
Seat 4: Alinyr ($145.82 in chips) 
Seat 5: blistein ($100 in chips) 
sta$igk: posts small blind $0.50
Alinyr: posts big blind $1
Unipoker11: sits out 
*** HOLE CARDS ***
blistein: folds 
TJMcc1996: folds 
TheBraveGirl: folds 
sta$igk: raises $2 to $3
Alinyr: calls $2
*** FLOP *** [Tc 8d 9h]
sta$igk: checks 
Alinyr: checks 
*** TURN *** [Tc 8d 9h] [4d]
sta$igk: bets $2.85
Alinyr: calls $2.85
*** RIVER *** [Tc 8d 9h 4d] [Ts]
sta$igk: bets $5.56
Alinyr: calls $5.56
*** SHOW DOWN ***
sta$igk: shows [Kh 7h] (a pair of Tens)
Alinyr: shows [Ac 8s] (two pair, Tens and Eights)
Alinyr collected $21.68 from pot
*** SUMMARY ***
Total pot $22.82 | Rake $1.14 
Board [Tc 8d 9h 4d Ts]
Seat 6: Unipoker11
Seat 1: TJMcc1996 folded before Flop (didn't bet)
Seat 2: TheBraveGirl (button) folded before Flop (didn't bet)
Seat 3: sta$igk (small blind) showed [Kh 7h] and lost with a pair of Tens
Seat 4: Alinyr (big blind) showed [Ac 8s] and won ($21.68) with two pair, Tens and Eights
Seat 5: blistein folded before Flop (didn't bet)



PokerStars Hand #254283953410:  Hold'em No Limit ($0.50/$1.00 USD) - 2025/01/09 20:51:26 WET [2025/01/09 15:51:26 ET]
Table 'Sonja II' 6-max Seat #3 is the button
Seat 6: Unipoker11 ($100 in chips) is sitting out
Seat 1: TJMcc1996 ($69.35 in chips) 
Seat 2: TheBraveGirl ($100 in chips) 
Seat 3: sta$igk ($100 in chips) 
Seat 4: Alinyr ($156.09 in chips) 
Seat 5: blistein ($100 in chips) 
Alinyr: posts small blind $0.50
blistein: posts big blind $1
Unipoker11: sits out 
*** HOLE CARDS ***
TJMcc1996: calls $1
TheBraveGirl: folds 
sta$igk: folds 
Alinyr: folds 
blistein: raises $3 to $4
TJMcc1996: calls $3
*** FLOP *** [6c Ts 5h]
blistein: bets $2.02
TJMcc1996: calls $2.02
*** TURN *** [6c Ts 5h] [5s]
blistein: checks 
TJMcc1996: checks 
*** RIVER *** [6c Ts 5h 5s] [Qc]
blistein: bets $2
TJMcc1996: folds 
Uncalled bet ($2) returned to blistein
blistein collected $11.91 from pot
blistein: doesn't show hand 
*** SUMMARY ***
Total pot $12.54 | Rake $0.63 
Board [6c Ts 5h 5s Qc]
Seat 6: Unipoker11
Seat 1: TJMcc1996 folded on the River
Seat 2: TheBraveGirl folded before Flop (didn't bet)
Seat 3: sta$igk (button) folded before Flop (didn't bet)
Seat 4: Alinyr (small blind) folded before Flop
Seat 5: blistein (big blind) collected ($11.91)



PokerStars Hand #254283965278:  Hold'em No Limit ($0.50/$1.00 USD) - 2025/01/09 20:52:01 WET [2025/01/09 15:52:01 ET]
Table 'Sonja II' 6-max Seat #4 is the button
Seat 1: TJMcc1996 ($63.33 in chips) 
Seat 2: TheBraveGirl ($100 in chips) 
Seat 3: sta$igk ($100 in chips) 
Seat 4: Alinyr ($155.59 in chips) 
Seat 5: blistein ($105.89 in chips) 
Seat 6: Unipoker11 ($100 in chips) 
blistein: posts small blind $0.50
Unipoker11: posts big blind $1
*** HOLE CARDS ***
TJMcc1996: calls $1
TheBraveGirl: folds 
sta$igk: folds 
Alinyr: raises $3 to $4
blistein: folds 
Unipoker11: folds 
TJMcc1996: calls $3
*** FLOP *** [Qh 3s Qs]
TJMcc1996: checks 
Alinyr: bets $4.60
TJMcc1996: folds 
Uncalled bet ($4.60) returned to Alinyr
Alinyr collected $9.02 from pot
Alinyr: doesn't show hand 
*** SUMMARY ***
Total pot $9.50 | Rake $0.48 
Board [Qh 3s Qs]
Seat 1: TJMcc1996 folded on the Flop
Seat 2: TheBraveGirl folded before Flop (didn't bet)
Seat 3: sta$igk folded before Flop (didn't bet)
Seat 4: Alinyr (button) collected ($9.02)
Seat 5: blistein (small blind) folded before Flop
Seat 6: Unipoker11 (big blind) folded before Flop



PokerStars Hand #254283981407:  Hold'em No Limit ($0.50/$1.00 USD) - 2025/01/09 20:52:50 WET [2025/01/09 15:52:50 ET]
Table 'Sonja II' 6-max Seat #5 is the button
Seat 1: TJMcc1996 ($59.33 in chips) 
Seat 2: TheBraveGirl ($100 in chips) 
Seat 3: sta$igk ($100 in chips) 
Seat 4: Alinyr ($160.61 in chips) 
Seat 5: blistein ($105.39 in chips) 
Seat 6: Unipoker11 ($100 in chips) 
Unipoker11: posts small blind $0.50
TJMcc1996: posts big blind $1
*** HOLE CARDS ***
TheBraveGirl: folds 
sta$igk: folds 
Alinyr: folds 
blistein: raises $1.50 to $2.50
Unipoker11: folds 
TJMcc1996: calls $1.50
*** FLOP *** [9d 9c Qs]
TJMcc1996: checks 
blistein: bets $1.77
TJMcc1996: calls $1.77
*** TURN *** [9d 9c Qs] [7h]
TJMcc1996: checks 
blistein: bets $6.44
TJMcc1996: folds 
Uncalled bet ($6.44) returned to blistein
blistein collected $8.59 from pot
blistein: doesn't show hand 
*** SUMMARY ***
Total pot $9.04 | Rake $0.45 
Board [9d 9c Qs 7h]
Seat 1: TJMcc1996 (big blind) folded on the Turn
Seat 2: TheBraveGirl folded before Flop (didn't bet)
Seat 3: sta$igk folded before Flop (didn't bet)
Seat 4: Alinyr folded before Flop (didn't bet)
Seat 5: blistein (button) collected ($8.59)
Seat 6: Unipoker11 (small blind) folded before Flop



PokerStars Hand #254283992002:  Hold'em No Limit ($0.50/$1.00 USD) - 2025/01/09 20:53:22 WET [2025/01/09 15:53:22 ET]
Table 'Sonja II' 6-max Seat #6 is the button
Seat 1: TJMcc1996 ($55.06 in chips) 
Seat 2: TheBraveGirl ($100 in chips) 
Seat 3: sta$igk ($100 in chips) 
Seat 4: Alinyr ($160.61 in chips) 
Seat 5: blistein ($109.71 in chips) 
Seat 6: Unipoker11 ($100 in chips) 
TJMcc1996: posts small blind $0.50
TheBraveGirl: posts big blind $1
*** HOLE CARDS ***
sta$igk: folds 
Alinyr: raises $1.05 to $2.05
blistein: folds 
Unipoker11: folds 
TJMcc1996: raises $2.95 to $5
TheBraveGirl: folds 
Alinyr: raises $155.61 to $160.61 and is all-in
TJMcc1996: calls $50.06 and is all-in
Uncalled bet ($105.55) returned to Alinyr
*** FLOP *** [Qs Kd 6s]
*** TURN *** [Qs Kd 6s] [Ad]
*** RIVER *** [Qs Kd 6s Ad] [6c]
*** SHOW DOWN ***
TJMcc1996: shows [9c 9d] (two pair, Nines and Sixes)
Alinyr: shows [Kc As] (two pair, Aces and Kings)
Alinyr collected $108.62 from pot
*** SUMMARY ***
Total pot $111.12 | Rake $2.50 
Board [Qs Kd 6s Ad 6c]
Seat 1: TJMcc1996 (small blind) showed [9c 9d] and lost with two pair, Nines and Sixes
Seat 2: TheBraveGirl (big blind) folded before Flop
Seat 3: sta$igk folded before Flop (didn't bet)
Seat 4: Alinyr showed [Kc As] and won ($108.62) with two pair, Aces and Kings
Seat 5: blistein folded before Flop (didn't bet)
Seat 6: Unipoker11 (button) folded before Flop (didn't bet)



PokerStars Hand #254284011904:  Hold'em No Limit ($0.50/$1.00 USD) - 2025/01/09 20:54:21 WET [2025/01/09 15:54:21 ET]
Table 'Sonja II' 6-max Seat #2 is the button
Seat 1: TJMcc1996 ($0 in chips) is sitting out
Seat 2: TheBraveGirl ($100 in chips) 
Seat 3: sta$igk ($100 in chips) 
Seat 4: Alinyr ($214.17 in chips) 
Seat 5: blistein ($109.71 in chips) 
Seat 6: Unipoker11 ($100 in chips) 
sta$igk: posts small blind $0.50
Alinyr: posts big blind $1
*** HOLE CARDS ***
blistein: folds 
Unipoker11: folds 
TheBraveGirl: folds 
sta$igk: raises $2 to $3
Alinyr: folds 
Uncalled bet ($2) returned to sta$igk
sta$igk collected $2 from pot
sta$igk: doesn't show hand 
*** SUMMARY ***
Total pot $2 | Rake $0 
Seat 1: TJMcc1996
Seat 2: TheBraveGirl (button) folded before Flop (didn't bet)
Seat 3: sta$igk (small blind) collected ($2)
Seat 4: Alinyr (big blind) folded before Flop
Seat 5: blistein folded before Flop (didn't bet)
Seat 6: Unipoker11 folded before Flop (didn't bet)



PokerStars Hand #254284019762:  Hold'em No Limit ($0.50/$1.00 USD) - 2025/01/09 20:54:45 WET [2025/01/09 15:54:45 ET]
Table 'Sonja II' 6-max Seat #3 is the button
Seat 1: TJMcc1996 ($86.86 in chips) 
Seat 2: TheBraveGirl ($100 in chips) 
Seat 3: sta$igk ($101 in chips) 
Seat 4: Alinyr ($213.17 in chips) 
Seat 5: blistein ($109.71 in chips) 
Seat 6: Unipoker11 ($100 in chips) 
Alinyr: posts small blind $0.50
blistein: posts big blind $1
*** HOLE CARDS ***
Unipoker11: folds 
TJMcc1996: calls $1
TheBraveGirl: raises $2.50 to $3.50
sta$igk: folds 
Alinyr: folds 
blistein: folds 
TJMcc1996: calls $2.50
*** FLOP *** [Js 7c 6c]
TJMcc1996: bets $4
TheBraveGirl: calls $4
*** TURN *** [Js 7c 6c] [Tc]
TJMcc1996: bets $6
TheBraveGirl: calls $6
*** RIVER *** [Js 7c 6c Tc] [Qh]
TJMcc1996: bets $13.54
TheBraveGirl: raises $72.96 to $86.50 and is all-in
TJMcc1996: folds 
Uncalled bet ($72.96) returned to TheBraveGirl
TheBraveGirl collected $53.08 from pot
TheBraveGirl: doesn't show hand 
*** SUMMARY ***
Total pot $55.58 | Rake $2.50 
Board [Js 7c 6c Tc Qh]
Seat 1: TJMcc1996 folded on the River
Seat 2: TheBraveGirl collected ($53.08)
Seat 3: sta$igk (button) folded before Flop (didn't bet)
Seat 4: Alinyr (small blind) folded before Flop
Seat 5: blistein (big blind) folded before Flop
Seat 6: Unipoker11 folded before Flop (didn't bet)



PokerStars Hand #254284044276:  Hold'em No Limit ($0.50/$1.00 USD) - 2025/01/09 20:56:22 WET [2025/01/09 15:56:22 ET]
Table 'Sonja II' 6-max Seat #4 is the button
Seat 1: TJMcc1996 ($59.82 in chips) 
Seat 2: TheBraveGirl ($126.04 in chips) 
Seat 3: sta$igk ($101 in chips) 
Seat 4: Alinyr ($212.67 in chips) 
Seat 5: blistein ($108.71 in chips) 
Seat 6: Unipoker11 ($100 in chips) 
blistein: posts small blind $0.50
Unipoker11: posts big blind $1
*** HOLE CARDS ***
TJMcc1996: calls $1
TheBraveGirl: folds 
sta$igk: folds 
Alinyr: folds 
blistein: folds 
Unipoker11: checks 
*** FLOP *** [Js 2h Kh]
Unipoker11: checks 
TJMcc1996: checks 
*** TURN *** [Js 2h Kh] [6s]
Unipoker11: bets $1
TJMcc1996: calls $1
*** RIVER *** [Js 2h Kh 6s] [Td]
Unipoker11: bets $5.35
TJMcc1996: folds 
Uncalled bet ($5.35) returned to Unipoker11
Unipoker11 collected $4.28 from pot
Unipoker11: doesn't show hand 
*** SUMMARY ***
Total pot $4.50 | Rake $0.22 
Board [Js 2h Kh 6s Td]
Seat 1: TJMcc1996 folded on the River
Seat 2: TheBraveGirl folded before Flop (didn't bet)
Seat 3: sta$igk folded before Flop (didn't bet)
Seat 4: Alinyr (button) folded before Flop (didn't bet)
Seat 5: blistein (small blind) folded before Flop
Seat 6: Unipoker11 (big blind) collected ($4.28)



PokerStars Hand #254284050142:  Hold'em No Limit ($0.50/$1.00 USD) - 2025/01/09 20:56:47 WET [2025/01/09 15:56:47 ET]
Table 'Sonja II' 6-max Seat #5 is the button
Seat 1: TJMcc1996 ($57.82 in chips) 
Seat 2: TheBraveGirl ($126.04 in chips) 
Seat 3: sta$igk ($101 in chips) 
Seat 4: Alinyr ($212.67 in chips) 
Seat 5: blistein ($108.21 in chips) 
Seat 6: Unipoker11 ($102.28 in chips) 
Unipoker11: posts small blind $0.50
TJMcc1996: posts big blind $1
*** HOLE CARDS ***
TheBraveGirl: raises $1 to $2
sta$igk: folds 
Alinyr: folds 
blistein: folds 
Unipoker11: folds 
TJMcc1996: calls $1
*** FLOP *** [Js 9c Tc]
TJMcc1996: checks 
TheBraveGirl: bets $1.20
TJMcc1996: calls $1.20
*** TURN *** [Js 9c Tc] [Ah]
TJMcc1996: checks 
TheBraveGirl: checks 
*** RIVER *** [Js 9c Tc Ah] [4d]
TJMcc1996: checks 
TheBraveGirl: bets $1.84
TJMcc1996: folds 
Uncalled bet ($1.84) returned to TheBraveGirl
TheBraveGirl collected $6.56 from pot
TheBraveGirl: doesn't show hand 
*** SUMMARY ***
Total pot $6.90 | Rake $0.34 
Board [Js 9c Tc Ah 4d]
Seat 1: TJMcc1996 (big blind) folded on the River
Seat 2: TheBraveGirl collected ($6.56)
Seat 3: sta$igk folded before Flop (didn't bet)
Seat 4: Alinyr folded before Flop (didn't bet)
Seat 5: blistein (button) folded before Flop (didn't bet)
Seat 6: Unipoker11 (small blind) folded before Flop



PokerStars Hand #254284060144:  Hold'em No Limit ($0.50/$1.00 USD) - 2025/01/09 20:57:30 WET [2025/01/09 15:57:30 ET]
Table 'Sonja II' 6-max Seat #6 is the button
Seat 1: TJMcc1996 ($54.62 in chips) 
Seat 2: TheBraveGirl ($129.40 in chips) 
Seat 3: sta$igk ($101 in chips) 
Seat 4: Alinyr ($212.67 in chips) 
Seat 5: blistein ($108.21 in chips) 
Seat 6: Unipoker11 ($101.78 in chips) 
TJMcc1996: posts small blind $0.50
TheBraveGirl: posts big blind $1
*** HOLE CARDS ***
sta$igk: folds 
Alinyr: folds 
blistein: raises $1.30 to $2.30
Unipoker11: folds 
TJMcc1996: calls $1.80
TheBraveGirl: folds 
*** FLOP *** [3h Jd Ah]
TJMcc1996: checks 
blistein: bets $1.33
TJMcc1996: folds [Qc 6c]
Uncalled bet ($1.33) returned to blistein
blistein collected $5.32 from pot
blistein: doesn't show hand 
*** SUMMARY ***
Total pot $5.60 | Rake $0.28 
Board [3h Jd Ah]
Seat 1: TJMcc1996 (small blind) folded on the Flop
Seat 2: TheBraveGirl (big blind) folded before Flop
Seat 3: sta$igk folded before Flop (didn't bet)
Seat 4: Alinyr folded before Flop (didn't bet)
Seat 5: blistein collected ($5.32)
Seat 6: Unipoker11 (button) folded before Flop (didn't bet)



PokerStars Hand #254284071395:  Hold'em No Limit ($0.50/$1.00 USD) - 2025/01/09 20:58:18 WET [2025/01/09 15:58:18 ET]
Table 'Sonja II' 6-max Seat #1 is the button
Seat 1: TJMcc1996 ($52.32 in chips) 
Seat 2: TheBraveGirl ($128.40 in chips) 
Seat 3: sta$igk ($101 in chips) 
Seat 4: Alinyr ($212.67 in chips) 
Seat 5: blistein ($111.23 in chips) 
Seat 6: Unipoker11 ($101.78 in chips) 
TheBraveGirl: posts small blind $0.50
sta$igk: posts big blind $1
*** HOLE CARDS ***
Alinyr: raises $1.05 to $2.05
blistein: folds 
Unipoker11: folds 
TJMcc1996: folds 
TheBraveGirl: folds 
sta$igk: folds 
Uncalled bet ($1.05) returned to Alinyr
Alinyr collected $2.50 from pot
Alinyr: doesn't show hand 
*** SUMMARY ***
Total pot $2.50 | Rake $0 
Seat 1: TJMcc1996 (button) folded before Flop (didn't bet)
Seat 2: TheBraveGirl (small blind) folded before Flop
Seat 3: sta$igk (big blind) folded before Flop
Seat 4: Alinyr collected ($2.50)
Seat 5: blistein folded before Flop (didn't bet)
Seat 6: Unipoker11 folded before Flop (didn't bet)



PokerStars Hand #254284075132:  Hold'em No Limit ($0.50/$1.00 USD) - 2025/01/09 20:58:34 WET [2025/01/09 15:58:34 ET]
Table 'Sonja II' 6-max Seat #2 is the button
Seat 1: TJMcc1996 ($52.32 in chips) 
Seat 2: TheBraveGirl ($127.90 in chips) 
Seat 3: sta$igk ($100 in chips) 
Seat 4: Alinyr ($214.17 in chips) 
Seat 5: blistein ($111.23 in chips) 
Seat 6: Unipoker11 ($101.78 in chips) 
sta$igk: posts small blind $0.50
Alinyr: posts big blind $1
*** HOLE CARDS ***
blistein: folds 
Unipoker11: folds 
TJMcc1996: calls $1
TheBraveGirl: folds 
sta$igk: folds 
Alinyr: raises $3 to $4
TJMcc1996: calls $3
*** FLOP *** [Ac Ts 9d]
Alinyr: checks 
TJMcc1996: checks 
*** TURN *** [Ac Ts 9d] [7c]
Alinyr: checks 
TJMcc1996: checks 
*** RIVER *** [Ac Ts 9d 7c] [5h]
Alinyr: checks 
TJMcc1996: checks 
*** SHOW DOWN ***
Alinyr: shows [Qc Ks] (high card Ace)
TJMcc1996: mucks hand 
Alinyr collected $8.08 from pot
*** SUMMARY ***
Total pot $8.50 | Rake $0.42 
Board [Ac Ts 9d 7c 5h]
Seat 1: TJMcc1996 mucked
Seat 2: TheBraveGirl (button) folded before Flop (didn't bet)
Seat 3: sta$igk (small blind) folded before Flop
Seat 4: Alinyr (big blind) showed [Qc Ks] and won ($8.08) with high card Ace
Seat 5: blistein folded before Flop (didn't bet)
Seat 6: Unipoker11 folded before Flop (didn't bet)



PokerStars Hand #254284085701:  Hold'em No Limit ($0.50/$1.00 USD) - 2025/01/09 20:59:18 WET [2025/01/09 15:59:18 ET]
Table 'Sonja II' 6-max Seat #3 is the button
Seat 1: TJMcc1996 ($48.32 in chips) 
Seat 2: TheBraveGirl ($127.90 in chips) 
Seat 3: sta$igk ($100 in chips) 
Seat 4: Alinyr ($218.25 in chips) 
Seat 5: blistein ($111.23 in chips) 
Seat 6: Unipoker11 ($101.78 in chips) 
Alinyr: posts small blind $0.50
blistein: posts big blind $1
*** HOLE CARDS ***
Unipoker11: folds 
TJMcc1996: calls $1
TheBraveGirl: raises $3 to $4
sta$igk: folds 
Alinyr: folds 
blistein: folds 
TJMcc1996: calls $3
*** FLOP *** [6d 5c 4s]
TJMcc1996: checks 
TheBraveGirl: bets $11.28
TJMcc1996: folds 
Uncalled bet ($11.28) returned to TheBraveGirl
TheBraveGirl collected $9.02 from pot
TheBraveGirl: doesn't show hand 
*** SUMMARY ***
Total pot $9.50 | Rake $0.48 
Board [6d 5c 4s]
Seat 1: TJMcc1996 folded on the Flop
Seat 2: TheBraveGirl collected ($9.02)
Seat 3: sta$igk (button) folded before Flop (didn't bet)
Seat 4: Alinyr (small blind) folded before Flop
Seat 5: blistein (big blind) folded before Flop
Seat 6: Unipoker11 folded before Flop (didn't bet)



PokerStars Hand #254284097087:  Hold'em No Limit ($0.50/$1.00 USD) - 2025/01/09 21:00:05 WET [2025/01/09 16:00:05 ET]
Table 'Sonja II' 6-max Seat #4 is the button
Seat 1: TJMcc1996 ($44.32 in chips) 
Seat 2: TheBraveGirl ($132.92 in chips) 
Seat 3: sta$igk ($100 in chips) 
Seat 4: Alinyr ($217.75 in chips) 
Seat 5: blistein ($110.23 in chips) 
Seat 6: Unipoker11 ($101.78 in chips) 
blistein: posts small blind $0.50
Unipoker11: posts big blind $1
*** HOLE CARDS ***
TJMcc1996: calls $1
TheBraveGirl: folds 
sta$igk: raises $3 to $4
Alinyr: folds 
blistein: folds 
Unipoker11: folds 
TJMcc1996: calls $3
*** FLOP *** [9h Qs 7s]
TJMcc1996: checks 
sta$igk: bets $2.98
TJMcc1996: calls $2.98
*** TURN *** [9h Qs 7s] [6d]
TJMcc1996: checks 
sta$igk: bets $11.02
TJMcc1996: raises $26.32 to $37.34 and is all-in
sta$igk: folds 
Uncalled bet ($26.32) returned to TJMcc1996
TJMcc1996 collected $35.62 from pot
TJMcc1996: doesn't show hand 
*** SUMMARY ***
Total pot $37.50 | Rake $1.88 
Board [9h Qs 7s 6d]
Seat 1: TJMcc1996 collected ($35.62)
Seat 2: TheBraveGirl folded before Flop (didn't bet)
Seat 3: sta$igk folded on the Turn
Seat 4: Alinyr (button) folded before Flop (didn't bet)
Seat 5: blistein (small blind) folded before Flop
Seat 6: Unipoker11 (big blind) folded before Flop



PokerStars Hand #254284110581:  Hold'em No Limit ($0.50/$1.00 USD) - 2025/01/09 21:00:57 WET [2025/01/09 16:00:57 ET]
Table 'Sonja II' 6-max Seat #5 is the button
Seat 1: TJMcc1996 ($61.94 in chips) 
Seat 2: TheBraveGirl ($132.92 in chips) 
Seat 3: sta$igk ($100 in chips) 
Seat 4: Alinyr ($217.75 in chips) 
Seat 5: blistein ($109.73 in chips) 
Seat 6: Unipoker11 ($100.78 in chips) 
Unipoker11: posts small blind $0.50
TJMcc1996: posts big blind $1
*** HOLE CARDS ***
TheBraveGirl: raises $1 to $2
sta$igk: folds 
Alinyr: folds 
blistein: folds 
Unipoker11: folds 
TJMcc1996: calls $1
*** FLOP *** [Kh 5d Qh]
TJMcc1996: checks 
TheBraveGirl: bets $1.20
TJMcc1996: folds 
Uncalled bet ($1.20) returned to TheBraveGirl
TheBraveGirl collected $4.28 from pot
TheBraveGirl: doesn't show hand 
*** SUMMARY ***
Total pot $4.50 | Rake $0.22 
Board [Kh 5d Qh]
Seat 1: TJMcc1996 (big blind) folded on the Flop
Seat 2: TheBraveGirl collected ($4.28)
Seat 3: sta$igk folded before Flop (didn't bet)
Seat 4: Alinyr folded before Flop (didn't bet)
Seat 5: blistein (button) folded before Flop (didn't bet)
Seat 6: Unipoker11 (small blind) folded before Flop



PokerStars Hand #254284127546:  Hold'em No Limit ($0.50/$1.00 USD) - 2025/01/09 21:01:54 WET [2025/01/09 16:01:54 ET]
Table 'Sonja II' 6-max Seat #6 is the button
Seat 1: TJMcc1996 ($59.94 in chips) 
Seat 2: TheBraveGirl ($135.20 in chips) 
Seat 3: sta$igk ($100 in chips) 
Seat 4: Alinyr ($217.75 in chips) 
Seat 5: blistein ($109.73 in chips) 
Seat 6: Unipoker11 ($100.28 in chips) 
TJMcc1996: posts small blind $0.50
TheBraveGirl: posts big blind $1
*** HOLE CARDS ***
sta$igk: folds 
Alinyr: folds 
blistein: folds 
Unipoker11: folds 
TJMcc1996: folds 
Uncalled bet ($0.50) returned to TheBraveGirl
TheBraveGirl collected $1 from pot
TheBraveGirl: doesn't show hand 
*** SUMMARY ***
Total pot $1 | Rake $0 
Seat 1: TJMcc1996 (small blind) folded before Flop
Seat 2: TheBraveGirl (big blind) collected ($1)
Seat 3: sta$igk folded before Flop (didn't bet)
Seat 4: Alinyr folded before Flop (didn't bet)
Seat 5: blistein folded before Flop (didn't bet)
Seat 6: Unipoker11 (button) folded before Flop (didn't bet)



PokerStars Hand #254284130470:  Hold'em No Limit ($0.50/$1.00 USD) - 2025/01/09 21:02:03 WET [2025/01/09 16:02:03 ET]
Table 'Sonja II' 6-max Seat #1 is the button
Seat 1: TJMcc1996 ($59.44 in chips) 
Seat 2: TheBraveGirl ($135.70 in chips) 
Seat 3: sta$igk ($100 in chips) 
Seat 4: Alinyr ($217.75 in chips) 
Seat 5: blistein ($109.73 in chips) 
Seat 6: Unipoker11 ($100.28 in chips) 
TheBraveGirl: posts small blind $0.50
sta$igk: posts big blind $1
*** HOLE CARDS ***
Alinyr: folds 
blistein: folds 
Unipoker11: folds 
TJMcc1996: calls $1
TheBraveGirl: folds 
sta$igk: checks 
*** FLOP *** [4c 8c As]
sta$igk: checks 
TJMcc1996: checks 
*** TURN *** [4c 8c As] [Jd]
sta$igk: bets $2.97
TJMcc1996: folds 
Uncalled bet ($2.97) returned to sta$igk
sta$igk collected $2.38 from pot
sta$igk: doesn't show hand 
*** SUMMARY ***
Total pot $2.50 | Rake $0.12 
Board [4c 8c As Jd]
Seat 1: TJMcc1996 (button) folded on the Turn
Seat 2: TheBraveGirl (small blind) folded before Flop
Seat 3: sta$igk (big blind) collected ($2.38)
Seat 4: Alinyr folded before Flop (didn't bet)
Seat 5: blistein folded before Flop (didn't bet)
Seat 6: Unipoker11 folded before Flop (didn't bet)



PokerStars Hand #254284141448:  Hold'em No Limit ($0.50/$1.00 USD) - 2025/01/09 21:02:38 WET [2025/01/09 16:02:38 ET]
Table 'Sonja II' 6-max Seat #2 is the button
Seat 1: TJMcc1996 ($58.44 in chips) 
Seat 2: TheBraveGirl ($135.20 in chips) 
Seat 3: sta$igk ($101.38 in chips) 
Seat 4: Alinyr ($217.75 in chips) 
Seat 5: blistein ($109.73 in chips) 
Seat 6: Unipoker11 ($100.28 in chips) 
sta$igk: posts small blind $0.50
Alinyr: posts big blind $1
*** HOLE CARDS ***
blistein: raises $1.20 to $2.20
Unipoker11: folds 
TJMcc1996: folds 
TheBraveGirl: raises $5.30 to $7.50
sta$igk: folds 
Alinyr: folds 
blistein: raises $13.50 to $21
TheBraveGirl: calls $13.50
*** FLOP *** [5d 7s Ks]
blistein: bets $14.55
TheBraveGirl: calls $14.55
*** TURN *** [5d 7s Ks] [9h]
blistein: bets $74.18 and is all-in
TheBraveGirl: folds 
Uncalled bet ($74.18) returned to blistein
blistein collected $70.10 from pot
blistein: doesn't show hand 
*** SUMMARY ***
Total pot $72.60 | Rake $2.50 
Board [5d 7s Ks 9h]
Seat 1: TJMcc1996 folded before Flop (didn't bet)
Seat 2: TheBraveGirl (button) folded on the Turn
Seat 3: sta$igk (small blind) folded before Flop
Seat 4: Alinyr (big blind) folded before Flop
Seat 5: blistein collected ($70.10)
Seat 6: Unipoker11 folded before Flop (didn't bet)



PokerStars Hand #254284165237:  Hold'em No Limit ($0.50/$1.00 USD) - 2025/01/09 21:03:47 WET [2025/01/09 16:03:47 ET]
Table 'Sonja II' 6-max Seat #3 is the button
Seat 1: TJMcc1996 ($58.44 in chips) 
Seat 2: TheBraveGirl ($100 in chips) 
Seat 3: sta$igk ($100.88 in chips) 
Seat 4: Alinyr ($216.75 in chips) 
Seat 5: blistein ($144.28 in chips) 
Seat 6: Unipoker11 ($100.28 in chips) 
Alinyr: posts small blind $0.50
blistein: posts big blind $1
*** HOLE CARDS ***
Unipoker11: folds 
TJMcc1996: raises $2 to $3
TheBraveGirl: folds 
sta$igk: folds 
Alinyr: folds 
blistein: folds 
Uncalled bet ($2) returned to TJMcc1996
TJMcc1996 collected $2.50 from pot
TJMcc1996: doesn't show hand 
*** SUMMARY ***
Total pot $2.50 | Rake $0 
Seat 1: TJMcc1996 collected ($2.50)
Seat 2: TheBraveGirl folded before Flop (didn't bet)
Seat 3: sta$igk (button) folded before Flop (didn't bet)
Seat 4: Alinyr (small blind) folded before Flop
Seat 5: blistein (big blind) folded before Flop
Seat 6: Unipoker11 folded before Flop (didn't bet)



PokerStars Hand #254284169940:  Hold'em No Limit ($0.50/$1.00 USD) - 2025/01/09 21:04:01 WET [2025/01/09 16:04:01 ET]
Table 'Sonja II' 6-max Seat #4 is the button
Seat 1: TJMcc1996 ($59.94 in chips) 
Seat 2: TheBraveGirl ($100 in chips) 
Seat 3: sta$igk ($100.88 in chips) 
Seat 4: Alinyr ($216.25 in chips) 
Seat 5: blistein ($143.28 in chips) 
Seat 6: Unipoker11 ($100.28 in chips) 
blistein: posts small blind $0.50
Unipoker11: posts big blind $1
*** HOLE CARDS ***
TJMcc1996: folds 
TheBraveGirl: raises $1 to $2
sta$igk: folds 
Alinyr: folds 
blistein: folds 
Unipoker11: folds 
Uncalled bet ($1) returned to TheBraveGirl
TheBraveGirl collected $2.50 from pot
TheBraveGirl: doesn't show hand 
*** SUMMARY ***
Total pot $2.50 | Rake $0 
Seat 1: TJMcc1996 folded before Flop (didn't bet)
Seat 2: TheBraveGirl collected ($2.50)
Seat 3: sta$igk folded before Flop (didn't bet)
Seat 4: Alinyr (button) folded before Flop (didn't bet)
Seat 5: blistein (small blind) folded before Flop
Seat 6: Unipoker11 (big blind) folded before Flop



PokerStars Hand #254284181919:  Hold'em No Limit ($0.50/$1.00 USD) - 2025/01/09 21:04:36 WET [2025/01/09 16:04:36 ET]
Table 'Sonja II' 6-max Seat #5 is the button
Seat 1: TJMcc1996 ($59.94 in chips) 
Seat 2: TheBraveGirl ($101.50 in chips) 
Seat 3: sta$igk ($100.88 in chips) 
Seat 4: Alinyr ($216.25 in chips) 
Seat 5: blistein ($142.78 in chips) 
Seat 6: Unipoker11 ($100 in chips) 
Unipoker11: posts small blind $0.50
TJMcc1996: posts big blind $1
*** HOLE CARDS ***
TheBraveGirl: raises $1 to $2
sta$igk: raises $5 to $7
Alinyr: folds 
blistein: folds 
Unipoker11: folds 
TJMcc1996: folds 
TheBraveGirl: calls $5
*** FLOP *** [3h Kc 9c]
TheBraveGirl: checks 
sta$igk: bets $4.86
TheBraveGirl: folds 
Uncalled bet ($4.86) returned to sta$igk
sta$igk collected $14.72 from pot
sta$igk: doesn't show hand 
*** SUMMARY ***
Total pot $15.50 | Rake $0.78 
Board [3h Kc 9c]
Seat 1: TJMcc1996 (big blind) folded before Flop
Seat 2: TheBraveGirl folded on the Flop
Seat 3: sta$igk collected ($14.72)
Seat 4: Alinyr folded before Flop (didn't bet)
Seat 5: blistein (button) folded before Flop (didn't bet)
Seat 6: Unipoker11 (small blind) folded before Flop



PokerStars Hand #254284193807:  Hold'em No Limit ($0.50/$1.00 USD) - 2025/01/09 21:05:10 WET [2025/01/09 16:05:10 ET]
Table 'Sonja II' 6-max Seat #6 is the button
Seat 1: TJMcc1996 ($58.94 in chips) 
Seat 2: TheBraveGirl ($100 in chips) 
Seat 3: sta$igk ($108.60 in chips) 
Seat 4: Alinyr ($216.25 in chips) 
Seat 5: blistein ($142.78 in chips) 
Seat 6: Unipoker11 ($100 in chips) 
TJMcc1996: posts small blind $0.50
TheBraveGirl: posts big blind $1
*** HOLE CARDS ***
sta$igk: folds 
Alinyr: raises $1.05 to $2.05
blistein: folds 
Unipoker11: calls $2.05
TJMcc1996: calls $1.55
TheBraveGirl: calls $1.05
*** FLOP *** [4h 6c 2h]
TJMcc1996: bets $4
TheBraveGirl: folds 
Alinyr: folds 
Unipoker11: folds 
Uncalled bet ($4) returned to TJMcc1996
TJMcc1996 collected $7.79 from pot
TJMcc1996: doesn't show hand 
*** SUMMARY ***
Total pot $8.20 | Rake $0.41 
Board [4h 6c 2h]
Seat 1: TJMcc1996 (small blind) collected ($7.79)
Seat 2: TheBraveGirl (big blind) folded on the Flop
Seat 3: sta$igk folded before Flop (didn't bet)
Seat 4: Alinyr folded on the Flop
Seat 5: blistein folded before Flop (didn't bet)
Seat 6: Unipoker11 (button) folded on the Flop



PokerStars Hand #254284210516:  Hold'em No Limit ($0.50/$1.00 USD) - 2025/01/09 21:05:59 WET [2025/01/09 16:05:59 ET]
Table 'Sonja II' 6-max Seat #1 is the button
Seat 1: TJMcc1996 ($64.68 in chips) 
Seat 2: TheBraveGirl ($100 in chips) 
Seat 3: sta$igk ($108.60 in chips) 
Seat 4: Alinyr ($214.20 in chips) 
Seat 5: blistein ($142.78 in chips) 
Seat 6: Unipoker11 ($100 in chips) 
TheBraveGirl: posts small blind $0.50
sta$igk: posts big blind $1
*** HOLE CARDS ***
Alinyr: folds 
blistein: folds 
Unipoker11: raises $1.30 to $2.30
TJMcc1996: calls $2.30
TheBraveGirl: folds 
sta$igk: folds 
*** FLOP *** [Ad Js Qc]
Unipoker11: checks 
TJMcc1996: checks 
*** TURN *** [Ad Js Qc] [2s]
Unipoker11: bets $1.91
TJMcc1996: calls $1.91
*** RIVER *** [Ad Js Qc 2s] [3c]
Unipoker11: bets $11.78
TJMcc1996: folds 
Uncalled bet ($11.78) returned to Unipoker11
Unipoker11 collected $9.42 from pot
Unipoker11: doesn't show hand 
*** SUMMARY ***
Total pot $9.92 | Rake $0.50 
Board [Ad Js Qc 2s 3c]
Seat 1: TJMcc1996 (button) folded on the River
Seat 2: TheBraveGirl (small blind) folded before Flop
Seat 3: sta$igk (big blind) folded before Flop
Seat 4: Alinyr folded before Flop (didn't bet)
Seat 5: blistein folded before Flop (didn't bet)
Seat 6: Unipoker11 collected ($9.42)



PokerStars Hand #254284237195:  Hold'em No Limit ($0.50/$1.00 USD) - 2025/01/09 21:07:15 WET [2025/01/09 16:07:15 ET]
Table 'Sonja II' 6-max Seat #2 is the button
Seat 1: TJMcc1996 ($60.47 in chips) 
Seat 2: TheBraveGirl ($100 in chips) 
Seat 3: sta$igk ($107.60 in chips) 
Seat 4: Alinyr ($214.20 in chips) 
Seat 5: blistein ($142.78 in chips) 
Seat 6: Unipoker11 ($105.21 in chips) 
sta$igk: posts small blind $0.50
Alinyr: posts big blind $1
*** HOLE CARDS ***
blistein: raises $1.20 to $2.20
Unipoker11: folds 
TJMcc1996: calls $2.20
TheBraveGirl: folds 
sta$igk: folds 
Alinyr: calls $1.20
*** FLOP *** [Jc Ad Th]
Alinyr: checks 
blistein: bets $5.05
TJMcc1996: calls $5.05
Alinyr: calls $5.05
*** TURN *** [Jc Ad Th] [Qh]
Alinyr: checks 
blistein: bets $18.66
TJMcc1996: folds 
Alinyr: folds 
Uncalled bet ($18.66) returned to blistein
blistein collected $21.14 from pot
blistein: doesn't show hand 
*** SUMMARY ***
Total pot $22.25 | Rake $1.11 
Board [Jc Ad Th Qh]
Seat 1: TJMcc1996 folded on the Turn
Seat 2: TheBraveGirl (button) folded before Flop (didn't bet)
Seat 3: sta$igk (small blind) folded before Flop
Seat 4: Alinyr (big blind) folded on the Turn
Seat 5: blistein collected ($21.14)
Seat 6: Unipoker11 folded before Flop (didn't bet)



PokerStars Hand #254284264481:  Hold'em No Limit ($0.50/$1.00 USD) - 2025/01/09 21:08:33 WET [2025/01/09 16:08:33 ET]
Table 'Sonja II' 6-max Seat #3 is the button
Seat 1: TJMcc1996 ($53.22 in chips) 
Seat 2: TheBraveGirl ($100 in chips) 
Seat 3: sta$igk ($107.10 in chips) 
Seat 4: Alinyr ($206.95 in chips) 
Seat 5: blistein ($156.67 in chips) 
Seat 6: Unipoker11 ($105.21 in chips) 
Alinyr: posts small blind $0.50
blistein: posts big blind $1
*** HOLE CARDS ***
Unipoker11: folds 
TJMcc1996: calls $1
TheBraveGirl: folds 
sta$igk: folds 
Alinyr: folds 
blistein: checks 
*** FLOP *** [5s 3s Qd]
blistein: checks 
TJMcc1996: checks 
*** TURN *** [5s 3s Qd] [Th]
blistein: checks 
TJMcc1996: bets $3
blistein: folds 
Uncalled bet ($3) returned to TJMcc1996
TJMcc1996 collected $2.38 from pot
TJMcc1996: doesn't show hand 
*** SUMMARY ***
Total pot $2.50 | Rake $0.12 
Board [5s 3s Qd Th]
Seat 1: TJMcc1996 collected ($2.38)
Seat 2: TheBraveGirl folded before Flop (didn't bet)
Seat 3: sta$igk (button) folded before Flop (didn't bet)
Seat 4: Alinyr (small blind) folded before Flop
Seat 5: blistein (big blind) folded on the Turn
Seat 6: Unipoker11 folded before Flop (didn't bet)



PokerStars Hand #254284278979:  Hold'em No Limit ($0.50/$1.00 USD) - 2025/01/09 21:09:14 WET [2025/01/09 16:09:14 ET]
Table 'Sonja II' 6-max Seat #4 is the button
Seat 1: TJMcc1996 ($54.60 in chips) 
Seat 2: TheBraveGirl ($100 in chips) 
Seat 3: sta$igk ($107.10 in chips) 
Seat 4: Alinyr ($206.45 in chips) 
Seat 5: blistein ($155.67 in chips) 
Seat 6: Unipoker11 ($105.21 in chips) 
blistein: posts small blind $0.50
Unipoker11: posts big blind $1
*** HOLE CARDS ***
TJMcc1996: folds 
TheBraveGirl: folds 
sta$igk: folds 
Alinyr: raises $1.50 to $2.50
blistein: folds 
Unipoker11: folds 
Uncalled bet ($1.50) returned to Alinyr
Alinyr collected $2.50 from pot
Alinyr: doesn't show hand 
*** SUMMARY ***
Total pot $2.50 | Rake $0 
Seat 1: TJMcc1996 folded before Flop (didn't bet)
Seat 2: TheBraveGirl folded before Flop (didn't bet)
Seat 3: sta$igk folded before Flop (didn't bet)
Seat 4: Alinyr (button) collected ($2.50)
Seat 5: blistein (small blind) folded before Flop
Seat 6: Unipoker11 (big blind) folded before Flop



PokerStars Hand #254284287214:  Hold'em No Limit ($0.50/$1.00 USD) - 2025/01/09 21:09:38 WET [2025/01/09 16:09:38 ET]
Table 'Sonja II' 6-max Seat #5 is the button
Seat 1: TJMcc1996 ($54.60 in chips) 
Seat 2: TheBraveGirl ($100 in chips) 
Seat 3: sta$igk ($107.10 in chips) 
Seat 4: Alinyr ($207.95 in chips) 
Seat 5: blistein ($155.17 in chips) 
Seat 6: Unipoker11 ($104.21 in chips) 
Unipoker11: posts small blind $0.50
TJMcc1996: posts big blind $1
*** HOLE CARDS ***
TheBraveGirl: folds 
sta$igk: folds 
Alinyr: raises $1.28 to $2.28
blistein: folds 
Unipoker11: calls $1.78
TJMcc1996: calls $1.28
*** FLOP *** [2c 8d 4c]
Unipoker11: checks 
TJMcc1996: checks 
Alinyr: checks 
*** TURN *** [2c 8d 4c] [7c]
Unipoker11: bets $4.87
TJMcc1996: calls $4.87
Alinyr: folds 
*** RIVER *** [2c 8d 4c 7c] [2h]
Unipoker11: checks 
TJMcc1996: bets $15.75
Unipoker11: raises $81.31 to $97.06 and is all-in
TJMcc1996: calls $31.70 and is all-in
Uncalled bet ($49.61) returned to Unipoker11
*** SHOW DOWN ***
Unipoker11: shows [7d 7h] (a full house, Sevens full of Deuces)
TJMcc1996: shows [6c Jc] (a flush, Jack high)
Unipoker11 collected $108.98 from pot
*** SUMMARY ***
Total pot $111.48 | Rake $2.50 
Board [2c 8d 4c 7c 2h]
Seat 1: TJMcc1996 (big blind) showed [6c Jc] and lost with a flush, Jack high
Seat 2: TheBraveGirl folded before Flop (didn't bet)
Seat 3: sta$igk folded before Flop (didn't bet)
Seat 4: Alinyr folded on the Turn
Seat 5: blistein (button) folded before Flop (didn't bet)
Seat 6: Unipoker11 (small blind) showed [7d 7h] and won ($108.98) with a full house, Sevens full of Deuces



PokerStars Hand #254284310762:  Hold'em No Limit ($0.50/$1.00 USD) - 2025/01/09 21:10:44 WET [2025/01/09 16:10:44 ET]
Table 'Sonja II' 6-max Seat #6 is the button
Seat 1: TJMcc1996 ($0 in chips) is sitting out
Seat 2: TheBraveGirl ($100 in chips) 
Seat 3: sta$igk ($107.10 in chips) 
Seat 4: Alinyr ($205.67 in chips) 
Seat 5: blistein ($155.17 in chips) 
Seat 6: Unipoker11 ($158.59 in chips) 
TheBraveGirl: posts small blind $0.50
sta$igk: posts big blind $1
*** HOLE CARDS ***
Alinyr: folds 
TJMcc1996 leaves the table
blistein: raises $1.30 to $2.30
Unipoker11: folds 
TheBraveGirl: folds 
sta$igk: folds 
Uncalled bet ($1.30) returned to blistein
blistein collected $2.50 from pot
blistein: doesn't show hand 
*** SUMMARY ***
Total pot $2.50 | Rake $0 
Seat 1: TJMcc1996
Seat 2: TheBraveGirl (small blind) folded before Flop
Seat 3: sta$igk (big blind) folded before Flop
Seat 4: Alinyr folded before Flop (didn't bet)
Seat 5: blistein collected ($2.50)
Seat 6: Unipoker11 (button) folded before Flop (didn't bet)



PokerStars Hand #254284315950:  Hold'em No Limit ($0.50/$1.00 USD) - 2025/01/09 21:10:59 WET [2025/01/09 16:10:59 ET]
Table 'Sonja II' 6-max Seat #2 is the button
Seat 4: Alinyr ($205.67 in chips) is sitting out
Seat 5: blistein ($156.67 in chips) is sitting out
Seat 2: TheBraveGirl ($100 in chips) 
Seat 3: sta$igk ($106.10 in chips) 
Seat 6: Unipoker11 ($158.59 in chips) 
sta$igk: posts small blind $0.50
Alinyr: is sitting out 
blistein: is sitting out 
Unipoker11: posts big blind $1
*** HOLE CARDS ***
Alinyr leaves the table
blistein leaves the table
TheBraveGirl: folds 
sta$igk: folds 
Uncalled bet ($0.50) returned to Unipoker11
Unipoker11 collected $1 from pot
Unipoker11: doesn't show hand 
xxxZeka joins the table at seat #4 
*** SUMMARY ***
Total pot $1 | Rake $0 
Seat 4: Alinyr
Seat 5: blistein
Seat 2: TheBraveGirl (button) folded before Flop (didn't bet)
Seat 3: sta$igk (small blind) folded before Flop
Seat 6: Unipoker11 (big blind) collected ($1)



PokerStars Hand #254284318727:  Hold'em No Limit ($0.50/$1.00 USD) - 2025/01/09 21:11:07 WET [2025/01/09 16:11:07 ET]
Table 'Sonja II' 6-max Seat #3 is the button
Seat 4: xxxZeka ($101.50 in chips) is sitting out
Seat 2: TheBraveGirl ($100 in chips) 
Seat 3: sta$igk ($105.60 in chips) 
Seat 6: Unipoker11 ($159.09 in chips) 
Unipoker11: posts small blind $0.50
TheBraveGirl: posts big blind $1
*** HOLE CARDS ***
sta$igk: folds 
sta$igk leaves the table
Unipoker11: raises $2 to $3
xxxZeka leaves the table
TheBraveGirl: raises $6.50 to $9.50
Unipoker11: folds 
Uncalled bet ($6.50) returned to TheBraveGirl
Unipoker11 leaves the table
TheBraveGirl collected $6 from pot
TheBraveGirl: doesn't show hand 
*** SUMMARY ***
Total pot $6 | Rake $0 
Seat 4: xxxZeka
Seat 2: TheBraveGirl (big blind) collected ($6)
Seat 3: sta$igk (button) folded before Flop (didn't bet)
Seat 6: Unipoker11 (small blind) folded before Flop



