PokerStars Hand #254281053801:  Hold'em No Limit ($0.50/$1.00 USD) - 2025/01/09 18:14:38 WET [2025/01/09 13:14:38 ET]
Table 'Interamnia III' 6-max Seat #2 is the button
Seat 1: chinokevin13 ($100 in chips) is sitting out
Seat 2: franbasualdo10 ($42.88 in chips) 
Seat 3: Gfoer ($100 in chips) 
Seat 4: b2k-Snick ($108.18 in chips) 
Seat 5: Christianzt1 ($100 in chips) 
Gfoer: posts small blind $0.50
b2k-Snick: posts big blind $1
Debomeg joins the table at seat #6 
chinokevin13: sits out 
*** HOLE CARDS ***
Christianzt1: folds 
franbasualdo10: raises $1 to $2
Gfoer: folds 
b2k-Snick: folds 
Uncalled bet ($1) returned to franbasualdo10
franbasualdo10 collected $2.50 from pot
*** SUMMARY ***
Total pot $2.50 | Rake $0 
Seat 1: chinokevin13
Seat 2: franbasualdo10 (button) collected ($2.50)
Seat 3: Gfoer (small blind) folded before Flop
Seat 4: b2k-Snick (big blind) folded before Flop
Seat 5: Christianzt1 folded before Flop (didn't bet)



PokerStars Hand #254281062028:  Hold'em No Limit ($0.50/$1.00 USD) - 2025/01/09 18:15:06 WET [2025/01/09 13:15:06 ET]
Table 'Interamnia III' 6-max Seat #3 is the button
Seat 1: chinokevin13 ($100 in chips) is sitting out
Seat 6: Debomeg ($100 in chips) is sitting out
Seat 2: franbasualdo10 ($44.38 in chips) 
Seat 3: Gfoer ($100 in chips) 
Seat 4: b2k-Snick ($107.18 in chips) 
Seat 5: Christianzt1 ($100 in chips) 
b2k-Snick: posts small blind $0.50
Christianzt1: posts big blind $1
Debomeg: sits out 
chinokevin13: sits out 
*** HOLE CARDS ***
franbasualdo10: folds 
Gfoer: folds 
b2k-Snick: folds 
Uncalled bet ($0.50) returned to Christianzt1
Christianzt1 collected $1 from pot
*** SUMMARY ***
Total pot $1 | Rake $0 
Seat 1: chinokevin13
Seat 6: Debomeg
Seat 2: franbasualdo10 folded before Flop (didn't bet)
Seat 3: Gfoer (button) folded before Flop (didn't bet)
Seat 4: b2k-Snick (small blind) folded before Flop
Seat 5: Christianzt1 (big blind) collected ($1)



PokerStars Hand #254281065198:  Hold'em No Limit ($0.50/$1.00 USD) - 2025/01/09 18:15:16 WET [2025/01/09 13:15:16 ET]
Table 'Interamnia III' 6-max Seat #4 is the button
Seat 1: chinokevin13 ($100 in chips) is sitting out
Seat 2: franbasualdo10 ($44.38 in chips) 
Seat 3: Gfoer ($100 in chips) 
Seat 4: b2k-Snick ($106.68 in chips) 
Seat 5: Christianzt1 ($100.50 in chips) 
Seat 6: Debomeg ($100 in chips) 
Christianzt1: posts small blind $0.50
Debomeg: posts big blind $1
chinokevin13: sits out 
*** HOLE CARDS ***
franbasualdo10: folds 
Gfoer: folds 
b2k-Snick: raises $1.50 to $2.50
Christianzt1: folds 
Debomeg: folds 
Uncalled bet ($1.50) returned to b2k-Snick
b2k-Snick collected $2.50 from pot
b2k-Snick: doesn't show hand 
*** SUMMARY ***
Total pot $2.50 | Rake $0 
Seat 1: chinokevin13
Seat 2: franbasualdo10 folded before Flop (didn't bet)
Seat 3: Gfoer folded before Flop (didn't bet)
Seat 4: b2k-Snick (button) collected ($2.50)
Seat 5: Christianzt1 (small blind) folded before Flop
Seat 6: Debomeg (big blind) folded before Flop



PokerStars Hand #254281070607:  Hold'em No Limit ($0.50/$1.00 USD) - 2025/01/09 18:15:35 WET [2025/01/09 13:15:35 ET]
Table 'Interamnia III' 6-max Seat #5 is the button
Seat 1: chinokevin13 ($100 in chips) 
Seat 2: franbasualdo10 ($44.38 in chips) 
Seat 3: Gfoer ($100 in chips) 
Seat 4: b2k-Snick ($108.18 in chips) 
Seat 5: Christianzt1 ($100 in chips) 
Seat 6: Debomeg ($99 in chips) 
Debomeg: posts small blind $0.50
chinokevin13: posts big blind $1
*** HOLE CARDS ***
franbasualdo10: calls $1
Gfoer: folds 
b2k-Snick: folds 
Christianzt1: folds 
Debomeg: folds 
chinokevin13: raises $13.50 to $14.50
franbasualdo10: folds 
Uncalled bet ($13.50) returned to chinokevin13
chinokevin13 collected $2.50 from pot
chinokevin13: doesn't show hand 
*** SUMMARY ***
Total pot $2.50 | Rake $0 
Seat 1: chinokevin13 (big blind) collected ($2.50)
Seat 2: franbasualdo10 folded before Flop
Seat 3: Gfoer folded before Flop (didn't bet)
Seat 4: b2k-Snick folded before Flop (didn't bet)
Seat 5: Christianzt1 (button) folded before Flop (didn't bet)
Seat 6: Debomeg (small blind) folded before Flop



PokerStars Hand #254281081370:  Hold'em No Limit ($0.50/$1.00 USD) - 2025/01/09 18:16:11 WET [2025/01/09 13:16:11 ET]
Table 'Interamnia III' 6-max Seat #6 is the button
Seat 1: chinokevin13 ($101.50 in chips) 
Seat 2: franbasualdo10 ($43.38 in chips) 
Seat 3: Gfoer ($100 in chips) 
Seat 4: b2k-Snick ($108.18 in chips) 
Seat 5: Christianzt1 ($100 in chips) 
Seat 6: Debomeg ($100 in chips) 
chinokevin13: posts small blind $0.50
franbasualdo10: posts big blind $1
*** HOLE CARDS ***
Gfoer: folds 
b2k-Snick: folds 
Christianzt1: folds 
Debomeg: raises $1 to $2
chinokevin13: raises $8.50 to $10.50
franbasualdo10: folds 
Debomeg: calls $8.50
*** FLOP *** [Ah 8h Ac]
chinokevin13: bets $6.90
Debomeg: calls $6.90
*** TURN *** [Ah 8h Ac] [Jc]
chinokevin13: checks 
Debomeg: checks 
*** RIVER *** [Ah 8h Ac Jc] [7c]
chinokevin13: bets $29
Debomeg: folds 
Uncalled bet ($29) returned to chinokevin13
chinokevin13 collected $34.01 from pot
chinokevin13: doesn't show hand 
*** SUMMARY ***
Total pot $35.80 | Rake $1.79 
Board [Ah 8h Ac Jc 7c]
Seat 1: chinokevin13 (small blind) collected ($34.01)
Seat 2: franbasualdo10 (big blind) folded before Flop
Seat 3: Gfoer folded before Flop (didn't bet)
Seat 4: b2k-Snick folded before Flop (didn't bet)
Seat 5: Christianzt1 folded before Flop (didn't bet)
Seat 6: Debomeg (button) folded on the River



PokerStars Hand #254281102147:  Hold'em No Limit ($0.50/$1.00 USD) - 2025/01/09 18:17:21 WET [2025/01/09 13:17:21 ET]
Table 'Interamnia III' 6-max Seat #1 is the button
Seat 3: Gfoer ($100 in chips) is sitting out
Seat 1: chinokevin13 ($118.11 in chips) 
Seat 2: franbasualdo10 ($42.38 in chips) 
Seat 4: b2k-Snick ($108.18 in chips) 
Seat 5: Christianzt1 ($100 in chips) 
Seat 6: Debomeg ($100 in chips) 
franbasualdo10: posts small blind $0.50
Gfoer: is sitting out 
b2k-Snick: posts big blind $1
*** HOLE CARDS ***
Christianzt1: folds 
Debomeg: raises $1 to $2
Christianzt1 leaves the table
chinokevin13: folds 
franbasualdo10: folds 
b2k-Snick: folds 
Uncalled bet ($1) returned to Debomeg
Gfoer leaves the table
Debomeg collected $2.50 from pot
Debomeg: doesn't show hand 
*** SUMMARY ***
Total pot $2.50 | Rake $0 
Seat 3: Gfoer
Seat 1: chinokevin13 (button) folded before Flop (didn't bet)
Seat 2: franbasualdo10 (small blind) folded before Flop
Seat 4: b2k-Snick (big blind) folded before Flop
Seat 5: Christianzt1 folded before Flop (didn't bet)
Seat 6: Debomeg collected ($2.50)



PokerStars Hand #254281106533:  Hold'em No Limit ($0.50/$1.00 USD) - 2025/01/09 18:17:36 WET [2025/01/09 13:17:36 ET]
Table 'Interamnia III' 6-max Seat #2 is the button
Seat 1: chinokevin13 ($118.11 in chips) 
Seat 2: franbasualdo10 ($41.88 in chips) 
Seat 4: b2k-Snick ($107.18 in chips) 
Seat 6: Debomeg ($101.50 in chips) 
b2k-Snick: posts small blind $0.50
Debomeg: posts big blind $1
*** HOLE CARDS ***
chinokevin13: raises $1.50 to $2.50
franbasualdo10: folds 
b2k-Snick: folds 
Debomeg: calls $1.50
*** FLOP *** [7h 3s 5d]
Debomeg: checks 
chinokevin13: checks 
*** TURN *** [7h 3s 5d] [Jd]
Debomeg: checks 
littleboy930 joins the table at seat #3 
littleboy930 is disconnected 
chinokevin13: checks 
*** RIVER *** [7h 3s 5d Jd] [Qc]
Debomeg: bets $1.31
PhoenixAssassin joins the table at seat #5 
chinokevin13: calls $1.31
*** SHOW DOWN ***
Debomeg: shows [9s 5s] (a pair of Fives)
chinokevin13: mucks hand 
Debomeg collected $7.71 from pot
*** SUMMARY ***
Total pot $8.12 | Rake $0.41 
Board [7h 3s 5d Jd Qc]
Seat 1: chinokevin13 mucked
Seat 2: franbasualdo10 (button) folded before Flop (didn't bet)
Seat 4: b2k-Snick (small blind) folded before Flop
Seat 6: Debomeg (big blind) showed [9s 5s] and won ($7.71) with a pair of Fives



PokerStars Hand #254281126795:  Hold'em No Limit ($0.50/$1.00 USD) - 2025/01/09 18:18:44 WET [2025/01/09 13:18:44 ET]
Table 'Interamnia III' 6-max Seat #4 is the button
Seat 5: PhoenixAssassin ($100 in chips) is sitting out
Seat 1: chinokevin13 ($114.30 in chips) 
Seat 2: franbasualdo10 ($41.88 in chips) 
Seat 3: littleboy930 ($80 in chips) 
Seat 4: b2k-Snick ($106.68 in chips) 
Seat 6: Debomeg ($105.40 in chips) 
Debomeg: posts small blind $0.50
chinokevin13: posts big blind $1
littleboy930: posts big blind $1
*** HOLE CARDS ***
franbasualdo10: folds 
littleboy930: raises $2 to $3
b2k-Snick: folds 
Debomeg: folds 
chinokevin13: calls $2
*** FLOP *** [3h 4s 6s]
chinokevin13: checks 
littleboy930: bets $3
chinokevin13: raises $6.18 to $9.18
littleboy930: raises $10.18 to $19.36
chinokevin13: raises $91.94 to $111.30 and is all-in
littleboy930: folds 
Uncalled bet ($91.94) returned to chinokevin13
chinokevin13 collected $42.96 from pot
chinokevin13: doesn't show hand 
*** SUMMARY ***
Total pot $45.22 | Rake $2.26 
Board [3h 4s 6s]
Seat 5: PhoenixAssassin
Seat 1: chinokevin13 (big blind) collected ($42.96)
Seat 2: franbasualdo10 folded before Flop (didn't bet)
Seat 3: littleboy930 folded on the Flop
Seat 4: b2k-Snick (button) folded before Flop (didn't bet)
Seat 6: Debomeg (small blind) folded before Flop



PokerStars Hand #254281148035:  Hold'em No Limit ($0.50/$1.00 USD) - 2025/01/09 18:19:57 WET [2025/01/09 13:19:57 ET]
Table 'Interamnia III' 6-max Seat #6 is the button
Seat 5: PhoenixAssassin ($100 in chips) is sitting out
Seat 1: chinokevin13 ($134.90 in chips) 
Seat 2: franbasualdo10 ($41.88 in chips) 
Seat 3: littleboy930 ($57.64 in chips) 
Seat 4: b2k-Snick ($106.68 in chips) 
Seat 6: Debomeg ($104.90 in chips) 
chinokevin13: posts small blind $0.50
franbasualdo10: posts big blind $1
PhoenixAssassin: sits out 
*** HOLE CARDS ***
littleboy930: calls $1
b2k-Snick: calls $1
Debomeg: folds 
chinokevin13: calls $0.50
franbasualdo10: checks 
*** FLOP *** [9d 7s 6c]
chinokevin13: checks 
franbasualdo10: bets $1
littleboy930: calls $1
b2k-Snick: folds 
chinokevin13: folds 
*** TURN *** [9d 7s 6c] [7h]
franbasualdo10: checks 
littleboy930: checks 
*** RIVER *** [9d 7s 6c 7h] [2s]
franbasualdo10: checks 
littleboy930: checks 
*** SHOW DOWN ***
franbasualdo10: shows [Jd 6h] (two pair, Sevens and Sixes)
littleboy930: mucks hand 
franbasualdo10 collected $5.70 from pot
*** SUMMARY ***
Total pot $6 | Rake $0.30 
Board [9d 7s 6c 7h 2s]
Seat 5: PhoenixAssassin
Seat 1: chinokevin13 (small blind) folded on the Flop
Seat 2: franbasualdo10 (big blind) showed [Jd 6h] and won ($5.70) with two pair, Sevens and Sixes
Seat 3: littleboy930 mucked
Seat 4: b2k-Snick folded on the Flop
Seat 6: Debomeg (button) folded before Flop (didn't bet)



PokerStars Hand #254281175544:  Hold'em No Limit ($0.50/$1.00 USD) - 2025/01/09 18:21:29 WET [2025/01/09 13:21:29 ET]
Table 'Interamnia III' 6-max Seat #1 is the button
Seat 5: PhoenixAssassin ($100 in chips) is sitting out
Seat 1: chinokevin13 ($133.90 in chips) 
Seat 2: franbasualdo10 ($45.58 in chips) 
Seat 3: littleboy930 ($55.64 in chips) 
Seat 4: b2k-Snick ($105.68 in chips) 
Seat 6: Debomeg ($104.90 in chips) 
franbasualdo10: posts small blind $0.50
littleboy930: posts big blind $1
PhoenixAssassin: sits out 
*** HOLE CARDS ***
b2k-Snick: folds 
Debomeg: folds 
chinokevin13: folds 
franbasualdo10: folds 
Uncalled bet ($0.50) returned to littleboy930
littleboy930 collected $1 from pot
*** SUMMARY ***
Total pot $1 | Rake $0 
Seat 5: PhoenixAssassin
Seat 1: chinokevin13 (button) folded before Flop (didn't bet)
Seat 2: franbasualdo10 (small blind) folded before Flop
Seat 3: littleboy930 (big blind) collected ($1)
Seat 4: b2k-Snick folded before Flop (didn't bet)
Seat 6: Debomeg folded before Flop (didn't bet)



PokerStars Hand #254281180360:  Hold'em No Limit ($0.50/$1.00 USD) - 2025/01/09 18:21:45 WET [2025/01/09 13:21:45 ET]
Table 'Interamnia III' 6-max Seat #2 is the button
Seat 5: PhoenixAssassin ($100 in chips) is sitting out
Seat 1: chinokevin13 ($133.90 in chips) 
Seat 2: franbasualdo10 ($45.08 in chips) 
Seat 3: littleboy930 ($56.14 in chips) 
Seat 4: b2k-Snick ($105.68 in chips) 
Seat 6: Debomeg ($104.90 in chips) 
littleboy930: posts small blind $0.50
b2k-Snick: posts big blind $1
PhoenixAssassin: sits out 
*** HOLE CARDS ***
Debomeg: folds 
chinokevin13: raises $1.50 to $2.50
franbasualdo10: folds 
littleboy930: folds 
b2k-Snick: folds 
Uncalled bet ($1.50) returned to chinokevin13
chinokevin13 collected $2.50 from pot
chinokevin13: doesn't show hand 
*** SUMMARY ***
Total pot $2.50 | Rake $0 
Seat 5: PhoenixAssassin
Seat 1: chinokevin13 collected ($2.50)
Seat 2: franbasualdo10 (button) folded before Flop (didn't bet)
Seat 3: littleboy930 (small blind) folded before Flop
Seat 4: b2k-Snick (big blind) folded before Flop
Seat 6: Debomeg folded before Flop (didn't bet)



PokerStars Hand #254281186564:  Hold'em No Limit ($0.50/$1.00 USD) - 2025/01/09 18:22:05 WET [2025/01/09 13:22:05 ET]
Table 'Interamnia III' 6-max Seat #3 is the button
Seat 1: chinokevin13 ($135.40 in chips) 
Seat 2: franbasualdo10 ($45.08 in chips) 
Seat 3: littleboy930 ($55.64 in chips) 
Seat 4: b2k-Snick ($104.68 in chips) 
Seat 5: PhoenixAssassin ($100 in chips) 
Seat 6: Debomeg ($104.90 in chips) 
b2k-Snick: posts small blind $0.50
PhoenixAssassin: posts big blind $1
*** HOLE CARDS ***
Debomeg: raises $1 to $2
chinokevin13: folds 
franbasualdo10: folds 
littleboy930: folds 
b2k-Snick: folds 
PhoenixAssassin: folds 
Uncalled bet ($1) returned to Debomeg
Debomeg collected $2.50 from pot
Debomeg: doesn't show hand 
*** SUMMARY ***
Total pot $2.50 | Rake $0 
Seat 1: chinokevin13 folded before Flop (didn't bet)
Seat 2: franbasualdo10 folded before Flop (didn't bet)
Seat 3: littleboy930 (button) folded before Flop (didn't bet)
Seat 4: b2k-Snick (small blind) folded before Flop
Seat 5: PhoenixAssassin (big blind) folded before Flop
Seat 6: Debomeg collected ($2.50)



PokerStars Hand #254281191008:  Hold'em No Limit ($0.50/$1.00 USD) - 2025/01/09 18:22:20 WET [2025/01/09 13:22:20 ET]
Table 'Interamnia III' 6-max Seat #4 is the button
Seat 1: chinokevin13 ($135.40 in chips) 
Seat 2: franbasualdo10 ($45.08 in chips) 
Seat 3: littleboy930 ($55.64 in chips) 
Seat 4: b2k-Snick ($104.18 in chips) 
Seat 5: PhoenixAssassin ($100 in chips) 
Seat 6: Debomeg ($106.40 in chips) 
PhoenixAssassin: posts small blind $0.50
Debomeg: posts big blind $1
*** HOLE CARDS ***
chinokevin13: folds 
franbasualdo10: folds 
littleboy930: folds 
b2k-Snick: folds 
PhoenixAssassin: raises $2 to $3
Debomeg: calls $2
*** FLOP *** [Qh Kd 6s]
PhoenixAssassin: checks 
Debomeg: bets $1.43
PhoenixAssassin: calls $1.43
*** TURN *** [Qh Kd 6s] [2c]
PhoenixAssassin: checks 
Debomeg: checks 
*** RIVER *** [Qh Kd 6s 2c] [8d]
PhoenixAssassin: checks 
Debomeg: bets $12.63
PhoenixAssassin: folds 
Uncalled bet ($12.63) returned to Debomeg
Debomeg collected $8.42 from pot
Debomeg: doesn't show hand 
*** SUMMARY ***
Total pot $8.86 | Rake $0.44 
Board [Qh Kd 6s 2c 8d]
Seat 1: chinokevin13 folded before Flop (didn't bet)
Seat 2: franbasualdo10 folded before Flop (didn't bet)
Seat 3: littleboy930 folded before Flop (didn't bet)
Seat 4: b2k-Snick (button) folded before Flop (didn't bet)
Seat 5: PhoenixAssassin (small blind) folded on the River
Seat 6: Debomeg (big blind) collected ($8.42)



PokerStars Hand #254281214579:  Hold'em No Limit ($0.50/$1.00 USD) - 2025/01/09 18:23:38 WET [2025/01/09 13:23:38 ET]
Table 'Interamnia III' 6-max Seat #5 is the button
Seat 1: chinokevin13 ($135.40 in chips) 
Seat 2: franbasualdo10 ($45.08 in chips) 
Seat 3: littleboy930 ($55.64 in chips) 
Seat 4: b2k-Snick ($104.18 in chips) 
Seat 5: PhoenixAssassin ($100 in chips) 
Seat 6: Debomeg ($110.39 in chips) 
Debomeg: posts small blind $0.50
chinokevin13: posts big blind $1
*** HOLE CARDS ***
franbasualdo10: calls $1
littleboy930: raises $3 to $4
b2k-Snick: folds 
PhoenixAssassin: folds 
Debomeg: folds 
chinokevin13: folds 
franbasualdo10: folds 
Uncalled bet ($3) returned to littleboy930
littleboy930 collected $3.50 from pot
*** SUMMARY ***
Total pot $3.50 | Rake $0 
Seat 1: chinokevin13 (big blind) folded before Flop
Seat 2: franbasualdo10 folded before Flop
Seat 3: littleboy930 collected ($3.50)
Seat 4: b2k-Snick folded before Flop (didn't bet)
Seat 5: PhoenixAssassin (button) folded before Flop (didn't bet)
Seat 6: Debomeg (small blind) folded before Flop



PokerStars Hand #254281221470:  Hold'em No Limit ($0.50/$1.00 USD) - 2025/01/09 18:24:01 WET [2025/01/09 13:24:01 ET]
Table 'Interamnia III' 6-max Seat #6 is the button
Seat 1: chinokevin13 ($134.40 in chips) 
Seat 2: franbasualdo10 ($44.08 in chips) 
Seat 3: littleboy930 ($58.14 in chips) 
Seat 4: b2k-Snick ($104.18 in chips) 
Seat 5: PhoenixAssassin ($100 in chips) 
Seat 6: Debomeg ($109.89 in chips) 
chinokevin13: posts small blind $0.50
franbasualdo10: posts big blind $1
*** HOLE CARDS ***
littleboy930: raises $2 to $3
b2k-Snick: folds 
PhoenixAssassin: folds 
Debomeg: folds 
chinokevin13: folds 
franbasualdo10: folds 
Uncalled bet ($2) returned to littleboy930
littleboy930 collected $2.50 from pot
*** SUMMARY ***
Total pot $2.50 | Rake $0 
Seat 1: chinokevin13 (small blind) folded before Flop
Seat 2: franbasualdo10 (big blind) folded before Flop
Seat 3: littleboy930 collected ($2.50)
Seat 4: b2k-Snick folded before Flop (didn't bet)
Seat 5: PhoenixAssassin folded before Flop (didn't bet)
Seat 6: Debomeg (button) folded before Flop (didn't bet)



PokerStars Hand #254281226312:  Hold'em No Limit ($0.50/$1.00 USD) - 2025/01/09 18:24:17 WET [2025/01/09 13:24:17 ET]
Table 'Interamnia III' 6-max Seat #1 is the button
Seat 1: chinokevin13 ($133.90 in chips) 
Seat 2: franbasualdo10 ($43.08 in chips) 
Seat 3: littleboy930 ($59.64 in chips) 
Seat 4: b2k-Snick ($104.18 in chips) 
Seat 5: PhoenixAssassin ($100 in chips) 
Seat 6: Debomeg ($109.89 in chips) 
franbasualdo10: posts small blind $0.50
littleboy930: posts big blind $1
*** HOLE CARDS ***
b2k-Snick: folds 
PhoenixAssassin: folds 
Debomeg: folds 
chinokevin13: folds 
franbasualdo10: folds 
Uncalled bet ($0.50) returned to littleboy930
littleboy930 collected $1 from pot
*** SUMMARY ***
Total pot $1 | Rake $0 
Seat 1: chinokevin13 (button) folded before Flop (didn't bet)
Seat 2: franbasualdo10 (small blind) folded before Flop
Seat 3: littleboy930 (big blind) collected ($1)
Seat 4: b2k-Snick folded before Flop (didn't bet)
Seat 5: PhoenixAssassin folded before Flop (didn't bet)
Seat 6: Debomeg folded before Flop (didn't bet)



PokerStars Hand #254281229479:  Hold'em No Limit ($0.50/$1.00 USD) - 2025/01/09 18:24:27 WET [2025/01/09 13:24:27 ET]
Table 'Interamnia III' 6-max Seat #2 is the button
Seat 1: chinokevin13 ($133.90 in chips) 
Seat 2: franbasualdo10 ($42.58 in chips) 
Seat 3: littleboy930 ($60.14 in chips) 
Seat 4: b2k-Snick ($104.18 in chips) 
Seat 5: PhoenixAssassin ($100 in chips) 
Seat 6: Debomeg ($109.89 in chips) 
littleboy930: posts small blind $0.50
b2k-Snick: posts big blind $1
*** HOLE CARDS ***
PhoenixAssassin: folds 
Debomeg: folds 
chinokevin13: raises $1.50 to $2.50
franbasualdo10: folds 
littleboy930: folds 
b2k-Snick: calls $1.50
*** FLOP *** [5c 9s Qc]
b2k-Snick: checks 
chinokevin13: bets $2.61
b2k-Snick: folds 
Uncalled bet ($2.61) returned to chinokevin13
chinokevin13 collected $5.22 from pot
chinokevin13: doesn't show hand 
*** SUMMARY ***
Total pot $5.50 | Rake $0.28 
Board [5c 9s Qc]
Seat 1: chinokevin13 collected ($5.22)
Seat 2: franbasualdo10 (button) folded before Flop (didn't bet)
Seat 3: littleboy930 (small blind) folded before Flop
Seat 4: b2k-Snick (big blind) folded on the Flop
Seat 5: PhoenixAssassin folded before Flop (didn't bet)
Seat 6: Debomeg folded before Flop (didn't bet)



PokerStars Hand #254281239850:  Hold'em No Limit ($0.50/$1.00 USD) - 2025/01/09 18:25:01 WET [2025/01/09 13:25:01 ET]
Table 'Interamnia III' 6-max Seat #3 is the button
Seat 1: chinokevin13 ($136.62 in chips) 
Seat 2: franbasualdo10 ($42.58 in chips) 
Seat 3: littleboy930 ($59.64 in chips) 
Seat 4: b2k-Snick ($101.68 in chips) 
Seat 5: PhoenixAssassin ($100 in chips) 
Seat 6: Debomeg ($109.89 in chips) 
b2k-Snick: posts small blind $0.50
PhoenixAssassin: posts big blind $1
*** HOLE CARDS ***
Debomeg: folds 
chinokevin13: folds 
franbasualdo10: folds 
littleboy930: folds 
b2k-Snick: raises $2 to $3
PhoenixAssassin: calls $2
*** FLOP *** [9s 4c Qd]
b2k-Snick: bets $3.14
PhoenixAssassin: folds 
Uncalled bet ($3.14) returned to b2k-Snick
b2k-Snick collected $5.70 from pot
b2k-Snick: doesn't show hand 
*** SUMMARY ***
Total pot $6 | Rake $0.30 
Board [9s 4c Qd]
Seat 1: chinokevin13 folded before Flop (didn't bet)
Seat 2: franbasualdo10 folded before Flop (didn't bet)
Seat 3: littleboy930 (button) folded before Flop (didn't bet)
Seat 4: b2k-Snick (small blind) collected ($5.70)
Seat 5: PhoenixAssassin (big blind) folded on the Flop
Seat 6: Debomeg folded before Flop (didn't bet)



PokerStars Hand #254281250589:  Hold'em No Limit ($0.50/$1.00 USD) - 2025/01/09 18:25:37 WET [2025/01/09 13:25:37 ET]
Table 'Interamnia III' 6-max Seat #4 is the button
Seat 1: chinokevin13 ($136.62 in chips) 
Seat 2: franbasualdo10 ($42.58 in chips) 
Seat 3: littleboy930 ($59.64 in chips) 
Seat 4: b2k-Snick ($104.38 in chips) 
Seat 5: PhoenixAssassin ($100 in chips) 
Seat 6: Debomeg ($109.89 in chips) 
PhoenixAssassin: posts small blind $0.50
Debomeg: posts big blind $1
*** HOLE CARDS ***
chinokevin13: folds 
franbasualdo10: folds 
littleboy930: folds 
b2k-Snick: folds 
PhoenixAssassin: folds 
Uncalled bet ($0.50) returned to Debomeg
Debomeg collected $1 from pot
Debomeg: doesn't show hand 
*** SUMMARY ***
Total pot $1 | Rake $0 
Seat 1: chinokevin13 folded before Flop (didn't bet)
Seat 2: franbasualdo10 folded before Flop (didn't bet)
Seat 3: littleboy930 folded before Flop (didn't bet)
Seat 4: b2k-Snick (button) folded before Flop (didn't bet)
Seat 5: PhoenixAssassin (small blind) folded before Flop
Seat 6: Debomeg (big blind) collected ($1)



PokerStars Hand #254281255919:  Hold'em No Limit ($0.50/$1.00 USD) - 2025/01/09 18:25:55 WET [2025/01/09 13:25:55 ET]
Table 'Interamnia III' 6-max Seat #5 is the button
Seat 1: chinokevin13 ($136.62 in chips) 
Seat 2: franbasualdo10 ($42.58 in chips) 
Seat 3: littleboy930 ($59.64 in chips) 
Seat 4: b2k-Snick ($104.38 in chips) 
Seat 5: PhoenixAssassin ($100 in chips) 
Seat 6: Debomeg ($110.39 in chips) 
Debomeg: posts small blind $0.50
chinokevin13: posts big blind $1
*** HOLE CARDS ***
franbasualdo10: folds 
littleboy930: raises $2 to $3
b2k-Snick: folds 
PhoenixAssassin: raises $5 to $8
Debomeg: folds 
chinokevin13: folds 
littleboy930: calls $5
*** FLOP *** [3h 8c 5s]
littleboy930: checks 
PhoenixAssassin: checks 
*** TURN *** [3h 8c 5s] [2d]
littleboy930: checks 
PhoenixAssassin: bets $10.97
littleboy930: calls $10.97
*** RIVER *** [3h 8c 5s 2d] [Ad]
littleboy930: checks 
PhoenixAssassin: bets $41
littleboy930: calls $40.67 and is all-in
Uncalled bet ($0.33) returned to PhoenixAssassin
*** SHOW DOWN ***
PhoenixAssassin: shows [Kc Qs] (high card Ace)
littleboy930: shows [As Js] (a pair of Aces)
littleboy930 collected $118.28 from pot
*** SUMMARY ***
Total pot $120.78 | Rake $2.50 
Board [3h 8c 5s 2d Ad]
Seat 1: chinokevin13 (big blind) folded before Flop
Seat 2: franbasualdo10 folded before Flop (didn't bet)
Seat 3: littleboy930 showed [As Js] and won ($118.28) with a pair of Aces
Seat 4: b2k-Snick folded before Flop (didn't bet)
Seat 5: PhoenixAssassin (button) showed [Kc Qs] and lost with high card Ace
Seat 6: Debomeg (small blind) folded before Flop



PokerStars Hand #254281276618:  Hold'em No Limit ($0.50/$1.00 USD) - 2025/01/09 18:27:03 WET [2025/01/09 13:27:03 ET]
Table 'Interamnia III' 6-max Seat #6 is the button
Seat 1: chinokevin13 ($135.62 in chips) 
Seat 2: franbasualdo10 ($42.58 in chips) 
Seat 3: littleboy930 ($118.28 in chips) 
Seat 4: b2k-Snick ($104.38 in chips) 
Seat 5: PhoenixAssassin ($100 in chips) 
Seat 6: Debomeg ($109.89 in chips) 
chinokevin13: posts small blind $0.50
franbasualdo10: posts big blind $1
*** HOLE CARDS ***
littleboy930: calls $1
b2k-Snick: folds 
PhoenixAssassin: folds 
Debomeg: folds 
chinokevin13: folds 
franbasualdo10: checks 
*** FLOP *** [8s 3s 5d]
franbasualdo10: checks 
littleboy930: checks 
*** TURN *** [8s 3s 5d] [Tc]
franbasualdo10: checks 
littleboy930: bets $3
franbasualdo10: folds 
Uncalled bet ($3) returned to littleboy930
littleboy930 collected $2.38 from pot
*** SUMMARY ***
Total pot $2.50 | Rake $0.12 
Board [8s 3s 5d Tc]
Seat 1: chinokevin13 (small blind) folded before Flop
Seat 2: franbasualdo10 (big blind) folded on the Turn
Seat 3: littleboy930 collected ($2.38)
Seat 4: b2k-Snick folded before Flop (didn't bet)
Seat 5: PhoenixAssassin folded before Flop (didn't bet)
Seat 6: Debomeg (button) folded before Flop (didn't bet)



PokerStars Hand #254281443741:  Hold'em No Limit ($0.50/$1.00 USD) - 2025/01/09 18:36:10 WET [2025/01/09 13:36:10 ET]
Table 'Interamnia III' 6-max Seat #6 is the button
Seat 1: chinokevin13 ($126.92 in chips) 
Seat 2: franbasualdo10 ($50.20 in chips) 
Seat 3: littleboy930 ($118.58 in chips) 
Seat 4: b2k-Snick ($100 in chips) 
Seat 5: PhoenixAssassin ($101.85 in chips) 
Seat 6: Debomeg ($123.57 in chips) 
chinokevin13: posts small blind $0.50
franbasualdo10: posts big blind $1
*** HOLE CARDS ***
littleboy930: folds 
b2k-Snick: folds 
PhoenixAssassin: raises $1.50 to $2.50
Debomeg: raises $6.25 to $8.75
chinokevin13: folds 
franbasualdo10: folds 
littleboy930 leaves the table
sta$igk joins the table at seat #3 
PhoenixAssassin: raises $11.25 to $20
Debomeg: calls $11.25
*** FLOP *** [7s 6h 8d]
PhoenixAssassin: checks 
Debomeg: bets $9.85
PhoenixAssassin: calls $9.85
*** TURN *** [7s 6h 8d] [8h]
PhoenixAssassin: checks 
Debomeg: checks 
*** RIVER *** [7s 6h 8d 8h] [5s]
PhoenixAssassin: checks 
Debomeg: checks 
*** SHOW DOWN ***
PhoenixAssassin: shows [Js Jd] (two pair, Jacks and Eights)
Debomeg: mucks hand 
PhoenixAssassin collected $58.70 from pot
*** SUMMARY ***
Total pot $61.20 | Rake $2.50 
Board [7s 6h 8d 8h 5s]
Seat 1: chinokevin13 (small blind) folded before Flop
Seat 2: franbasualdo10 (big blind) folded before Flop
Seat 3: littleboy930 folded before Flop (didn't bet)
Seat 4: b2k-Snick folded before Flop (didn't bet)
Seat 5: PhoenixAssassin showed [Js Jd] and won ($58.70) with two pair, Jacks and Eights
Seat 6: Debomeg (button) mucked



PokerStars Hand #254281475318:  Hold'em No Limit ($0.50/$1.00 USD) - 2025/01/09 18:37:53 WET [2025/01/09 13:37:53 ET]
Table 'Interamnia III' 6-max Seat #1 is the button
Seat 1: chinokevin13 ($126.42 in chips) 
Seat 2: franbasualdo10 ($49.20 in chips) 
Seat 3: sta$igk ($100 in chips) 
Seat 4: b2k-Snick ($100 in chips) 
Seat 5: PhoenixAssassin ($130.70 in chips) 
Seat 6: Debomeg ($100 in chips) 
franbasualdo10: posts small blind $0.50
sta$igk: posts big blind $1
*** HOLE CARDS ***
b2k-Snick: raises $1.10 to $2.10
PhoenixAssassin: folds 
Debomeg: folds 
chinokevin13: folds 
franbasualdo10: folds 
sta$igk: calls $1.10
*** FLOP *** [8s 9c 4c]
sta$igk: checks 
b2k-Snick: bets $3
sta$igk: calls $3
*** TURN *** [8s 9c 4c] [As]
sta$igk: checks 
b2k-Snick: bets $7.50
sta$igk: calls $7.50
*** RIVER *** [8s 9c 4c As] [6h]
sta$igk: checks 
b2k-Snick: bets $9
sta$igk: folds 
Uncalled bet ($9) returned to b2k-Snick
b2k-Snick collected $24.42 from pot
b2k-Snick: doesn't show hand 
*** SUMMARY ***
Total pot $25.70 | Rake $1.28 
Board [8s 9c 4c As 6h]
Seat 1: chinokevin13 (button) folded before Flop (didn't bet)
Seat 2: franbasualdo10 (small blind) folded before Flop
Seat 3: sta$igk (big blind) folded on the River
Seat 4: b2k-Snick collected ($24.42)
Seat 5: PhoenixAssassin folded before Flop (didn't bet)
Seat 6: Debomeg folded before Flop (didn't bet)



PokerStars Hand #254281504058:  Hold'em No Limit ($0.50/$1.00 USD) - 2025/01/09 18:39:25 WET [2025/01/09 13:39:25 ET]
Table 'Interamnia III' 6-max Seat #2 is the button
Seat 4: b2k-Snick ($111.82 in chips) is sitting out
Seat 1: chinokevin13 ($126.42 in chips) 
Seat 2: franbasualdo10 ($48.70 in chips) 
Seat 3: sta$igk ($100 in chips) 
Seat 5: PhoenixAssassin ($130.70 in chips) 
Seat 6: Debomeg ($100 in chips) 
sta$igk: posts small blind $0.50
b2k-Snick: is sitting out 
PhoenixAssassin: posts big blind $1
*** HOLE CARDS ***
b2k-Snick leaves the table
raiseinthedarkk joins the table at seat #4 
Debomeg has timed out
Debomeg: folds 
chinokevin13: folds 
franbasualdo10: folds 
sta$igk: raises $2 to $3
PhoenixAssassin: calls $2
*** FLOP *** [Qs 9d 7h]
sta$igk: checks 
PhoenixAssassin: bets $1.88
sta$igk: raises $4.73 to $6.61
PhoenixAssassin: calls $4.73
*** TURN *** [Qs 9d 7h] [As]
sta$igk: bets $18.26
PhoenixAssassin: folds 
Uncalled bet ($18.26) returned to sta$igk
sta$igk collected $18.26 from pot
sta$igk: doesn't show hand 
*** SUMMARY ***
Total pot $19.22 | Rake $0.96 
Board [Qs 9d 7h As]
Seat 4: b2k-Snick
Seat 1: chinokevin13 folded before Flop (didn't bet)
Seat 2: franbasualdo10 (button) folded before Flop (didn't bet)
Seat 3: sta$igk (small blind) collected ($18.26)
Seat 5: PhoenixAssassin (big blind) folded on the Turn
Seat 6: Debomeg folded before Flop (didn't bet)



PokerStars Hand #254281523479:  Hold'em No Limit ($0.50/$1.00 USD) - 2025/01/09 18:40:28 WET [2025/01/09 13:40:28 ET]
Table 'Interamnia III' 6-max Seat #3 is the button
Seat 4: raiseinthedarkk ($100 in chips) is sitting out
Seat 1: chinokevin13 ($126.42 in chips) 
Seat 2: franbasualdo10 ($48.70 in chips) 
Seat 3: sta$igk ($108.65 in chips) 
Seat 5: PhoenixAssassin ($121.09 in chips) 
Seat 6: Debomeg ($100 in chips) 
PhoenixAssassin: posts small blind $0.50
Debomeg: posts big blind $1
*** HOLE CARDS ***
chinokevin13: folds 
franbasualdo10: raises $1 to $2
sta$igk: folds 
PhoenixAssassin: folds 
Debomeg: folds 
Uncalled bet ($1) returned to franbasualdo10
franbasualdo10 collected $2.50 from pot
*** SUMMARY ***
Total pot $2.50 | Rake $0 
Seat 4: raiseinthedarkk
Seat 1: chinokevin13 folded before Flop (didn't bet)
Seat 2: franbasualdo10 collected ($2.50)
Seat 3: sta$igk (button) folded before Flop (didn't bet)
Seat 5: PhoenixAssassin (small blind) folded before Flop
Seat 6: Debomeg (big blind) folded before Flop



PokerStars Hand #254281527089:  Hold'em No Limit ($0.50/$1.00 USD) - 2025/01/09 18:40:39 WET [2025/01/09 13:40:39 ET]
Table 'Interamnia III' 6-max Seat #5 is the button
Seat 4: raiseinthedarkk ($100 in chips) is sitting out
Seat 1: chinokevin13 ($126.42 in chips) 
Seat 2: franbasualdo10 ($50.20 in chips) 
Seat 3: sta$igk ($108.65 in chips) 
Seat 5: PhoenixAssassin ($120.59 in chips) 
Seat 6: Debomeg ($99 in chips) 
Debomeg: posts small blind $0.50
chinokevin13: posts big blind $1
raiseinthedarkk: sits out 
*** HOLE CARDS ***
franbasualdo10: folds 
sta$igk: folds 
PhoenixAssassin: folds 
Debomeg: raises $2 to $3
chinokevin13: raises $6 to $9
Debomeg: calls $6
*** FLOP *** [9c 4s 2c]
Debomeg: checks 
chinokevin13: bets $8.55
Debomeg: calls $8.55
*** TURN *** [9c 4s 2c] [Qh]
Debomeg: checks 
chinokevin13: bets $24.98
Debomeg: folds 
Uncalled bet ($24.98) returned to chinokevin13
chinokevin13 collected $33.34 from pot
chinokevin13: doesn't show hand 
*** SUMMARY ***
Total pot $35.10 | Rake $1.76 
Board [9c 4s 2c Qh]
Seat 4: raiseinthedarkk
Seat 1: chinokevin13 (big blind) collected ($33.34)
Seat 2: franbasualdo10 folded before Flop (didn't bet)
Seat 3: sta$igk folded before Flop (didn't bet)
Seat 5: PhoenixAssassin (button) folded before Flop (didn't bet)
Seat 6: Debomeg (small blind) folded on the Turn



PokerStars Hand #254281549151:  Hold'em No Limit ($0.50/$1.00 USD) - 2025/01/09 18:41:50 WET [2025/01/09 13:41:50 ET]
Table 'Interamnia III' 6-max Seat #6 is the button
Seat 4: raiseinthedarkk ($100 in chips) is sitting out
Seat 1: chinokevin13 ($142.21 in chips) 
Seat 2: franbasualdo10 ($50.20 in chips) 
Seat 3: sta$igk ($108.65 in chips) 
Seat 5: PhoenixAssassin ($120.59 in chips) 
Seat 6: Debomeg ($100 in chips) 
chinokevin13: posts small blind $0.50
franbasualdo10: posts big blind $1
raiseinthedarkk: sits out 
*** HOLE CARDS ***
sta$igk: folds 
PhoenixAssassin: folds 
Debomeg: folds 
chinokevin13: folds 
Uncalled bet ($0.50) returned to franbasualdo10
franbasualdo10 collected $1 from pot
*** SUMMARY ***
Total pot $1 | Rake $0 
Seat 4: raiseinthedarkk
Seat 1: chinokevin13 (small blind) folded before Flop
Seat 2: franbasualdo10 (big blind) collected ($1)
Seat 3: sta$igk folded before Flop (didn't bet)
Seat 5: PhoenixAssassin folded before Flop (didn't bet)
Seat 6: Debomeg (button) folded before Flop (didn't bet)



PokerStars Hand #254281552359:  Hold'em No Limit ($0.50/$1.00 USD) - 2025/01/09 18:42:01 WET [2025/01/09 13:42:01 ET]
Table 'Interamnia III' 6-max Seat #1 is the button
Seat 4: raiseinthedarkk ($100 in chips) is sitting out
Seat 1: chinokevin13 ($141.71 in chips) 
Seat 2: franbasualdo10 ($50.70 in chips) 
Seat 3: sta$igk ($108.65 in chips) 
Seat 5: PhoenixAssassin ($120.59 in chips) 
Seat 6: Debomeg ($100 in chips) 
franbasualdo10: posts small blind $0.50
sta$igk: posts big blind $1
raiseinthedarkk: sits out 
*** HOLE CARDS ***
PhoenixAssassin: folds 
Debomeg: folds 
chinokevin13: raises $1.50 to $2.50
franbasualdo10: raises $3.50 to $6
sta$igk: folds 
chinokevin13: folds 
Uncalled bet ($3.50) returned to franbasualdo10
franbasualdo10 collected $6 from pot
*** SUMMARY ***
Total pot $6 | Rake $0 
Seat 4: raiseinthedarkk
Seat 1: chinokevin13 (button) folded before Flop
Seat 2: franbasualdo10 (small blind) collected ($6)
Seat 3: sta$igk (big blind) folded before Flop
Seat 5: PhoenixAssassin folded before Flop (didn't bet)
Seat 6: Debomeg folded before Flop (didn't bet)



PokerStars Hand #254281562303:  Hold'em No Limit ($0.50/$1.00 USD) - 2025/01/09 18:42:33 WET [2025/01/09 13:42:33 ET]
Table 'Interamnia III' 6-max Seat #2 is the button
Seat 1: chinokevin13 ($139.21 in chips) 
Seat 2: franbasualdo10 ($54.20 in chips) 
Seat 3: sta$igk ($107.65 in chips) 
Seat 4: raiseinthedarkk ($100 in chips) 
Seat 5: PhoenixAssassin ($120.59 in chips) 
Seat 6: Debomeg ($100 in chips) 
sta$igk: posts small blind $0.50
raiseinthedarkk: posts big blind $1
*** HOLE CARDS ***
PhoenixAssassin: folds 
Debomeg: raises $1 to $2
chinokevin13: folds 
franbasualdo10: folds 
sta$igk: folds 
raiseinthedarkk: calls $1
*** FLOP *** [Tc Qd 3s]
raiseinthedarkk: checks 
Debomeg: bets $1.07
raiseinthedarkk: raises $5.43 to $6.50
Debomeg: folds 
Uncalled bet ($5.43) returned to raiseinthedarkk
raiseinthedarkk collected $6.31 from pot
raiseinthedarkk: doesn't show hand 
*** SUMMARY ***
Total pot $6.64 | Rake $0.33 
Board [Tc Qd 3s]
Seat 1: chinokevin13 folded before Flop (didn't bet)
Seat 2: franbasualdo10 (button) folded before Flop (didn't bet)
Seat 3: sta$igk (small blind) folded before Flop
Seat 4: raiseinthedarkk (big blind) collected ($6.31)
Seat 5: PhoenixAssassin folded before Flop (didn't bet)
Seat 6: Debomeg folded on the Flop



PokerStars Hand #254281575099:  Hold'em No Limit ($0.50/$1.00 USD) - 2025/01/09 18:43:14 WET [2025/01/09 13:43:14 ET]
Table 'Interamnia III' 6-max Seat #3 is the button
Seat 5: PhoenixAssassin ($120.59 in chips) is sitting out
Seat 1: chinokevin13 ($139.21 in chips) 
Seat 2: franbasualdo10 ($54.20 in chips) 
Seat 3: sta$igk ($107.15 in chips) 
Seat 4: raiseinthedarkk ($103.24 in chips) 
Seat 6: Debomeg ($100 in chips) 
raiseinthedarkk: posts small blind $0.50
PhoenixAssassin: is sitting out 
Debomeg: posts big blind $1
*** HOLE CARDS ***
chinokevin13: folds 
franbasualdo10: folds 
sta$igk: raises $1.50 to $2.50
raiseinthedarkk: folds 
Debomeg: folds 
Uncalled bet ($1.50) returned to sta$igk
PhoenixAssassin leaves the table
sta$igk collected $2.50 from pot
sta$igk: doesn't show hand 
*** SUMMARY ***
Total pot $2.50 | Rake $0 
Seat 5: PhoenixAssassin
Seat 1: chinokevin13 folded before Flop (didn't bet)
Seat 2: franbasualdo10 folded before Flop (didn't bet)
Seat 3: sta$igk (button) collected ($2.50)
Seat 4: raiseinthedarkk (small blind) folded before Flop
Seat 6: Debomeg (big blind) folded before Flop



PokerStars Hand #254281578701:  Hold'em No Limit ($0.50/$1.00 USD) - 2025/01/09 18:43:25 WET [2025/01/09 13:43:25 ET]
Table 'Interamnia III' 6-max Seat #4 is the button
Seat 1: chinokevin13 ($139.21 in chips) 
Seat 2: franbasualdo10 ($54.20 in chips) 
Seat 3: sta$igk ($108.65 in chips) 
Seat 4: raiseinthedarkk ($102.74 in chips) 
Seat 6: Debomeg ($99 in chips) 
Debomeg: posts small blind $0.50
chinokevin13: posts big blind $1
*** HOLE CARDS ***
franbasualdo10: raises $1 to $2
sta$igk: folds 
raiseinthedarkk: folds 
Debomeg: folds 
chinokevin13: folds 
Uncalled bet ($1) returned to franbasualdo10
franbasualdo10 collected $2.50 from pot
*** SUMMARY ***
Total pot $2.50 | Rake $0 
Seat 1: chinokevin13 (big blind) folded before Flop
Seat 2: franbasualdo10 collected ($2.50)
Seat 3: sta$igk folded before Flop (didn't bet)
Seat 4: raiseinthedarkk (button) folded before Flop (didn't bet)
Seat 6: Debomeg (small blind) folded before Flop



PokerStars Hand #254281585264:  Hold'em No Limit ($0.50/$1.00 USD) - 2025/01/09 18:43:47 WET [2025/01/09 13:43:47 ET]
Table 'Interamnia III' 6-max Seat #6 is the button
Seat 1: chinokevin13 ($138.21 in chips) 
Seat 2: franbasualdo10 ($55.70 in chips) 
Seat 3: sta$igk ($108.65 in chips) 
Seat 4: raiseinthedarkk ($102.74 in chips) 
Seat 6: Debomeg ($100 in chips) 
chinokevin13: posts small blind $0.50
franbasualdo10: posts big blind $1
*** HOLE CARDS ***
sta$igk: folds 
raiseinthedarkk: folds 
Debomeg: folds 
chinokevin13: folds 
Uncalled bet ($0.50) returned to franbasualdo10
franbasualdo10 collected $1 from pot
sta$igk leaves the table
*** SUMMARY ***
Total pot $1 | Rake $0 
Seat 1: chinokevin13 (small blind) folded before Flop
Seat 2: franbasualdo10 (big blind) collected ($1)
Seat 3: sta$igk folded before Flop (didn't bet)
Seat 4: raiseinthedarkk folded before Flop (didn't bet)
Seat 6: Debomeg (button) folded before Flop (didn't bet)



PokerStars Hand #254281588309:  Hold'em No Limit ($0.50/$1.00 USD) - 2025/01/09 18:43:56 WET [2025/01/09 13:43:56 ET]
Table 'Interamnia III' 6-max Seat #1 is the button
Seat 1: chinokevin13 ($137.71 in chips) 
Seat 2: franbasualdo10 ($56.20 in chips) 
Seat 4: raiseinthedarkk ($102.74 in chips) 
Seat 6: Debomeg ($100 in chips) 
franbasualdo10: posts small blind $0.50
raiseinthedarkk: posts big blind $1
*** HOLE CARDS ***
xxxZeka joins the table at seat #5 
Debomeg: folds 
chinokevin13: folds 
franbasualdo10: raises $1 to $2
raiseinthedarkk: calls $1
*** FLOP *** [Ks As 6h]
franbasualdo10: checks 
raiseinthedarkk: checks 
*** TURN *** [Ks As 6h] [7d]
franbasualdo10: checks 
raiseinthedarkk: checks 
*** RIVER *** [Ks As 6h 7d] [8c]
franbasualdo10: checks 
BGS013 joins the table at seat #3 
raiseinthedarkk: bets $2.51
franbasualdo10: raises $6.51 to $9.02
chinokevin13 leaves the table
raiseinthedarkk: folds 
Uncalled bet ($6.51) returned to franbasualdo10
franbasualdo10 collected $8.57 from pot
*** SUMMARY ***
Total pot $9.02 | Rake $0.45 
Board [Ks As 6h 7d 8c]
Seat 1: chinokevin13 (button) folded before Flop (didn't bet)
Seat 2: franbasualdo10 (small blind) collected ($8.57)
Seat 4: raiseinthedarkk (big blind) folded on the River
Seat 6: Debomeg folded before Flop (didn't bet)



PokerStars Hand #254281605283:  Hold'em No Limit ($0.50/$1.00 USD) - 2025/01/09 18:44:51 WET [2025/01/09 13:44:51 ET]
Table 'Interamnia III' 6-max Seat #2 is the button
Seat 3: BGS013 ($100 in chips) is sitting out
Seat 2: franbasualdo10 ($60.26 in chips) 
Seat 4: raiseinthedarkk ($100 in chips) 
Seat 5: xxxZeka ($100 in chips) 
Seat 6: Debomeg ($100 in chips) 
raiseinthedarkk: posts small blind $0.50
xxxZeka: posts big blind $1
*** HOLE CARDS ***
Debomeg: folds 
franbasualdo10: folds 
raiseinthedarkk: folds 
Uncalled bet ($0.50) returned to xxxZeka
xxxZeka collected $1 from pot
xxxZeka: doesn't show hand 
*** SUMMARY ***
Total pot $1 | Rake $0 
Seat 3: BGS013
Seat 2: franbasualdo10 (button) folded before Flop (didn't bet)
Seat 4: raiseinthedarkk (small blind) folded before Flop
Seat 5: xxxZeka (big blind) collected ($1)
Seat 6: Debomeg folded before Flop (didn't bet)



PokerStars Hand #254281612331:  Hold'em No Limit ($0.50/$1.00 USD) - 2025/01/09 18:45:14 WET [2025/01/09 13:45:14 ET]
Table 'Interamnia III' 6-max Seat #4 is the button
Seat 3: BGS013 ($100 in chips) is sitting out
Seat 6: Debomeg ($100 in chips) is sitting out
Seat 2: franbasualdo10 ($60.26 in chips) 
Seat 4: raiseinthedarkk ($100 in chips) 
Seat 5: xxxZeka ($100.50 in chips) 
xxxZeka: posts small blind $0.50
Debomeg: is sitting out 
franbasualdo10: posts big blind $1
BGS013: sits out 
*** HOLE CARDS ***
raiseinthedarkk: folds 
xxxZeka: folds 
Uncalled bet ($0.50) returned to franbasualdo10
franbasualdo10 collected $1 from pot
*** SUMMARY ***
Total pot $1 | Rake $0 
Seat 3: BGS013
Seat 6: Debomeg
Seat 2: franbasualdo10 (big blind) collected ($1)
Seat 4: raiseinthedarkk (button) folded before Flop (didn't bet)
Seat 5: xxxZeka (small blind) folded before Flop



PokerStars Hand #254281617488:  Hold'em No Limit ($0.50/$1.00 USD) - 2025/01/09 18:45:31 WET [2025/01/09 13:45:31 ET]
Table 'Interamnia III' 6-max Seat #5 is the button
Seat 6: Debomeg ($100 in chips) is sitting out
Seat 2: franbasualdo10 ($60.76 in chips) 
Seat 3: BGS013 ($100 in chips) 
Seat 4: raiseinthedarkk ($100 in chips) 
Seat 5: xxxZeka ($100 in chips) 
franbasualdo10: posts small blind $0.50
BGS013: posts big blind $1
*** HOLE CARDS ***
raiseinthedarkk: raises $1.20 to $2.20
Debomeg leaves the table
xxxZeka: raises $5.30 to $7.50
franbasualdo10: folds 
BGS013: folds 
iNeverBluff398 joins the table at seat #6 
raiseinthedarkk: raises $15 to $22.50
xxxZeka: folds 
Uncalled bet ($15) returned to raiseinthedarkk
raiseinthedarkk collected $16.50 from pot
raiseinthedarkk: doesn't show hand 
*** SUMMARY ***
Total pot $16.50 | Rake $0 
Seat 6: Debomeg
Seat 2: franbasualdo10 (small blind) folded before Flop
Seat 3: BGS013 (big blind) folded before Flop
Seat 4: raiseinthedarkk collected ($16.50)
Seat 5: xxxZeka (button) folded before Flop



PokerStars Hand #254281627427:  Hold'em No Limit ($0.50/$1.00 USD) - 2025/01/09 18:46:03 WET [2025/01/09 13:46:03 ET]
Table 'Interamnia III' 6-max Seat #2 is the button
Seat 4: raiseinthedarkk ($109 in chips) is sitting out
Seat 6: iNeverBluff398 ($100 in chips) is sitting out
Seat 2: franbasualdo10 ($60.26 in chips) 
Seat 3: BGS013 ($100 in chips) 
Seat 5: xxxZeka ($100 in chips) 
BGS013: posts small blind $0.50
raiseinthedarkk: is sitting out 
xxxZeka: posts big blind $1
iNeverBluff398: sits out 
*** HOLE CARDS ***
app1e_j@ck joins the table at seat #1 
franbasualdo10: folds 
BGS013: raises $2 to $3
raiseinthedarkk leaves the table
xxxZeka: folds 
Uncalled bet ($2) returned to BGS013
BGS013 collected $2 from pot
BGS013: doesn't show hand 
*** SUMMARY ***
Total pot $2 | Rake $0 
Seat 4: raiseinthedarkk
Seat 6: iNeverBluff398
Seat 2: franbasualdo10 (button) folded before Flop (didn't bet)
Seat 3: BGS013 (small blind) collected ($2)
Seat 5: xxxZeka (big blind) folded before Flop



PokerStars Hand #254281634142:  Hold'em No Limit ($0.50/$1.00 USD) - 2025/01/09 18:46:24 WET [2025/01/09 13:46:24 ET]
Table 'Interamnia III' 6-max Seat #3 is the button
Seat 1: app1e_j@ck ($100 in chips) is sitting out
Seat 2: franbasualdo10 ($60.26 in chips) 
Seat 3: BGS013 ($101 in chips) 
Seat 5: xxxZeka ($100 in chips) 
Seat 6: iNeverBluff398 ($100 in chips) 
xxxZeka: posts small blind $0.50
iNeverBluff398: posts big blind $1
app1e_j@ck: sits out 
*** HOLE CARDS ***
franbasualdo10: folds 
BGS013: raises $1.50 to $2.50
Dantepoke226 joins the table at seat #4 
xxxZeka: folds 
iNeverBluff398: folds 
Uncalled bet ($1.50) returned to BGS013
BGS013 collected $2.50 from pot
BGS013: doesn't show hand 
*** SUMMARY ***
Total pot $2.50 | Rake $0 
Seat 1: app1e_j@ck
Seat 2: franbasualdo10 folded before Flop (didn't bet)
Seat 3: BGS013 (button) collected ($2.50)
Seat 5: xxxZeka (small blind) folded before Flop
Seat 6: iNeverBluff398 (big blind) folded before Flop



PokerStars Hand #254281639867:  Hold'em No Limit ($0.50/$1.00 USD) - 2025/01/09 18:46:43 WET [2025/01/09 13:46:43 ET]
Table 'Interamnia III' 6-max Seat #5 is the button
Seat 4: Dantepoke226 ($100 in chips) is sitting out
Seat 1: app1e_j@ck ($100 in chips) 
Seat 2: franbasualdo10 ($60.26 in chips) 
Seat 3: BGS013 ($102.50 in chips) 
Seat 5: xxxZeka ($100 in chips) 
Seat 6: iNeverBluff398 ($100 in chips) 
iNeverBluff398: posts small blind $0.50
app1e_j@ck: posts big blind $1
Dantepoke226: sits out 
*** HOLE CARDS ***
franbasualdo10: folds 
BGS013: folds 
xxxZeka: folds 
iNeverBluff398: folds 
Uncalled bet ($0.50) returned to app1e_j@ck
app1e_j@ck collected $1 from pot
app1e_j@ck: doesn't show hand 
*** SUMMARY ***
Total pot $1 | Rake $0 
Seat 4: Dantepoke226
Seat 1: app1e_j@ck (big blind) collected ($1)
Seat 2: franbasualdo10 folded before Flop (didn't bet)
Seat 3: BGS013 folded before Flop (didn't bet)
Seat 5: xxxZeka (button) folded before Flop (didn't bet)
Seat 6: iNeverBluff398 (small blind) folded before Flop



PokerStars Hand #254281642478:  Hold'em No Limit ($0.50/$1.00 USD) - 2025/01/09 18:46:51 WET [2025/01/09 13:46:51 ET]
Table 'Interamnia III' 6-max Seat #6 is the button
Seat 4: Dantepoke226 ($100 in chips) is sitting out
Seat 1: app1e_j@ck ($100.50 in chips) 
Seat 2: franbasualdo10 ($60.26 in chips) 
Seat 3: BGS013 ($102.50 in chips) 
Seat 5: xxxZeka ($100 in chips) 
Seat 6: iNeverBluff398 ($100 in chips) 
app1e_j@ck: posts small blind $0.50
franbasualdo10: posts big blind $1
Dantepoke226: sits out 
*** HOLE CARDS ***
BGS013: raises $1 to $2
xxxZeka: folds 
iNeverBluff398: folds 
app1e_j@ck: folds 
franbasualdo10: folds 
Uncalled bet ($1) returned to BGS013
BGS013 collected $2.50 from pot
BGS013: doesn't show hand 
*** SUMMARY ***
Total pot $2.50 | Rake $0 
Seat 4: Dantepoke226
Seat 1: app1e_j@ck (small blind) folded before Flop
Seat 2: franbasualdo10 (big blind) folded before Flop
Seat 3: BGS013 collected ($2.50)
Seat 5: xxxZeka folded before Flop (didn't bet)
Seat 6: iNeverBluff398 (button) folded before Flop (didn't bet)



PokerStars Hand #254281652159:  Hold'em No Limit ($0.50/$1.00 USD) - 2025/01/09 18:47:23 WET [2025/01/09 13:47:23 ET]
Table 'Interamnia III' 6-max Seat #1 is the button
Seat 4: Dantepoke226 ($100 in chips) is sitting out
Seat 1: app1e_j@ck ($100 in chips) 
Seat 2: franbasualdo10 ($59.26 in chips) 
Seat 3: BGS013 ($104 in chips) 
Seat 5: xxxZeka ($100 in chips) 
Seat 6: iNeverBluff398 ($100 in chips) 
franbasualdo10: posts small blind $0.50
BGS013: posts big blind $1
Dantepoke226: sits out 
*** HOLE CARDS ***
xxxZeka: raises $1.50 to $2.50
iNeverBluff398: folds 
app1e_j@ck: folds 
franbasualdo10: folds 
BGS013: calls $1.50
*** FLOP *** [5d 5c 4s]
BGS013: checks 
xxxZeka: bets $1.60
BGS013: calls $1.60
*** TURN *** [5d 5c 4s] [Tc]
BGS013: checks 
xxxZeka: checks 
*** RIVER *** [5d 5c 4s Tc] [3h]
BGS013: checks 
xxxZeka: checks 
*** SHOW DOWN ***
BGS013: shows [Ac 9c] (a pair of Fives)
xxxZeka: shows [Js Ah] (a pair of Fives - Ace+Jack kicker)
xxxZeka collected $8.26 from pot
*** SUMMARY ***
Total pot $8.70 | Rake $0.44 
Board [5d 5c 4s Tc 3h]
Seat 4: Dantepoke226
Seat 1: app1e_j@ck (button) folded before Flop (didn't bet)
Seat 2: franbasualdo10 (small blind) folded before Flop
Seat 3: BGS013 (big blind) showed [Ac 9c] and lost with a pair of Fives
Seat 5: xxxZeka showed [Js Ah] and won ($8.26) with a pair of Fives
Seat 6: iNeverBluff398 folded before Flop (didn't bet)



PokerStars Hand #254281665497:  Hold'em No Limit ($0.50/$1.00 USD) - 2025/01/09 18:48:06 WET [2025/01/09 13:48:06 ET]
Table 'Interamnia III' 6-max Seat #2 is the button
Seat 1: app1e_j@ck ($100 in chips) 
Seat 2: franbasualdo10 ($58.76 in chips) 
Seat 3: BGS013 ($100 in chips) 
Seat 4: Dantepoke226 ($100 in chips) 
Seat 5: xxxZeka ($104.16 in chips) 
Seat 6: iNeverBluff398 ($100 in chips) 
BGS013: posts small blind $0.50
Dantepoke226: posts big blind $1
*** HOLE CARDS ***
xxxZeka: folds 
iNeverBluff398: folds 
app1e_j@ck: folds 
franbasualdo10: folds 
BGS013: folds 
Uncalled bet ($0.50) returned to Dantepoke226
Dantepoke226 collected $1 from pot
Dantepoke226: doesn't show hand 
*** SUMMARY ***
Total pot $1 | Rake $0 
Seat 1: app1e_j@ck folded before Flop (didn't bet)
Seat 2: franbasualdo10 (button) folded before Flop (didn't bet)
Seat 3: BGS013 (small blind) folded before Flop
Seat 4: Dantepoke226 (big blind) collected ($1)
Seat 5: xxxZeka folded before Flop (didn't bet)
Seat 6: iNeverBluff398 folded before Flop (didn't bet)



PokerStars Hand #254281669559:  Hold'em No Limit ($0.50/$1.00 USD) - 2025/01/09 18:48:19 WET [2025/01/09 13:48:19 ET]
Table 'Interamnia III' 6-max Seat #3 is the button
Seat 1: app1e_j@ck ($100 in chips) 
Seat 2: franbasualdo10 ($58.76 in chips) 
Seat 3: BGS013 ($100 in chips) 
Seat 4: Dantepoke226 ($100.50 in chips) 
Seat 5: xxxZeka ($104.16 in chips) 
Seat 6: iNeverBluff398 ($100 in chips) 
Dantepoke226: posts small blind $0.50
xxxZeka: posts big blind $1
*** HOLE CARDS ***
iNeverBluff398: raises $1.20 to $2.20
app1e_j@ck: calls $2.20
franbasualdo10: folds 
BGS013: folds 
Dantepoke226: folds 
xxxZeka: folds 
*** FLOP *** [7s 6h 6s]
iNeverBluff398: checks 
app1e_j@ck: bets $1.85
iNeverBluff398: calls $1.85
*** TURN *** [7s 6h 6s] [Qs]
iNeverBluff398: checks 
app1e_j@ck: checks 
*** RIVER *** [7s 6h 6s Qs] [9d]
iNeverBluff398: checks 
app1e_j@ck: checks 
*** SHOW DOWN ***
iNeverBluff398: shows [3s 3d] (two pair, Sixes and Threes)
app1e_j@ck: shows [4h 4c] (two pair, Sixes and Fours)
app1e_j@ck collected $9.12 from pot
*** SUMMARY ***
Total pot $9.60 | Rake $0.48 
Board [7s 6h 6s Qs 9d]
Seat 1: app1e_j@ck showed [4h 4c] and won ($9.12) with two pair, Sixes and Fours
Seat 2: franbasualdo10 folded before Flop (didn't bet)
Seat 3: BGS013 (button) folded before Flop (didn't bet)
Seat 4: Dantepoke226 (small blind) folded before Flop
Seat 5: xxxZeka (big blind) folded before Flop
Seat 6: iNeverBluff398 showed [3s 3d] and lost with two pair, Sixes and Threes



PokerStars Hand #254281679275:  Hold'em No Limit ($0.50/$1.00 USD) - 2025/01/09 18:48:51 WET [2025/01/09 13:48:51 ET]
Table 'Interamnia III' 6-max Seat #4 is the button
Seat 1: app1e_j@ck ($105.07 in chips) 
Seat 2: franbasualdo10 ($58.76 in chips) 
Seat 3: BGS013 ($100 in chips) 
Seat 4: Dantepoke226 ($100 in chips) 
Seat 5: xxxZeka ($103.16 in chips) 
Seat 6: iNeverBluff398 ($100 in chips) 
xxxZeka: posts small blind $0.50
iNeverBluff398: posts big blind $1
*** HOLE CARDS ***
app1e_j@ck: folds 
franbasualdo10: folds 
BGS013: folds 
Dantepoke226: folds 
xxxZeka: folds 
Uncalled bet ($0.50) returned to iNeverBluff398
iNeverBluff398 collected $1 from pot
iNeverBluff398: doesn't show hand 
*** SUMMARY ***
Total pot $1 | Rake $0 
Seat 1: app1e_j@ck folded before Flop (didn't bet)
Seat 2: franbasualdo10 folded before Flop (didn't bet)
Seat 3: BGS013 folded before Flop (didn't bet)
Seat 4: Dantepoke226 (button) folded before Flop (didn't bet)
Seat 5: xxxZeka (small blind) folded before Flop
Seat 6: iNeverBluff398 (big blind) collected ($1)



PokerStars Hand #254281689732:  Hold'em No Limit ($0.50/$1.00 USD) - 2025/01/09 18:49:25 WET [2025/01/09 13:49:25 ET]
Table 'Interamnia III' 6-max Seat #5 is the button
Seat 1: app1e_j@ck ($105.07 in chips) is sitting out
Seat 2: franbasualdo10 ($58.76 in chips) 
Seat 3: BGS013 ($100 in chips) 
Seat 4: Dantepoke226 ($100 in chips) 
Seat 5: xxxZeka ($102.66 in chips) 
Seat 6: iNeverBluff398 ($100.50 in chips) 
iNeverBluff398: posts small blind $0.50
app1e_j@ck: is sitting out 
franbasualdo10: posts big blind $1
*** HOLE CARDS ***
BGS013: folds 
Dantepoke226: folds 
xxxZeka: raises $1.50 to $2.50
iNeverBluff398: folds 
franbasualdo10: folds 
Uncalled bet ($1.50) returned to xxxZeka
xxxZeka collected $2.50 from pot
xxxZeka: doesn't show hand 
*** SUMMARY ***
Total pot $2.50 | Rake $0 
Seat 1: app1e_j@ck
Seat 2: franbasualdo10 (big blind) folded before Flop
Seat 3: BGS013 folded before Flop (didn't bet)
Seat 4: Dantepoke226 folded before Flop (didn't bet)
Seat 5: xxxZeka (button) collected ($2.50)
Seat 6: iNeverBluff398 (small blind) folded before Flop



PokerStars Hand #254281699958:  Hold'em No Limit ($0.50/$1.00 USD) - 2025/01/09 18:49:58 WET [2025/01/09 13:49:58 ET]
Table 'Interamnia III' 6-max Seat #6 is the button
Seat 1: app1e_j@ck ($105.07 in chips) is sitting out
Seat 2: franbasualdo10 ($57.76 in chips) 
Seat 3: BGS013 ($100 in chips) 
Seat 4: Dantepoke226 ($100 in chips) 
Seat 5: xxxZeka ($104.16 in chips) 
Seat 6: iNeverBluff398 ($100 in chips) 
franbasualdo10: posts small blind $0.50
BGS013: posts big blind $1
*** HOLE CARDS ***
Dantepoke226: raises $1.50 to $2.50
xxxZeka: folds 
iNeverBluff398: folds 
franbasualdo10: folds 
BGS013: folds 
Uncalled bet ($1.50) returned to Dantepoke226
Dantepoke226 collected $2.50 from pot
Dantepoke226: doesn't show hand 
*** SUMMARY ***
Total pot $2.50 | Rake $0 
Seat 1: app1e_j@ck
Seat 2: franbasualdo10 (small blind) folded before Flop
Seat 3: BGS013 (big blind) folded before Flop
Seat 4: Dantepoke226 collected ($2.50)
Seat 5: xxxZeka folded before Flop (didn't bet)
Seat 6: iNeverBluff398 (button) folded before Flop (didn't bet)



PokerStars Hand #254281710558:  Hold'em No Limit ($0.50/$1.00 USD) - 2025/01/09 18:50:33 WET [2025/01/09 13:50:33 ET]
Table 'Interamnia III' 6-max Seat #2 is the button
Seat 1: app1e_j@ck ($105.07 in chips) is sitting out
Seat 2: franbasualdo10 ($57.26 in chips) 
Seat 3: BGS013 ($100 in chips) 
Seat 4: Dantepoke226 ($101.50 in chips) 
Seat 5: xxxZeka ($104.16 in chips) 
Seat 6: iNeverBluff398 ($100 in chips) 
BGS013: posts small blind $0.50
Dantepoke226: posts big blind $1
*** HOLE CARDS ***
xxxZeka: folds 
iNeverBluff398: folds 
app1e_j@ck leaves the table
franbasualdo10: folds 
BGS013: folds 
Uncalled bet ($0.50) returned to Dantepoke226
Dantepoke226 collected $1 from pot
Dantepoke226: doesn't show hand 
*** SUMMARY ***
Total pot $1 | Rake $0 
Seat 1: app1e_j@ck
Seat 2: franbasualdo10 (button) folded before Flop (didn't bet)
Seat 3: BGS013 (small blind) folded before Flop
Seat 4: Dantepoke226 (big blind) collected ($1)
Seat 5: xxxZeka folded before Flop (didn't bet)
Seat 6: iNeverBluff398 folded before Flop (didn't bet)



PokerStars Hand #254281720472:  Hold'em No Limit ($0.50/$1.00 USD) - 2025/01/09 18:51:05 WET [2025/01/09 13:51:05 ET]
Table 'Interamnia III' 6-max Seat #3 is the button
Seat 5: xxxZeka ($104.16 in chips) is sitting out
Seat 2: franbasualdo10 ($57.26 in chips) 
Seat 3: BGS013 ($100 in chips) 
Seat 4: Dantepoke226 ($102 in chips) 
Seat 6: iNeverBluff398 ($100 in chips) 
Dantepoke226: posts small blind $0.50
xxxZeka: is sitting out 
iNeverBluff398: posts big blind $1
*** HOLE CARDS ***
franbasualdo10: folds 
BGS013: raises $1.50 to $2.50
Lucastitos joins the table at seat #1 
Dantepoke226: folds 
xxxZeka leaves the table
iNeverBluff398: raises $8.50 to $11
BGS013: raises $11.50 to $22.50
iNeverBluff398: calls $11.50
*** FLOP *** [5h 3s 8s]
iNeverBluff398: checks 
BGS013: bets $11.07
iNeverBluff398: raises $66.43 to $77.50 and is all-in
BGS013: folds 
Uncalled bet ($66.43) returned to iNeverBluff398
iNeverBluff398 collected $66.64 from pot
iNeverBluff398: doesn't show hand 
*** SUMMARY ***
Total pot $67.64 | Rake $1 
Board [5h 3s 8s]
Seat 5: xxxZeka
Seat 2: franbasualdo10 folded before Flop (didn't bet)
Seat 3: BGS013 (button) folded on the Flop
Seat 4: Dantepoke226 (small blind) folded before Flop
Seat 6: iNeverBluff398 (big blind) collected ($66.64)



PokerStars Hand #254281737995:  Hold'em No Limit ($0.50/$1.00 USD) - 2025/01/09 18:52:03 WET [2025/01/09 13:52:03 ET]
Table 'Interamnia III' 6-max Seat #4 is the button
Seat 1: Lucastitos ($100 in chips) 
Seat 2: franbasualdo10 ($57.26 in chips) 
Seat 3: BGS013 ($100 in chips) 
Seat 4: Dantepoke226 ($101.50 in chips) 
Seat 6: iNeverBluff398 ($133.07 in chips) 
iNeverBluff398: posts small blind $0.50
Lucastitos: posts big blind $1
*** HOLE CARDS ***
franbasualdo10 has timed out
franbasualdo10: folds 
BGS013: folds 
Dantepoke226: raises $1.50 to $2.50
iNeverBluff398: folds 
Lucastitos: folds 
Uncalled bet ($1.50) returned to Dantepoke226
Dantepoke226 collected $2.50 from pot
Dantepoke226: doesn't show hand 
*** SUMMARY ***
Total pot $2.50 | Rake $0 
Seat 1: Lucastitos (big blind) folded before Flop
Seat 2: franbasualdo10 folded before Flop (didn't bet)
Seat 3: BGS013 folded before Flop (didn't bet)
Seat 4: Dantepoke226 (button) collected ($2.50)
Seat 6: iNeverBluff398 (small blind) folded before Flop



PokerStars Hand #254281749115:  Hold'em No Limit ($0.50/$1.00 USD) - 2025/01/09 18:52:40 WET [2025/01/09 13:52:40 ET]
Table 'Interamnia III' 6-max Seat #6 is the button
Seat 1: Lucastitos ($100 in chips) 
Seat 2: franbasualdo10 ($57.26 in chips) 
Seat 3: BGS013 ($100 in chips) 
Seat 4: Dantepoke226 ($103 in chips) 
Seat 6: iNeverBluff398 ($132.57 in chips) 
Lucastitos: posts small blind $0.50
franbasualdo10: posts big blind $1
*** HOLE CARDS ***
BGS013: folds 
Dantepoke226: folds 
iNeverBluff398: folds 
Lucastitos: raises $1.90 to $2.90
franbasualdo10: folds 
Uncalled bet ($1.90) returned to Lucastitos
Lucastitos collected $2 from pot
Lucastitos: doesn't show hand 
*** SUMMARY ***
Total pot $2 | Rake $0 
Seat 1: Lucastitos (small blind) collected ($2)
Seat 2: franbasualdo10 (big blind) folded before Flop
Seat 3: BGS013 folded before Flop (didn't bet)
Seat 4: Dantepoke226 folded before Flop (didn't bet)
Seat 6: iNeverBluff398 (button) folded before Flop (didn't bet)



PokerStars Hand #254281757002:  Hold'em No Limit ($0.50/$1.00 USD) - 2025/01/09 18:53:05 WET [2025/01/09 13:53:05 ET]
Table 'Interamnia III' 6-max Seat #1 is the button
Seat 1: Lucastitos ($101 in chips) 
Seat 2: franbasualdo10 ($56.26 in chips) 
Seat 3: BGS013 ($100 in chips) 
Seat 4: Dantepoke226 ($103 in chips) 
Seat 6: iNeverBluff398 ($132.57 in chips) 
franbasualdo10: posts small blind $0.50
BGS013: posts big blind $1
*** HOLE CARDS ***
Dantepoke226: raises $1.50 to $2.50
iNeverBluff398: folds 
Lucastitos: raises $4.50 to $7
franbasualdo10: folds 
BGS013: folds 
Dantepoke226: folds 
Uncalled bet ($4.50) returned to Lucastitos
Lucastitos collected $6.50 from pot
Lucastitos: doesn't show hand 
*** SUMMARY ***
Total pot $6.50 | Rake $0 
Seat 1: Lucastitos (button) collected ($6.50)
Seat 2: franbasualdo10 (small blind) folded before Flop
Seat 3: BGS013 (big blind) folded before Flop
Seat 4: Dantepoke226 folded before Flop
Seat 6: iNeverBluff398 folded before Flop (didn't bet)



PokerStars Hand #254281768483:  Hold'em No Limit ($0.50/$1.00 USD) - 2025/01/09 18:53:43 WET [2025/01/09 13:53:43 ET]
Table 'Interamnia III' 6-max Seat #2 is the button
Seat 4: Dantepoke226 ($100.50 in chips) is sitting out
Seat 1: Lucastitos ($105 in chips) 
Seat 2: franbasualdo10 ($55.76 in chips) 
Seat 3: BGS013 ($100 in chips) 
Seat 6: iNeverBluff398 ($132.57 in chips) 
BGS013: posts small blind $0.50
Dantepoke226: is sitting out 
iNeverBluff398: posts big blind $1
*** HOLE CARDS ***
Dantepoke226 leaves the table
Lucastitos: raises $1.30 to $2.30
franbasualdo10: calls $2.30
BGS013: folds 
iNeverBluff398: calls $1.30
*** FLOP *** [Qd 3h 6s]
iNeverBluff398: checks 
Lucastitos: checks 
franbasualdo10: checks 
*** TURN *** [Qd 3h 6s] [8s]
iNeverBluff398: bets $2.32
Lucastitos: folds 
franbasualdo10: calls $2.32
*** RIVER *** [Qd 3h 6s 8s] [9d]
iNeverBluff398: bets $7.55
franbasualdo10: calls $7.55
*** SHOW DOWN ***
iNeverBluff398: shows [7h Qh] (a pair of Queens)
franbasualdo10: mucks hand 
iNeverBluff398 collected $26.14 from pot
*** SUMMARY ***
Total pot $27.14 | Rake $1 
Board [Qd 3h 6s 8s 9d]
Seat 4: Dantepoke226
Seat 1: Lucastitos folded on the Turn
Seat 2: franbasualdo10 (button) mucked
Seat 3: BGS013 (small blind) folded before Flop
Seat 6: iNeverBluff398 (big blind) showed [7h Qh] and won ($26.14) with a pair of Queens



PokerStars Hand #254281785831:  Hold'em No Limit ($0.50/$1.00 USD) - 2025/01/09 18:54:40 WET [2025/01/09 13:54:40 ET]
Table 'Interamnia III' 6-max Seat #3 is the button
Seat 1: Lucastitos ($102.70 in chips) 
Seat 2: franbasualdo10 ($43.59 in chips) 
Seat 3: BGS013 ($100 in chips) 
Seat 6: iNeverBluff398 ($146.54 in chips) 
iNeverBluff398: posts small blind $0.50
Lucastitos: posts big blind $1
*** HOLE CARDS ***
ImaPeppaPig joins the table at seat #5 
1.0OO.0OO$ joins the table at seat #4 
franbasualdo10: folds 
BGS013: folds 
iNeverBluff398: folds 
Uncalled bet ($0.50) returned to Lucastitos
Lucastitos collected $1 from pot
Lucastitos: doesn't show hand 
*** SUMMARY ***
Total pot $1 | Rake $0 
Seat 1: Lucastitos (big blind) collected ($1)
Seat 2: franbasualdo10 folded before Flop (didn't bet)
Seat 3: BGS013 (button) folded before Flop (didn't bet)
Seat 6: iNeverBluff398 (small blind) folded before Flop



PokerStars Hand #254281789014:  Hold'em No Limit ($0.50/$1.00 USD) - 2025/01/09 18:54:50 WET [2025/01/09 13:54:50 ET]
Table 'Interamnia III' 6-max Seat #6 is the button
Seat 4: 1.0OO.0OO$ ($100 in chips) is sitting out
Seat 5: ImaPeppaPig ($100 in chips) is sitting out
Seat 1: Lucastitos ($103.20 in chips) 
Seat 2: franbasualdo10 ($43.59 in chips) 
Seat 3: BGS013 ($100 in chips) 
Seat 6: iNeverBluff398 ($146.04 in chips) 
Lucastitos: posts small blind $0.50
franbasualdo10: posts big blind $1
1.0OO.0OO$: sits out 
ImaPeppaPig: sits out 
*** HOLE CARDS ***
BGS013: folds 
iNeverBluff398: folds 
Lucastitos: raises $1.90 to $2.90
1.0OO.0OO$ leaves the table
franbasualdo10: folds 
Uncalled bet ($1.90) returned to Lucastitos
Lucastitos collected $2 from pot
Lucastitos: doesn't show hand 
*** SUMMARY ***
Total pot $2 | Rake $0 
Seat 4: 1.0OO.0OO$
Seat 5: ImaPeppaPig
Seat 1: Lucastitos (small blind) collected ($2)
Seat 2: franbasualdo10 (big blind) folded before Flop
Seat 3: BGS013 folded before Flop (didn't bet)
Seat 6: iNeverBluff398 (button) folded before Flop (didn't bet)



PokerStars Hand #254281794954:  Hold'em No Limit ($0.50/$1.00 USD) - 2025/01/09 18:55:12 WET [2025/01/09 13:55:12 ET]
Table 'Interamnia III' 6-max Seat #1 is the button
Seat 5: ImaPeppaPig ($100 in chips) is sitting out
Seat 1: Lucastitos ($104.20 in chips) 
Seat 2: franbasualdo10 ($42.59 in chips) 
Seat 3: BGS013 ($100 in chips) 
Seat 6: iNeverBluff398 ($146.04 in chips) 
franbasualdo10: posts small blind $0.50
BGS013: posts big blind $1
ImaPeppaPig: sits out 
*** HOLE CARDS ***
iNeverBluff398: folds 
Lucastitos: raises $1.40 to $2.40
franbasualdo10: folds 
BGS013: folds 
Uncalled bet ($1.40) returned to Lucastitos
Lucastitos collected $2.50 from pot
Lucastitos: doesn't show hand 
*** SUMMARY ***
Total pot $2.50 | Rake $0 
Seat 5: ImaPeppaPig
Seat 1: Lucastitos (button) collected ($2.50)
Seat 2: franbasualdo10 (small blind) folded before Flop
Seat 3: BGS013 (big blind) folded before Flop
Seat 6: iNeverBluff398 folded before Flop (didn't bet)



PokerStars Hand #254281797468:  Hold'em No Limit ($0.50/$1.00 USD) - 2025/01/09 18:55:24 WET [2025/01/09 13:55:24 ET]
Table 'Interamnia III' 6-max Seat #2 is the button
Seat 1: Lucastitos ($105.70 in chips) 
Seat 2: franbasualdo10 ($42.09 in chips) 
Seat 3: BGS013 ($100 in chips) 
Seat 5: ImaPeppaPig ($100 in chips) 
Seat 6: iNeverBluff398 ($146.04 in chips) 
BGS013: posts small blind $0.50
ImaPeppaPig: posts big blind $1
*** HOLE CARDS ***
iNeverBluff398: folds 
Lucastitos: folds 
franbasualdo10: raises $3 to $4
BGS013: folds 
ImaPeppaPig: folds 
Uncalled bet ($3) returned to franbasualdo10
franbasualdo10 collected $2.50 from pot
*** SUMMARY ***
Total pot $2.50 | Rake $0 
Seat 1: Lucastitos folded before Flop (didn't bet)
Seat 2: franbasualdo10 (button) collected ($2.50)
Seat 3: BGS013 (small blind) folded before Flop
Seat 5: ImaPeppaPig (big blind) folded before Flop
Seat 6: iNeverBluff398 folded before Flop (didn't bet)



PokerStars Hand #254281800243:  Hold'em No Limit ($0.50/$1.00 USD) - 2025/01/09 18:55:37 WET [2025/01/09 13:55:37 ET]
Table 'Interamnia III' 6-max Seat #3 is the button
Seat 1: Lucastitos ($105.70 in chips) 
Seat 2: franbasualdo10 ($43.59 in chips) 
Seat 3: BGS013 ($100 in chips) 
Seat 5: ImaPeppaPig ($100 in chips) 
Seat 6: iNeverBluff398 ($146.04 in chips) 
ImaPeppaPig: posts small blind $0.50
iNeverBluff398: posts big blind $1
*** HOLE CARDS ***
Lucastitos: folds 
franbasualdo10: folds 
BGS013: raises $1.50 to $2.50
ImaPeppaPig: folds 
iNeverBluff398: folds 
Uncalled bet ($1.50) returned to BGS013
BGS013 collected $2.50 from pot
BGS013: doesn't show hand 
*** SUMMARY ***
Total pot $2.50 | Rake $0 
Seat 1: Lucastitos folded before Flop (didn't bet)
Seat 2: franbasualdo10 folded before Flop (didn't bet)
Seat 3: BGS013 (button) collected ($2.50)
Seat 5: ImaPeppaPig (small blind) folded before Flop
Seat 6: iNeverBluff398 (big blind) folded before Flop



PokerStars Hand #254281803311:  Hold'em No Limit ($0.50/$1.00 USD) - 2025/01/09 18:55:52 WET [2025/01/09 13:55:52 ET]
Table 'Interamnia III' 6-max Seat #5 is the button
Seat 1: Lucastitos ($105.70 in chips) 
Seat 2: franbasualdo10 ($43.59 in chips) 
Seat 3: BGS013 ($101.50 in chips) 
Seat 5: ImaPeppaPig ($100 in chips) 
Seat 6: iNeverBluff398 ($145.04 in chips) 
iNeverBluff398: posts small blind $0.50
Lucastitos: posts big blind $1
*** HOLE CARDS ***
franbasualdo10: folds 
BGS013: folds 
ImaPeppaPig: folds 
iNeverBluff398: raises $2 to $3
Lucastitos: folds 
Uncalled bet ($2) returned to iNeverBluff398
iNeverBluff398 collected $2 from pot
iNeverBluff398: doesn't show hand 
*** SUMMARY ***
Total pot $2 | Rake $0 
Seat 1: Lucastitos (big blind) folded before Flop
Seat 2: franbasualdo10 folded before Flop (didn't bet)
Seat 3: BGS013 folded before Flop (didn't bet)
Seat 5: ImaPeppaPig (button) folded before Flop (didn't bet)
Seat 6: iNeverBluff398 (small blind) collected ($2)



PokerStars Hand #254281806613:  Hold'em No Limit ($0.50/$1.00 USD) - 2025/01/09 18:56:07 WET [2025/01/09 13:56:07 ET]
Table 'Interamnia III' 6-max Seat #6 is the button
Seat 1: Lucastitos ($104.70 in chips) 
Seat 2: franbasualdo10 ($43.59 in chips) 
Seat 3: BGS013 ($101.50 in chips) 
Seat 5: ImaPeppaPig ($100 in chips) 
Seat 6: iNeverBluff398 ($146.04 in chips) 
Lucastitos: posts small blind $0.50
franbasualdo10: posts big blind $1
*** HOLE CARDS ***
BGS013: folds 
ImaPeppaPig: folds 
iNeverBluff398: raises $1.20 to $2.20
Lucastitos: folds 
franbasualdo10: calls $1.20
*** FLOP *** [2c Kh 3s]
franbasualdo10: checks 
iNeverBluff398: bets $3.08
franbasualdo10: calls $3.08
*** TURN *** [2c Kh 3s] [2h]
franbasualdo10: checks 
iNeverBluff398: checks 
*** RIVER *** [2c Kh 3s 2h] [5h]
franbasualdo10: bets $4
iNeverBluff398: folds 
Uncalled bet ($4) returned to franbasualdo10
franbasualdo10 collected $10.51 from pot
*** SUMMARY ***
Total pot $11.06 | Rake $0.55 
Board [2c Kh 3s 2h 5h]
Seat 1: Lucastitos (small blind) folded before Flop
Seat 2: franbasualdo10 (big blind) collected ($10.51)
Seat 3: BGS013 folded before Flop (didn't bet)
Seat 5: ImaPeppaPig folded before Flop (didn't bet)
Seat 6: iNeverBluff398 (button) folded on the River



PokerStars Hand #254281812664:  Hold'em No Limit ($0.50/$1.00 USD) - 2025/01/09 18:56:36 WET [2025/01/09 13:56:36 ET]
Table 'Interamnia III' 6-max Seat #1 is the button
Seat 1: Lucastitos ($104.20 in chips) 
Seat 2: franbasualdo10 ($48.82 in chips) 
Seat 3: BGS013 ($101.50 in chips) 
Seat 5: ImaPeppaPig ($100 in chips) 
Seat 6: iNeverBluff398 ($140.76 in chips) 
franbasualdo10: posts small blind $0.50
BGS013: posts big blind $1
*** HOLE CARDS ***
ImaPeppaPig: folds 
iNeverBluff398: folds 
Lucastitos: folds 
franbasualdo10: folds 
Uncalled bet ($0.50) returned to BGS013
BGS013 collected $1 from pot
BGS013: doesn't show hand 
*** SUMMARY ***
Total pot $1 | Rake $0 
Seat 1: Lucastitos (button) folded before Flop (didn't bet)
Seat 2: franbasualdo10 (small blind) folded before Flop
Seat 3: BGS013 (big blind) collected ($1)
Seat 5: ImaPeppaPig folded before Flop (didn't bet)
Seat 6: iNeverBluff398 folded before Flop (didn't bet)



PokerStars Hand #254281815472:  Hold'em No Limit ($0.50/$1.00 USD) - 2025/01/09 18:56:49 WET [2025/01/09 13:56:49 ET]
Table 'Interamnia III' 6-max Seat #2 is the button
Seat 1: Lucastitos ($104.20 in chips) 
Seat 2: franbasualdo10 ($48.32 in chips) 
Seat 3: BGS013 ($102 in chips) 
Seat 5: ImaPeppaPig ($100 in chips) 
Seat 6: iNeverBluff398 ($140.76 in chips) 
BGS013: posts small blind $0.50
ImaPeppaPig: posts big blind $1
*** HOLE CARDS ***
iNeverBluff398: folds 
Lucastitos: folds 
franbasualdo10: folds 
BGS013: folds 
Uncalled bet ($0.50) returned to ImaPeppaPig
ImaPeppaPig collected $1 from pot
ImaPeppaPig: doesn't show hand 
*** SUMMARY ***
Total pot $1 | Rake $0 
Seat 1: Lucastitos folded before Flop (didn't bet)
Seat 2: franbasualdo10 (button) folded before Flop (didn't bet)
Seat 3: BGS013 (small blind) folded before Flop
Seat 5: ImaPeppaPig (big blind) collected ($1)
Seat 6: iNeverBluff398 folded before Flop (didn't bet)



PokerStars Hand #254281820228:  Hold'em No Limit ($0.50/$1.00 USD) - 2025/01/09 18:57:12 WET [2025/01/09 13:57:12 ET]
Table 'Interamnia III' 6-max Seat #3 is the button
Seat 1: Lucastitos ($104.20 in chips) 
Seat 2: franbasualdo10 ($48.32 in chips) 
Seat 3: BGS013 ($101.50 in chips) 
Seat 5: ImaPeppaPig ($100.50 in chips) 
Seat 6: iNeverBluff398 ($140.76 in chips) 
ImaPeppaPig: posts small blind $0.50
iNeverBluff398: posts big blind $1
*** HOLE CARDS ***
Lucastitos: folds 
franbasualdo10: folds 
BGS013: folds 
ImaPeppaPig: folds 
Uncalled bet ($0.50) returned to iNeverBluff398
iNeverBluff398 collected $1 from pot
iNeverBluff398: doesn't show hand 
*** SUMMARY ***
Total pot $1 | Rake $0 
Seat 1: Lucastitos folded before Flop (didn't bet)
Seat 2: franbasualdo10 folded before Flop (didn't bet)
Seat 3: BGS013 (button) folded before Flop (didn't bet)
Seat 5: ImaPeppaPig (small blind) folded before Flop
Seat 6: iNeverBluff398 (big blind) collected ($1)



PokerStars Hand #254281824193:  Hold'em No Limit ($0.50/$1.00 USD) - 2025/01/09 18:57:30 WET [2025/01/09 13:57:30 ET]
Table 'Interamnia III' 6-max Seat #5 is the button
Seat 1: Lucastitos ($104.20 in chips) 
Seat 2: franbasualdo10 ($48.32 in chips) 
Seat 3: BGS013 ($101.50 in chips) 
Seat 5: ImaPeppaPig ($100 in chips) 
Seat 6: iNeverBluff398 ($141.26 in chips) 
iNeverBluff398: posts small blind $0.50
Lucastitos: posts big blind $1
*** HOLE CARDS ***
franbasualdo10: folds 
BGS013: folds 
ImaPeppaPig: folds 
iNeverBluff398: folds 
Uncalled bet ($0.50) returned to Lucastitos
Lucastitos collected $1 from pot
Lucastitos: doesn't show hand 
*** SUMMARY ***
Total pot $1 | Rake $0 
Seat 1: Lucastitos (big blind) collected ($1)
Seat 2: franbasualdo10 folded before Flop (didn't bet)
Seat 3: BGS013 folded before Flop (didn't bet)
Seat 5: ImaPeppaPig (button) folded before Flop (didn't bet)
Seat 6: iNeverBluff398 (small blind) folded before Flop



PokerStars Hand #254281826900:  Hold'em No Limit ($0.50/$1.00 USD) - 2025/01/09 18:57:43 WET [2025/01/09 13:57:43 ET]
Table 'Interamnia III' 6-max Seat #6 is the button
Seat 1: Lucastitos ($104.70 in chips) 
Seat 2: franbasualdo10 ($48.32 in chips) 
Seat 3: BGS013 ($101.50 in chips) 
Seat 5: ImaPeppaPig ($100 in chips) 
Seat 6: iNeverBluff398 ($140.76 in chips) 
Lucastitos: posts small blind $0.50
franbasualdo10: posts big blind $1
*** HOLE CARDS ***
BGS013: folds 
ImaPeppaPig: folds 
iNeverBluff398: folds 
Lucastitos: folds 
Uncalled bet ($0.50) returned to franbasualdo10
franbasualdo10 collected $1 from pot
*** SUMMARY ***
Total pot $1 | Rake $0 
Seat 1: Lucastitos (small blind) folded before Flop
Seat 2: franbasualdo10 (big blind) collected ($1)
Seat 3: BGS013 folded before Flop (didn't bet)
Seat 5: ImaPeppaPig folded before Flop (didn't bet)
Seat 6: iNeverBluff398 (button) folded before Flop (didn't bet)



PokerStars Hand #254281829149:  Hold'em No Limit ($0.50/$1.00 USD) - 2025/01/09 18:57:53 WET [2025/01/09 13:57:53 ET]
Table 'Interamnia III' 6-max Seat #1 is the button
Seat 1: Lucastitos ($104.20 in chips) 
Seat 2: franbasualdo10 ($48.82 in chips) 
Seat 3: BGS013 ($101.50 in chips) 
Seat 5: ImaPeppaPig ($100 in chips) 
Seat 6: iNeverBluff398 ($140.76 in chips) 
franbasualdo10: posts small blind $0.50
BGS013: posts big blind $1
*** HOLE CARDS ***
ImaPeppaPig: folds 
iNeverBluff398: raises $1.20 to $2.20
Lucastitos: folds 
franbasualdo10: calls $1.70
BGS013: folds 
*** FLOP *** [Ts 9d Ad]
franbasualdo10: checks 
iNeverBluff398: bets $1.28
franbasualdo10: calls $1.28
*** TURN *** [Ts 9d Ad] [Jc]
franbasualdo10: checks 
iNeverBluff398: checks 
*** RIVER *** [Ts 9d Ad Jc] [4h]
franbasualdo10: bets $4
iNeverBluff398: calls $4
*** SHOW DOWN ***
franbasualdo10: shows [Jd Td] (two pair, Jacks and Tens)
iNeverBluff398: mucks hand 
franbasualdo10 collected $15.16 from pot
*** SUMMARY ***
Total pot $15.96 | Rake $0.80 
Board [Ts 9d Ad Jc 4h]
Seat 1: Lucastitos (button) folded before Flop (didn't bet)
Seat 2: franbasualdo10 (small blind) showed [Jd Td] and won ($15.16) with two pair, Jacks and Tens
Seat 3: BGS013 (big blind) folded before Flop
Seat 5: ImaPeppaPig folded before Flop (didn't bet)
Seat 6: iNeverBluff398 mucked



PokerStars Hand #254281836613:  Hold'em No Limit ($0.50/$1.00 USD) - 2025/01/09 18:58:28 WET [2025/01/09 13:58:28 ET]
Table 'Interamnia III' 6-max Seat #2 is the button
Seat 1: Lucastitos ($104.20 in chips) 
Seat 2: franbasualdo10 ($56.50 in chips) 
Seat 3: BGS013 ($100.50 in chips) 
Seat 5: ImaPeppaPig ($100 in chips) 
Seat 6: iNeverBluff398 ($133.28 in chips) 
BGS013: posts small blind $0.50
ImaPeppaPig: posts big blind $1
*** HOLE CARDS ***
iNeverBluff398: folds 
Lucastitos: folds 
franbasualdo10: raises $1 to $2
BGS013: folds 
ImaPeppaPig: folds 
Uncalled bet ($1) returned to franbasualdo10
franbasualdo10 collected $2.50 from pot
*** SUMMARY ***
Total pot $2.50 | Rake $0 
Seat 1: Lucastitos folded before Flop (didn't bet)
Seat 2: franbasualdo10 (button) collected ($2.50)
Seat 3: BGS013 (small blind) folded before Flop
Seat 5: ImaPeppaPig (big blind) folded before Flop
Seat 6: iNeverBluff398 folded before Flop (didn't bet)



PokerStars Hand #254281839981:  Hold'em No Limit ($0.50/$1.00 USD) - 2025/01/09 18:58:44 WET [2025/01/09 13:58:44 ET]
Table 'Interamnia III' 6-max Seat #3 is the button
Seat 1: Lucastitos ($104.20 in chips) 
Seat 2: franbasualdo10 ($58 in chips) 
Seat 3: BGS013 ($100 in chips) 
Seat 5: ImaPeppaPig ($100 in chips) 
Seat 6: iNeverBluff398 ($133.28 in chips) 
ImaPeppaPig: posts small blind $0.50
iNeverBluff398: posts big blind $1
*** HOLE CARDS ***
Lucastitos: folds 
franbasualdo10: raises $1 to $2
BGS013: folds 
ImaPeppaPig: folds 
iNeverBluff398: raises $8 to $10
franbasualdo10: calls $8
*** FLOP *** [Ts 3s Th]
iNeverBluff398: bets $12.86
franbasualdo10: folds 
Uncalled bet ($12.86) returned to iNeverBluff398
iNeverBluff398 collected $19.48 from pot
iNeverBluff398: doesn't show hand 
*** SUMMARY ***
Total pot $20.50 | Rake $1.02 
Board [Ts 3s Th]
Seat 1: Lucastitos folded before Flop (didn't bet)
Seat 2: franbasualdo10 folded on the Flop
Seat 3: BGS013 (button) folded before Flop (didn't bet)
Seat 5: ImaPeppaPig (small blind) folded before Flop
Seat 6: iNeverBluff398 (big blind) collected ($19.48)



PokerStars Hand #254281845212:  Hold'em No Limit ($0.50/$1.00 USD) - 2025/01/09 18:59:09 WET [2025/01/09 13:59:09 ET]
Table 'Interamnia III' 6-max Seat #5 is the button
Seat 1: Lucastitos ($104.20 in chips) 
Seat 2: franbasualdo10 ($48 in chips) 
Seat 3: BGS013 ($100 in chips) 
Seat 5: ImaPeppaPig ($100 in chips) 
Seat 6: iNeverBluff398 ($142.76 in chips) 
iNeverBluff398: posts small blind $0.50
Lucastitos: posts big blind $1
*** HOLE CARDS ***
franbasualdo10: folds 
BGS013: folds 
hshas joins the table at seat #4 
ImaPeppaPig: raises $1.50 to $2.50
iNeverBluff398: folds 
Lucastitos: folds 
Uncalled bet ($1.50) returned to ImaPeppaPig
ImaPeppaPig collected $2.50 from pot
ImaPeppaPig: doesn't show hand 
*** SUMMARY ***
Total pot $2.50 | Rake $0 
Seat 1: Lucastitos (big blind) folded before Flop
Seat 2: franbasualdo10 folded before Flop (didn't bet)
Seat 3: BGS013 folded before Flop (didn't bet)
Seat 5: ImaPeppaPig (button) collected ($2.50)
Seat 6: iNeverBluff398 (small blind) folded before Flop



PokerStars Hand #254281848480:  Hold'em No Limit ($0.50/$1.00 USD) - 2025/01/09 18:59:24 WET [2025/01/09 13:59:24 ET]
Table 'Interamnia III' 6-max Seat #6 is the button
Seat 4: hshas ($100 in chips) is sitting out
Seat 1: Lucastitos ($103.20 in chips) 
Seat 2: franbasualdo10 ($48 in chips) 
Seat 3: BGS013 ($100 in chips) 
Seat 5: ImaPeppaPig ($101.50 in chips) 
Seat 6: iNeverBluff398 ($142.26 in chips) 
Lucastitos: posts small blind $0.50
franbasualdo10: posts big blind $1
hshas: sits out 
*** HOLE CARDS ***
BGS013: raises $1 to $2
ImaPeppaPig: folds 
iNeverBluff398: folds 
Lucastitos: folds 
franbasualdo10: folds 
Uncalled bet ($1) returned to BGS013
BGS013 collected $2.50 from pot
BGS013: doesn't show hand 
*** SUMMARY ***
Total pot $2.50 | Rake $0 
Seat 4: hshas
Seat 1: Lucastitos (small blind) folded before Flop
Seat 2: franbasualdo10 (big blind) folded before Flop
Seat 3: BGS013 collected ($2.50)
Seat 5: ImaPeppaPig folded before Flop (didn't bet)
Seat 6: iNeverBluff398 (button) folded before Flop (didn't bet)



PokerStars Hand #254281851952:  Hold'em No Limit ($0.50/$1.00 USD) - 2025/01/09 18:59:41 WET [2025/01/09 13:59:41 ET]
Table 'Interamnia III' 6-max Seat #1 is the button
Seat 4: hshas ($100 in chips) is sitting out
Seat 1: Lucastitos ($102.70 in chips) 
Seat 2: franbasualdo10 ($47 in chips) 
Seat 3: BGS013 ($101.50 in chips) 
Seat 5: ImaPeppaPig ($101.50 in chips) 
Seat 6: iNeverBluff398 ($142.26 in chips) 
franbasualdo10: posts small blind $0.50
BGS013: posts big blind $1
hshas: sits out 
*** HOLE CARDS ***
ImaPeppaPig: folds 
iNeverBluff398: raises $1.20 to $2.20
Lucastitos: folds 
franbasualdo10: calls $1.70
BGS013: folds 
*** FLOP *** [Ts 7s 3c]
franbasualdo10: checks 
iNeverBluff398: bets $1.28
franbasualdo10: calls $1.28
*** TURN *** [Ts 7s 3c] [Qc]
franbasualdo10: checks 
iNeverBluff398: checks 
*** RIVER *** [Ts 7s 3c Qc] [6d]
franbasualdo10: bets $2
iNeverBluff398: calls $2
*** SHOW DOWN ***
franbasualdo10: shows [Ks Jc] (high card King)
iNeverBluff398: shows [Kc Ad] (high card Ace)
iNeverBluff398 collected $11.36 from pot
*** SUMMARY ***
Total pot $11.96 | Rake $0.60 
Board [Ts 7s 3c Qc 6d]
Seat 4: hshas
Seat 1: Lucastitos (button) folded before Flop (didn't bet)
Seat 2: franbasualdo10 (small blind) showed [Ks Jc] and lost with high card King
Seat 3: BGS013 (big blind) folded before Flop
Seat 5: ImaPeppaPig folded before Flop (didn't bet)
Seat 6: iNeverBluff398 showed [Kc Ad] and won ($11.36) with high card Ace



PokerStars Hand #254281865342:  Hold'em No Limit ($0.50/$1.00 USD) - 2025/01/09 19:00:40 WET [2025/01/09 14:00:40 ET]
Table 'Interamnia III' 6-max Seat #2 is the button
Seat 1: Lucastitos ($102.70 in chips) 
Seat 2: franbasualdo10 ($41.52 in chips) 
Seat 3: BGS013 ($100.50 in chips) 
Seat 4: hshas ($100 in chips) 
Seat 5: ImaPeppaPig ($101.50 in chips) 
Seat 6: iNeverBluff398 ($148.14 in chips) 
BGS013: posts small blind $0.50
hshas: posts big blind $1
*** HOLE CARDS ***
ImaPeppaPig: folds 
iNeverBluff398: raises $1.20 to $2.20
Lucastitos: folds 
franbasualdo10: folds 
BGS013: folds 
hshas: folds 
Uncalled bet ($1.20) returned to iNeverBluff398
iNeverBluff398 collected $2.50 from pot
iNeverBluff398: doesn't show hand 
*** SUMMARY ***
Total pot $2.50 | Rake $0 
Seat 1: Lucastitos folded before Flop (didn't bet)
Seat 2: franbasualdo10 (button) folded before Flop (didn't bet)
Seat 3: BGS013 (small blind) folded before Flop
Seat 4: hshas (big blind) folded before Flop
Seat 5: ImaPeppaPig folded before Flop (didn't bet)
Seat 6: iNeverBluff398 collected ($2.50)



PokerStars Hand #254281870171:  Hold'em No Limit ($0.50/$1.00 USD) - 2025/01/09 19:01:00 WET [2025/01/09 14:01:00 ET]
Table 'Interamnia III' 6-max Seat #3 is the button
Seat 1: Lucastitos ($102.70 in chips) 
Seat 2: franbasualdo10 ($41.52 in chips) 
Seat 3: BGS013 ($100 in chips) 
Seat 4: hshas ($100 in chips) 
Seat 5: ImaPeppaPig ($101.50 in chips) 
Seat 6: iNeverBluff398 ($149.64 in chips) 
hshas: posts small blind $0.50
ImaPeppaPig: posts big blind $1
*** HOLE CARDS ***
iNeverBluff398: folds 
Lucastitos: raises $1.10 to $2.10
franbasualdo10: folds 
BGS013: calls $2.10
hshas: folds 
ImaPeppaPig: folds 
*** FLOP *** [6s 4c Kh]
Lucastitos: checks 
BGS013: bets $1.41
Lucastitos: raises $5.59 to $7
franbasualdo10 is disconnected 
BGS013: calls $5.59
*** TURN *** [6s 4c Kh] [7h]
Lucastitos: bets $23
BGS013: calls $23
*** RIVER *** [6s 4c Kh 7h] [2s]
Lucastitos: bets $70.60 and is all-in
BGS013: calls $67.90 and is all-in
Uncalled bet ($2.70) returned to Lucastitos
*** SHOW DOWN ***
Lucastitos: shows [Qd Th] (high card King)
BGS013: shows [6d 6h] (three of a kind, Sixes)
BGS013 collected $199 from pot
*** SUMMARY ***
Total pot $201.50 | Rake $2.50 
Board [6s 4c Kh 7h 2s]
Seat 1: Lucastitos showed [Qd Th] and lost with high card King
Seat 2: franbasualdo10 folded before Flop (didn't bet)
Seat 3: BGS013 (button) showed [6d 6h] and won ($199) with three of a kind, Sixes
Seat 4: hshas (small blind) folded before Flop
Seat 5: ImaPeppaPig (big blind) folded before Flop
Seat 6: iNeverBluff398 folded before Flop (didn't bet)



PokerStars Hand #254281890220:  Hold'em No Limit ($0.50/$1.00 USD) - 2025/01/09 19:02:12 WET [2025/01/09 14:02:12 ET]
Table 'Interamnia III' 6-max Seat #4 is the button
Seat 1: Lucastitos ($100 in chips) 
Seat 2: franbasualdo10 ($41.52 in chips) 
Seat 3: BGS013 ($199 in chips) 
Seat 4: hshas ($100 in chips) 
Seat 5: ImaPeppaPig ($100.50 in chips) 
Seat 6: iNeverBluff398 ($149.64 in chips) 
ImaPeppaPig: posts small blind $0.50
iNeverBluff398: posts big blind $1
*** HOLE CARDS ***
Lucastitos: raises $1 to $2
franbasualdo10: folds 
BGS013: folds 
hshas: folds 
ImaPeppaPig: folds 
iNeverBluff398: folds 
Uncalled bet ($1) returned to Lucastitos
Lucastitos collected $2.50 from pot
Lucastitos: doesn't show hand 
*** SUMMARY ***
Total pot $2.50 | Rake $0 
Seat 1: Lucastitos collected ($2.50)
Seat 2: franbasualdo10 folded before Flop (didn't bet)
Seat 3: BGS013 folded before Flop (didn't bet)
Seat 4: hshas (button) folded before Flop (didn't bet)
Seat 5: ImaPeppaPig (small blind) folded before Flop
Seat 6: iNeverBluff398 (big blind) folded before Flop



PokerStars Hand #254281895101:  Hold'em No Limit ($0.50/$1.00 USD) - 2025/01/09 19:02:28 WET [2025/01/09 14:02:28 ET]
Table 'Interamnia III' 6-max Seat #5 is the button
Seat 1: Lucastitos ($101.50 in chips) 
Seat 2: franbasualdo10 ($41.52 in chips) 
Seat 3: BGS013 ($199 in chips) 
Seat 4: hshas ($100 in chips) 
Seat 5: ImaPeppaPig ($100 in chips) 
Seat 6: iNeverBluff398 ($148.64 in chips) 
iNeverBluff398: posts small blind $0.50
Lucastitos: posts big blind $1
*** HOLE CARDS ***
franbasualdo10: folds 
BGS013: raises $1 to $2
hshas: folds 
ImaPeppaPig: folds 
iNeverBluff398: folds 
Lucastitos: folds 
Uncalled bet ($1) returned to BGS013
BGS013 collected $2.50 from pot
BGS013: doesn't show hand 
*** SUMMARY ***
Total pot $2.50 | Rake $0 
Seat 1: Lucastitos (big blind) folded before Flop
Seat 2: franbasualdo10 folded before Flop (didn't bet)
Seat 3: BGS013 collected ($2.50)
Seat 4: hshas folded before Flop (didn't bet)
Seat 5: ImaPeppaPig (button) folded before Flop (didn't bet)
Seat 6: iNeverBluff398 (small blind) folded before Flop



PokerStars Hand #254281903234:  Hold'em No Limit ($0.50/$1.00 USD) - 2025/01/09 19:02:56 WET [2025/01/09 14:02:56 ET]
Table 'Interamnia III' 6-max Seat #6 is the button
Seat 1: Lucastitos ($100.50 in chips) 
Seat 2: franbasualdo10 ($41.52 in chips) 
Seat 3: BGS013 ($200.50 in chips) 
Seat 4: hshas ($100 in chips) 
Seat 5: ImaPeppaPig ($100 in chips) 
Seat 6: iNeverBluff398 ($148.14 in chips) 
Lucastitos: posts small blind $0.50
franbasualdo10: posts big blind $1
*** HOLE CARDS ***
BGS013: folds 
hshas: raises $1 to $2
ImaPeppaPig: folds 
iNeverBluff398: folds 
Lucastitos: folds 
franbasualdo10: folds 
Uncalled bet ($1) returned to hshas
hshas collected $2.50 from pot
hshas: doesn't show hand 
*** SUMMARY ***
Total pot $2.50 | Rake $0 
Seat 1: Lucastitos (small blind) folded before Flop
Seat 2: franbasualdo10 (big blind) folded before Flop
Seat 3: BGS013 folded before Flop (didn't bet)
Seat 4: hshas collected ($2.50)
Seat 5: ImaPeppaPig folded before Flop (didn't bet)
Seat 6: iNeverBluff398 (button) folded before Flop (didn't bet)



PokerStars Hand #254281910241:  Hold'em No Limit ($0.50/$1.00 USD) - 2025/01/09 19:03:19 WET [2025/01/09 14:03:19 ET]
Table 'Interamnia III' 6-max Seat #1 is the button
Seat 1: Lucastitos ($100 in chips) 
Seat 2: franbasualdo10 ($40.52 in chips) 
Seat 3: BGS013 ($200.50 in chips) 
Seat 4: hshas ($101.50 in chips) 
Seat 5: ImaPeppaPig ($100 in chips) 
Seat 6: iNeverBluff398 ($148.14 in chips) 
franbasualdo10: posts small blind $0.50
BGS013: posts big blind $1
*** HOLE CARDS ***
hshas: folds 
ImaPeppaPig: folds 
iNeverBluff398: folds 
Lucastitos: raises $1.40 to $2.40
franbasualdo10: folds 
BGS013: folds 
Uncalled bet ($1.40) returned to Lucastitos
Lucastitos collected $2.50 from pot
Lucastitos: doesn't show hand 
*** SUMMARY ***
Total pot $2.50 | Rake $0 
Seat 1: Lucastitos (button) collected ($2.50)
Seat 2: franbasualdo10 (small blind) folded before Flop
Seat 3: BGS013 (big blind) folded before Flop
Seat 4: hshas folded before Flop (didn't bet)
Seat 5: ImaPeppaPig folded before Flop (didn't bet)
Seat 6: iNeverBluff398 folded before Flop (didn't bet)



PokerStars Hand #254281914782:  Hold'em No Limit ($0.50/$1.00 USD) - 2025/01/09 19:03:34 WET [2025/01/09 14:03:34 ET]
Table 'Interamnia III' 6-max Seat #2 is the button
Seat 1: Lucastitos ($101.50 in chips) 
Seat 2: franbasualdo10 ($40.02 in chips) 
Seat 3: BGS013 ($199.50 in chips) 
Seat 4: hshas ($101.50 in chips) 
Seat 5: ImaPeppaPig ($100 in chips) 
Seat 6: iNeverBluff398 ($148.14 in chips) 
BGS013: posts small blind $0.50
hshas: posts big blind $1
*** HOLE CARDS ***
ImaPeppaPig: folds 
iNeverBluff398: raises $1.20 to $2.20
Lucastitos: calls $2.20
franbasualdo10: calls $2.20
BGS013: folds 
hshas: folds 
*** FLOP *** [9c 3c 3d]
iNeverBluff398: bets $2.54
Lucastitos: folds 
franbasualdo10: raises $3.54 to $6.08
iNeverBluff398: calls $3.54
*** TURN *** [9c 3c 3d] [2d]
iNeverBluff398: checks 
franbasualdo10: bets $9
iNeverBluff398: calls $9
*** RIVER *** [9c 3c 3d 2d] [7h]
iNeverBluff398: checks 
franbasualdo10: checks 
*** SHOW DOWN ***
iNeverBluff398: shows [5c 5d] (two pair, Fives and Threes)
franbasualdo10: shows [9h Ah] (two pair, Nines and Threes)
franbasualdo10 collected $36.35 from pot
*** SUMMARY ***
Total pot $38.26 | Rake $1.91 
Board [9c 3c 3d 2d 7h]
Seat 1: Lucastitos folded on the Flop
Seat 2: franbasualdo10 (button) showed [9h Ah] and won ($36.35) with two pair, Nines and Threes
Seat 3: BGS013 (small blind) folded before Flop
Seat 4: hshas (big blind) folded before Flop
Seat 5: ImaPeppaPig folded before Flop (didn't bet)
Seat 6: iNeverBluff398 showed [5c 5d] and lost with two pair, Fives and Threes



PokerStars Hand #254281928960:  Hold'em No Limit ($0.50/$1.00 USD) - 2025/01/09 19:04:21 WET [2025/01/09 14:04:21 ET]
Table 'Interamnia III' 6-max Seat #3 is the button
Seat 1: Lucastitos ($100 in chips) 
Seat 2: franbasualdo10 ($59.09 in chips) 
Seat 3: BGS013 ($199 in chips) 
Seat 4: hshas ($100.50 in chips) 
Seat 5: ImaPeppaPig ($100 in chips) 
Seat 6: iNeverBluff398 ($130.86 in chips) 
hshas: posts small blind $0.50
ImaPeppaPig: posts big blind $1
*** HOLE CARDS ***
iNeverBluff398: folds 
Lucastitos: raises $1.10 to $2.10
franbasualdo10: folds 
BGS013: folds 
hshas: folds 
ImaPeppaPig: folds 
Uncalled bet ($1.10) returned to Lucastitos
Lucastitos collected $2.50 from pot
Lucastitos: doesn't show hand 
*** SUMMARY ***
Total pot $2.50 | Rake $0 
Seat 1: Lucastitos collected ($2.50)
Seat 2: franbasualdo10 folded before Flop (didn't bet)
Seat 3: BGS013 (button) folded before Flop (didn't bet)
Seat 4: hshas (small blind) folded before Flop
Seat 5: ImaPeppaPig (big blind) folded before Flop
Seat 6: iNeverBluff398 folded before Flop (didn't bet)



PokerStars Hand #254281933650:  Hold'em No Limit ($0.50/$1.00 USD) - 2025/01/09 19:04:36 WET [2025/01/09 14:04:36 ET]
Table 'Interamnia III' 6-max Seat #4 is the button
Seat 1: Lucastitos ($101.50 in chips) 
Seat 2: franbasualdo10 ($59.09 in chips) 
Seat 3: BGS013 ($199 in chips) 
Seat 4: hshas ($100 in chips) 
Seat 5: ImaPeppaPig ($100 in chips) 
Seat 6: iNeverBluff398 ($130.86 in chips) 
ImaPeppaPig: posts small blind $0.50
iNeverBluff398: posts big blind $1
*** HOLE CARDS ***
Lucastitos: folds 
franbasualdo10: folds 
BGS013: folds 
hshas: folds 
ImaPeppaPig: folds 
Uncalled bet ($0.50) returned to iNeverBluff398
iNeverBluff398 collected $1 from pot
iNeverBluff398: doesn't show hand 
*** SUMMARY ***
Total pot $1 | Rake $0 
Seat 1: Lucastitos folded before Flop (didn't bet)
Seat 2: franbasualdo10 folded before Flop (didn't bet)
Seat 3: BGS013 folded before Flop (didn't bet)
Seat 4: hshas (button) folded before Flop (didn't bet)
Seat 5: ImaPeppaPig (small blind) folded before Flop
Seat 6: iNeverBluff398 (big blind) collected ($1)



PokerStars Hand #254281941005:  Hold'em No Limit ($0.50/$1.00 USD) - 2025/01/09 19:05:00 WET [2025/01/09 14:05:00 ET]
Table 'Interamnia III' 6-max Seat #5 is the button
Seat 1: Lucastitos ($101.50 in chips) 
Seat 2: franbasualdo10 ($59.09 in chips) 
Seat 3: BGS013 ($199 in chips) 
Seat 4: hshas ($100 in chips) 
Seat 5: ImaPeppaPig ($100 in chips) 
Seat 6: iNeverBluff398 ($131.36 in chips) 
iNeverBluff398: posts small blind $0.50
Lucastitos: posts big blind $1
*** HOLE CARDS ***
franbasualdo10: folds 
BGS013 has timed out
BGS013: folds 
hshas: folds 
ImaPeppaPig: raises $1.50 to $2.50
iNeverBluff398: folds 
Lucastitos: calls $1.50
*** FLOP *** [Td 3d 2h]
Lucastitos: checks 
ImaPeppaPig: bets $2.71
Lucastitos: folds 
Uncalled bet ($2.71) returned to ImaPeppaPig
ImaPeppaPig collected $5.22 from pot
ImaPeppaPig: doesn't show hand 
*** SUMMARY ***
Total pot $5.50 | Rake $0.28 
Board [Td 3d 2h]
Seat 1: Lucastitos (big blind) folded on the Flop
Seat 2: franbasualdo10 folded before Flop (didn't bet)
Seat 3: BGS013 folded before Flop (didn't bet)
Seat 4: hshas folded before Flop (didn't bet)
Seat 5: ImaPeppaPig (button) collected ($5.22)
Seat 6: iNeverBluff398 (small blind) folded before Flop



PokerStars Hand #254281952906:  Hold'em No Limit ($0.50/$1.00 USD) - 2025/01/09 19:05:40 WET [2025/01/09 14:05:40 ET]
Table 'Interamnia III' 6-max Seat #6 is the button
Seat 1: Lucastitos ($100 in chips) 
Seat 2: franbasualdo10 ($59.09 in chips) 
Seat 3: BGS013 ($199 in chips) 
Seat 4: hshas ($100 in chips) 
Seat 5: ImaPeppaPig ($102.72 in chips) 
Seat 6: iNeverBluff398 ($130.86 in chips) 
Lucastitos: posts small blind $0.50
franbasualdo10: posts big blind $1
*** HOLE CARDS ***
BGS013: folds 
hshas: raises $1.25 to $2.25
ImaPeppaPig: folds 
iNeverBluff398: folds 
Lucastitos: raises $8.75 to $11
franbasualdo10: folds 
hshas: folds 
Uncalled bet ($8.75) returned to Lucastitos
Lucastitos collected $5.50 from pot
Lucastitos: doesn't show hand 
*** SUMMARY ***
Total pot $5.50 | Rake $0 
Seat 1: Lucastitos (small blind) collected ($5.50)
Seat 2: franbasualdo10 (big blind) folded before Flop
Seat 3: BGS013 folded before Flop (didn't bet)
Seat 4: hshas folded before Flop
Seat 5: ImaPeppaPig folded before Flop (didn't bet)
Seat 6: iNeverBluff398 (button) folded before Flop (didn't bet)



PokerStars Hand #254281961792:  Hold'em No Limit ($0.50/$1.00 USD) - 2025/01/09 19:06:09 WET [2025/01/09 14:06:09 ET]
Table 'Interamnia III' 6-max Seat #1 is the button
Seat 1: Lucastitos ($103.25 in chips) 
Seat 2: franbasualdo10 ($58.09 in chips) 
Seat 3: BGS013 ($199 in chips) 
Seat 4: hshas ($100 in chips) 
Seat 5: ImaPeppaPig ($102.72 in chips) 
Seat 6: iNeverBluff398 ($130.86 in chips) 
franbasualdo10: posts small blind $0.50
BGS013: posts big blind $1
*** HOLE CARDS ***
hshas: folds 
ImaPeppaPig: folds 
iNeverBluff398: raises $1.20 to $2.20
Lucastitos: folds 
franbasualdo10: folds 
BGS013: folds 
Uncalled bet ($1.20) returned to iNeverBluff398
iNeverBluff398 collected $2.50 from pot
iNeverBluff398: doesn't show hand 
*** SUMMARY ***
Total pot $2.50 | Rake $0 
Seat 1: Lucastitos (button) folded before Flop (didn't bet)
Seat 2: franbasualdo10 (small blind) folded before Flop
Seat 3: BGS013 (big blind) folded before Flop
Seat 4: hshas folded before Flop (didn't bet)
Seat 5: ImaPeppaPig folded before Flop (didn't bet)
Seat 6: iNeverBluff398 collected ($2.50)



PokerStars Hand #254281966945:  Hold'em No Limit ($0.50/$1.00 USD) - 2025/01/09 19:06:26 WET [2025/01/09 14:06:26 ET]
Table 'Interamnia III' 6-max Seat #2 is the button
Seat 1: Lucastitos ($103.25 in chips) 
Seat 2: franbasualdo10 ($57.59 in chips) 
Seat 3: BGS013 ($198 in chips) 
Seat 4: hshas ($100 in chips) 
Seat 5: ImaPeppaPig ($102.72 in chips) 
Seat 6: iNeverBluff398 ($132.36 in chips) 
BGS013: posts small blind $0.50
hshas: posts big blind $1
*** HOLE CARDS ***
ImaPeppaPig: folds 
iNeverBluff398: raises $1.20 to $2.20
Lucastitos: folds 
franbasualdo10: folds 
BGS013: folds 
hshas: folds 
Uncalled bet ($1.20) returned to iNeverBluff398
iNeverBluff398 collected $2.50 from pot
iNeverBluff398: doesn't show hand 
*** SUMMARY ***
Total pot $2.50 | Rake $0 
Seat 1: Lucastitos folded before Flop (didn't bet)
Seat 2: franbasualdo10 (button) folded before Flop (didn't bet)
Seat 3: BGS013 (small blind) folded before Flop
Seat 4: hshas (big blind) folded before Flop
Seat 5: ImaPeppaPig folded before Flop (didn't bet)
Seat 6: iNeverBluff398 collected ($2.50)



PokerStars Hand #254281971850:  Hold'em No Limit ($0.50/$1.00 USD) - 2025/01/09 19:06:42 WET [2025/01/09 14:06:42 ET]
Table 'Interamnia III' 6-max Seat #3 is the button
Seat 1: Lucastitos ($103.25 in chips) 
Seat 2: franbasualdo10 ($57.59 in chips) 
Seat 3: BGS013 ($197.50 in chips) 
Seat 4: hshas ($100 in chips) 
Seat 5: ImaPeppaPig ($102.72 in chips) 
Seat 6: iNeverBluff398 ($133.86 in chips) 
hshas: posts small blind $0.50
ImaPeppaPig: posts big blind $1
*** HOLE CARDS ***
iNeverBluff398: folds 
Lucastitos: folds 
franbasualdo10: folds 
BGS013: folds 
hshas: folds 
Uncalled bet ($0.50) returned to ImaPeppaPig
ImaPeppaPig collected $1 from pot
ImaPeppaPig: doesn't show hand 
*** SUMMARY ***
Total pot $1 | Rake $0 
Seat 1: Lucastitos folded before Flop (didn't bet)
Seat 2: franbasualdo10 folded before Flop (didn't bet)
Seat 3: BGS013 (button) folded before Flop (didn't bet)
Seat 4: hshas (small blind) folded before Flop
Seat 5: ImaPeppaPig (big blind) collected ($1)
Seat 6: iNeverBluff398 folded before Flop (didn't bet)



PokerStars Hand #254281976825:  Hold'em No Limit ($0.50/$1.00 USD) - 2025/01/09 19:06:58 WET [2025/01/09 14:06:58 ET]
Table 'Interamnia III' 6-max Seat #4 is the button
Seat 1: Lucastitos ($103.25 in chips) 
Seat 2: franbasualdo10 ($57.59 in chips) 
Seat 3: BGS013 ($197.50 in chips) 
Seat 4: hshas ($100 in chips) 
Seat 5: ImaPeppaPig ($103.22 in chips) 
Seat 6: iNeverBluff398 ($133.86 in chips) 
ImaPeppaPig: posts small blind $0.50
iNeverBluff398: posts big blind $1
*** HOLE CARDS ***
Lucastitos: raises $1 to $2
franbasualdo10: folds 
BGS013: folds 
hshas: folds 
ImaPeppaPig: folds 
iNeverBluff398: calls $1
*** FLOP *** [Kd 3s Kh]
iNeverBluff398: checks 
Lucastitos: bets $1.07
iNeverBluff398: folds 
Uncalled bet ($1.07) returned to Lucastitos
Lucastitos collected $4.28 from pot
Lucastitos: doesn't show hand 
*** SUMMARY ***
Total pot $4.50 | Rake $0.22 
Board [Kd 3s Kh]
Seat 1: Lucastitos collected ($4.28)
Seat 2: franbasualdo10 folded before Flop (didn't bet)
Seat 3: BGS013 folded before Flop (didn't bet)
Seat 4: hshas (button) folded before Flop (didn't bet)
Seat 5: ImaPeppaPig (small blind) folded before Flop
Seat 6: iNeverBluff398 (big blind) folded on the Flop



PokerStars Hand #254281989957:  Hold'em No Limit ($0.50/$1.00 USD) - 2025/01/09 19:07:41 WET [2025/01/09 14:07:41 ET]
Table 'Interamnia III' 6-max Seat #5 is the button
Seat 1: Lucastitos ($105.53 in chips) 
Seat 2: franbasualdo10 ($57.59 in chips) 
Seat 3: BGS013 ($197.50 in chips) 
Seat 4: hshas ($100 in chips) 
Seat 5: ImaPeppaPig ($102.72 in chips) 
Seat 6: iNeverBluff398 ($131.86 in chips) 
iNeverBluff398: posts small blind $0.50
Lucastitos: posts big blind $1
*** HOLE CARDS ***
franbasualdo10: calls $1
BGS013: folds 
hshas: raises $2.50 to $3.50
ImaPeppaPig: folds 
iNeverBluff398: folds 
Lucastitos: folds 
franbasualdo10: folds 
Uncalled bet ($2.50) returned to hshas
hshas collected $3.50 from pot
hshas: doesn't show hand 
*** SUMMARY ***
Total pot $3.50 | Rake $0 
Seat 1: Lucastitos (big blind) folded before Flop
Seat 2: franbasualdo10 folded before Flop
Seat 3: BGS013 folded before Flop (didn't bet)
Seat 4: hshas collected ($3.50)
Seat 5: ImaPeppaPig (button) folded before Flop (didn't bet)
Seat 6: iNeverBluff398 (small blind) folded before Flop



PokerStars Hand #254281998191:  Hold'em No Limit ($0.50/$1.00 USD) - 2025/01/09 19:08:09 WET [2025/01/09 14:08:09 ET]
Table 'Interamnia III' 6-max Seat #6 is the button
Seat 1: Lucastitos ($104.53 in chips) 
Seat 2: franbasualdo10 ($56.59 in chips) 
Seat 3: BGS013 ($197.50 in chips) 
Seat 4: hshas ($102.50 in chips) 
Seat 5: ImaPeppaPig ($102.72 in chips) 
Seat 6: iNeverBluff398 ($131.36 in chips) 
Lucastitos: posts small blind $0.50
franbasualdo10: posts big blind $1
*** HOLE CARDS ***
BGS013: folds 
hshas: folds 
ImaPeppaPig: raises $1.50 to $2.50
iNeverBluff398: folds 
Lucastitos: folds 
franbasualdo10: calls $1.50
*** FLOP *** [Ts 4h Qd]
franbasualdo10: checks 
ImaPeppaPig: bets $2.71
franbasualdo10: folds 
Uncalled bet ($2.71) returned to ImaPeppaPig
ImaPeppaPig collected $5.22 from pot
ImaPeppaPig: doesn't show hand 
*** SUMMARY ***
Total pot $5.50 | Rake $0.28 
Board [Ts 4h Qd]
Seat 1: Lucastitos (small blind) folded before Flop
Seat 2: franbasualdo10 (big blind) folded on the Flop
Seat 3: BGS013 folded before Flop (didn't bet)
Seat 4: hshas folded before Flop (didn't bet)
Seat 5: ImaPeppaPig collected ($5.22)
Seat 6: iNeverBluff398 (button) folded before Flop (didn't bet)



PokerStars Hand #254282011455:  Hold'em No Limit ($0.50/$1.00 USD) - 2025/01/09 19:08:52 WET [2025/01/09 14:08:52 ET]
Table 'Interamnia III' 6-max Seat #1 is the button
Seat 1: Lucastitos ($104.03 in chips) 
Seat 2: franbasualdo10 ($54.09 in chips) 
Seat 3: BGS013 ($197.50 in chips) 
Seat 4: hshas ($102.50 in chips) 
Seat 5: ImaPeppaPig ($105.44 in chips) 
Seat 6: iNeverBluff398 ($131.36 in chips) 
franbasualdo10: posts small blind $0.50
BGS013: posts big blind $1
*** HOLE CARDS ***
hshas: folds 
ImaPeppaPig: folds 
iNeverBluff398: folds 
Lucastitos: raises $1.40 to $2.40
franbasualdo10: folds 
BGS013: folds 
Uncalled bet ($1.40) returned to Lucastitos
Lucastitos collected $2.50 from pot
Lucastitos: doesn't show hand 
*** SUMMARY ***
Total pot $2.50 | Rake $0 
Seat 1: Lucastitos (button) collected ($2.50)
Seat 2: franbasualdo10 (small blind) folded before Flop
Seat 3: BGS013 (big blind) folded before Flop
Seat 4: hshas folded before Flop (didn't bet)
Seat 5: ImaPeppaPig folded before Flop (didn't bet)
Seat 6: iNeverBluff398 folded before Flop (didn't bet)



PokerStars Hand #254282015763:  Hold'em No Limit ($0.50/$1.00 USD) - 2025/01/09 19:09:06 WET [2025/01/09 14:09:06 ET]
Table 'Interamnia III' 6-max Seat #2 is the button
Seat 1: Lucastitos ($105.53 in chips) 
Seat 2: franbasualdo10 ($53.59 in chips) 
Seat 3: BGS013 ($196.50 in chips) 
Seat 4: hshas ($102.50 in chips) 
Seat 5: ImaPeppaPig ($105.44 in chips) 
Seat 6: iNeverBluff398 ($131.36 in chips) 
BGS013: posts small blind $0.50
hshas: posts big blind $1
*** HOLE CARDS ***
ImaPeppaPig: folds 
iNeverBluff398: folds 
Lucastitos: raises $1.30 to $2.30
franbasualdo10: folds 
BGS013: folds 
hshas: folds 
Uncalled bet ($1.30) returned to Lucastitos
Lucastitos collected $2.50 from pot
Lucastitos: doesn't show hand 
*** SUMMARY ***
Total pot $2.50 | Rake $0 
Seat 1: Lucastitos collected ($2.50)
Seat 2: franbasualdo10 (button) folded before Flop (didn't bet)
Seat 3: BGS013 (small blind) folded before Flop
Seat 4: hshas (big blind) folded before Flop
Seat 5: ImaPeppaPig folded before Flop (didn't bet)
Seat 6: iNeverBluff398 folded before Flop (didn't bet)



PokerStars Hand #254282023285:  Hold'em No Limit ($0.50/$1.00 USD) - 2025/01/09 19:09:31 WET [2025/01/09 14:09:31 ET]
Table 'Interamnia III' 6-max Seat #3 is the button
Seat 1: Lucastitos ($107.03 in chips) 
Seat 2: franbasualdo10 ($53.59 in chips) 
Seat 3: BGS013 ($196 in chips) 
Seat 4: hshas ($101.50 in chips) 
Seat 5: ImaPeppaPig ($105.44 in chips) 
Seat 6: iNeverBluff398 ($131.36 in chips) 
hshas: posts small blind $0.50
ImaPeppaPig: posts big blind $1
*** HOLE CARDS ***
iNeverBluff398: folds 
Lucastitos: folds 
franbasualdo10: raises $1 to $2
BGS013: raises $4.50 to $6.50
hshas: folds 
ImaPeppaPig: folds 
franbasualdo10: calls $4.50
*** FLOP *** [8h 2d 7s]
franbasualdo10: checks 
BGS013: bets $3.58
franbasualdo10: calls $3.58
*** TURN *** [8h 2d 7s] [4s]
franbasualdo10: checks 
BGS013: bets $15.05
franbasualdo10: folds 
Uncalled bet ($15.05) returned to BGS013
BGS013 collected $20.58 from pot
BGS013: doesn't show hand 
*** SUMMARY ***
Total pot $21.66 | Rake $1.08 
Board [8h 2d 7s 4s]
Seat 1: Lucastitos folded before Flop (didn't bet)
Seat 2: franbasualdo10 folded on the Turn
Seat 3: BGS013 (button) collected ($20.58)
Seat 4: hshas (small blind) folded before Flop
Seat 5: ImaPeppaPig (big blind) folded before Flop
Seat 6: iNeverBluff398 folded before Flop (didn't bet)



PokerStars Hand #254282034312:  Hold'em No Limit ($0.50/$1.00 USD) - 2025/01/09 19:10:07 WET [2025/01/09 14:10:07 ET]
Table 'Interamnia III' 6-max Seat #4 is the button
Seat 1: Lucastitos ($107.03 in chips) 
Seat 2: franbasualdo10 ($43.51 in chips) 
Seat 3: BGS013 ($206.50 in chips) 
Seat 4: hshas ($101 in chips) 
Seat 5: ImaPeppaPig ($104.44 in chips) 
Seat 6: iNeverBluff398 ($131.36 in chips) 
ImaPeppaPig: posts small blind $0.50
iNeverBluff398: posts big blind $1
*** HOLE CARDS ***
Lucastitos: folds 
franbasualdo10: raises $1 to $2
BGS013: raises $4.50 to $6.50
hshas: folds 
ImaPeppaPig: folds 
iNeverBluff398: folds 
franbasualdo10: calls $4.50
*** FLOP *** [5c Qs 5s]
franbasualdo10: checks 
BGS013: bets $3.58
franbasualdo10: folds 
Uncalled bet ($3.58) returned to BGS013
BGS013 collected $13.78 from pot
BGS013: doesn't show hand 
*** SUMMARY ***
Total pot $14.50 | Rake $0.72 
Board [5c Qs 5s]
Seat 1: Lucastitos folded before Flop (didn't bet)
Seat 2: franbasualdo10 folded on the Flop
Seat 3: BGS013 collected ($13.78)
Seat 4: hshas (button) folded before Flop (didn't bet)
Seat 5: ImaPeppaPig (small blind) folded before Flop
Seat 6: iNeverBluff398 (big blind) folded before Flop



PokerStars Hand #254282042891:  Hold'em No Limit ($0.50/$1.00 USD) - 2025/01/09 19:10:35 WET [2025/01/09 14:10:35 ET]
Table 'Interamnia III' 6-max Seat #5 is the button
Seat 1: Lucastitos ($107.03 in chips) 
Seat 2: franbasualdo10 ($37.01 in chips) 
Seat 3: BGS013 ($213.78 in chips) 
Seat 4: hshas ($101 in chips) 
Seat 5: ImaPeppaPig ($103.94 in chips) 
Seat 6: iNeverBluff398 ($130.36 in chips) 
iNeverBluff398: posts small blind $0.50
Lucastitos: posts big blind $1
*** HOLE CARDS ***
franbasualdo10: calls $1
BGS013: folds 
hshas: raises $2.50 to $3.50
ImaPeppaPig: folds 
iNeverBluff398: folds 
Lucastitos: folds 
franbasualdo10: calls $2.50
*** FLOP *** [Jh 2s 6c]
franbasualdo10: checks 
hshas: bets $2.26
franbasualdo10: folds 
Uncalled bet ($2.26) returned to hshas
hshas collected $8.08 from pot
hshas: doesn't show hand 
*** SUMMARY ***
Total pot $8.50 | Rake $0.42 
Board [Jh 2s 6c]
Seat 1: Lucastitos (big blind) folded before Flop
Seat 2: franbasualdo10 folded on the Flop
Seat 3: BGS013 folded before Flop (didn't bet)
Seat 4: hshas collected ($8.08)
Seat 5: ImaPeppaPig (button) folded before Flop (didn't bet)
Seat 6: iNeverBluff398 (small blind) folded before Flop



PokerStars Hand #254282054551:  Hold'em No Limit ($0.50/$1.00 USD) - 2025/01/09 19:11:14 WET [2025/01/09 14:11:14 ET]
Table 'Interamnia III' 6-max Seat #6 is the button
Seat 1: Lucastitos ($106.03 in chips) 
Seat 2: franbasualdo10 ($33.51 in chips) 
Seat 3: BGS013 ($213.78 in chips) 
Seat 4: hshas ($105.58 in chips) 
Seat 5: ImaPeppaPig ($103.94 in chips) 
Seat 6: iNeverBluff398 ($129.86 in chips) 
Lucastitos: posts small blind $0.50
franbasualdo10: posts big blind $1
*** HOLE CARDS ***
BGS013: folds 
hshas: folds 
ImaPeppaPig: folds 
iNeverBluff398: folds 
Lucastitos: raises $1.90 to $2.90
franbasualdo10: calls $1.90
*** FLOP *** [4s 2d Jc]
Lucastitos: bets $1.49
franbasualdo10: raises $1.49 to $2.98
Lucastitos: folds 
Uncalled bet ($1.49) returned to franbasualdo10
franbasualdo10 collected $8.34 from pot
*** SUMMARY ***
Total pot $8.78 | Rake $0.44 
Board [4s 2d Jc]
Seat 1: Lucastitos (small blind) folded on the Flop
Seat 2: franbasualdo10 (big blind) collected ($8.34)
Seat 3: BGS013 folded before Flop (didn't bet)
Seat 4: hshas folded before Flop (didn't bet)
Seat 5: ImaPeppaPig folded before Flop (didn't bet)
Seat 6: iNeverBluff398 (button) folded before Flop (didn't bet)



PokerStars Hand #254282070494:  Hold'em No Limit ($0.50/$1.00 USD) - 2025/01/09 19:12:06 WET [2025/01/09 14:12:06 ET]
Table 'Interamnia III' 6-max Seat #1 is the button
Seat 1: Lucastitos ($101.64 in chips) 
Seat 2: franbasualdo10 ($37.46 in chips) 
Seat 3: BGS013 ($213.78 in chips) 
Seat 4: hshas ($105.58 in chips) 
Seat 5: ImaPeppaPig ($103.94 in chips) 
Seat 6: iNeverBluff398 ($129.86 in chips) 
franbasualdo10: posts small blind $0.50
BGS013: posts big blind $1
*** HOLE CARDS ***
hshas: folds 
ImaPeppaPig: folds 
iNeverBluff398: folds 
Lucastitos: raises $1.40 to $2.40
franbasualdo10: calls $1.90
BGS013: calls $1.40
*** FLOP *** [2h Kh Jc]
franbasualdo10: checks 
BGS013: checks 
Lucastitos: checks 
*** TURN *** [2h Kh Jc] [8h]
franbasualdo10: bets $2
BGS013: calls $2
Lucastitos: calls $2
*** RIVER *** [2h Kh Jc 8h] [Kc]
franbasualdo10: bets $4
BGS013: calls $4
Lucastitos: calls $4
*** SHOW DOWN ***
franbasualdo10: shows [Ac Jh] (two pair, Kings and Jacks)
BGS013: mucks hand 
Lucastitos: shows [Kd 9h] (three of a kind, Kings)
Lucastitos collected $23.94 from pot
*** SUMMARY ***
Total pot $25.20 | Rake $1.26 
Board [2h Kh Jc 8h Kc]
Seat 1: Lucastitos (button) showed [Kd 9h] and won ($23.94) with three of a kind, Kings
Seat 2: franbasualdo10 (small blind) showed [Ac Jh] and lost with two pair, Kings and Jacks
Seat 3: BGS013 (big blind) mucked
Seat 4: hshas folded before Flop (didn't bet)
Seat 5: ImaPeppaPig folded before Flop (didn't bet)
Seat 6: iNeverBluff398 folded before Flop (didn't bet)



PokerStars Hand #254282088650:  Hold'em No Limit ($0.50/$1.00 USD) - 2025/01/09 19:13:06 WET [2025/01/09 14:13:06 ET]
Table 'Interamnia III' 6-max Seat #2 is the button
Seat 1: Lucastitos ($117.18 in chips) 
Seat 2: franbasualdo10 ($29.06 in chips) 
Seat 3: BGS013 ($205.38 in chips) 
Seat 4: hshas ($105.58 in chips) 
Seat 5: ImaPeppaPig ($103.94 in chips) 
Seat 6: iNeverBluff398 ($129.86 in chips) 
BGS013: posts small blind $0.50
hshas: posts big blind $1
*** HOLE CARDS ***
ImaPeppaPig: folds 
iNeverBluff398: folds 
Lucastitos: raises $1.30 to $2.30
franbasualdo10: folds 
BGS013: folds 
hshas: raises $10.20 to $12.50
Lucastitos: folds 
Uncalled bet ($10.20) returned to hshas
hshas collected $5.10 from pot
hshas: doesn't show hand 
*** SUMMARY ***
Total pot $5.10 | Rake $0 
Seat 1: Lucastitos folded before Flop
Seat 2: franbasualdo10 (button) folded before Flop (didn't bet)
Seat 3: BGS013 (small blind) folded before Flop
Seat 4: hshas (big blind) collected ($5.10)
Seat 5: ImaPeppaPig folded before Flop (didn't bet)
Seat 6: iNeverBluff398 folded before Flop (didn't bet)



PokerStars Hand #254282095832:  Hold'em No Limit ($0.50/$1.00 USD) - 2025/01/09 19:13:29 WET [2025/01/09 14:13:29 ET]
Table 'Interamnia III' 6-max Seat #3 is the button
Seat 1: Lucastitos ($114.88 in chips) 
Seat 2: franbasualdo10 ($29.06 in chips) 
Seat 3: BGS013 ($204.88 in chips) 
Seat 4: hshas ($108.38 in chips) 
Seat 5: ImaPeppaPig ($103.94 in chips) 
Seat 6: iNeverBluff398 ($129.86 in chips) 
hshas: posts small blind $0.50
ImaPeppaPig: posts big blind $1
*** HOLE CARDS ***
iNeverBluff398: folds 
Lucastitos: folds 
franbasualdo10: folds 
BGS013: raises $1.50 to $2.50
hshas: folds 
ImaPeppaPig: folds 
Uncalled bet ($1.50) returned to BGS013
BGS013 collected $2.50 from pot
BGS013: doesn't show hand 
*** SUMMARY ***
Total pot $2.50 | Rake $0 
Seat 1: Lucastitos folded before Flop (didn't bet)
Seat 2: franbasualdo10 folded before Flop (didn't bet)
Seat 3: BGS013 (button) collected ($2.50)
Seat 4: hshas (small blind) folded before Flop
Seat 5: ImaPeppaPig (big blind) folded before Flop
Seat 6: iNeverBluff398 folded before Flop (didn't bet)



PokerStars Hand #254282101535:  Hold'em No Limit ($0.50/$1.00 USD) - 2025/01/09 19:13:47 WET [2025/01/09 14:13:47 ET]
Table 'Interamnia III' 6-max Seat #4 is the button
Seat 1: Lucastitos ($114.88 in chips) 
Seat 2: franbasualdo10 ($29.06 in chips) 
Seat 3: BGS013 ($206.38 in chips) 
Seat 4: hshas ($107.88 in chips) 
Seat 5: ImaPeppaPig ($102.94 in chips) 
Seat 6: iNeverBluff398 ($129.86 in chips) 
ImaPeppaPig: posts small blind $0.50
iNeverBluff398: posts big blind $1
*** HOLE CARDS ***
Lucastitos: folds 
franbasualdo10: folds 
BGS013: folds 
hshas: raises $1.25 to $2.25
ImaPeppaPig: folds 
iNeverBluff398: folds 
Uncalled bet ($1.25) returned to hshas
hshas collected $2.50 from pot
hshas: doesn't show hand 
*** SUMMARY ***
Total pot $2.50 | Rake $0 
Seat 1: Lucastitos folded before Flop (didn't bet)
Seat 2: franbasualdo10 folded before Flop (didn't bet)
Seat 3: BGS013 folded before Flop (didn't bet)
Seat 4: hshas (button) collected ($2.50)
Seat 5: ImaPeppaPig (small blind) folded before Flop
Seat 6: iNeverBluff398 (big blind) folded before Flop



PokerStars Hand #254282107718:  Hold'em No Limit ($0.50/$1.00 USD) - 2025/01/09 19:14:08 WET [2025/01/09 14:14:08 ET]
Table 'Interamnia III' 6-max Seat #5 is the button
Seat 1: Lucastitos ($114.88 in chips) 
Seat 2: franbasualdo10 ($29.06 in chips) 
Seat 3: BGS013 ($206.38 in chips) 
Seat 4: hshas ($109.38 in chips) 
Seat 5: ImaPeppaPig ($102.44 in chips) 
Seat 6: iNeverBluff398 ($128.86 in chips) 
iNeverBluff398: posts small blind $0.50
Lucastitos: posts big blind $1
*** HOLE CARDS ***
franbasualdo10: folds 
BGS013: folds 
hshas: raises $1.25 to $2.25
ImaPeppaPig: folds 
iNeverBluff398: folds 
Lucastitos: folds 
Uncalled bet ($1.25) returned to hshas
hshas collected $2.50 from pot
hshas: doesn't show hand 
*** SUMMARY ***
Total pot $2.50 | Rake $0 
Seat 1: Lucastitos (big blind) folded before Flop
Seat 2: franbasualdo10 folded before Flop (didn't bet)
Seat 3: BGS013 folded before Flop (didn't bet)
Seat 4: hshas collected ($2.50)
Seat 5: ImaPeppaPig (button) folded before Flop (didn't bet)
Seat 6: iNeverBluff398 (small blind) folded before Flop



PokerStars Hand #254282113917:  Hold'em No Limit ($0.50/$1.00 USD) - 2025/01/09 19:14:28 WET [2025/01/09 14:14:28 ET]
Table 'Interamnia III' 6-max Seat #6 is the button
Seat 1: Lucastitos ($113.88 in chips) 
Seat 2: franbasualdo10 ($29.06 in chips) 
Seat 3: BGS013 ($206.38 in chips) 
Seat 4: hshas ($110.88 in chips) 
Seat 5: ImaPeppaPig ($102.44 in chips) 
Seat 6: iNeverBluff398 ($128.36 in chips) 
Lucastitos: posts small blind $0.50
franbasualdo10: posts big blind $1
*** HOLE CARDS ***
BGS013: folds 
hshas has timed out
hshas: folds 
ImaPeppaPig: folds 
iNeverBluff398: folds 
Lucastitos: folds 
Uncalled bet ($0.50) returned to franbasualdo10
franbasualdo10 collected $1 from pot
*** SUMMARY ***
Total pot $1 | Rake $0 
Seat 1: Lucastitos (small blind) folded before Flop
Seat 2: franbasualdo10 (big blind) collected ($1)
Seat 3: BGS013 folded before Flop (didn't bet)
Seat 4: hshas folded before Flop (didn't bet)
Seat 5: ImaPeppaPig folded before Flop (didn't bet)
Seat 6: iNeverBluff398 (button) folded before Flop (didn't bet)



PokerStars Hand #254282121841:  Hold'em No Limit ($0.50/$1.00 USD) - 2025/01/09 19:14:53 WET [2025/01/09 14:14:53 ET]
Table 'Interamnia III' 6-max Seat #1 is the button
Seat 4: hshas ($110.88 in chips) is sitting out
Seat 1: Lucastitos ($113.38 in chips) 
Seat 2: franbasualdo10 ($29.56 in chips) 
Seat 3: BGS013 ($206.38 in chips) 
Seat 5: ImaPeppaPig ($102.44 in chips) 
Seat 6: iNeverBluff398 ($128.36 in chips) 
franbasualdo10: posts small blind $0.50
BGS013: posts big blind $1
*** HOLE CARDS ***
ImaPeppaPig: folds 
iNeverBluff398: raises $1.20 to $2.20
Lucastitos: folds 
hshas leaves the table
franbasualdo10: calls $1.70
BGS013: folds 
*** FLOP *** [Ac 9d Kd]
franbasualdo10: checks 
iNeverBluff398: bets $1.69
BumHuntKing joins the table at seat #4 
franbasualdo10: calls $1.69
*** TURN *** [Ac 9d Kd] [8s]
franbasualdo10: checks 
iNeverBluff398: bets $7.50
franbasualdo10: calls $7.50
*** RIVER *** [Ac 9d Kd 8s] [Ts]
franbasualdo10: checks 
iNeverBluff398: bets $20.50
franbasualdo10: folds 
Uncalled bet ($20.50) returned to iNeverBluff398
iNeverBluff398 collected $22.59 from pot
iNeverBluff398: doesn't show hand 
*** SUMMARY ***
Total pot $23.78 | Rake $1.19 
Board [Ac 9d Kd 8s Ts]
Seat 4: hshas
Seat 1: Lucastitos (button) folded before Flop (didn't bet)
Seat 2: franbasualdo10 (small blind) folded on the River
Seat 3: BGS013 (big blind) folded before Flop
Seat 5: ImaPeppaPig folded before Flop (didn't bet)
Seat 6: iNeverBluff398 collected ($22.59)



PokerStars Hand #254282133520:  Hold'em No Limit ($0.50/$1.00 USD) - 2025/01/09 19:15:31 WET [2025/01/09 14:15:31 ET]
Table 'Interamnia III' 6-max Seat #2 is the button
Seat 1: Lucastitos ($113.38 in chips) 
Seat 2: franbasualdo10 ($18.17 in chips) 
Seat 3: BGS013 ($205.38 in chips) 
Seat 4: BumHuntKing ($100 in chips) 
Seat 5: ImaPeppaPig ($102.44 in chips) 
Seat 6: iNeverBluff398 ($139.56 in chips) 
BGS013: posts small blind $0.50
BumHuntKing: posts big blind $1
*** HOLE CARDS ***
ImaPeppaPig: raises $1.50 to $2.50
iNeverBluff398: folds 
Lucastitos: folds 
franbasualdo10: folds 
BGS013: folds 
BumHuntKing: folds 
Uncalled bet ($1.50) returned to ImaPeppaPig
ImaPeppaPig collected $2.50 from pot
ImaPeppaPig: doesn't show hand 
*** SUMMARY ***
Total pot $2.50 | Rake $0 
Seat 1: Lucastitos folded before Flop (didn't bet)
Seat 2: franbasualdo10 (button) folded before Flop (didn't bet)
Seat 3: BGS013 (small blind) folded before Flop
Seat 4: BumHuntKing (big blind) folded before Flop
Seat 5: ImaPeppaPig collected ($2.50)
Seat 6: iNeverBluff398 folded before Flop (didn't bet)



PokerStars Hand #254282138541:  Hold'em No Limit ($0.50/$1.00 USD) - 2025/01/09 19:15:47 WET [2025/01/09 14:15:47 ET]
Table 'Interamnia III' 6-max Seat #3 is the button
Seat 1: Lucastitos ($113.38 in chips) 
Seat 2: franbasualdo10 ($18.17 in chips) 
Seat 3: BGS013 ($204.88 in chips) 
Seat 4: BumHuntKing ($100 in chips) 
Seat 5: ImaPeppaPig ($103.94 in chips) 
Seat 6: iNeverBluff398 ($139.56 in chips) 
BumHuntKing: posts small blind $0.50
ImaPeppaPig: posts big blind $1
*** HOLE CARDS ***
iNeverBluff398: folds 
Lucastitos: folds 
franbasualdo10: folds 
BGS013: raises $1.50 to $2.50
BumHuntKing: folds 
ImaPeppaPig: folds 
Uncalled bet ($1.50) returned to BGS013
BGS013 collected $2.50 from pot
BGS013: doesn't show hand 
*** SUMMARY ***
Total pot $2.50 | Rake $0 
Seat 1: Lucastitos folded before Flop (didn't bet)
Seat 2: franbasualdo10 folded before Flop (didn't bet)
Seat 3: BGS013 (button) collected ($2.50)
Seat 4: BumHuntKing (small blind) folded before Flop
Seat 5: ImaPeppaPig (big blind) folded before Flop
Seat 6: iNeverBluff398 folded before Flop (didn't bet)



PokerStars Hand #254282144439:  Hold'em No Limit ($0.50/$1.00 USD) - 2025/01/09 19:16:07 WET [2025/01/09 14:16:07 ET]
Table 'Interamnia III' 6-max Seat #4 is the button
Seat 1: Lucastitos ($113.38 in chips) 
Seat 2: franbasualdo10 ($18.17 in chips) 
Seat 3: BGS013 ($206.38 in chips) 
Seat 4: BumHuntKing ($100 in chips) 
Seat 5: ImaPeppaPig ($102.94 in chips) 
Seat 6: iNeverBluff398 ($139.56 in chips) 
ImaPeppaPig: posts small blind $0.50
iNeverBluff398: posts big blind $1
*** HOLE CARDS ***
Lucastitos: raises $1 to $2
franbasualdo10: folds 
BGS013: folds 
BumHuntKing: folds 
ImaPeppaPig: folds 
iNeverBluff398: folds 
Uncalled bet ($1) returned to Lucastitos
Lucastitos collected $2.50 from pot
Lucastitos: doesn't show hand 
*** SUMMARY ***
Total pot $2.50 | Rake $0 
Seat 1: Lucastitos collected ($2.50)
Seat 2: franbasualdo10 folded before Flop (didn't bet)
Seat 3: BGS013 folded before Flop (didn't bet)
Seat 4: BumHuntKing (button) folded before Flop (didn't bet)
Seat 5: ImaPeppaPig (small blind) folded before Flop
Seat 6: iNeverBluff398 (big blind) folded before Flop



PokerStars Hand #254282149032:  Hold'em No Limit ($0.50/$1.00 USD) - 2025/01/09 19:16:22 WET [2025/01/09 14:16:22 ET]
Table 'Interamnia III' 6-max Seat #5 is the button
Seat 1: Lucastitos ($114.88 in chips) 
Seat 2: franbasualdo10 ($18.17 in chips) 
Seat 3: BGS013 ($206.38 in chips) 
Seat 4: BumHuntKing ($100 in chips) 
Seat 5: ImaPeppaPig ($102.44 in chips) 
Seat 6: iNeverBluff398 ($138.56 in chips) 
iNeverBluff398: posts small blind $0.50
Lucastitos: posts big blind $1
*** HOLE CARDS ***
franbasualdo10: folds 
BGS013: folds 
BumHuntKing: folds 
ImaPeppaPig: folds 
iNeverBluff398: folds 
Uncalled bet ($0.50) returned to Lucastitos
Lucastitos collected $1 from pot
Lucastitos: doesn't show hand 
*** SUMMARY ***
Total pot $1 | Rake $0 
Seat 1: Lucastitos (big blind) collected ($1)
Seat 2: franbasualdo10 folded before Flop (didn't bet)
Seat 3: BGS013 folded before Flop (didn't bet)
Seat 4: BumHuntKing folded before Flop (didn't bet)
Seat 5: ImaPeppaPig (button) folded before Flop (didn't bet)
Seat 6: iNeverBluff398 (small blind) folded before Flop



PokerStars Hand #254282153172:  Hold'em No Limit ($0.50/$1.00 USD) - 2025/01/09 19:16:35 WET [2025/01/09 14:16:35 ET]
Table 'Interamnia III' 6-max Seat #6 is the button
Seat 1: Lucastitos ($115.38 in chips) 
Seat 2: franbasualdo10 ($18.17 in chips) 
Seat 3: BGS013 ($206.38 in chips) 
Seat 4: BumHuntKing ($100 in chips) 
Seat 5: ImaPeppaPig ($102.44 in chips) 
Seat 6: iNeverBluff398 ($138.06 in chips) 
Lucastitos: posts small blind $0.50
franbasualdo10: posts big blind $1
*** HOLE CARDS ***
BGS013: folds 
BumHuntKing: folds 
ImaPeppaPig: folds 
iNeverBluff398: raises $1.20 to $2.20
Lucastitos: folds 
franbasualdo10: calls $1.20
*** FLOP *** [Jc 5d 9h]
franbasualdo10: checks 
iNeverBluff398: bets $1.54
franbasualdo10: calls $1.54
*** TURN *** [Jc 5d 9h] [Tc]
franbasualdo10: checks 
iNeverBluff398: checks 
*** RIVER *** [Jc 5d 9h Tc] [Qs]
franbasualdo10: bets $2
iNeverBluff398: calls $2
*** SHOW DOWN ***
franbasualdo10: shows [Th Qd] (two pair, Queens and Tens)
iNeverBluff398: mucks hand 
franbasualdo10 collected $11.38 from pot
*** SUMMARY ***
Total pot $11.98 | Rake $0.60 
Board [Jc 5d 9h Tc Qs]
Seat 1: Lucastitos (small blind) folded before Flop
Seat 2: franbasualdo10 (big blind) showed [Th Qd] and won ($11.38) with two pair, Queens and Tens
Seat 3: BGS013 folded before Flop (didn't bet)
Seat 4: BumHuntKing folded before Flop (didn't bet)
Seat 5: ImaPeppaPig folded before Flop (didn't bet)
Seat 6: iNeverBluff398 (button) mucked



PokerStars Hand #254282162090:  Hold'em No Limit ($0.50/$1.00 USD) - 2025/01/09 19:17:06 WET [2025/01/09 14:17:06 ET]
Table 'Interamnia III' 6-max Seat #1 is the button
Seat 1: Lucastitos ($114.88 in chips) 
Seat 2: franbasualdo10 ($23.81 in chips) 
Seat 3: BGS013 ($206.38 in chips) 
Seat 4: BumHuntKing ($100 in chips) 
Seat 5: ImaPeppaPig ($102.44 in chips) 
Seat 6: iNeverBluff398 ($132.32 in chips) 
franbasualdo10: posts small blind $0.50
BGS013: posts big blind $1
*** HOLE CARDS ***
BumHuntKing: folds 
ImaPeppaPig: folds 
iNeverBluff398: folds 
Lucastitos: folds 
franbasualdo10: folds 
Uncalled bet ($0.50) returned to BGS013
BGS013 collected $1 from pot
BGS013: doesn't show hand 
*** SUMMARY ***
Total pot $1 | Rake $0 
Seat 1: Lucastitos (button) folded before Flop (didn't bet)
Seat 2: franbasualdo10 (small blind) folded before Flop
Seat 3: BGS013 (big blind) collected ($1)
Seat 4: BumHuntKing folded before Flop (didn't bet)
Seat 5: ImaPeppaPig folded before Flop (didn't bet)
Seat 6: iNeverBluff398 folded before Flop (didn't bet)



PokerStars Hand #254282165071:  Hold'em No Limit ($0.50/$1.00 USD) - 2025/01/09 19:17:15 WET [2025/01/09 14:17:15 ET]
Table 'Interamnia III' 6-max Seat #2 is the button
Seat 1: Lucastitos ($114.88 in chips) 
Seat 2: franbasualdo10 ($23.31 in chips) 
Seat 3: BGS013 ($206.88 in chips) 
Seat 4: BumHuntKing ($100 in chips) 
Seat 5: ImaPeppaPig ($102.44 in chips) 
Seat 6: iNeverBluff398 ($132.32 in chips) 
BGS013: posts small blind $0.50
BumHuntKing: posts big blind $1
*** HOLE CARDS ***
ImaPeppaPig: folds 
iNeverBluff398: folds 
Lucastitos: folds 
franbasualdo10: raises $2 to $3
BGS013: folds 
BumHuntKing: folds 
Uncalled bet ($2) returned to franbasualdo10
franbasualdo10 collected $2.50 from pot
*** SUMMARY ***
Total pot $2.50 | Rake $0 
Seat 1: Lucastitos folded before Flop (didn't bet)
Seat 2: franbasualdo10 (button) collected ($2.50)
Seat 3: BGS013 (small blind) folded before Flop
Seat 4: BumHuntKing (big blind) folded before Flop
Seat 5: ImaPeppaPig folded before Flop (didn't bet)
Seat 6: iNeverBluff398 folded before Flop (didn't bet)



PokerStars Hand #254282169357:  Hold'em No Limit ($0.50/$1.00 USD) - 2025/01/09 19:17:29 WET [2025/01/09 14:17:29 ET]
Table 'Interamnia III' 6-max Seat #3 is the button
Seat 1: Lucastitos ($114.88 in chips) 
Seat 2: franbasualdo10 ($24.81 in chips) 
Seat 3: BGS013 ($206.38 in chips) 
Seat 4: BumHuntKing ($100 in chips) 
Seat 5: ImaPeppaPig ($102.44 in chips) 
Seat 6: iNeverBluff398 ($132.32 in chips) 
BumHuntKing: posts small blind $0.50
ImaPeppaPig: posts big blind $1
*** HOLE CARDS ***
iNeverBluff398: folds 
Lucastitos: folds 
franbasualdo10: folds 
BGS013: folds 
BumHuntKing: raises $2 to $3
ImaPeppaPig: folds 
Uncalled bet ($2) returned to BumHuntKing
BumHuntKing collected $2 from pot
BumHuntKing: doesn't show hand 
*** SUMMARY ***
Total pot $2 | Rake $0 
Seat 1: Lucastitos folded before Flop (didn't bet)
Seat 2: franbasualdo10 folded before Flop (didn't bet)
Seat 3: BGS013 (button) folded before Flop (didn't bet)
Seat 4: BumHuntKing (small blind) collected ($2)
Seat 5: ImaPeppaPig (big blind) folded before Flop
Seat 6: iNeverBluff398 folded before Flop (didn't bet)



PokerStars Hand #254282173922:  Hold'em No Limit ($0.50/$1.00 USD) - 2025/01/09 19:17:44 WET [2025/01/09 14:17:44 ET]
Table 'Interamnia III' 6-max Seat #4 is the button
Seat 1: Lucastitos ($114.88 in chips) 
Seat 2: franbasualdo10 ($24.81 in chips) 
Seat 3: BGS013 ($206.38 in chips) 
Seat 4: BumHuntKing ($101 in chips) 
Seat 5: ImaPeppaPig ($101.44 in chips) 
Seat 6: iNeverBluff398 ($132.32 in chips) 
ImaPeppaPig: posts small blind $0.50
iNeverBluff398: posts big blind $1
*** HOLE CARDS ***
Lucastitos: folds 
franbasualdo10: folds 
BGS013: folds 
BumHuntKing: raises $1.50 to $2.50
ImaPeppaPig: folds 
iNeverBluff398: calls $1.50
*** FLOP *** [7h 4h 3d]
iNeverBluff398: checks 
BumHuntKing: bets $1.72
iNeverBluff398: raises $3.28 to $5
BumHuntKing: calls $3.28
*** TURN *** [7h 4h 3d] [9d]
iNeverBluff398: bets $11.04
BumHuntKing: calls $11.04
*** RIVER *** [7h 4h 3d 9d] [6d]
iNeverBluff398: checks 
BumHuntKing: checks 
*** SHOW DOWN ***
iNeverBluff398: shows [8s 8d] (a pair of Eights)
BumHuntKing: shows [Ah 9c] (a pair of Nines)
BumHuntKing collected $35.70 from pot
*** SUMMARY ***
Total pot $37.58 | Rake $1.88 
Board [7h 4h 3d 9d 6d]
Seat 1: Lucastitos folded before Flop (didn't bet)
Seat 2: franbasualdo10 folded before Flop (didn't bet)
Seat 3: BGS013 folded before Flop (didn't bet)
Seat 4: BumHuntKing (button) showed [Ah 9c] and won ($35.70) with a pair of Nines
Seat 5: ImaPeppaPig (small blind) folded before Flop
Seat 6: iNeverBluff398 (big blind) showed [8s 8d] and lost with a pair of Eights



PokerStars Hand #254282184876:  Hold'em No Limit ($0.50/$1.00 USD) - 2025/01/09 19:18:19 WET [2025/01/09 14:18:19 ET]
Table 'Interamnia III' 6-max Seat #5 is the button
Seat 1: Lucastitos ($114.88 in chips) 
Seat 2: franbasualdo10 ($24.81 in chips) 
Seat 3: BGS013 ($206.38 in chips) 
Seat 4: BumHuntKing ($118.16 in chips) 
Seat 5: ImaPeppaPig ($100.94 in chips) 
Seat 6: iNeverBluff398 ($113.78 in chips) 
iNeverBluff398: posts small blind $0.50
Lucastitos: posts big blind $1
*** HOLE CARDS ***
franbasualdo10: folds 
BGS013: folds 
BumHuntKing: raises $1.20 to $2.20
ImaPeppaPig: folds 
iNeverBluff398: folds 
Lucastitos: folds 
Uncalled bet ($1.20) returned to BumHuntKing
BumHuntKing collected $2.50 from pot
BumHuntKing: doesn't show hand 
*** SUMMARY ***
Total pot $2.50 | Rake $0 
Seat 1: Lucastitos (big blind) folded before Flop
Seat 2: franbasualdo10 folded before Flop (didn't bet)
Seat 3: BGS013 folded before Flop (didn't bet)
Seat 4: BumHuntKing collected ($2.50)
Seat 5: ImaPeppaPig (button) folded before Flop (didn't bet)
Seat 6: iNeverBluff398 (small blind) folded before Flop



PokerStars Hand #254282189206:  Hold'em No Limit ($0.50/$1.00 USD) - 2025/01/09 19:18:33 WET [2025/01/09 14:18:33 ET]
Table 'Interamnia III' 6-max Seat #6 is the button
Seat 1: Lucastitos ($113.88 in chips) 
Seat 2: franbasualdo10 ($24.81 in chips) 
Seat 3: BGS013 ($206.38 in chips) 
Seat 4: BumHuntKing ($119.66 in chips) 
Seat 5: ImaPeppaPig ($100.94 in chips) 
Seat 6: iNeverBluff398 ($113.28 in chips) 
Lucastitos: posts small blind $0.50
franbasualdo10: posts big blind $1
*** HOLE CARDS ***
BGS013: folds 
BumHuntKing: folds 
ImaPeppaPig: folds 
iNeverBluff398: raises $1.20 to $2.20
Lucastitos: folds 
franbasualdo10: calls $1.20
*** FLOP *** [4s 8h Jd]
franbasualdo10: checks 
iNeverBluff398: bets $3.50
franbasualdo10: folds 
Uncalled bet ($3.50) returned to iNeverBluff398
iNeverBluff398 collected $4.66 from pot
iNeverBluff398: doesn't show hand 
*** SUMMARY ***
Total pot $4.90 | Rake $0.24 
Board [4s 8h Jd]
Seat 1: Lucastitos (small blind) folded before Flop
Seat 2: franbasualdo10 (big blind) folded on the Flop
Seat 3: BGS013 folded before Flop (didn't bet)
Seat 4: BumHuntKing folded before Flop (didn't bet)
Seat 5: ImaPeppaPig folded before Flop (didn't bet)
Seat 6: iNeverBluff398 (button) collected ($4.66)



PokerStars Hand #254282195339:  Hold'em No Limit ($0.50/$1.00 USD) - 2025/01/09 19:18:53 WET [2025/01/09 14:18:53 ET]
Table 'Interamnia III' 6-max Seat #1 is the button
Seat 1: Lucastitos ($113.38 in chips) 
Seat 2: franbasualdo10 ($22.61 in chips) 
Seat 3: BGS013 ($206.38 in chips) 
Seat 4: BumHuntKing ($119.66 in chips) 
Seat 5: ImaPeppaPig ($100.94 in chips) 
Seat 6: iNeverBluff398 ($115.74 in chips) 
franbasualdo10: posts small blind $0.50
BGS013: posts big blind $1
*** HOLE CARDS ***
BumHuntKing: folds 
ImaPeppaPig: folds 
iNeverBluff398: folds 
Lucastitos: raises $1.40 to $2.40
franbasualdo10: calls $1.90
BGS013: folds 
*** FLOP *** [2h 3s Qc]
franbasualdo10: checks 
Lucastitos: bets $1.49
franbasualdo10: calls $1.49
*** TURN *** [2h 3s Qc] [4s]
franbasualdo10: checks 
Lucastitos: bets $4.17
franbasualdo10: folds 
Uncalled bet ($4.17) returned to Lucastitos
Lucastitos collected $8.34 from pot
Lucastitos: doesn't show hand 
*** SUMMARY ***
Total pot $8.78 | Rake $0.44 
Board [2h 3s Qc 4s]
Seat 1: Lucastitos (button) collected ($8.34)
Seat 2: franbasualdo10 (small blind) folded on the Turn
Seat 3: BGS013 (big blind) folded before Flop
Seat 4: BumHuntKing folded before Flop (didn't bet)
Seat 5: ImaPeppaPig folded before Flop (didn't bet)
Seat 6: iNeverBluff398 folded before Flop (didn't bet)



PokerStars Hand #254282210692:  Hold'em No Limit ($0.50/$1.00 USD) - 2025/01/09 19:19:42 WET [2025/01/09 14:19:42 ET]
Table 'Interamnia III' 6-max Seat #2 is the button
Seat 1: Lucastitos ($117.83 in chips) 
Seat 2: franbasualdo10 ($18.72 in chips) 
Seat 3: BGS013 ($205.38 in chips) 
Seat 4: BumHuntKing ($119.66 in chips) 
Seat 5: ImaPeppaPig ($100.94 in chips) 
Seat 6: iNeverBluff398 ($115.74 in chips) 
BGS013: posts small blind $0.50
BumHuntKing: posts big blind $1
*** HOLE CARDS ***
ImaPeppaPig: folds 
iNeverBluff398: raises $1.20 to $2.20
Lucastitos: folds 
franbasualdo10: folds 
BGS013: folds 
BumHuntKing: folds 
Uncalled bet ($1.20) returned to iNeverBluff398
iNeverBluff398 collected $2.50 from pot
iNeverBluff398: doesn't show hand 
*** SUMMARY ***
Total pot $2.50 | Rake $0 
Seat 1: Lucastitos folded before Flop (didn't bet)
Seat 2: franbasualdo10 (button) folded before Flop (didn't bet)
Seat 3: BGS013 (small blind) folded before Flop
Seat 4: BumHuntKing (big blind) folded before Flop
Seat 5: ImaPeppaPig folded before Flop (didn't bet)
Seat 6: iNeverBluff398 collected ($2.50)



PokerStars Hand #254282214713:  Hold'em No Limit ($0.50/$1.00 USD) - 2025/01/09 19:19:56 WET [2025/01/09 14:19:56 ET]
Table 'Interamnia III' 6-max Seat #3 is the button
Seat 1: Lucastitos ($117.83 in chips) 
Seat 2: franbasualdo10 ($18.72 in chips) 
Seat 3: BGS013 ($204.88 in chips) 
Seat 4: BumHuntKing ($118.66 in chips) 
Seat 5: ImaPeppaPig ($100.94 in chips) 
Seat 6: iNeverBluff398 ($117.24 in chips) 
BumHuntKing: posts small blind $0.50
ImaPeppaPig: posts big blind $1
*** HOLE CARDS ***
iNeverBluff398: folds 
Lucastitos: folds 
franbasualdo10: folds 
BGS013: raises $1.50 to $2.50
BumHuntKing: folds 
ImaPeppaPig: folds 
Uncalled bet ($1.50) returned to BGS013
BGS013 collected $2.50 from pot
BGS013: doesn't show hand 
*** SUMMARY ***
Total pot $2.50 | Rake $0 
Seat 1: Lucastitos folded before Flop (didn't bet)
Seat 2: franbasualdo10 folded before Flop (didn't bet)
Seat 3: BGS013 (button) collected ($2.50)
Seat 4: BumHuntKing (small blind) folded before Flop
Seat 5: ImaPeppaPig (big blind) folded before Flop
Seat 6: iNeverBluff398 folded before Flop (didn't bet)



PokerStars Hand #254282222664:  Hold'em No Limit ($0.50/$1.00 USD) - 2025/01/09 19:20:22 WET [2025/01/09 14:20:22 ET]
Table 'Interamnia III' 6-max Seat #4 is the button
Seat 1: Lucastitos ($117.83 in chips) 
Seat 2: franbasualdo10 ($18.72 in chips) 
Seat 3: BGS013 ($206.38 in chips) 
Seat 4: BumHuntKing ($118.16 in chips) 
Seat 5: ImaPeppaPig ($100 in chips) 
Seat 6: iNeverBluff398 ($117.24 in chips) 
ImaPeppaPig: posts small blind $0.50
iNeverBluff398: posts big blind $1
*** HOLE CARDS ***
Lucastitos: folds 
franbasualdo10: folds 
BGS013: folds 
BumHuntKing: folds 
ImaPeppaPig: folds 
Uncalled bet ($0.50) returned to iNeverBluff398
iNeverBluff398 collected $1 from pot
iNeverBluff398: doesn't show hand 
*** SUMMARY ***
Total pot $1 | Rake $0 
Seat 1: Lucastitos folded before Flop (didn't bet)
Seat 2: franbasualdo10 folded before Flop (didn't bet)
Seat 3: BGS013 folded before Flop (didn't bet)
Seat 4: BumHuntKing (button) folded before Flop (didn't bet)
Seat 5: ImaPeppaPig (small blind) folded before Flop
Seat 6: iNeverBluff398 (big blind) collected ($1)



PokerStars Hand #254282227484:  Hold'em No Limit ($0.50/$1.00 USD) - 2025/01/09 19:20:37 WET [2025/01/09 14:20:37 ET]
Table 'Interamnia III' 6-max Seat #5 is the button
Seat 1: Lucastitos ($117.83 in chips) 
Seat 2: franbasualdo10 ($18.72 in chips) 
Seat 3: BGS013 ($206.38 in chips) 
Seat 4: BumHuntKing ($118.16 in chips) 
Seat 5: ImaPeppaPig ($100 in chips) 
Seat 6: iNeverBluff398 ($117.74 in chips) 
iNeverBluff398: posts small blind $0.50
Lucastitos: posts big blind $1
*** HOLE CARDS ***
franbasualdo10: folds 
BGS013: folds 
BumHuntKing: raises $1.20 to $2.20
ImaPeppaPig: raises $4.80 to $7
iNeverBluff398: folds 
Lucastitos: folds 
BumHuntKing: folds 
Uncalled bet ($4.80) returned to ImaPeppaPig
ImaPeppaPig collected $5.90 from pot
ImaPeppaPig: doesn't show hand 
*** SUMMARY ***
Total pot $5.90 | Rake $0 
Seat 1: Lucastitos (big blind) folded before Flop
Seat 2: franbasualdo10 folded before Flop (didn't bet)
Seat 3: BGS013 folded before Flop (didn't bet)
Seat 4: BumHuntKing folded before Flop
Seat 5: ImaPeppaPig (button) collected ($5.90)
Seat 6: iNeverBluff398 (small blind) folded before Flop



PokerStars Hand #254282234448:  Hold'em No Limit ($0.50/$1.00 USD) - 2025/01/09 19:20:59 WET [2025/01/09 14:20:59 ET]
Table 'Interamnia III' 6-max Seat #6 is the button
Seat 1: Lucastitos ($116.83 in chips) 
Seat 2: franbasualdo10 ($18.72 in chips) 
Seat 3: BGS013 ($206.38 in chips) 
Seat 4: BumHuntKing ($115.96 in chips) 
Seat 5: ImaPeppaPig ($103.70 in chips) 
Seat 6: iNeverBluff398 ($117.24 in chips) 
Lucastitos: posts small blind $0.50
franbasualdo10: posts big blind $1
*** HOLE CARDS ***
BGS013: folds 
BumHuntKing: folds 
ImaPeppaPig: folds 
iNeverBluff398: raises $1.20 to $2.20
Lucastitos: folds 
franbasualdo10: calls $1.20
*** FLOP *** [6s Jc 7d]
franbasualdo10: checks 
iNeverBluff398: bets $3.50
franbasualdo10: folds 
Uncalled bet ($3.50) returned to iNeverBluff398
iNeverBluff398 collected $4.66 from pot
iNeverBluff398: doesn't show hand 
*** SUMMARY ***
Total pot $4.90 | Rake $0.24 
Board [6s Jc 7d]
Seat 1: Lucastitos (small blind) folded before Flop
Seat 2: franbasualdo10 (big blind) folded on the Flop
Seat 3: BGS013 folded before Flop (didn't bet)
Seat 4: BumHuntKing folded before Flop (didn't bet)
Seat 5: ImaPeppaPig folded before Flop (didn't bet)
Seat 6: iNeverBluff398 (button) collected ($4.66)



PokerStars Hand #254282240560:  Hold'em No Limit ($0.50/$1.00 USD) - 2025/01/09 19:21:19 WET [2025/01/09 14:21:19 ET]
Table 'Interamnia III' 6-max Seat #1 is the button
Seat 1: Lucastitos ($116.33 in chips) 
Seat 2: franbasualdo10 ($16.52 in chips) 
Seat 3: BGS013 ($206.38 in chips) 
Seat 4: BumHuntKing ($115.96 in chips) 
Seat 5: ImaPeppaPig ($103.70 in chips) 
Seat 6: iNeverBluff398 ($119.70 in chips) 
franbasualdo10: posts small blind $0.50
BGS013: posts big blind $1
*** HOLE CARDS ***
BumHuntKing: folds 
ImaPeppaPig: folds 
iNeverBluff398: raises $1.20 to $2.20
Lucastitos: folds 
franbasualdo10: calls $1.70
BGS013: folds 
*** FLOP *** [4d Th 4s]
franbasualdo10: checks 
iNeverBluff398: bets $3.85
franbasualdo10: folds 
Uncalled bet ($3.85) returned to iNeverBluff398
iNeverBluff398 collected $5.13 from pot
iNeverBluff398: doesn't show hand 
*** SUMMARY ***
Total pot $5.40 | Rake $0.27 
Board [4d Th 4s]
Seat 1: Lucastitos (button) folded before Flop (didn't bet)
Seat 2: franbasualdo10 (small blind) folded on the Flop
Seat 3: BGS013 (big blind) folded before Flop
Seat 4: BumHuntKing folded before Flop (didn't bet)
Seat 5: ImaPeppaPig folded before Flop (didn't bet)
Seat 6: iNeverBluff398 collected ($5.13)



PokerStars Hand #254282246483:  Hold'em No Limit ($0.50/$1.00 USD) - 2025/01/09 19:21:38 WET [2025/01/09 14:21:38 ET]
Table 'Interamnia III' 6-max Seat #2 is the button
Seat 1: Lucastitos ($116.33 in chips) 
Seat 2: franbasualdo10 ($14.32 in chips) 
Seat 3: BGS013 ($205.38 in chips) 
Seat 4: BumHuntKing ($115.96 in chips) 
Seat 5: ImaPeppaPig ($103.70 in chips) 
Seat 6: iNeverBluff398 ($122.63 in chips) 
BGS013: posts small blind $0.50
BumHuntKing: posts big blind $1
*** HOLE CARDS ***
ImaPeppaPig: folds 
iNeverBluff398: folds 
Lucastitos: folds 
franbasualdo10: folds 
BGS013: folds 
Uncalled bet ($0.50) returned to BumHuntKing
BumHuntKing collected $1 from pot
BumHuntKing: doesn't show hand 
*** SUMMARY ***
Total pot $1 | Rake $0 
Seat 1: Lucastitos folded before Flop (didn't bet)
Seat 2: franbasualdo10 (button) folded before Flop (didn't bet)
Seat 3: BGS013 (small blind) folded before Flop
Seat 4: BumHuntKing (big blind) collected ($1)
Seat 5: ImaPeppaPig folded before Flop (didn't bet)
Seat 6: iNeverBluff398 folded before Flop (didn't bet)



PokerStars Hand #254282249468:  Hold'em No Limit ($0.50/$1.00 USD) - 2025/01/09 19:21:48 WET [2025/01/09 14:21:48 ET]
Table 'Interamnia III' 6-max Seat #3 is the button
Seat 1: Lucastitos ($116.33 in chips) 
Seat 2: franbasualdo10 ($14.32 in chips) 
Seat 3: BGS013 ($204.88 in chips) 
Seat 4: BumHuntKing ($116.46 in chips) 
Seat 5: ImaPeppaPig ($103.70 in chips) 
Seat 6: iNeverBluff398 ($122.63 in chips) 
BumHuntKing: posts small blind $0.50
ImaPeppaPig: posts big blind $1
*** HOLE CARDS ***
iNeverBluff398: folds 
Lucastitos: folds 
franbasualdo10: raises $2 to $3
BGS013: folds 
BumHuntKing: raises $11.50 to $14.50
ImaPeppaPig: folds 
franbasualdo10: calls $11.32 and is all-in
Uncalled bet ($0.18) returned to BumHuntKing
*** FLOP *** [Th 2d Jd]
*** TURN *** [Th 2d Jd] [Jh]
*** RIVER *** [Th 2d Jd Jh] [4s]
*** SHOW DOWN ***
BumHuntKing: shows [9s 9h] (two pair, Jacks and Nines)
franbasualdo10: shows [6h As] (a pair of Jacks)
BumHuntKing collected $28.16 from pot
*** SUMMARY ***
Total pot $29.64 | Rake $1.48 
Board [Th 2d Jd Jh 4s]
Seat 1: Lucastitos folded before Flop (didn't bet)
Seat 2: franbasualdo10 showed [6h As] and lost with a pair of Jacks
Seat 3: BGS013 (button) folded before Flop (didn't bet)
Seat 4: BumHuntKing (small blind) showed [9s 9h] and won ($28.16) with two pair, Jacks and Nines
Seat 5: ImaPeppaPig (big blind) folded before Flop
Seat 6: iNeverBluff398 folded before Flop (didn't bet)



PokerStars Hand #254282258069:  Hold'em No Limit ($0.50/$1.00 USD) - 2025/01/09 19:22:17 WET [2025/01/09 14:22:17 ET]
Table 'Interamnia III' 6-max Seat #4 is the button
Seat 2: franbasualdo10 ($0 in chips) is sitting out
Seat 1: Lucastitos ($116.33 in chips) 
Seat 3: BGS013 ($204.88 in chips) 
Seat 4: BumHuntKing ($130.30 in chips) 
Seat 5: ImaPeppaPig ($102.70 in chips) 
Seat 6: iNeverBluff398 ($122.63 in chips) 
ImaPeppaPig: posts small blind $0.50
iNeverBluff398: posts big blind $1
*** HOLE CARDS ***
Lucastitos: folds 
BGS013: folds 
BumHuntKing: raises $1.50 to $2.50
ImaPeppaPig: folds 
iNeverBluff398: raises $8.50 to $11
franbasualdo10 leaves the table
BumHuntKing: folds 
Uncalled bet ($8.50) returned to iNeverBluff398
iNeverBluff398 collected $5.50 from pot
iNeverBluff398: doesn't show hand 
*** SUMMARY ***
Total pot $5.50 | Rake $0 
Seat 2: franbasualdo10
Seat 1: Lucastitos folded before Flop (didn't bet)
Seat 3: BGS013 folded before Flop (didn't bet)
Seat 4: BumHuntKing (button) folded before Flop
Seat 5: ImaPeppaPig (small blind) folded before Flop
Seat 6: iNeverBluff398 (big blind) collected ($5.50)



PokerStars Hand #254282266912:  Hold'em No Limit ($0.50/$1.00 USD) - 2025/01/09 19:22:46 WET [2025/01/09 14:22:46 ET]
Table 'Interamnia III' 6-max Seat #5 is the button
Seat 1: Lucastitos ($116.33 in chips) 
Seat 3: BGS013 ($204.88 in chips) 
Seat 4: BumHuntKing ($127.80 in chips) 
Seat 5: ImaPeppaPig ($102.20 in chips) 
Seat 6: iNeverBluff398 ($125.63 in chips) 
iNeverBluff398: posts small blind $0.50
Lucastitos: posts big blind $1
*** HOLE CARDS ***
BGS013: raises $1 to $2
BumHuntKing: raises $4.50 to $6.50
ImaPeppaPig: folds 
iNeverBluff398: folds 
Lucastitos: folds 
BGS013: folds 
Uncalled bet ($4.50) returned to BumHuntKing
BumHuntKing collected $5.50 from pot
BumHuntKing: doesn't show hand 
*** SUMMARY ***
Total pot $5.50 | Rake $0 
Seat 1: Lucastitos (big blind) folded before Flop
Seat 3: BGS013 folded before Flop
Seat 4: BumHuntKing collected ($5.50)
Seat 5: ImaPeppaPig (button) folded before Flop (didn't bet)
Seat 6: iNeverBluff398 (small blind) folded before Flop



PokerStars Hand #254282275697:  Hold'em No Limit ($0.50/$1.00 USD) - 2025/01/09 19:23:15 WET [2025/01/09 14:23:15 ET]
Table 'Interamnia III' 6-max Seat #6 is the button
Seat 1: Lucastitos ($115.33 in chips) 
Seat 3: BGS013 ($202.88 in chips) 
Seat 4: BumHuntKing ($131.30 in chips) 
Seat 5: ImaPeppaPig ($102.20 in chips) 
Seat 6: iNeverBluff398 ($125.13 in chips) 
Lucastitos: posts small blind $0.50
BGS013: posts big blind $1
*** HOLE CARDS ***
BumHuntKing: raises $1.20 to $2.20
ImaPeppaPig: folds 
iNeverBluff398: folds 
Lucastitos: folds 
BGS013: folds 
Uncalled bet ($1.20) returned to BumHuntKing
BumHuntKing collected $2.50 from pot
BumHuntKing: doesn't show hand 
*** SUMMARY ***
Total pot $2.50 | Rake $0 
Seat 1: Lucastitos (small blind) folded before Flop
Seat 3: BGS013 (big blind) folded before Flop
Seat 4: BumHuntKing collected ($2.50)
Seat 5: ImaPeppaPig folded before Flop (didn't bet)
Seat 6: iNeverBluff398 (button) folded before Flop (didn't bet)



PokerStars Hand #254282280885:  Hold'em No Limit ($0.50/$1.00 USD) - 2025/01/09 19:23:32 WET [2025/01/09 14:23:32 ET]
Table 'Interamnia III' 6-max Seat #1 is the button
Seat 4: BumHuntKing ($132.80 in chips) is sitting out
Seat 1: Lucastitos ($114.83 in chips) 
Seat 3: BGS013 ($201.88 in chips) 
Seat 5: ImaPeppaPig ($102.20 in chips) 
Seat 6: iNeverBluff398 ($125.13 in chips) 
BGS013: posts small blind $0.50
BumHuntKing: is sitting out 
ImaPeppaPig: posts big blind $1
*** HOLE CARDS ***
iNeverBluff398: folds 
Lucastitos: folds 
BumHuntKing leaves the table
BGS013: folds 
Uncalled bet ($0.50) returned to ImaPeppaPig
ImaPeppaPig collected $1 from pot
ImaPeppaPig: doesn't show hand 
*** SUMMARY ***
Total pot $1 | Rake $0 
Seat 4: BumHuntKing
Seat 1: Lucastitos (button) folded before Flop (didn't bet)
Seat 3: BGS013 (small blind) folded before Flop
Seat 5: ImaPeppaPig (big blind) collected ($1)
Seat 6: iNeverBluff398 folded before Flop (didn't bet)



