PokerStars Hand #254278984746:  Hold'em No Limit ($0.50/$1.00 USD) - 2025/01/09 15:55:52 WET [2025/01/09 10:55:52 ET]
Table 'Isolda III' 6-max Seat #1 is the button
Seat 3: InteRRio ($92.69 in chips) is sitting out
Seat 1: ru_ruu_ru ($100 in chips) 
Seat 2: ligeti lajos ($58.40 in chips) 
Seat 4: worker0k ($104.04 in chips) 
Seat 5: easy_sarcasm ($109.55 in chips) 
Seat 6: mr.Jckpot ($100 in chips) 
ligeti lajos: posts small blind $0.50
InteRRio: is sitting out 
worker0k: posts big blind $1
*** HOLE CARDS ***
easy_sarcasm: folds 
mr.Jckpot: raises $1.50 to $2.50
ru_ruu_ru: folds 
ligeti lajos: calls $2
worker0k: folds 
*** FLOP *** [Qh 7s 6c]
ligeti lajos: checks 
mr.Jckpot: bets $1.88
ligeti lajos: calls $1.88
*** TURN *** [Qh 7s 6c] [4d]
ligeti lajos: checks 
mr.Jckpot: checks 
*** RIVER *** [Qh 7s 6c 4d] [Ac]
ligeti lajos: checks 
mr.Jckpot: bets $5.10
ligeti lajos: folds 
Uncalled bet ($5.10) returned to mr.Jckpot
mr.Jckpot collected $9.27 from pot
mr.Jckpot: doesn't show hand 
*** SUMMARY ***
Total pot $9.76 | Rake $0.49 
Board [Qh 7s 6c 4d Ac]
Seat 3: InteRRio
Seat 1: ru_ruu_ru (button) folded before Flop (didn't bet)
Seat 2: ligeti lajos (small blind) folded on the River
Seat 4: worker0k (big blind) folded before Flop
Seat 5: easy_sarcasm folded before Flop (didn't bet)
Seat 6: mr.Jckpot collected ($9.27)



PokerStars Hand #254278990468:  Hold'em No Limit ($0.50/$1.00 USD) - 2025/01/09 15:56:26 WET [2025/01/09 10:56:26 ET]
Table 'Isolda III' 6-max Seat #2 is the button
Seat 3: InteRRio ($92.69 in chips) is sitting out
Seat 1: ru_ruu_ru ($100 in chips) 
Seat 2: ligeti lajos ($54.02 in chips) 
Seat 4: worker0k ($103.04 in chips) 
Seat 5: easy_sarcasm ($109.55 in chips) 
Seat 6: mr.Jckpot ($104.89 in chips) 
worker0k: posts small blind $0.50
easy_sarcasm: posts big blind $1
*** HOLE CARDS ***
mr.Jckpot: raises $1.50 to $2.50
ru_ruu_ru: folds 
ligeti lajos: calls $2.50
worker0k: folds 
easy_sarcasm: folds 
*** FLOP *** [5c 2h 4h]
mr.Jckpot: bets $2.04
ligeti lajos: calls $2.04
*** TURN *** [5c 2h 4h] [Js]
mr.Jckpot: checks 
ligeti lajos: bets $5.03
mr.Jckpot: folds 
Uncalled bet ($5.03) returned to ligeti lajos
ligeti lajos collected $10.05 from pot
ligeti lajos: doesn't show hand 
*** SUMMARY ***
Total pot $10.58 | Rake $0.53 
Board [5c 2h 4h Js]
Seat 3: InteRRio
Seat 1: ru_ruu_ru folded before Flop (didn't bet)
Seat 2: ligeti lajos (button) collected ($10.05)
Seat 4: worker0k (small blind) folded before Flop
Seat 5: easy_sarcasm (big blind) folded before Flop
Seat 6: mr.Jckpot folded on the Turn



PokerStars Hand #254278994391:  Hold'em No Limit ($0.50/$1.00 USD) - 2025/01/09 15:56:49 WET [2025/01/09 10:56:49 ET]
Table 'Isolda III' 6-max Seat #4 is the button
Seat 3: InteRRio ($92.69 in chips) is sitting out
Seat 1: ru_ruu_ru ($100 in chips) 
Seat 2: ligeti lajos ($59.53 in chips) 
Seat 4: worker0k ($102.54 in chips) 
Seat 5: easy_sarcasm ($108.55 in chips) 
Seat 6: mr.Jckpot ($100.35 in chips) 
easy_sarcasm: posts small blind $0.50
mr.Jckpot: posts big blind $1
*** HOLE CARDS ***
ru_ruu_ru: folds 
ligeti lajos: calls $1
worker0k: folds 
easy_sarcasm: folds 
mr.Jckpot: checks 
*** FLOP *** [As Ad 9h]
mr.Jckpot: checks 
ligeti lajos: bets $2.38
mr.Jckpot: folds 
Uncalled bet ($2.38) returned to ligeti lajos
ligeti lajos collected $2.38 from pot
ligeti lajos: doesn't show hand 
*** SUMMARY ***
Total pot $2.50 | Rake $0.12 
Board [As Ad 9h]
Seat 3: InteRRio
Seat 1: ru_ruu_ru folded before Flop (didn't bet)
Seat 2: ligeti lajos collected ($2.38)
Seat 4: worker0k (button) folded before Flop (didn't bet)
Seat 5: easy_sarcasm (small blind) folded before Flop
Seat 6: mr.Jckpot (big blind) folded on the Flop



PokerStars Hand #254278997283:  Hold'em No Limit ($0.50/$1.00 USD) - 2025/01/09 15:57:05 WET [2025/01/09 10:57:05 ET]
Table 'Isolda III' 6-max Seat #5 is the button
Seat 3: InteRRio ($92.69 in chips) is sitting out
Seat 1: ru_ruu_ru ($100 in chips) 
Seat 2: ligeti lajos ($60.91 in chips) 
Seat 4: worker0k ($102.54 in chips) 
Seat 5: easy_sarcasm ($108.05 in chips) 
Seat 6: mr.Jckpot ($100 in chips) 
mr.Jckpot: posts small blind $0.50
ru_ruu_ru: posts big blind $1
*** HOLE CARDS ***
ligeti lajos: folds 
worker0k: folds 
easy_sarcasm: raises $1.20 to $2.20
mr.Jckpot: folds 
ru_ruu_ru: raises $9.80 to $12
easy_sarcasm: folds 
Uncalled bet ($9.80) returned to ru_ruu_ru
ru_ruu_ru collected $4.90 from pot
ru_ruu_ru: doesn't show hand 
*** SUMMARY ***
Total pot $4.90 | Rake $0 
Seat 3: InteRRio
Seat 1: ru_ruu_ru (big blind) collected ($4.90)
Seat 2: ligeti lajos folded before Flop (didn't bet)
Seat 4: worker0k folded before Flop (didn't bet)
Seat 5: easy_sarcasm (button) folded before Flop
Seat 6: mr.Jckpot (small blind) folded before Flop



PokerStars Hand #254279000550:  Hold'em No Limit ($0.50/$1.00 USD) - 2025/01/09 15:57:24 WET [2025/01/09 10:57:24 ET]
Table 'Isolda III' 6-max Seat #6 is the button
Seat 3: InteRRio ($92.69 in chips) is sitting out
Seat 1: ru_ruu_ru ($102.70 in chips) 
Seat 2: ligeti lajos ($60.91 in chips) 
Seat 4: worker0k ($102.54 in chips) 
Seat 5: easy_sarcasm ($105.85 in chips) 
Seat 6: mr.Jckpot ($100 in chips) 
ru_ruu_ru: posts small blind $0.50
ligeti lajos: posts big blind $1
*** HOLE CARDS ***
worker0k: folds 
easy_sarcasm: folds 
mr.Jckpot: folds 
ru_ruu_ru: raises $1 to $2
ligeti lajos: calls $1
*** FLOP *** [Qd Ah Qs]
ru_ruu_ru: bets $1.25
ligeti lajos: calls $1.25
*** TURN *** [Qd Ah Qs] [Tc]
ru_ruu_ru: checks 
ligeti lajos: bets $6.18
ru_ruu_ru: folds 
Uncalled bet ($6.18) returned to ligeti lajos
ligeti lajos collected $6.18 from pot
ligeti lajos: doesn't show hand 
*** SUMMARY ***
Total pot $6.50 | Rake $0.32 
Board [Qd Ah Qs Tc]
Seat 3: InteRRio
Seat 1: ru_ruu_ru (small blind) folded on the Turn
Seat 2: ligeti lajos (big blind) collected ($6.18)
Seat 4: worker0k folded before Flop (didn't bet)
Seat 5: easy_sarcasm folded before Flop (didn't bet)
Seat 6: mr.Jckpot (button) folded before Flop (didn't bet)



PokerStars Hand #254279008222:  Hold'em No Limit ($0.50/$1.00 USD) - 2025/01/09 15:58:09 WET [2025/01/09 10:58:09 ET]
Table 'Isolda III' 6-max Seat #1 is the button
Seat 3: InteRRio ($92.69 in chips) is sitting out
Seat 1: ru_ruu_ru ($100 in chips) 
Seat 2: ligeti lajos ($63.84 in chips) 
Seat 4: worker0k ($102.54 in chips) 
Seat 5: easy_sarcasm ($105.85 in chips) 
Seat 6: mr.Jckpot ($100 in chips) 
ligeti lajos: posts small blind $0.50
worker0k: posts big blind $1
*** HOLE CARDS ***
easy_sarcasm: folds 
mr.Jckpot: folds 
ru_ruu_ru: raises $1.50 to $2.50
ligeti lajos: folds 
worker0k: calls $1.50
*** FLOP *** [8c Qs 9c]
worker0k: checks 
ru_ruu_ru: bets $3.45
worker0k: folds 
Uncalled bet ($3.45) returned to ru_ruu_ru
ru_ruu_ru collected $5.22 from pot
ru_ruu_ru: doesn't show hand 
*** SUMMARY ***
Total pot $5.50 | Rake $0.28 
Board [8c Qs 9c]
Seat 3: InteRRio
Seat 1: ru_ruu_ru (button) collected ($5.22)
Seat 2: ligeti lajos (small blind) folded before Flop
Seat 4: worker0k (big blind) folded on the Flop
Seat 5: easy_sarcasm folded before Flop (didn't bet)
Seat 6: mr.Jckpot folded before Flop (didn't bet)



PokerStars Hand #254279014181:  Hold'em No Limit ($0.50/$1.00 USD) - 2025/01/09 15:58:43 WET [2025/01/09 10:58:43 ET]
Table 'Isolda III' 6-max Seat #2 is the button
Seat 3: InteRRio ($92.69 in chips) is sitting out
Seat 1: ru_ruu_ru ($102.72 in chips) 
Seat 2: ligeti lajos ($63.34 in chips) 
Seat 4: worker0k ($100.04 in chips) 
Seat 5: easy_sarcasm ($105.85 in chips) 
Seat 6: mr.Jckpot ($100 in chips) 
worker0k: posts small blind $0.50
easy_sarcasm: posts big blind $1
*** HOLE CARDS ***
mr.Jckpot: raises $1.50 to $2.50
ru_ruu_ru: folds 
ligeti lajos: calls $2.50
worker0k: folds 
easy_sarcasm: calls $1.50
*** FLOP *** [Ah As Th]
easy_sarcasm: checks 
mr.Jckpot: bets $3
ligeti lajos: folds 
easy_sarcasm: folds 
Uncalled bet ($3) returned to mr.Jckpot
mr.Jckpot collected $7.60 from pot
mr.Jckpot: doesn't show hand 
*** SUMMARY ***
Total pot $8 | Rake $0.40 
Board [Ah As Th]
Seat 3: InteRRio
Seat 1: ru_ruu_ru folded before Flop (didn't bet)
Seat 2: ligeti lajos (button) folded on the Flop
Seat 4: worker0k (small blind) folded before Flop
Seat 5: easy_sarcasm (big blind) folded on the Flop
Seat 6: mr.Jckpot collected ($7.60)



PokerStars Hand #254279057169:  Hold'em No Limit ($0.50/$1.00 USD) - 2025/01/09 16:02:25 WET [2025/01/09 11:02:25 ET]
Table 'Isolda III' 6-max Seat #4 is the button
Seat 1: ru_ruu_ru ($100 in chips) 
Seat 2: ligeti lajos ($77.11 in chips) 
Seat 3: InteRRio ($93.69 in chips) 
Seat 4: worker0k ($100 in chips) 
Seat 5: easy_sarcasm ($100 in chips) 
Seat 6: mr.Jckpot ($102.40 in chips) 
easy_sarcasm: posts small blind $0.50
mr.Jckpot: posts big blind $1
*** HOLE CARDS ***
ru_ruu_ru: folds 
ligeti lajos: calls $1
InteRRio: folds 
worker0k: folds 
easy_sarcasm: raises $3.50 to $4.50
mr.Jckpot: folds 
ligeti lajos: folds 
Uncalled bet ($3.50) returned to easy_sarcasm
easy_sarcasm collected $3 from pot
*** SUMMARY ***
Total pot $3 | Rake $0 
Seat 1: ru_ruu_ru folded before Flop (didn't bet)
Seat 2: ligeti lajos folded before Flop
Seat 3: InteRRio folded before Flop (didn't bet)
Seat 4: worker0k (button) folded before Flop (didn't bet)
Seat 5: easy_sarcasm (small blind) collected ($3)
Seat 6: mr.Jckpot (big blind) folded before Flop



PokerStars Hand #254279061101:  Hold'em No Limit ($0.50/$1.00 USD) - 2025/01/09 16:02:43 WET [2025/01/09 11:02:43 ET]
Table 'Isolda III' 6-max Seat #5 is the button
Seat 1: ru_ruu_ru ($100 in chips) 
Seat 2: ligeti lajos ($76.11 in chips) 
Seat 3: InteRRio ($93.69 in chips) 
Seat 4: worker0k ($100 in chips) 
Seat 5: easy_sarcasm ($102 in chips) 
Seat 6: mr.Jckpot ($101.40 in chips) 
mr.Jckpot: posts small blind $0.50
ru_ruu_ru: posts big blind $1
*** HOLE CARDS ***
ligeti lajos: folds 
InteRRio: folds 
worker0k: raises $1.30 to $2.30
easy_sarcasm: folds 
mr.Jckpot: raises $9.70 to $12
ru_ruu_ru: folds 
worker0k: folds 
Uncalled bet ($9.70) returned to mr.Jckpot
mr.Jckpot collected $5.60 from pot
mr.Jckpot: doesn't show hand 
*** SUMMARY ***
Total pot $5.60 | Rake $0 
Seat 1: ru_ruu_ru (big blind) folded before Flop
Seat 2: ligeti lajos folded before Flop (didn't bet)
Seat 3: InteRRio folded before Flop (didn't bet)
Seat 4: worker0k folded before Flop
Seat 5: easy_sarcasm (button) folded before Flop (didn't bet)
Seat 6: mr.Jckpot (small blind) collected ($5.60)



PokerStars Hand #254279064542:  Hold'em No Limit ($0.50/$1.00 USD) - 2025/01/09 16:02:58 WET [2025/01/09 11:02:58 ET]
Table 'Isolda III' 6-max Seat #6 is the button
Seat 1: ru_ruu_ru ($100 in chips) 
Seat 2: ligeti lajos ($76.11 in chips) 
Seat 3: InteRRio ($93.69 in chips) 
Seat 4: worker0k ($100 in chips) 
Seat 5: easy_sarcasm ($102 in chips) 
Seat 6: mr.Jckpot ($104.70 in chips) 
ru_ruu_ru: posts small blind $0.50
ligeti lajos: posts big blind $1
*** HOLE CARDS ***
InteRRio: folds 
worker0k: folds 
easy_sarcasm: folds 
mr.Jckpot: folds 
ru_ruu_ru: folds 
Uncalled bet ($0.50) returned to ligeti lajos
ligeti lajos collected $1 from pot
ligeti lajos: doesn't show hand 
*** SUMMARY ***
Total pot $1 | Rake $0 
Seat 1: ru_ruu_ru (small blind) folded before Flop
Seat 2: ligeti lajos (big blind) collected ($1)
Seat 3: InteRRio folded before Flop (didn't bet)
Seat 4: worker0k folded before Flop (didn't bet)
Seat 5: easy_sarcasm folded before Flop (didn't bet)
Seat 6: mr.Jckpot (button) folded before Flop (didn't bet)



PokerStars Hand #254279067925:  Hold'em No Limit ($0.50/$1.00 USD) - 2025/01/09 16:03:13 WET [2025/01/09 11:03:13 ET]
Table 'Isolda III' 6-max Seat #1 is the button
Seat 1: ru_ruu_ru ($100 in chips) 
Seat 2: ligeti lajos ($76.61 in chips) 
Seat 3: InteRRio ($93.69 in chips) 
Seat 4: worker0k ($100 in chips) 
Seat 5: easy_sarcasm ($102 in chips) 
Seat 6: mr.Jckpot ($104.70 in chips) 
ligeti lajos: posts small blind $0.50
InteRRio: posts big blind $1
*** HOLE CARDS ***
worker0k: folds 
easy_sarcasm: folds 
mr.Jckpot: raises $1.50 to $2.50
ru_ruu_ru: folds 
ligeti lajos: calls $2
InteRRio: calls $1.50
*** FLOP *** [4h 3c 8c]
ligeti lajos: checks 
InteRRio: checks 
mr.Jckpot: checks 
*** TURN *** [4h 3c 8c] [5c]
ligeti lajos: bets $3.56
InteRRio: calls $3.56
mr.Jckpot: folds 
*** RIVER *** [4h 3c 8c 5c] [4c]
ligeti lajos: checks 
InteRRio: checks 
*** SHOW DOWN ***
ligeti lajos: shows [8s Ts] (two pair, Eights and Fours)
InteRRio: shows [8d Qd] (two pair, Eights and Fours - Queen kicker)
InteRRio collected $13.89 from pot
*** SUMMARY ***
Total pot $14.62 | Rake $0.73 
Board [4h 3c 8c 5c 4c]
Seat 1: ru_ruu_ru (button) folded before Flop (didn't bet)
Seat 2: ligeti lajos (small blind) showed [8s Ts] and lost with two pair, Eights and Fours
Seat 3: InteRRio (big blind) showed [8d Qd] and won ($13.89) with two pair, Eights and Fours
Seat 4: worker0k folded before Flop (didn't bet)
Seat 5: easy_sarcasm folded before Flop (didn't bet)
Seat 6: mr.Jckpot folded on the Turn



PokerStars Hand #254279078295:  Hold'em No Limit ($0.50/$1.00 USD) - 2025/01/09 16:03:59 WET [2025/01/09 11:03:59 ET]
Table 'Isolda III' 6-max Seat #2 is the button
Seat 1: ru_ruu_ru ($100 in chips) 
Seat 2: ligeti lajos ($70.55 in chips) 
Seat 3: InteRRio ($101.52 in chips) 
Seat 4: worker0k ($100 in chips) 
Seat 5: easy_sarcasm ($102 in chips) 
Seat 6: mr.Jckpot ($102.20 in chips) 
InteRRio: posts small blind $0.50
worker0k: posts big blind $1
*** HOLE CARDS ***
easy_sarcasm: folds 
mr.Jckpot: raises $1.50 to $2.50
ru_ruu_ru: raises $5 to $7.50
ligeti lajos: calls $7.50
InteRRio: folds 
worker0k: folds 
mr.Jckpot: folds 
*** FLOP *** [3h 7s 5h]
ru_ruu_ru: bets $9.03
ligeti lajos: calls $9.03
*** TURN *** [3h 7s 5h] [9c]
ru_ruu_ru: bets $29.93
ligeti lajos: calls $29.93
*** RIVER *** [3h 7s 5h 9c] [9d]
ru_ruu_ru: bets $47.21
ligeti lajos: calls $24.09 and is all-in
Uncalled bet ($23.12) returned to ru_ruu_ru
*** SHOW DOWN ***
ru_ruu_ru: shows [Kh Kd] (two pair, Kings and Nines)
ligeti lajos: shows [8s 8h] (two pair, Nines and Eights)
ru_ruu_ru collected $142.60 from pot
*** SUMMARY ***
Total pot $145.10 | Rake $2.50 
Board [3h 7s 5h 9c 9d]
Seat 1: ru_ruu_ru showed [Kh Kd] and won ($142.60) with two pair, Kings and Nines
Seat 2: ligeti lajos (button) showed [8s 8h] and lost with two pair, Nines and Eights
Seat 3: InteRRio (small blind) folded before Flop
Seat 4: worker0k (big blind) folded before Flop
Seat 5: easy_sarcasm folded before Flop (didn't bet)
Seat 6: mr.Jckpot folded before Flop



PokerStars Hand #254279089542:  Hold'em No Limit ($0.50/$1.00 USD) - 2025/01/09 16:04:48 WET [2025/01/09 11:04:48 ET]
Table 'Isolda III' 6-max Seat #3 is the button
Seat 2: ligeti lajos ($0 in chips) is sitting out
Seat 1: ru_ruu_ru ($172.05 in chips) 
Seat 3: InteRRio ($101.02 in chips) 
Seat 4: worker0k ($100 in chips) 
Seat 5: easy_sarcasm ($102 in chips) 
Seat 6: mr.Jckpot ($100 in chips) 
worker0k: posts small blind $0.50
easy_sarcasm: posts big blind $1
*** HOLE CARDS ***
mr.Jckpot: folds 
ligeti lajos leaves the table
ru_ruu_ru: folds 
InteRRio: folds 
worker0k: raises $1.50 to $2.50
easy_sarcasm: raises $6.50 to $9
worker0k: folds 
Uncalled bet ($6.50) returned to easy_sarcasm
easy_sarcasm collected $5 from pot
*** SUMMARY ***
Total pot $5 | Rake $0 
Seat 2: ligeti lajos
Seat 1: ru_ruu_ru folded before Flop (didn't bet)
Seat 3: InteRRio (button) folded before Flop (didn't bet)
Seat 4: worker0k (small blind) folded before Flop
Seat 5: easy_sarcasm (big blind) collected ($5)
Seat 6: mr.Jckpot folded before Flop (didn't bet)



PokerStars Hand #254279096147:  Hold'em No Limit ($0.50/$1.00 USD) - 2025/01/09 16:05:17 WET [2025/01/09 11:05:17 ET]
Table 'Isolda III' 6-max Seat #4 is the button
Seat 6: mr.Jckpot ($100 in chips) is sitting out
Seat 1: ru_ruu_ru ($172.05 in chips) 
Seat 3: InteRRio ($101.02 in chips) 
Seat 4: worker0k ($100 in chips) 
Seat 5: easy_sarcasm ($104.50 in chips) 
easy_sarcasm: posts small blind $0.50
mr.Jckpot: is sitting out 
ru_ruu_ru: posts big blind $1
*** HOLE CARDS ***
InteRRio: raises $1.50 to $2.50
worker0k: folds 
mr.Jckpot leaves the table
easy_sarcasm: folds 
ru_ruu_ru: folds 
Uncalled bet ($1.50) returned to InteRRio
InteRRio collected $2.50 from pot
InteRRio: doesn't show hand 
*** SUMMARY ***
Total pot $2.50 | Rake $0 
Seat 6: mr.Jckpot
Seat 1: ru_ruu_ru (big blind) folded before Flop
Seat 3: InteRRio collected ($2.50)
Seat 4: worker0k (button) folded before Flop (didn't bet)
Seat 5: easy_sarcasm (small blind) folded before Flop



