PokerStars Hand #254275227255:  Hold'em No Limit ($0.50/$1.00 USD) - 2025/01/09 8:43:51 WET [2025/01/09 3:43:51 ET]
Table 'Smuts II' 6-max Seat #5 is the button
Seat 1: b2k-Snick ($101.50 in chips) 
Seat 2: Emily_GetMan ($100 in chips) 
Seat 3: Banfield1997 ($172.02 in chips) 
Seat 4: blistein ($116.25 in chips) 
Seat 5: fobot21 ($119.79 in chips) 
Seat 6: bulhakau ($100 in chips) 
bulhakau: posts small blind $0.50
b2k-Snick: posts big blind $1
*** HOLE CARDS ***
Emily_GetMan: raises $1 to $2
Banfield1997: calls $2
blistein: folds 
fobot21: folds 
bulhakau: folds 
b2k-Snick: folds 
*** FLOP *** [Th Qs 6s]
Emily_GetMan: bets $3.45
Banfield1997: calls $3.45
*** TURN *** [Th Qs 6s] [5c]
Emily_GetMan: checks 
Banfield1997: bets $5
Emily_GetMan: raises $12.50 to $17.50
Banfield1997: calls $12.50
*** RIVER *** [Th Qs 6s 5c] [4d]
Emily_GetMan: bets $29.72
Banfield1997: calls $29.72
*** SHOW DOWN ***
Emily_GetMan: shows [Kh Ks] (a pair of Kings)
Banfield1997: mucks hand 
Emily_GetMan collected $104.34 from pot
*** SUMMARY ***
Total pot $106.84 | Rake $2.50 
Board [Th Qs 6s 5c 4d]
Seat 1: b2k-Snick (big blind) folded before Flop
Seat 2: Emily_GetMan showed [Kh Ks] and won ($104.34) with a pair of Kings
Seat 3: Banfield1997 mucked
Seat 4: blistein folded before Flop (didn't bet)
Seat 5: fobot21 (button) folded before Flop (didn't bet)
Seat 6: bulhakau (small blind) folded before Flop



PokerStars Hand #254275231868:  Hold'em No Limit ($0.50/$1.00 USD) - 2025/01/09 8:44:44 WET [2025/01/09 3:44:44 ET]
Table 'Smuts II' 6-max Seat #6 is the button
Seat 1: b2k-Snick ($100.50 in chips) 
Seat 2: Emily_GetMan ($151.67 in chips) 
Seat 3: Banfield1997 ($119.35 in chips) 
Seat 4: blistein ($116.25 in chips) 
Seat 5: fobot21 ($119.79 in chips) 
Seat 6: bulhakau ($100 in chips) 
b2k-Snick: posts small blind $0.50
Emily_GetMan: posts big blind $1
*** HOLE CARDS ***
Banfield1997: folds 
blistein: raises $1.20 to $2.20
fobot21: folds 
bulhakau: calls $2.20
b2k-Snick: folds 
Emily_GetMan: folds 
*** FLOP *** [Ts As 9c]
blistein: checks 
bulhakau: checks 
*** TURN *** [Ts As 9c] [3d]
blistein: checks 
bulhakau: checks 
*** RIVER *** [Ts As 9c 3d] [Jh]
blistein: checks 
bulhakau: checks 
*** SHOW DOWN ***
blistein: shows [Td Qd] (a pair of Tens)
bulhakau: mucks hand 
blistein collected $5.60 from pot
*** SUMMARY ***
Total pot $5.90 | Rake $0.30 
Board [Ts As 9c 3d Jh]
Seat 1: b2k-Snick (small blind) folded before Flop
Seat 2: Emily_GetMan (big blind) folded before Flop
Seat 3: Banfield1997 folded before Flop (didn't bet)
Seat 4: blistein showed [Td Qd] and won ($5.60) with a pair of Tens
Seat 5: fobot21 folded before Flop (didn't bet)
Seat 6: bulhakau (button) mucked



PokerStars Hand #254275237537:  Hold'em No Limit ($0.50/$1.00 USD) - 2025/01/09 8:45:51 WET [2025/01/09 3:45:51 ET]
Table 'Smuts II' 6-max Seat #1 is the button
Seat 1: b2k-Snick ($100 in chips) 
Seat 2: Emily_GetMan ($150.67 in chips) 
Seat 3: Banfield1997 ($119.35 in chips) 
Seat 4: blistein ($119.65 in chips) 
Seat 5: fobot21 ($119.79 in chips) 
Seat 6: bulhakau ($100 in chips) 
Emily_GetMan: posts small blind $0.50
Banfield1997: posts big blind $1
*** HOLE CARDS ***
blistein: raises $1.20 to $2.20
fobot21: raises $5.30 to $7.50
bulhakau: folds 
b2k-Snick: folds 
Emily_GetMan: folds 
Banfield1997: folds 
blistein: folds 
Uncalled bet ($5.30) returned to fobot21
fobot21 collected $5.90 from pot
fobot21: doesn't show hand 
*** SUMMARY ***
Total pot $5.90 | Rake $0 
Seat 1: b2k-Snick (button) folded before Flop (didn't bet)
Seat 2: Emily_GetMan (small blind) folded before Flop
Seat 3: Banfield1997 (big blind) folded before Flop
Seat 4: blistein folded before Flop
Seat 5: fobot21 collected ($5.90)
Seat 6: bulhakau folded before Flop (didn't bet)



PokerStars Hand #254275239304:  Hold'em No Limit ($0.50/$1.00 USD) - 2025/01/09 8:46:11 WET [2025/01/09 3:46:11 ET]
Table 'Smuts II' 6-max Seat #2 is the button
Seat 1: b2k-Snick ($100 in chips) 
Seat 2: Emily_GetMan ($150.17 in chips) 
Seat 3: Banfield1997 ($118.35 in chips) 
Seat 4: blistein ($117.45 in chips) 
Seat 5: fobot21 ($123.49 in chips) 
Seat 6: bulhakau ($100 in chips) 
Banfield1997: posts small blind $0.50
blistein: posts big blind $1
*** HOLE CARDS ***
fobot21: folds 
bulhakau: folds 
b2k-Snick: folds 
Emily_GetMan: folds 
Banfield1997: calls $0.50
blistein: checks 
*** FLOP *** [Js 5d Tc]
Banfield1997: checks 
blistein: bets $1
Banfield1997: calls $1
*** TURN *** [Js 5d Tc] [5h]
Banfield1997: bets $5
blistein: folds 
Uncalled bet ($5) returned to Banfield1997
Banfield1997 collected $3.80 from pot
*** SUMMARY ***
Total pot $4 | Rake $0.20 
Board [Js 5d Tc 5h]
Seat 1: b2k-Snick folded before Flop (didn't bet)
Seat 2: Emily_GetMan (button) folded before Flop (didn't bet)
Seat 3: Banfield1997 (small blind) collected ($3.80)
Seat 4: blistein (big blind) folded on the Turn
Seat 5: fobot21 folded before Flop (didn't bet)
Seat 6: bulhakau folded before Flop (didn't bet)



PokerStars Hand #254275243099:  Hold'em No Limit ($0.50/$1.00 USD) - 2025/01/09 8:46:55 WET [2025/01/09 3:46:55 ET]
Table 'Smuts II' 6-max Seat #3 is the button
Seat 1: b2k-Snick ($100 in chips) 
Seat 2: Emily_GetMan ($150.17 in chips) 
Seat 3: Banfield1997 ($120.15 in chips) 
Seat 4: blistein ($115.45 in chips) 
Seat 5: fobot21 ($123.49 in chips) 
Seat 6: bulhakau ($100 in chips) 
blistein: posts small blind $0.50
fobot21: posts big blind $1
*** HOLE CARDS ***
bulhakau: folds 
b2k-Snick: folds 
Emily_GetMan: folds 
Banfield1997: calls $1
blistein: folds 
fobot21: checks 
*** FLOP *** [Jd Ah 5c]
fobot21: checks 
Banfield1997: checks 
*** TURN *** [Jd Ah 5c] [4s]
fobot21: checks 
Banfield1997: checks 
*** RIVER *** [Jd Ah 5c 4s] [Qc]
fobot21: checks 
Banfield1997: bets $1
fobot21: folds 
Uncalled bet ($1) returned to Banfield1997
Banfield1997 collected $2.38 from pot
*** SUMMARY ***
Total pot $2.50 | Rake $0.12 
Board [Jd Ah 5c 4s Qc]
Seat 1: b2k-Snick folded before Flop (didn't bet)
Seat 2: Emily_GetMan folded before Flop (didn't bet)
Seat 3: Banfield1997 (button) collected ($2.38)
Seat 4: blistein (small blind) folded before Flop
Seat 5: fobot21 (big blind) folded on the River
Seat 6: bulhakau folded before Flop (didn't bet)



PokerStars Hand #254275246439:  Hold'em No Limit ($0.50/$1.00 USD) - 2025/01/09 8:47:34 WET [2025/01/09 3:47:34 ET]
Table 'Smuts II' 6-max Seat #4 is the button
Seat 1: b2k-Snick ($100 in chips) 
Seat 2: Emily_GetMan ($150.17 in chips) 
Seat 3: Banfield1997 ($121.53 in chips) 
Seat 4: blistein ($114.95 in chips) 
Seat 5: fobot21 ($122.49 in chips) 
Seat 6: bulhakau ($100 in chips) 
fobot21: posts small blind $0.50
bulhakau: posts big blind $1
*** HOLE CARDS ***
b2k-Snick: folds 
Emily_GetMan: folds 
Banfield1997: folds 
blistein: raises $1.50 to $2.50
fobot21: folds 
bulhakau: calls $1.50
*** FLOP *** [Kh 8s Ks]
bulhakau: checks 
blistein: bets $1.77
bulhakau: folds 
Uncalled bet ($1.77) returned to blistein
blistein collected $5.22 from pot
blistein: doesn't show hand 
*** SUMMARY ***
Total pot $5.50 | Rake $0.28 
Board [Kh 8s Ks]
Seat 1: b2k-Snick folded before Flop (didn't bet)
Seat 2: Emily_GetMan folded before Flop (didn't bet)
Seat 3: Banfield1997 folded before Flop (didn't bet)
Seat 4: blistein (button) collected ($5.22)
Seat 5: fobot21 (small blind) folded before Flop
Seat 6: bulhakau (big blind) folded on the Flop



PokerStars Hand #254275249491:  Hold'em No Limit ($0.50/$1.00 USD) - 2025/01/09 8:48:10 WET [2025/01/09 3:48:10 ET]
Table 'Smuts II' 6-max Seat #5 is the button
Seat 1: b2k-Snick ($100 in chips) 
Seat 2: Emily_GetMan ($150.17 in chips) 
Seat 3: Banfield1997 ($121.53 in chips) 
Seat 4: blistein ($117.67 in chips) 
Seat 5: fobot21 ($121.99 in chips) 
Seat 6: bulhakau ($100 in chips) 
bulhakau: posts small blind $0.50
b2k-Snick: posts big blind $1
*** HOLE CARDS ***
Emily_GetMan: raises $1 to $2
Banfield1997: calls $2
blistein: folds 
fobot21: folds 
bulhakau: folds 
b2k-Snick: raises $11 to $13
Emily_GetMan: folds 
Banfield1997: calls $11
*** FLOP *** [8h 4c 5c]
b2k-Snick: checks 
Banfield1997: checks 
*** TURN *** [8h 4c 5c] [6d]
b2k-Snick: checks 
Banfield1997: checks 
*** RIVER *** [8h 4c 5c 6d] [5s]
b2k-Snick: checks 
Banfield1997: checks 
*** SHOW DOWN ***
b2k-Snick: shows [Kh Ad] (a pair of Fives)
Banfield1997: mucks hand 
b2k-Snick collected $27.08 from pot
*** SUMMARY ***
Total pot $28.50 | Rake $1.42 
Board [8h 4c 5c 6d 5s]
Seat 1: b2k-Snick (big blind) showed [Kh Ad] and won ($27.08) with a pair of Fives
Seat 2: Emily_GetMan folded before Flop
Seat 3: Banfield1997 mucked
Seat 4: blistein folded before Flop (didn't bet)
Seat 5: fobot21 (button) folded before Flop (didn't bet)
Seat 6: bulhakau (small blind) folded before Flop



PokerStars Hand #254275255793:  Hold'em No Limit ($0.50/$1.00 USD) - 2025/01/09 8:49:24 WET [2025/01/09 3:49:24 ET]
Table 'Smuts II' 6-max Seat #6 is the button
Seat 1: b2k-Snick ($114.08 in chips) 
Seat 2: Emily_GetMan ($148.17 in chips) 
Seat 3: Banfield1997 ($108.53 in chips) 
Seat 4: blistein ($117.67 in chips) 
Seat 5: fobot21 ($121.99 in chips) 
Seat 6: bulhakau ($100 in chips) 
b2k-Snick: posts small blind $0.50
Emily_GetMan: posts big blind $1
*** HOLE CARDS ***
Banfield1997: calls $1
blistein: folds 
fobot21: folds 
bulhakau: folds 
b2k-Snick: calls $0.50
Emily_GetMan: checks 
*** FLOP *** [2c Kc As]
b2k-Snick: checks 
Emily_GetMan: checks 
Banfield1997: checks 
*** TURN *** [2c Kc As] [3c]
b2k-Snick: checks 
Emily_GetMan: checks 
Banfield1997: checks 
*** RIVER *** [2c Kc As 3c] [Td]
b2k-Snick: checks 
Emily_GetMan: checks 
Banfield1997: checks 
*** SHOW DOWN ***
b2k-Snick: shows [6h 2h] (a pair of Deuces)
Emily_GetMan: mucks hand 
Banfield1997: mucks hand 
b2k-Snick collected $2.85 from pot
*** SUMMARY ***
Total pot $3 | Rake $0.15 
Board [2c Kc As 3c Td]
Seat 1: b2k-Snick (small blind) showed [6h 2h] and won ($2.85) with a pair of Deuces
Seat 2: Emily_GetMan (big blind) mucked
Seat 3: Banfield1997 mucked
Seat 4: blistein folded before Flop (didn't bet)
Seat 5: fobot21 folded before Flop (didn't bet)
Seat 6: bulhakau (button) folded before Flop (didn't bet)



PokerStars Hand #254275259349:  Hold'em No Limit ($0.50/$1.00 USD) - 2025/01/09 8:50:05 WET [2025/01/09 3:50:05 ET]
Table 'Smuts II' 6-max Seat #1 is the button
Seat 1: b2k-Snick ($115.93 in chips) 
Seat 2: Emily_GetMan ($147.17 in chips) 
Seat 3: Banfield1997 ($107.53 in chips) 
Seat 4: blistein ($117.67 in chips) 
Seat 5: fobot21 ($121.99 in chips) 
Seat 6: bulhakau ($100 in chips) 
Emily_GetMan: posts small blind $0.50
Banfield1997: posts big blind $1
*** HOLE CARDS ***
blistein: folds 
fobot21: folds 
bulhakau: folds 
b2k-Snick: raises $1.50 to $2.50
Emily_GetMan: folds 
Banfield1997: calls $1.50
*** FLOP *** [5h 4s 2c]
Banfield1997: checks 
b2k-Snick: bets $2.30
Banfield1997: calls $2.30
*** TURN *** [5h 4s 2c] [9s]
Banfield1997: bets $3
b2k-Snick: folds 
Uncalled bet ($3) returned to Banfield1997
Banfield1997 collected $9.60 from pot
*** SUMMARY ***
Total pot $10.10 | Rake $0.50 
Board [5h 4s 2c 9s]
Seat 1: b2k-Snick (button) folded on the Turn
Seat 2: Emily_GetMan (small blind) folded before Flop
Seat 3: Banfield1997 (big blind) collected ($9.60)
Seat 4: blistein folded before Flop (didn't bet)
Seat 5: fobot21 folded before Flop (didn't bet)
Seat 6: bulhakau folded before Flop (didn't bet)



PokerStars Hand #254275262491:  Hold'em No Limit ($0.50/$1.00 USD) - 2025/01/09 8:50:42 WET [2025/01/09 3:50:42 ET]
Table 'Smuts II' 6-max Seat #2 is the button
Seat 1: b2k-Snick ($111.13 in chips) 
Seat 2: Emily_GetMan ($146.67 in chips) 
Seat 3: Banfield1997 ($112.33 in chips) 
Seat 4: blistein ($117.67 in chips) 
Seat 5: fobot21 ($121.99 in chips) 
Seat 6: bulhakau ($100 in chips) 
Banfield1997: posts small blind $0.50
blistein: posts big blind $1
*** HOLE CARDS ***
fobot21: folds 
bulhakau: folds 
b2k-Snick: folds 
Emily_GetMan: folds 
Banfield1997: calls $0.50
blistein: checks 
*** FLOP *** [6h 7c Ks]
Banfield1997: checks 
blistein: checks 
*** TURN *** [6h 7c Ks] [Kh]
Banfield1997: bets $2
blistein: folds 
Uncalled bet ($2) returned to Banfield1997
Banfield1997 collected $1.90 from pot
*** SUMMARY ***
Total pot $2 | Rake $0.10 
Board [6h 7c Ks Kh]
Seat 1: b2k-Snick folded before Flop (didn't bet)
Seat 2: Emily_GetMan (button) folded before Flop (didn't bet)
Seat 3: Banfield1997 (small blind) collected ($1.90)
Seat 4: blistein (big blind) folded on the Turn
Seat 5: fobot21 folded before Flop (didn't bet)
Seat 6: bulhakau folded before Flop (didn't bet)



PokerStars Hand #254275264976:  Hold'em No Limit ($0.50/$1.00 USD) - 2025/01/09 8:51:11 WET [2025/01/09 3:51:11 ET]
Table 'Smuts II' 6-max Seat #3 is the button
Seat 1: b2k-Snick ($111.13 in chips) 
Seat 2: Emily_GetMan ($146.67 in chips) 
Seat 3: Banfield1997 ($113.23 in chips) 
Seat 4: blistein ($116.67 in chips) 
Seat 5: fobot21 ($121.99 in chips) 
Seat 6: bulhakau ($100 in chips) 
blistein: posts small blind $0.50
fobot21: posts big blind $1
*** HOLE CARDS ***
bulhakau: folds 
b2k-Snick: folds 
Emily_GetMan: raises $1 to $2
Banfield1997: raises $4 to $6
blistein: folds 
fobot21: folds 
Emily_GetMan: calls $4
*** FLOP *** [6s 7d 3h]
Emily_GetMan: checks 
Banfield1997: bets $9
Emily_GetMan: calls $9
*** TURN *** [6s 7d 3h] [As]
Emily_GetMan: checks 
Banfield1997: bets $10
Emily_GetMan: calls $10
*** RIVER *** [6s 7d 3h As] [6d]
Emily_GetMan: checks 
Banfield1997: bets $20
Emily_GetMan: calls $20
*** SHOW DOWN ***
Banfield1997: shows [Tc Td] (two pair, Tens and Sixes)
Emily_GetMan: mucks hand 
Banfield1997 collected $89 from pot
*** SUMMARY ***
Total pot $91.50 | Rake $2.50 
Board [6s 7d 3h As 6d]
Seat 1: b2k-Snick folded before Flop (didn't bet)
Seat 2: Emily_GetMan mucked
Seat 3: Banfield1997 (button) showed [Tc Td] and won ($89) with two pair, Tens and Sixes
Seat 4: blistein (small blind) folded before Flop
Seat 5: fobot21 (big blind) folded before Flop
Seat 6: bulhakau folded before Flop (didn't bet)



PokerStars Hand #254275269673:  Hold'em No Limit ($0.50/$1.00 USD) - 2025/01/09 8:52:05 WET [2025/01/09 3:52:05 ET]
Table 'Smuts II' 6-max Seat #4 is the button
Seat 1: b2k-Snick ($111.13 in chips) 
Seat 2: Emily_GetMan ($101.67 in chips) 
Seat 3: Banfield1997 ($157.23 in chips) 
Seat 4: blistein ($116.17 in chips) 
Seat 5: fobot21 ($120.99 in chips) 
Seat 6: bulhakau ($100 in chips) 
fobot21: posts small blind $0.50
bulhakau: posts big blind $1
*** HOLE CARDS ***
b2k-Snick: folds 
Emily_GetMan: folds 
Banfield1997: calls $1
blistein: folds 
fobot21: folds 
bulhakau: checks 
*** FLOP *** [5c 2d Qd]
bulhakau: checks 
Banfield1997: checks 
*** TURN *** [5c 2d Qd] [Qh]
bulhakau: bets $2
Banfield1997: folds 
Uncalled bet ($2) returned to bulhakau
bulhakau collected $2.38 from pot
*** SUMMARY ***
Total pot $2.50 | Rake $0.12 
Board [5c 2d Qd Qh]
Seat 1: b2k-Snick folded before Flop (didn't bet)
Seat 2: Emily_GetMan folded before Flop (didn't bet)
Seat 3: Banfield1997 folded on the Turn
Seat 4: blistein (button) folded before Flop (didn't bet)
Seat 5: fobot21 (small blind) folded before Flop
Seat 6: bulhakau (big blind) collected ($2.38)



PokerStars Hand #254275273138:  Hold'em No Limit ($0.50/$1.00 USD) - 2025/01/09 8:52:44 WET [2025/01/09 3:52:44 ET]
Table 'Smuts II' 6-max Seat #5 is the button
Seat 1: b2k-Snick ($111.13 in chips) 
Seat 2: Emily_GetMan ($101.67 in chips) 
Seat 3: Banfield1997 ($156.23 in chips) 
Seat 4: blistein ($116.17 in chips) 
Seat 5: fobot21 ($120.49 in chips) 
Seat 6: bulhakau ($101.38 in chips) 
bulhakau: posts small blind $0.50
b2k-Snick: posts big blind $1
*** HOLE CARDS ***
Emily_GetMan: folds 
Banfield1997: calls $1
blistein: folds 
fobot21: raises $2.50 to $3.50
bulhakau: folds 
b2k-Snick: folds 
Banfield1997: calls $2.50
*** FLOP *** [3h Ac Qd]
Banfield1997: checks 
fobot21: bets $2.75
Banfield1997: raises $17.25 to $20
fobot21: folds 
Uncalled bet ($17.25) returned to Banfield1997
Banfield1997 collected $13.30 from pot
*** SUMMARY ***
Total pot $14 | Rake $0.70 
Board [3h Ac Qd]
Seat 1: b2k-Snick (big blind) folded before Flop
Seat 2: Emily_GetMan folded before Flop (didn't bet)
Seat 3: Banfield1997 collected ($13.30)
Seat 4: blistein folded before Flop (didn't bet)
Seat 5: fobot21 (button) folded on the Flop
Seat 6: bulhakau (small blind) folded before Flop



PokerStars Hand #254275275850:  Hold'em No Limit ($0.50/$1.00 USD) - 2025/01/09 8:53:15 WET [2025/01/09 3:53:15 ET]
Table 'Smuts II' 6-max Seat #6 is the button
Seat 1: b2k-Snick ($110.13 in chips) 
Seat 2: Emily_GetMan ($101.67 in chips) 
Seat 3: Banfield1997 ($163.28 in chips) 
Seat 4: blistein ($116.17 in chips) 
Seat 5: fobot21 ($114.24 in chips) 
Seat 6: bulhakau ($100.88 in chips) 
b2k-Snick: posts small blind $0.50
Emily_GetMan: posts big blind $1
*** HOLE CARDS ***
Banfield1997: raises $1 to $2
blistein: folds 
fobot21: folds 
bulhakau: folds 
b2k-Snick: folds 
Emily_GetMan: folds 
Uncalled bet ($1) returned to Banfield1997
Banfield1997 collected $2.50 from pot
*** SUMMARY ***
Total pot $2.50 | Rake $0 
Seat 1: b2k-Snick (small blind) folded before Flop
Seat 2: Emily_GetMan (big blind) folded before Flop
Seat 3: Banfield1997 collected ($2.50)
Seat 4: blistein folded before Flop (didn't bet)
Seat 5: fobot21 folded before Flop (didn't bet)
Seat 6: bulhakau (button) folded before Flop (didn't bet)



PokerStars Hand #254275277507:  Hold'em No Limit ($0.50/$1.00 USD) - 2025/01/09 8:53:35 WET [2025/01/09 3:53:35 ET]
Table 'Smuts II' 6-max Seat #1 is the button
Seat 1: b2k-Snick ($109.63 in chips) 
Seat 2: Emily_GetMan ($100.67 in chips) 
Seat 3: Banfield1997 ($164.78 in chips) 
Seat 4: blistein ($116.17 in chips) 
Seat 5: fobot21 ($114.24 in chips) 
Seat 6: bulhakau ($100.88 in chips) 
Emily_GetMan: posts small blind $0.50
Banfield1997: posts big blind $1
*** HOLE CARDS ***
blistein: folds 
fobot21: raises $1 to $2
bulhakau: folds 
b2k-Snick: folds 
Emily_GetMan: folds 
Banfield1997: calls $1
*** FLOP *** [9d 4c 2s]
Banfield1997: checks 
fobot21: bets $1.46
Banfield1997: calls $1.46
*** TURN *** [9d 4c 2s] [9s]
Banfield1997: checks 
fobot21: bets $5.36
Banfield1997: folds 
Uncalled bet ($5.36) returned to fobot21
fobot21 collected $7.05 from pot
fobot21: doesn't show hand 
*** SUMMARY ***
Total pot $7.42 | Rake $0.37 
Board [9d 4c 2s 9s]
Seat 1: b2k-Snick (button) folded before Flop (didn't bet)
Seat 2: Emily_GetMan (small blind) folded before Flop
Seat 3: Banfield1997 (big blind) folded on the Turn
Seat 4: blistein folded before Flop (didn't bet)
Seat 5: fobot21 collected ($7.05)
Seat 6: bulhakau folded before Flop (didn't bet)



PokerStars Hand #254275285214:  Hold'em No Limit ($0.50/$1.00 USD) - 2025/01/09 8:55:05 WET [2025/01/09 3:55:05 ET]
Table 'Smuts II' 6-max Seat #2 is the button
Seat 6: bulhakau ($100.88 in chips) is sitting out
Seat 1: b2k-Snick ($109.63 in chips) 
Seat 2: Emily_GetMan ($100.17 in chips) 
Seat 3: Banfield1997 ($161.32 in chips) 
Seat 4: blistein ($116.17 in chips) 
Seat 5: fobot21 ($117.83 in chips) 
Banfield1997: posts small blind $0.50
blistein: posts big blind $1
*** HOLE CARDS ***
fobot21: raises $1 to $2
b2k-Snick: folds 
Emily_GetMan: calls $2
Banfield1997: calls $1.50
blistein: folds 
*** FLOP *** [7s 6d 9s]
Banfield1997: checks 
fobot21 has timed out
fobot21: checks 
Emily_GetMan: checks 
*** TURN *** [7s 6d 9s] [Jh]
Banfield1997: bets $2
fobot21: folds 
Emily_GetMan: folds 
Uncalled bet ($2) returned to Banfield1997
Banfield1997 collected $6.65 from pot
*** SUMMARY ***
Total pot $7 | Rake $0.35 
Board [7s 6d 9s Jh]
Seat 6: bulhakau
Seat 1: b2k-Snick folded before Flop (didn't bet)
Seat 2: Emily_GetMan (button) folded on the Turn
Seat 3: Banfield1997 (small blind) collected ($6.65)
Seat 4: blistein (big blind) folded before Flop
Seat 5: fobot21 folded on the Turn



PokerStars Hand #254275289142:  Hold'em No Limit ($0.50/$1.00 USD) - 2025/01/09 8:55:56 WET [2025/01/09 3:55:56 ET]
Table 'Smuts II' 6-max Seat #3 is the button
Seat 6: bulhakau ($100.88 in chips) is sitting out
Seat 1: b2k-Snick ($109.63 in chips) 
Seat 2: Emily_GetMan ($100 in chips) 
Seat 3: Banfield1997 ($165.97 in chips) 
Seat 4: blistein ($115.17 in chips) 
Seat 5: fobot21 ($115.83 in chips) 
blistein: posts small blind $0.50
fobot21: posts big blind $1
*** HOLE CARDS ***
b2k-Snick: raises $1.10 to $2.10
Emily_GetMan: raises $5.40 to $7.50
Banfield1997: folds 
blistein: folds 
fobot21: folds 
b2k-Snick: raises $12.50 to $20
Emily_GetMan: folds 
Uncalled bet ($12.50) returned to b2k-Snick
b2k-Snick collected $16.50 from pot
b2k-Snick: doesn't show hand 
*** SUMMARY ***
Total pot $16.50 | Rake $0 
Seat 6: bulhakau
Seat 1: b2k-Snick collected ($16.50)
Seat 2: Emily_GetMan folded before Flop
Seat 3: Banfield1997 (button) folded before Flop (didn't bet)
Seat 4: blistein (small blind) folded before Flop
Seat 5: fobot21 (big blind) folded before Flop



PokerStars Hand #254275292165:  Hold'em No Limit ($0.50/$1.00 USD) - 2025/01/09 8:56:35 WET [2025/01/09 3:56:35 ET]
Table 'Smuts II' 6-max Seat #4 is the button
Seat 6: bulhakau ($100.88 in chips) is sitting out
Seat 1: b2k-Snick ($118.63 in chips) 
Seat 2: Emily_GetMan ($100 in chips) 
Seat 3: Banfield1997 ($165.97 in chips) 
Seat 4: blistein ($114.67 in chips) 
Seat 5: fobot21 ($114.83 in chips) 
fobot21: posts small blind $0.50
b2k-Snick: posts big blind $1
*** HOLE CARDS ***
Emily_GetMan: folds 
Banfield1997: folds 
blistein: raises $1.50 to $2.50
fobot21: folds 
b2k-Snick: folds 
Uncalled bet ($1.50) returned to blistein
blistein collected $2.50 from pot
blistein: doesn't show hand 
*** SUMMARY ***
Total pot $2.50 | Rake $0 
Seat 6: bulhakau
Seat 1: b2k-Snick (big blind) folded before Flop
Seat 2: Emily_GetMan folded before Flop (didn't bet)
Seat 3: Banfield1997 folded before Flop (didn't bet)
Seat 4: blistein (button) collected ($2.50)
Seat 5: fobot21 (small blind) folded before Flop



PokerStars Hand #254275293599:  Hold'em No Limit ($0.50/$1.00 USD) - 2025/01/09 8:56:53 WET [2025/01/09 3:56:53 ET]
Table 'Smuts II' 6-max Seat #5 is the button
Seat 6: bulhakau ($100.88 in chips) is sitting out
Seat 1: b2k-Snick ($117.63 in chips) 
Seat 2: Emily_GetMan ($100 in chips) 
Seat 3: Banfield1997 ($165.97 in chips) 
Seat 4: blistein ($116.17 in chips) 
Seat 5: fobot21 ($114.33 in chips) 
b2k-Snick: posts small blind $0.50
Emily_GetMan: posts big blind $1
*** HOLE CARDS ***
Banfield1997: raises $1 to $2
blistein: folds 
fobot21: raises $3.50 to $5.50
b2k-Snick: folds 
Emily_GetMan: folds 
Banfield1997: calls $3.50
*** FLOP *** [Ts 5c Jd]
Banfield1997: bets $1
fobot21: calls $1
*** TURN *** [Ts 5c Jd] [5h]
Banfield1997: bets $6
fobot21: raises $12 to $18
Banfield1997: calls $12
*** RIVER *** [Ts 5c Jd 5h] [8d]
Banfield1997: checks 
fobot21: checks 
*** SHOW DOWN ***
Banfield1997: shows [8c Jc] (two pair, Jacks and Eights)
fobot21: mucks hand 
Banfield1997 collected $48 from pot
*** SUMMARY ***
Total pot $50.50 | Rake $2.50 
Board [Ts 5c Jd 5h 8d]
Seat 6: bulhakau
Seat 1: b2k-Snick (small blind) folded before Flop
Seat 2: Emily_GetMan (big blind) folded before Flop
Seat 3: Banfield1997 showed [8c Jc] and won ($48) with two pair, Jacks and Eights
Seat 4: blistein folded before Flop (didn't bet)
Seat 5: fobot21 (button) mucked



PokerStars Hand #254275297648:  Hold'em No Limit ($0.50/$1.00 USD) - 2025/01/09 8:57:46 WET [2025/01/09 3:57:46 ET]
Table 'Smuts II' 6-max Seat #1 is the button
Seat 6: bulhakau ($100.88 in chips) is sitting out
Seat 1: b2k-Snick ($117.13 in chips) 
Seat 2: Emily_GetMan ($100 in chips) 
Seat 3: Banfield1997 ($189.47 in chips) 
Seat 4: blistein ($116.17 in chips) 
Seat 5: fobot21 ($100 in chips) 
Emily_GetMan: posts small blind $0.50
Banfield1997: posts big blind $1
bulhakau: sits out 
*** HOLE CARDS ***
blistein: folds 
fobot21: folds 
b2k-Snick: raises $1.50 to $2.50
Emily_GetMan: folds 
Banfield1997: calls $1.50
*** FLOP *** [4d Ah Qh]
Banfield1997: checks 
b2k-Snick: bets $3
Banfield1997: folds 
Uncalled bet ($3) returned to b2k-Snick
b2k-Snick collected $5.22 from pot
b2k-Snick: doesn't show hand 
*** SUMMARY ***
Total pot $5.50 | Rake $0.28 
Board [4d Ah Qh]
Seat 6: bulhakau
Seat 1: b2k-Snick (button) collected ($5.22)
Seat 2: Emily_GetMan (small blind) folded before Flop
Seat 3: Banfield1997 (big blind) folded on the Flop
Seat 4: blistein folded before Flop (didn't bet)
Seat 5: fobot21 folded before Flop (didn't bet)



PokerStars Hand #254275300129:  Hold'em No Limit ($0.50/$1.00 USD) - 2025/01/09 8:58:17 WET [2025/01/09 3:58:17 ET]
Table 'Smuts II' 6-max Seat #2 is the button
Seat 6: bulhakau ($100.88 in chips) is sitting out
Seat 1: b2k-Snick ($119.85 in chips) 
Seat 2: Emily_GetMan ($100 in chips) 
Seat 3: Banfield1997 ($186.97 in chips) 
Seat 4: blistein ($116.17 in chips) 
Seat 5: fobot21 ($100 in chips) 
Banfield1997: posts small blind $0.50
blistein: posts big blind $1
bulhakau: sits out 
*** HOLE CARDS ***
fobot21: folds 
b2k-Snick: folds 
Emily_GetMan: folds 
Banfield1997: folds 
Uncalled bet ($0.50) returned to blistein
blistein collected $1 from pot
blistein: doesn't show hand 
*** SUMMARY ***
Total pot $1 | Rake $0 
Seat 6: bulhakau
Seat 1: b2k-Snick folded before Flop (didn't bet)
Seat 2: Emily_GetMan (button) folded before Flop (didn't bet)
Seat 3: Banfield1997 (small blind) folded before Flop
Seat 4: blistein (big blind) collected ($1)
Seat 5: fobot21 folded before Flop (didn't bet)



PokerStars Hand #254275301136:  Hold'em No Limit ($0.50/$1.00 USD) - 2025/01/09 8:58:30 WET [2025/01/09 3:58:30 ET]
Table 'Smuts II' 6-max Seat #3 is the button
Seat 6: bulhakau ($100.88 in chips) is sitting out
Seat 1: b2k-Snick ($119.85 in chips) 
Seat 2: Emily_GetMan ($100 in chips) 
Seat 3: Banfield1997 ($186.47 in chips) 
Seat 4: blistein ($116.67 in chips) 
Seat 5: fobot21 ($100 in chips) 
blistein: posts small blind $0.50
fobot21: posts big blind $1
bulhakau: sits out 
*** HOLE CARDS ***
b2k-Snick: folds 
Emily_GetMan: folds 
Banfield1997: calls $1
blistein: folds 
fobot21: checks 
*** FLOP *** [7s 6h 7d]
fobot21: checks 
Banfield1997: checks 
*** TURN *** [7s 6h 7d] [Tc]
fobot21: checks 
Banfield1997: bets $7
fobot21: folds 
Uncalled bet ($7) returned to Banfield1997
Banfield1997 collected $2.38 from pot
*** SUMMARY ***
Total pot $2.50 | Rake $0.12 
Board [7s 6h 7d Tc]
Seat 6: bulhakau
Seat 1: b2k-Snick folded before Flop (didn't bet)
Seat 2: Emily_GetMan folded before Flop (didn't bet)
Seat 3: Banfield1997 (button) collected ($2.38)
Seat 4: blistein (small blind) folded before Flop
Seat 5: fobot21 (big blind) folded on the Turn



PokerStars Hand #254275305444:  Hold'em No Limit ($0.50/$1.00 USD) - 2025/01/09 8:59:26 WET [2025/01/09 3:59:26 ET]
Table 'Smuts II' 6-max Seat #4 is the button
Seat 1: b2k-Snick ($119.85 in chips) 
Seat 2: Emily_GetMan ($100 in chips) 
Seat 3: Banfield1997 ($187.85 in chips) 
Seat 4: blistein ($116.17 in chips) 
Seat 5: fobot21 ($100 in chips) 
Seat 6: bulhakau ($100.88 in chips) 
fobot21: posts small blind $0.50
bulhakau: posts big blind $1
*** HOLE CARDS ***
b2k-Snick: raises $1.10 to $2.10
Emily_GetMan: folds 
Banfield1997: calls $2.10
blistein: folds 
fobot21: folds 
bulhakau: folds 
*** FLOP *** [3c 7s 2h]
b2k-Snick: checks 
Banfield1997: checks 
*** TURN *** [3c 7s 2h] [3s]
b2k-Snick: checks 
Banfield1997: checks 
*** RIVER *** [3c 7s 2h 3s] [7d]
b2k-Snick: checks 
Banfield1997: checks 
*** SHOW DOWN ***
b2k-Snick: shows [Ks Qc] (two pair, Sevens and Threes)
Banfield1997: shows [Kh 4h] (two pair, Sevens and Threes)
b2k-Snick collected $2.71 from pot
Banfield1997 collected $2.71 from pot
*** SUMMARY ***
Total pot $5.70 | Rake $0.28 
Board [3c 7s 2h 3s 7d]
Seat 1: b2k-Snick showed [Ks Qc] and won ($2.71) with two pair, Sevens and Threes
Seat 2: Emily_GetMan folded before Flop (didn't bet)
Seat 3: Banfield1997 showed [Kh 4h] and won ($2.71) with two pair, Sevens and Threes
Seat 4: blistein (button) folded before Flop (didn't bet)
Seat 5: fobot21 (small blind) folded before Flop
Seat 6: bulhakau (big blind) folded before Flop



PokerStars Hand #254275310467:  Hold'em No Limit ($0.50/$1.00 USD) - 2025/01/09 9:00:29 WET [2025/01/09 4:00:29 ET]
Table 'Smuts II' 6-max Seat #5 is the button
Seat 1: b2k-Snick ($120.46 in chips) 
Seat 2: Emily_GetMan ($100 in chips) 
Seat 3: Banfield1997 ($188.46 in chips) 
Seat 4: blistein ($116.17 in chips) 
Seat 5: fobot21 ($100 in chips) 
Seat 6: bulhakau ($100 in chips) 
bulhakau: posts small blind $0.50
b2k-Snick: posts big blind $1
*** HOLE CARDS ***
Emily_GetMan: folds 
Banfield1997: raises $1 to $2
blistein: folds 
fobot21: folds 
bulhakau: folds 
b2k-Snick: folds 
Uncalled bet ($1) returned to Banfield1997
Banfield1997 collected $2.50 from pot
*** SUMMARY ***
Total pot $2.50 | Rake $0 
Seat 1: b2k-Snick (big blind) folded before Flop
Seat 2: Emily_GetMan folded before Flop (didn't bet)
Seat 3: Banfield1997 collected ($2.50)
Seat 4: blistein folded before Flop (didn't bet)
Seat 5: fobot21 (button) folded before Flop (didn't bet)
Seat 6: bulhakau (small blind) folded before Flop



PokerStars Hand #254275311983:  Hold'em No Limit ($0.50/$1.00 USD) - 2025/01/09 9:00:47 WET [2025/01/09 4:00:47 ET]
Table 'Smuts II' 6-max Seat #6 is the button
Seat 1: b2k-Snick ($119.46 in chips) 
Seat 2: Emily_GetMan ($100 in chips) 
Seat 3: Banfield1997 ($189.96 in chips) 
Seat 4: blistein ($116.17 in chips) 
Seat 5: fobot21 ($100 in chips) 
Seat 6: bulhakau ($100 in chips) 
b2k-Snick: posts small blind $0.50
Emily_GetMan: posts big blind $1
*** HOLE CARDS ***
Banfield1997: calls $1
blistein: folds 
fobot21: folds 
bulhakau: folds 
b2k-Snick: calls $0.50
Emily_GetMan: raises $5 to $6
Banfield1997: calls $5
b2k-Snick: folds 
*** FLOP *** [Jd Qd 6d]
Emily_GetMan: bets $4.08
Banfield1997: calls $4.08
*** TURN *** [Jd Qd 6d] [Ad]
Emily_GetMan: checks 
Banfield1997: bets $5
Emily_GetMan: calls $5
*** RIVER *** [Jd Qd 6d Ad] [9h]
Emily_GetMan: checks 
Banfield1997: checks 
*** SHOW DOWN ***
Emily_GetMan: shows [Kc Qc] (a pair of Queens)
Banfield1997: shows [4s Ah] (a pair of Aces)
Banfield1997 collected $29.60 from pot
*** SUMMARY ***
Total pot $31.16 | Rake $1.56 
Board [Jd Qd 6d Ad 9h]
Seat 1: b2k-Snick (small blind) folded before Flop
Seat 2: Emily_GetMan (big blind) showed [Kc Qc] and lost with a pair of Queens
Seat 3: Banfield1997 showed [4s Ah] and won ($29.60) with a pair of Aces
Seat 4: blistein folded before Flop (didn't bet)
Seat 5: fobot21 folded before Flop (didn't bet)
Seat 6: bulhakau (button) folded before Flop (didn't bet)



PokerStars Hand #254275314940:  Hold'em No Limit ($0.50/$1.00 USD) - 2025/01/09 9:01:21 WET [2025/01/09 4:01:21 ET]
Table 'Smuts II' 6-max Seat #1 is the button
Seat 1: b2k-Snick ($118.46 in chips) 
Seat 2: Emily_GetMan ($100 in chips) 
Seat 3: Banfield1997 ($204.48 in chips) 
Seat 4: blistein ($116.17 in chips) 
Seat 5: fobot21 ($100 in chips) 
Seat 6: bulhakau ($100 in chips) 
Emily_GetMan: posts small blind $0.50
Banfield1997: posts big blind $1
*** HOLE CARDS ***
blistein: folds 
fobot21: folds 
bulhakau: folds 
b2k-Snick: folds 
Emily_GetMan: raises $2 to $3
Banfield1997: calls $2
*** FLOP *** [3c 8c 5d]
Emily_GetMan: bets $1.88
Banfield1997: raises $1.88 to $3.76
Emily_GetMan: calls $1.88
*** TURN *** [3c 8c 5d] [4s]
Emily_GetMan: checks 
Banfield1997: bets $5
Emily_GetMan: calls $5
*** RIVER *** [3c 8c 5d 4s] [5c]
Emily_GetMan: checks 
Banfield1997: bets $1
Emily_GetMan: raises $8.03 to $9.03
Banfield1997: calls $8.03
*** SHOW DOWN ***
Emily_GetMan: shows [6c 9c] (a flush, Nine high)
Banfield1997: mucks hand 
Emily_GetMan collected $39.50 from pot
*** SUMMARY ***
Total pot $41.58 | Rake $2.08 
Board [3c 8c 5d 4s 5c]
Seat 1: b2k-Snick (button) folded before Flop (didn't bet)
Seat 2: Emily_GetMan (small blind) showed [6c 9c] and won ($39.50) with a flush, Nine high
Seat 3: Banfield1997 (big blind) mucked
Seat 4: blistein folded before Flop (didn't bet)
Seat 5: fobot21 folded before Flop (didn't bet)
Seat 6: bulhakau folded before Flop (didn't bet)



PokerStars Hand #254275320631:  Hold'em No Limit ($0.50/$1.00 USD) - 2025/01/09 9:02:25 WET [2025/01/09 4:02:25 ET]
Table 'Smuts II' 6-max Seat #2 is the button
Seat 1: b2k-Snick ($118.46 in chips) 
Seat 2: Emily_GetMan ($118.71 in chips) 
Seat 3: Banfield1997 ($183.69 in chips) 
Seat 4: blistein ($116.17 in chips) 
Seat 5: fobot21 ($100 in chips) 
Seat 6: bulhakau ($100 in chips) 
Banfield1997: posts small blind $0.50
blistein: posts big blind $1
*** HOLE CARDS ***
fobot21: folds 
bulhakau: raises $1.50 to $2.50
b2k-Snick: folds 
Emily_GetMan: folds 
Banfield1997: calls $2
blistein: folds 
*** FLOP *** [Jc Ks 3d]
Banfield1997: checks 
bulhakau: bets $1.88
Banfield1997: calls $1.88
*** TURN *** [Jc Ks 3d] [Qh]
Banfield1997: bets $1
bulhakau: raises $8.45 to $9.45
Banfield1997: calls $8.45
*** RIVER *** [Jc Ks 3d Qh] [7s]
Banfield1997: checks 
bulhakau: checks 
*** SHOW DOWN ***
Banfield1997: shows [Ad 9h] (high card Ace)
bulhakau: shows [Qc Ah] (a pair of Queens)
bulhakau collected $27.23 from pot
*** SUMMARY ***
Total pot $28.66 | Rake $1.43 
Board [Jc Ks 3d Qh 7s]
Seat 1: b2k-Snick folded before Flop (didn't bet)
Seat 2: Emily_GetMan (button) folded before Flop (didn't bet)
Seat 3: Banfield1997 (small blind) showed [Ad 9h] and lost with high card Ace
Seat 4: blistein (big blind) folded before Flop
Seat 5: fobot21 folded before Flop (didn't bet)
Seat 6: bulhakau showed [Qc Ah] and won ($27.23) with a pair of Queens



PokerStars Hand #254275324266:  Hold'em No Limit ($0.50/$1.00 USD) - 2025/01/09 9:03:05 WET [2025/01/09 4:03:05 ET]
Table 'Smuts II' 6-max Seat #3 is the button
Seat 1: b2k-Snick ($118.46 in chips) 
Seat 2: Emily_GetMan ($118.71 in chips) 
Seat 3: Banfield1997 ($169.86 in chips) 
Seat 4: blistein ($115.17 in chips) 
Seat 5: fobot21 ($100 in chips) 
Seat 6: bulhakau ($113.40 in chips) 
blistein: posts small blind $0.50
fobot21: posts big blind $1
*** HOLE CARDS ***
bulhakau: folds 
b2k-Snick: folds 
Emily_GetMan: folds 
Banfield1997: calls $1
blistein: folds 
fobot21: checks 
*** FLOP *** [7h 2d Ts]
fobot21: checks 
Banfield1997: checks 
*** TURN *** [7h 2d Ts] [Kc]
fobot21: checks 
Banfield1997: checks 
*** RIVER *** [7h 2d Ts Kc] [5d]
fobot21: checks 
Banfield1997: checks 
*** SHOW DOWN ***
fobot21: shows [9d 7d] (a pair of Sevens)
Banfield1997: mucks hand 
fobot21 collected $2.38 from pot
*** SUMMARY ***
Total pot $2.50 | Rake $0.12 
Board [7h 2d Ts Kc 5d]
Seat 1: b2k-Snick folded before Flop (didn't bet)
Seat 2: Emily_GetMan folded before Flop (didn't bet)
Seat 3: Banfield1997 (button) mucked
Seat 4: blistein (small blind) folded before Flop
Seat 5: fobot21 (big blind) showed [9d 7d] and won ($2.38) with a pair of Sevens
Seat 6: bulhakau folded before Flop (didn't bet)



PokerStars Hand #254275326457:  Hold'em No Limit ($0.50/$1.00 USD) - 2025/01/09 9:03:29 WET [2025/01/09 4:03:29 ET]
Table 'Smuts II' 6-max Seat #4 is the button
Seat 1: b2k-Snick ($118.46 in chips) 
Seat 2: Emily_GetMan ($118.71 in chips) 
Seat 3: Banfield1997 ($168.86 in chips) 
Seat 4: blistein ($114.67 in chips) 
Seat 5: fobot21 ($101.38 in chips) 
Seat 6: bulhakau ($113.40 in chips) 
fobot21: posts small blind $0.50
bulhakau: posts big blind $1
*** HOLE CARDS ***
b2k-Snick: folds 
Emily_GetMan: raises $1 to $2
Banfield1997: calls $2
blistein: folds 
fobot21: folds 
bulhakau: raises $9 to $11
Emily_GetMan: folds 
Banfield1997: calls $9
*** FLOP *** [3d 6c 9c]
bulhakau: bets $17.46
Banfield1997: calls $17.46
*** TURN *** [3d 6c 9c] [Jc]
bulhakau: checks 
Banfield1997: checks 
*** RIVER *** [3d 6c 9c Jc] [6h]
bulhakau: checks 
Banfield1997: checks 
*** SHOW DOWN ***
bulhakau: shows [Ah Td] (a pair of Sixes)
Banfield1997: shows [9d Kd] (two pair, Nines and Sixes)
Banfield1997 collected $56.92 from pot
*** SUMMARY ***
Total pot $59.42 | Rake $2.50 
Board [3d 6c 9c Jc 6h]
Seat 1: b2k-Snick folded before Flop (didn't bet)
Seat 2: Emily_GetMan folded before Flop
Seat 3: Banfield1997 showed [9d Kd] and won ($56.92) with two pair, Nines and Sixes
Seat 4: blistein (button) folded before Flop (didn't bet)
Seat 5: fobot21 (small blind) folded before Flop
Seat 6: bulhakau (big blind) showed [Ah Td] and lost with a pair of Sixes



PokerStars Hand #254275329913:  Hold'em No Limit ($0.50/$1.00 USD) - 2025/01/09 9:04:06 WET [2025/01/09 4:04:06 ET]
Table 'Smuts II' 6-max Seat #5 is the button
Seat 1: b2k-Snick ($118.46 in chips) 
Seat 2: Emily_GetMan ($116.71 in chips) 
Seat 3: Banfield1997 ($197.32 in chips) 
Seat 4: blistein ($114.67 in chips) 
Seat 5: fobot21 ($100.88 in chips) 
Seat 6: bulhakau ($100 in chips) 
bulhakau: posts small blind $0.50
b2k-Snick: posts big blind $1
*** HOLE CARDS ***
Emily_GetMan: raises $1 to $2
Banfield1997: folds 
blistein: folds 
fobot21: folds 
bulhakau: folds 
b2k-Snick: folds 
Uncalled bet ($1) returned to Emily_GetMan
Emily_GetMan collected $2.50 from pot
Emily_GetMan: doesn't show hand 
*** SUMMARY ***
Total pot $2.50 | Rake $0 
Seat 1: b2k-Snick (big blind) folded before Flop
Seat 2: Emily_GetMan collected ($2.50)
Seat 3: Banfield1997 folded before Flop (didn't bet)
Seat 4: blistein folded before Flop (didn't bet)
Seat 5: fobot21 (button) folded before Flop (didn't bet)
Seat 6: bulhakau (small blind) folded before Flop



PokerStars Hand #254275331395:  Hold'em No Limit ($0.50/$1.00 USD) - 2025/01/09 9:04:23 WET [2025/01/09 4:04:23 ET]
Table 'Smuts II' 6-max Seat #6 is the button
Seat 1: b2k-Snick ($117.46 in chips) 
Seat 2: Emily_GetMan ($118.21 in chips) 
Seat 3: Banfield1997 ($197.32 in chips) 
Seat 4: blistein ($114.67 in chips) 
Seat 5: fobot21 ($100.88 in chips) 
Seat 6: bulhakau ($100 in chips) 
b2k-Snick: posts small blind $0.50
Emily_GetMan: posts big blind $1
*** HOLE CARDS ***
Banfield1997: calls $1
blistein: folds 
fobot21: folds 
bulhakau: folds 
b2k-Snick: folds 
Emily_GetMan: checks 
*** FLOP *** [Ts 9s 3c]
Emily_GetMan: checks 
Banfield1997: bets $3
Emily_GetMan: folds 
Uncalled bet ($3) returned to Banfield1997
Banfield1997 collected $2.38 from pot
*** SUMMARY ***
Total pot $2.50 | Rake $0.12 
Board [Ts 9s 3c]
Seat 1: b2k-Snick (small blind) folded before Flop
Seat 2: Emily_GetMan (big blind) folded on the Flop
Seat 3: Banfield1997 collected ($2.38)
Seat 4: blistein folded before Flop (didn't bet)
Seat 5: fobot21 folded before Flop (didn't bet)
Seat 6: bulhakau (button) folded before Flop (didn't bet)



PokerStars Hand #254275174033:  Hold'em No Limit ($0.50/$1.00 USD) - 2025/01/09 8:33:17 WET [2025/01/09 3:33:17 ET]
Table 'Smuts II' 6-max Seat #4 is the button
Seat 1: b2k-Snick ($105.45 in chips) 
Seat 2: Emily_GetMan ($100 in chips) 
Seat 3: Banfield1997 ($31.01 in chips) 
Seat 4: blistein ($106.75 in chips) 
Seat 5: fobot21 ($103.11 in chips) 
Seat 6: bulhakau ($100 in chips) 
fobot21: posts small blind $0.50
bulhakau: posts big blind $1
*** HOLE CARDS ***
b2k-Snick: raises $1.50 to $2.50
Emily_GetMan: folds 
Banfield1997: folds 
blistein: folds 
fobot21: folds 
bulhakau: folds 
Uncalled bet ($1.50) returned to b2k-Snick
b2k-Snick collected $2.50 from pot
b2k-Snick: doesn't show hand 
*** SUMMARY ***
Total pot $2.50 | Rake $0 
Seat 1: b2k-Snick collected ($2.50)
Seat 2: Emily_GetMan folded before Flop (didn't bet)
Seat 3: Banfield1997 folded before Flop (didn't bet)
Seat 4: blistein (button) folded before Flop (didn't bet)
Seat 5: fobot21 (small blind) folded before Flop
Seat 6: bulhakau (big blind) folded before Flop



PokerStars Hand #254275176196:  Hold'em No Limit ($0.50/$1.00 USD) - 2025/01/09 8:33:44 WET [2025/01/09 3:33:44 ET]
Table 'Smuts II' 6-max Seat #5 is the button
Seat 1: b2k-Snick ($106.95 in chips) 
Seat 2: Emily_GetMan ($100 in chips) 
Seat 3: Banfield1997 ($31.01 in chips) 
Seat 4: blistein ($106.75 in chips) 
Seat 5: fobot21 ($102.61 in chips) 
Seat 6: bulhakau ($100 in chips) 
bulhakau: posts small blind $0.50
b2k-Snick: posts big blind $1
*** HOLE CARDS ***
Emily_GetMan: raises $1 to $2
Banfield1997: calls $2
blistein: folds 
fobot21: folds 
bulhakau: folds 
b2k-Snick: folds 
*** FLOP *** [3c 5s 6c]
Emily_GetMan: bets $3.50
Banfield1997: raises $3.50 to $7
Emily_GetMan: raises $28.50 to $35.50
Banfield1997: calls $22.01 and is all-in
Uncalled bet ($6.49) returned to Emily_GetMan
*** TURN *** [3c 5s 6c] [Qs]
*** RIVER *** [3c 5s 6c Qs] [Ts]
*** SHOW DOWN ***
Emily_GetMan: shows [Kh Kd] (a pair of Kings)
Banfield1997: shows [Js As] (a flush, Ace high)
Banfield1997 collected $61.02 from pot
*** SUMMARY ***
Total pot $63.52 | Rake $2.50 
Board [3c 5s 6c Qs Ts]
Seat 1: b2k-Snick (big blind) folded before Flop
Seat 2: Emily_GetMan showed [Kh Kd] and lost with a pair of Kings
Seat 3: Banfield1997 showed [Js As] and won ($61.02) with a flush, Ace high
Seat 4: blistein folded before Flop (didn't bet)
Seat 5: fobot21 (button) folded before Flop (didn't bet)
Seat 6: bulhakau (small blind) folded before Flop



PokerStars Hand #254275180223:  Hold'em No Limit ($0.50/$1.00 USD) - 2025/01/09 8:34:33 WET [2025/01/09 3:34:33 ET]
Table 'Smuts II' 6-max Seat #6 is the button
Seat 1: b2k-Snick ($105.95 in chips) 
Seat 2: Emily_GetMan ($100 in chips) 
Seat 3: Banfield1997 ($61.02 in chips) 
Seat 4: blistein ($106.75 in chips) 
Seat 5: fobot21 ($102.61 in chips) 
Seat 6: bulhakau ($100 in chips) 
b2k-Snick: posts small blind $0.50
Emily_GetMan: posts big blind $1
*** HOLE CARDS ***
Banfield1997: folds 
blistein: folds 
fobot21: raises $1.50 to $2.50
bulhakau: folds 
b2k-Snick: folds 
Emily_GetMan: calls $1.50
*** FLOP *** [Js 6h 6s]
Emily_GetMan: checks 
fobot21: checks 
*** TURN *** [Js 6h 6s] [8c]
Emily_GetMan: checks 
fobot21: checks 
*** RIVER *** [Js 6h 6s 8c] [5d]
Emily_GetMan: bets $2.50
fobot21: raises $18 to $20.50
Emily_GetMan: calls $18
*** SHOW DOWN ***
fobot21: shows [Ac As] (two pair, Aces and Sixes)
Emily_GetMan: mucks hand 
fobot21 collected $44.18 from pot
*** SUMMARY ***
Total pot $46.50 | Rake $2.32 
Board [Js 6h 6s 8c 5d]
Seat 1: b2k-Snick (small blind) folded before Flop
Seat 2: Emily_GetMan (big blind) mucked
Seat 3: Banfield1997 folded before Flop (didn't bet)
Seat 4: blistein folded before Flop (didn't bet)
Seat 5: fobot21 showed [Ac As] and won ($44.18) with two pair, Aces and Sixes
Seat 6: bulhakau (button) folded before Flop (didn't bet)



PokerStars Hand #254275185733:  Hold'em No Limit ($0.50/$1.00 USD) - 2025/01/09 8:35:38 WET [2025/01/09 3:35:38 ET]
Table 'Smuts II' 6-max Seat #1 is the button
Seat 1: b2k-Snick ($105.45 in chips) 
Seat 2: Emily_GetMan ($100 in chips) 
Seat 3: Banfield1997 ($61.02 in chips) 
Seat 4: blistein ($106.75 in chips) 
Seat 5: fobot21 ($123.79 in chips) 
Seat 6: bulhakau ($100 in chips) 
Emily_GetMan: posts small blind $0.50
Banfield1997: posts big blind $1
*** HOLE CARDS ***
blistein: folds 
fobot21: folds 
bulhakau: folds 
b2k-Snick: folds 
Emily_GetMan: folds 
Uncalled bet ($0.50) returned to Banfield1997
Banfield1997 collected $1 from pot
*** SUMMARY ***
Total pot $1 | Rake $0 
Seat 1: b2k-Snick (button) folded before Flop (didn't bet)
Seat 2: Emily_GetMan (small blind) folded before Flop
Seat 3: Banfield1997 (big blind) collected ($1)
Seat 4: blistein folded before Flop (didn't bet)
Seat 5: fobot21 folded before Flop (didn't bet)
Seat 6: bulhakau folded before Flop (didn't bet)



PokerStars Hand #254275187658:  Hold'em No Limit ($0.50/$1.00 USD) - 2025/01/09 8:36:01 WET [2025/01/09 3:36:01 ET]
Table 'Smuts II' 6-max Seat #2 is the button
Seat 1: b2k-Snick ($105.45 in chips) 
Seat 2: Emily_GetMan ($100 in chips) 
Seat 3: Banfield1997 ($61.52 in chips) 
Seat 4: blistein ($106.75 in chips) 
Seat 5: fobot21 ($123.79 in chips) 
Seat 6: bulhakau ($100 in chips) 
Banfield1997: posts small blind $0.50
blistein: posts big blind $1
*** HOLE CARDS ***
fobot21: folds 
bulhakau: folds 
b2k-Snick: raises $1.50 to $2.50
Emily_GetMan: folds 
Banfield1997: calls $2
blistein: folds 
*** FLOP *** [Jc 8h 2d]
Banfield1997: bets $4
b2k-Snick: calls $4
*** TURN *** [Jc 8h 2d] [2h]
Banfield1997: bets $10
b2k-Snick: calls $10
*** RIVER *** [Jc 8h 2d 2h] [6h]
Banfield1997: bets $10
b2k-Snick: calls $10
*** SHOW DOWN ***
Banfield1997: shows [Js Ac] (two pair, Jacks and Deuces)
b2k-Snick: mucks hand 
Banfield1997 collected $51.50 from pot
*** SUMMARY ***
Total pot $54 | Rake $2.50 
Board [Jc 8h 2d 2h 6h]
Seat 1: b2k-Snick mucked
Seat 2: Emily_GetMan (button) folded before Flop (didn't bet)
Seat 3: Banfield1997 (small blind) showed [Js Ac] and won ($51.50) with two pair, Jacks and Deuces
Seat 4: blistein (big blind) folded before Flop
Seat 5: fobot21 folded before Flop (didn't bet)
Seat 6: bulhakau folded before Flop (didn't bet)



PokerStars Hand #254275192750:  Hold'em No Limit ($0.50/$1.00 USD) - 2025/01/09 8:37:02 WET [2025/01/09 3:37:02 ET]
Table 'Smuts II' 6-max Seat #3 is the button
Seat 1: b2k-Snick ($100 in chips) 
Seat 2: Emily_GetMan ($100 in chips) 
Seat 3: Banfield1997 ($86.52 in chips) 
Seat 4: blistein ($105.75 in chips) 
Seat 5: fobot21 ($123.79 in chips) 
Seat 6: bulhakau ($100 in chips) 
blistein: posts small blind $0.50
fobot21: posts big blind $1
*** HOLE CARDS ***
bulhakau: folds 
b2k-Snick: folds 
Emily_GetMan: folds 
Banfield1997: calls $1
blistein: folds 
fobot21: checks 
*** FLOP *** [Td 2c Qs]
fobot21: checks 
Banfield1997: checks 
*** TURN *** [Td 2c Qs] [Qd]
fobot21: bets $1
Banfield1997: calls $1
*** RIVER *** [Td 2c Qs Qd] [9d]
fobot21: checks 
Banfield1997: bets $3
fobot21: folds 
Uncalled bet ($3) returned to Banfield1997
Banfield1997 collected $4.28 from pot
*** SUMMARY ***
Total pot $4.50 | Rake $0.22 
Board [Td 2c Qs Qd 9d]
Seat 1: b2k-Snick folded before Flop (didn't bet)
Seat 2: Emily_GetMan folded before Flop (didn't bet)
Seat 3: Banfield1997 (button) collected ($4.28)
Seat 4: blistein (small blind) folded before Flop
Seat 5: fobot21 (big blind) folded on the River
Seat 6: bulhakau folded before Flop (didn't bet)



PokerStars Hand #254275197169:  Hold'em No Limit ($0.50/$1.00 USD) - 2025/01/09 8:37:55 WET [2025/01/09 3:37:55 ET]
Table 'Smuts II' 6-max Seat #4 is the button
Seat 1: b2k-Snick ($100 in chips) 
Seat 2: Emily_GetMan ($100 in chips) 
Seat 3: Banfield1997 ($88.80 in chips) 
Seat 4: blistein ($105.25 in chips) 
Seat 5: fobot21 ($121.79 in chips) 
Seat 6: bulhakau ($100 in chips) 
fobot21: posts small blind $0.50
bulhakau: posts big blind $1
*** HOLE CARDS ***
b2k-Snick: raises $1.10 to $2.10
Emily_GetMan: folds 
Banfield1997: folds 
blistein: folds 
fobot21: folds 
bulhakau: calls $1.10
*** FLOP *** [6h Qc Js]
bulhakau: checks 
b2k-Snick: bets $1.47
bulhakau: calls $1.47
*** TURN *** [6h Qc Js] [Kh]
bulhakau: checks 
b2k-Snick: checks 
*** RIVER *** [6h Qc Js Kh] [4s]
bulhakau: checks 
b2k-Snick: checks 
*** SHOW DOWN ***
bulhakau: shows [9d 9s] (a pair of Nines)
b2k-Snick: shows [Jd Ad] (a pair of Jacks)
b2k-Snick collected $7.26 from pot
*** SUMMARY ***
Total pot $7.64 | Rake $0.38 
Board [6h Qc Js Kh 4s]
Seat 1: b2k-Snick showed [Jd Ad] and won ($7.26) with a pair of Jacks
Seat 2: Emily_GetMan folded before Flop (didn't bet)
Seat 3: Banfield1997 folded before Flop (didn't bet)
Seat 4: blistein (button) folded before Flop (didn't bet)
Seat 5: fobot21 (small blind) folded before Flop
Seat 6: bulhakau (big blind) showed [9d 9s] and lost with a pair of Nines



PokerStars Hand #254275202009:  Hold'em No Limit ($0.50/$1.00 USD) - 2025/01/09 8:38:51 WET [2025/01/09 3:38:51 ET]
Table 'Smuts II' 6-max Seat #5 is the button
Seat 1: b2k-Snick ($103.69 in chips) 
Seat 2: Emily_GetMan ($100 in chips) 
Seat 3: Banfield1997 ($88.80 in chips) 
Seat 4: blistein ($105.25 in chips) 
Seat 5: fobot21 ($121.29 in chips) 
Seat 6: bulhakau ($100 in chips) 
bulhakau: posts small blind $0.50
b2k-Snick: posts big blind $1
*** HOLE CARDS ***
Emily_GetMan: folds 
Banfield1997: folds 
blistein: raises $1.30 to $2.30
fobot21: folds 
bulhakau: folds 
b2k-Snick: raises $9.70 to $12
blistein: raises $13 to $25
b2k-Snick: folds 
Uncalled bet ($13) returned to blistein
blistein collected $24.50 from pot
blistein: doesn't show hand 
*** SUMMARY ***
Total pot $24.50 | Rake $0 
Seat 1: b2k-Snick (big blind) folded before Flop
Seat 2: Emily_GetMan folded before Flop (didn't bet)
Seat 3: Banfield1997 folded before Flop (didn't bet)
Seat 4: blistein collected ($24.50)
Seat 5: fobot21 (button) folded before Flop (didn't bet)
Seat 6: bulhakau (small blind) folded before Flop



PokerStars Hand #254275207105:  Hold'em No Limit ($0.50/$1.00 USD) - 2025/01/09 8:39:52 WET [2025/01/09 3:39:52 ET]
Table 'Smuts II' 6-max Seat #6 is the button
Seat 1: b2k-Snick ($100 in chips) 
Seat 2: Emily_GetMan ($100 in chips) 
Seat 3: Banfield1997 ($88.80 in chips) 
Seat 4: blistein ($117.75 in chips) 
Seat 5: fobot21 ($121.29 in chips) 
Seat 6: bulhakau ($100 in chips) 
b2k-Snick: posts small blind $0.50
Emily_GetMan: posts big blind $1
*** HOLE CARDS ***
Banfield1997: calls $1
blistein: folds 
fobot21: folds 
bulhakau: folds 
b2k-Snick: calls $0.50
Emily_GetMan: checks 
*** FLOP *** [Kc 8d Ad]
b2k-Snick: checks 
Emily_GetMan: checks 
Banfield1997: checks 
*** TURN *** [Kc 8d Ad] [2s]
b2k-Snick: checks 
Emily_GetMan: bets $1.88
Banfield1997: folds 
b2k-Snick: calls $1.88
*** RIVER *** [Kc 8d Ad 2s] [7h]
b2k-Snick: checks 
Emily_GetMan: checks 
*** SHOW DOWN ***
b2k-Snick: shows [5d 9d] (high card Ace)
Emily_GetMan: shows [Jc Th] (high card Ace - King+Jack kicker)
Emily_GetMan collected $6.42 from pot
*** SUMMARY ***
Total pot $6.76 | Rake $0.34 
Board [Kc 8d Ad 2s 7h]
Seat 1: b2k-Snick (small blind) showed [5d 9d] and lost with high card Ace
Seat 2: Emily_GetMan (big blind) showed [Jc Th] and won ($6.42) with high card Ace
Seat 3: Banfield1997 folded on the Turn
Seat 4: blistein folded before Flop (didn't bet)
Seat 5: fobot21 folded before Flop (didn't bet)
Seat 6: bulhakau (button) folded before Flop (didn't bet)



PokerStars Hand #254275213084:  Hold'em No Limit ($0.50/$1.00 USD) - 2025/01/09 8:41:02 WET [2025/01/09 3:41:02 ET]
Table 'Smuts II' 6-max Seat #1 is the button
Seat 1: b2k-Snick ($100 in chips) 
Seat 2: Emily_GetMan ($103.54 in chips) 
Seat 3: Banfield1997 ($87.80 in chips) 
Seat 4: blistein ($117.75 in chips) 
Seat 5: fobot21 ($121.29 in chips) 
Seat 6: bulhakau ($100 in chips) 
Emily_GetMan: posts small blind $0.50
Banfield1997: posts big blind $1
*** HOLE CARDS ***
blistein: folds 
fobot21: folds 
bulhakau: raises $1.25 to $2.25
b2k-Snick: folds 
Emily_GetMan: folds 
Banfield1997: calls $1.25
*** FLOP *** [4s Ah 4c]
Banfield1997: checks 
bulhakau: bets $1
Banfield1997: raises $5 to $6
bulhakau: raises $9 to $15
Banfield1997: calls $9
*** TURN *** [4s Ah 4c] [Qs]
Banfield1997: bets $10
bulhakau: folds 
Uncalled bet ($10) returned to Banfield1997
Banfield1997 collected $33.25 from pot
*** SUMMARY ***
Total pot $35 | Rake $1.75 
Board [4s Ah 4c Qs]
Seat 1: b2k-Snick (button) folded before Flop (didn't bet)
Seat 2: Emily_GetMan (small blind) folded before Flop
Seat 3: Banfield1997 (big blind) collected ($33.25)
Seat 4: blistein folded before Flop (didn't bet)
Seat 5: fobot21 folded before Flop (didn't bet)
Seat 6: bulhakau folded on the Turn



PokerStars Hand #254275216818:  Hold'em No Limit ($0.50/$1.00 USD) - 2025/01/09 8:41:46 WET [2025/01/09 3:41:46 ET]
Table 'Smuts II' 6-max Seat #2 is the button
Seat 1: b2k-Snick ($100 in chips) 
Seat 2: Emily_GetMan ($103.04 in chips) 
Seat 3: Banfield1997 ($103.80 in chips) 
Seat 4: blistein ($117.75 in chips) 
Seat 5: fobot21 ($121.29 in chips) 
Seat 6: bulhakau ($100 in chips) 
Banfield1997: posts small blind $0.50
blistein: posts big blind $1
*** HOLE CARDS ***
fobot21: folds 
bulhakau: folds 
b2k-Snick: raises $1.50 to $2.50
Emily_GetMan: folds 
Banfield1997: folds 
blistein: folds 
Uncalled bet ($1.50) returned to b2k-Snick
b2k-Snick collected $2.50 from pot
b2k-Snick: doesn't show hand 
*** SUMMARY ***
Total pot $2.50 | Rake $0 
Seat 1: b2k-Snick collected ($2.50)
Seat 2: Emily_GetMan (button) folded before Flop (didn't bet)
Seat 3: Banfield1997 (small blind) folded before Flop
Seat 4: blistein (big blind) folded before Flop
Seat 5: fobot21 folded before Flop (didn't bet)
Seat 6: bulhakau folded before Flop (didn't bet)



PokerStars Hand #254275218142:  Hold'em No Limit ($0.50/$1.00 USD) - 2025/01/09 8:42:01 WET [2025/01/09 3:42:01 ET]
Table 'Smuts II' 6-max Seat #3 is the button
Seat 1: b2k-Snick ($101.50 in chips) 
Seat 2: Emily_GetMan ($103.04 in chips) 
Seat 3: Banfield1997 ($103.30 in chips) 
Seat 4: blistein ($116.75 in chips) 
Seat 5: fobot21 ($121.29 in chips) 
Seat 6: bulhakau ($100 in chips) 
blistein: posts small blind $0.50
fobot21: posts big blind $1
*** HOLE CARDS ***
bulhakau: folds 
b2k-Snick: folds 
Emily_GetMan: raises $1 to $2
Banfield1997: raises $8 to $10
blistein: folds 
fobot21: folds 
Emily_GetMan: calls $8
*** FLOP *** [Qh 9s 6d]
Emily_GetMan: checks 
Banfield1997: bets $5
Emily_GetMan: calls $5
*** TURN *** [Qh 9s 6d] [5s]
Emily_GetMan: checks 
Banfield1997: bets $30
Emily_GetMan: folds 
Uncalled bet ($30) returned to Banfield1997
Banfield1997 collected $29.92 from pot
*** SUMMARY ***
Total pot $31.50 | Rake $1.58 
Board [Qh 9s 6d 5s]
Seat 1: b2k-Snick folded before Flop (didn't bet)
Seat 2: Emily_GetMan folded on the Turn
Seat 3: Banfield1997 (button) collected ($29.92)
Seat 4: blistein (small blind) folded before Flop
Seat 5: fobot21 (big blind) folded before Flop
Seat 6: bulhakau folded before Flop (didn't bet)



PokerStars Hand #254275221586:  Hold'em No Limit ($0.50/$1.00 USD) - 2025/01/09 8:42:44 WET [2025/01/09 3:42:44 ET]
Table 'Smuts II' 6-max Seat #4 is the button
Seat 1: b2k-Snick ($101.50 in chips) 
Seat 2: Emily_GetMan ($100 in chips) 
Seat 3: Banfield1997 ($118.22 in chips) 
Seat 4: blistein ($116.25 in chips) 
Seat 5: fobot21 ($120.29 in chips) 
Seat 6: bulhakau ($100 in chips) 
fobot21: posts small blind $0.50
bulhakau: posts big blind $1
*** HOLE CARDS ***
b2k-Snick: folds 
Emily_GetMan: raises $1 to $2
Banfield1997: calls $2
blistein: folds 
fobot21: folds 
bulhakau: raises $9 to $11
Emily_GetMan: folds 
Banfield1997: calls $9
*** FLOP *** [Jh 2c 6d]
bulhakau: bets $12.80
Banfield1997: calls $12.80
*** TURN *** [Jh 2c 6d] [8c]
bulhakau: checks 
Banfield1997: bets $10
bulhakau: calls $10
*** RIVER *** [Jh 2c 6d 8c] [7d]
bulhakau: checks 
Banfield1997: bets $20
bulhakau: calls $20
*** SHOW DOWN ***
Banfield1997: shows [Td Jd] (a pair of Jacks)
bulhakau: mucks hand 
Banfield1997 collected $107.60 from pot
*** SUMMARY ***
Total pot $110.10 | Rake $2.50 
Board [Jh 2c 6d 8c 7d]
Seat 1: b2k-Snick folded before Flop (didn't bet)
Seat 2: Emily_GetMan folded before Flop
Seat 3: Banfield1997 showed [Td Jd] and won ($107.60) with a pair of Jacks
Seat 4: blistein (button) folded before Flop (didn't bet)
Seat 5: fobot21 (small blind) folded before Flop
Seat 6: bulhakau (big blind) mucked



PokerStars Hand #254275334360:  Hold'em No Limit ($0.50/$1.00 USD) - 2025/01/09 9:04:54 WET [2025/01/09 4:04:54 ET]
Table 'Smuts II' 6-max Seat #1 is the button
Seat 1: b2k-Snick ($116.96 in chips) 
Seat 2: Emily_GetMan ($117.21 in chips) 
Seat 3: Banfield1997 ($198.70 in chips) 
Seat 4: blistein ($114.67 in chips) 
Seat 5: fobot21 ($100.88 in chips) 
Seat 6: bulhakau ($100 in chips) 
Emily_GetMan: posts small blind $0.50
Banfield1997: posts big blind $1
*** HOLE CARDS ***
blistein: folds 
fobot21: folds 
bulhakau: raises $1.25 to $2.25
b2k-Snick: folds 
Emily_GetMan: raises $9.25 to $11.50
Banfield1997: folds 
bulhakau: folds 
Uncalled bet ($9.25) returned to Emily_GetMan
Emily_GetMan collected $5.50 from pot
Emily_GetMan: doesn't show hand 
*** SUMMARY ***
Total pot $5.50 | Rake $0 
Seat 1: b2k-Snick (button) folded before Flop (didn't bet)
Seat 2: Emily_GetMan (small blind) collected ($5.50)
Seat 3: Banfield1997 (big blind) folded before Flop
Seat 4: blistein folded before Flop (didn't bet)
Seat 5: fobot21 folded before Flop (didn't bet)
Seat 6: bulhakau folded before Flop



PokerStars Hand #254275336490:  Hold'em No Limit ($0.50/$1.00 USD) - 2025/01/09 9:05:17 WET [2025/01/09 4:05:17 ET]
Table 'Smuts II' 6-max Seat #2 is the button
Seat 1: b2k-Snick ($116.96 in chips) 
Seat 2: Emily_GetMan ($120.46 in chips) 
Seat 3: Banfield1997 ($197.70 in chips) 
Seat 4: blistein ($114.67 in chips) 
Seat 5: fobot21 ($100.88 in chips) 
Seat 6: bulhakau ($100 in chips) 
Banfield1997: posts small blind $0.50
blistein: posts big blind $1
*** HOLE CARDS ***
fobot21: folds 
bulhakau: folds 
b2k-Snick: folds 
Emily_GetMan: raises $1.50 to $2.50
Banfield1997: calls $2
blistein: folds 
*** FLOP *** [7d Ks 7h]
Banfield1997: checks 
Emily_GetMan: bets $1.88
Banfield1997: folds 
Uncalled bet ($1.88) returned to Emily_GetMan
Emily_GetMan collected $5.70 from pot
Emily_GetMan: doesn't show hand 
*** SUMMARY ***
Total pot $6 | Rake $0.30 
Board [7d Ks 7h]
Seat 1: b2k-Snick folded before Flop (didn't bet)
Seat 2: Emily_GetMan (button) collected ($5.70)
Seat 3: Banfield1997 (small blind) folded on the Flop
Seat 4: blistein (big blind) folded before Flop
Seat 5: fobot21 folded before Flop (didn't bet)
Seat 6: bulhakau folded before Flop (didn't bet)



PokerStars Hand #254275339091:  Hold'em No Limit ($0.50/$1.00 USD) - 2025/01/09 9:05:45 WET [2025/01/09 4:05:45 ET]
Table 'Smuts II' 6-max Seat #3 is the button
Seat 1: b2k-Snick ($116.96 in chips) 
Seat 2: Emily_GetMan ($123.66 in chips) 
Seat 3: Banfield1997 ($195.20 in chips) 
Seat 4: blistein ($113.67 in chips) 
Seat 5: fobot21 ($100.88 in chips) 
Seat 6: bulhakau ($100 in chips) 
blistein: posts small blind $0.50
fobot21: posts big blind $1
*** HOLE CARDS ***
bulhakau has timed out
bulhakau: folds 
b2k-Snick: folds 
Emily_GetMan: raises $1 to $2
Banfield1997: folds 
blistein: folds 
fobot21: folds 
Uncalled bet ($1) returned to Emily_GetMan
Emily_GetMan collected $2.50 from pot
Emily_GetMan: doesn't show hand 
*** SUMMARY ***
Total pot $2.50 | Rake $0 
Seat 1: b2k-Snick folded before Flop (didn't bet)
Seat 2: Emily_GetMan collected ($2.50)
Seat 3: Banfield1997 (button) folded before Flop (didn't bet)
Seat 4: blistein (small blind) folded before Flop
Seat 5: fobot21 (big blind) folded before Flop
Seat 6: bulhakau folded before Flop (didn't bet)



PokerStars Hand #254275342257:  Hold'em No Limit ($0.50/$1.00 USD) - 2025/01/09 9:06:20 WET [2025/01/09 4:06:20 ET]
Table 'Smuts II' 6-max Seat #4 is the button
Seat 1: b2k-Snick ($116.96 in chips) 
Seat 2: Emily_GetMan ($125.16 in chips) 
Seat 3: Banfield1997 ($195.20 in chips) 
Seat 4: blistein ($113.17 in chips) 
Seat 5: fobot21 ($100 in chips) 
Seat 6: bulhakau ($100 in chips) 
fobot21: posts small blind $0.50
bulhakau: posts big blind $1
*** HOLE CARDS ***
b2k-Snick: folds 
Emily_GetMan: folds 
Banfield1997: folds 
blistein: folds 
fobot21: raises $1.90 to $2.90
bulhakau: calls $1.90
*** FLOP *** [Jc 5d 5h]
fobot21: checks 
bulhakau: checks 
*** TURN *** [Jc 5d 5h] [Jh]
fobot21: checks 
bulhakau: checks 
*** RIVER *** [Jc 5d 5h Jh] [9s]
fobot21: checks 
bulhakau: checks 
*** SHOW DOWN ***
fobot21: shows [3s Ks] (two pair, Jacks and Fives)
bulhakau: shows [6c Ac] (two pair, Jacks and Fives - Ace kicker)
bulhakau collected $5.51 from pot
*** SUMMARY ***
Total pot $5.80 | Rake $0.29 
Board [Jc 5d 5h Jh 9s]
Seat 1: b2k-Snick folded before Flop (didn't bet)
Seat 2: Emily_GetMan folded before Flop (didn't bet)
Seat 3: Banfield1997 folded before Flop (didn't bet)
Seat 4: blistein (button) folded before Flop (didn't bet)
Seat 5: fobot21 (small blind) showed [3s Ks] and lost with two pair, Jacks and Fives
Seat 6: bulhakau (big blind) showed [6c Ac] and won ($5.51) with two pair, Jacks and Fives



PokerStars Hand #254275348478:  Hold'em No Limit ($0.50/$1.00 USD) - 2025/01/09 9:07:29 WET [2025/01/09 4:07:29 ET]
Table 'Smuts II' 6-max Seat #5 is the button
Seat 1: b2k-Snick ($116.96 in chips) 
Seat 2: Emily_GetMan ($125.16 in chips) 
Seat 3: Banfield1997 ($195.20 in chips) 
Seat 4: blistein ($113.17 in chips) 
Seat 5: fobot21 ($100 in chips) 
Seat 6: bulhakau ($102.61 in chips) 
bulhakau: posts small blind $0.50
b2k-Snick: posts big blind $1
*** HOLE CARDS ***
Emily_GetMan: folds 
Banfield1997: folds 
blistein: folds 
fobot21: raises $1.50 to $2.50
bulhakau: raises $8.50 to $11
b2k-Snick: folds 
fobot21: calls $8.50
*** FLOP *** [9h Qc 3s]
bulhakau: bets $7.21
fobot21: folds 
Uncalled bet ($7.21) returned to bulhakau
bulhakau collected $21.85 from pot
*** SUMMARY ***
Total pot $23 | Rake $1.15 
Board [9h Qc 3s]
Seat 1: b2k-Snick (big blind) folded before Flop
Seat 2: Emily_GetMan folded before Flop (didn't bet)
Seat 3: Banfield1997 folded before Flop (didn't bet)
Seat 4: blistein folded before Flop (didn't bet)
Seat 5: fobot21 (button) folded on the Flop
Seat 6: bulhakau (small blind) collected ($21.85)



PokerStars Hand #254275353745:  Hold'em No Limit ($0.50/$1.00 USD) - 2025/01/09 9:08:27 WET [2025/01/09 4:08:27 ET]
Table 'Smuts II' 6-max Seat #6 is the button
Seat 1: b2k-Snick ($115.96 in chips) 
Seat 2: Emily_GetMan ($125.16 in chips) 
Seat 3: Banfield1997 ($195.20 in chips) 
Seat 4: blistein ($113.17 in chips) 
Seat 5: fobot21 ($100 in chips) 
Seat 6: bulhakau ($113.46 in chips) 
b2k-Snick: posts small blind $0.50
Emily_GetMan: posts big blind $1
*** HOLE CARDS ***
Banfield1997: folds 
blistein: folds 
fobot21: folds 
bulhakau: folds 
b2k-Snick: raises $2 to $3
Emily_GetMan: folds 
Uncalled bet ($2) returned to b2k-Snick
b2k-Snick collected $2 from pot
b2k-Snick: doesn't show hand 
*** SUMMARY ***
Total pot $2 | Rake $0 
Seat 1: b2k-Snick (small blind) collected ($2)
Seat 2: Emily_GetMan (big blind) folded before Flop
Seat 3: Banfield1997 folded before Flop (didn't bet)
Seat 4: blistein folded before Flop (didn't bet)
Seat 5: fobot21 folded before Flop (didn't bet)
Seat 6: bulhakau (button) folded before Flop (didn't bet)



PokerStars Hand #254275356006:  Hold'em No Limit ($0.50/$1.00 USD) - 2025/01/09 9:08:51 WET [2025/01/09 4:08:51 ET]
Table 'Smuts II' 6-max Seat #1 is the button
Seat 1: b2k-Snick ($116.96 in chips) 
Seat 2: Emily_GetMan ($124.16 in chips) 
Seat 3: Banfield1997 ($195.20 in chips) 
Seat 4: blistein ($113.17 in chips) 
Seat 5: fobot21 ($100 in chips) 
Seat 6: bulhakau ($113.46 in chips) 
Emily_GetMan: posts small blind $0.50
Banfield1997: posts big blind $1
*** HOLE CARDS ***
blistein: folds 
fobot21: folds 
bulhakau: raises $1.25 to $2.25
b2k-Snick: folds 
Emily_GetMan: folds 
Banfield1997: calls $1.25
*** FLOP *** [4h Kh Jh]
Banfield1997: checks 
bulhakau: bets $4
Banfield1997: folds 
Uncalled bet ($4) returned to bulhakau
bulhakau collected $4.75 from pot
*** SUMMARY ***
Total pot $5 | Rake $0.25 
Board [4h Kh Jh]
Seat 1: b2k-Snick (button) folded before Flop (didn't bet)
Seat 2: Emily_GetMan (small blind) folded before Flop
Seat 3: Banfield1997 (big blind) folded on the Flop
Seat 4: blistein folded before Flop (didn't bet)
Seat 5: fobot21 folded before Flop (didn't bet)
Seat 6: bulhakau collected ($4.75)



PokerStars Hand #254275358487:  Hold'em No Limit ($0.50/$1.00 USD) - 2025/01/09 9:09:18 WET [2025/01/09 4:09:18 ET]
Table 'Smuts II' 6-max Seat #2 is the button
Seat 4: blistein ($113.17 in chips) is sitting out
Seat 1: b2k-Snick ($116.96 in chips) 
Seat 2: Emily_GetMan ($123.66 in chips) 
Seat 3: Banfield1997 ($192.95 in chips) 
Seat 5: fobot21 ($100 in chips) 
Seat 6: bulhakau ($115.96 in chips) 
Banfield1997: posts small blind $0.50
blistein: is sitting out 
fobot21: posts big blind $1
*** HOLE CARDS ***
blistein leaves the table
bulhakau: raises $1.50 to $2.50
b2k-Snick: folds 
Emily_GetMan: folds 
Banfield1997: folds 
fobot21: folds 
Uncalled bet ($1.50) returned to bulhakau
bulhakau collected $2.50 from pot
*** SUMMARY ***
Total pot $2.50 | Rake $0 
Seat 4: blistein
Seat 1: b2k-Snick folded before Flop (didn't bet)
Seat 2: Emily_GetMan (button) folded before Flop (didn't bet)
Seat 3: Banfield1997 (small blind) folded before Flop
Seat 5: fobot21 (big blind) folded before Flop
Seat 6: bulhakau collected ($2.50)



PokerStars Hand #254275360487:  Hold'em No Limit ($0.50/$1.00 USD) - 2025/01/09 9:09:39 WET [2025/01/09 4:09:39 ET]
Table 'Smuts II' 6-max Seat #3 is the button
Seat 1: b2k-Snick ($116.96 in chips) 
Seat 2: Emily_GetMan ($123.66 in chips) 
Seat 3: Banfield1997 ($192.45 in chips) 
Seat 5: fobot21 ($100 in chips) 
Seat 6: bulhakau ($117.46 in chips) 
fobot21: posts small blind $0.50
bulhakau: posts big blind $1
*** HOLE CARDS ***
b2k-Snick: folds 
Emily_GetMan: raises $1 to $2
Banfield1997: calls $2
fobot21: folds 
bulhakau: calls $1
*** FLOP *** [5c 2h 3h]
bulhakau: checks 
Emily_GetMan: checks 
Banfield1997: bets $2
sutata joins the table at seat #4 
bulhakau: folds 
Emily_GetMan: calls $2
*** TURN *** [5c 2h 3h] [9c]
Emily_GetMan: checks 
Banfield1997: checks 
*** RIVER *** [5c 2h 3h 9c] [Td]
Emily_GetMan: checks 
Banfield1997: checks 
*** SHOW DOWN ***
Emily_GetMan: shows [Jc Ad] (high card Ace)
Banfield1997: shows [5s 7d] (a pair of Fives)
Banfield1997 collected $9.98 from pot
*** SUMMARY ***
Total pot $10.50 | Rake $0.52 
Board [5c 2h 3h 9c Td]
Seat 1: b2k-Snick folded before Flop (didn't bet)
Seat 2: Emily_GetMan showed [Jc Ad] and lost with high card Ace
Seat 3: Banfield1997 (button) showed [5s 7d] and won ($9.98) with a pair of Fives
Seat 5: fobot21 (small blind) folded before Flop
Seat 6: bulhakau (big blind) folded on the Flop



PokerStars Hand #254275364785:  Hold'em No Limit ($0.50/$1.00 USD) - 2025/01/09 9:10:26 WET [2025/01/09 4:10:26 ET]
Table 'Smuts II' 6-max Seat #5 is the button
Seat 4: sutata ($100 in chips) is sitting out
Seat 1: b2k-Snick ($116.96 in chips) 
Seat 2: Emily_GetMan ($119.66 in chips) 
Seat 3: Banfield1997 ($198.43 in chips) 
Seat 5: fobot21 ($100 in chips) 
Seat 6: bulhakau ($115.46 in chips) 
bulhakau: posts small blind $0.50
b2k-Snick: posts big blind $1
sutata: sits out 
*** HOLE CARDS ***
Emily_GetMan: folds 
Banfield1997: calls $1
fobot21: folds 
bulhakau: raises $4 to $5
b2k-Snick: folds 
Banfield1997: calls $4
*** FLOP *** [Jh 4d 4c]
bulhakau: bets $3.45
Banfield1997: calls $3.45
*** TURN *** [Jh 4d 4c] [8c]
bulhakau: bets $12.75
Banfield1997: folds 
Uncalled bet ($12.75) returned to bulhakau
bulhakau collected $17 from pot
*** SUMMARY ***
Total pot $17.90 | Rake $0.90 
Board [Jh 4d 4c 8c]
Seat 4: sutata
Seat 1: b2k-Snick (big blind) folded before Flop
Seat 2: Emily_GetMan folded before Flop (didn't bet)
Seat 3: Banfield1997 folded on the Turn
Seat 5: fobot21 (button) folded before Flop (didn't bet)
Seat 6: bulhakau (small blind) collected ($17)



PokerStars Hand #254275367423:  Hold'em No Limit ($0.50/$1.00 USD) - 2025/01/09 9:10:55 WET [2025/01/09 4:10:55 ET]
Table 'Smuts II' 6-max Seat #6 is the button
Seat 4: sutata ($100 in chips) is sitting out
Seat 1: b2k-Snick ($115.96 in chips) 
Seat 2: Emily_GetMan ($119.66 in chips) 
Seat 3: Banfield1997 ($189.98 in chips) 
Seat 5: fobot21 ($100 in chips) 
Seat 6: bulhakau ($124.01 in chips) 
b2k-Snick: posts small blind $0.50
Emily_GetMan: posts big blind $1
sutata: sits out 
*** HOLE CARDS ***
Banfield1997: calls $1
fobot21: folds 
bulhakau: folds 
b2k-Snick: calls $0.50
Emily_GetMan: checks 
*** FLOP *** [2d 6d 9s]
b2k-Snick: bets $1.57
Emily_GetMan: raises $5.43 to $7
Banfield1997: calls $7
b2k-Snick: folds 
*** TURN *** [2d 6d 9s] [5h]
Emily_GetMan: bets $11.64
Banfield1997: calls $11.64
*** RIVER *** [2d 6d 9s 5h] [7h]
Emily_GetMan: checks 
Banfield1997: checks 
*** SHOW DOWN ***
Emily_GetMan: shows [7s 8s] (a straight, Five to Nine)
Banfield1997: mucks hand 
Emily_GetMan collected $39.76 from pot
*** SUMMARY ***
Total pot $41.85 | Rake $2.09 
Board [2d 6d 9s 5h 7h]
Seat 4: sutata
Seat 1: b2k-Snick (small blind) folded on the Flop
Seat 2: Emily_GetMan (big blind) showed [7s 8s] and won ($39.76) with a straight, Five to Nine
Seat 3: Banfield1997 mucked
Seat 5: fobot21 folded before Flop (didn't bet)
Seat 6: bulhakau (button) folded before Flop (didn't bet)



PokerStars Hand #254275373276:  Hold'em No Limit ($0.50/$1.00 USD) - 2025/01/09 9:11:57 WET [2025/01/09 4:11:57 ET]
Table 'Smuts II' 6-max Seat #1 is the button
Seat 4: sutata ($100 in chips) is sitting out
Seat 1: b2k-Snick ($113.39 in chips) 
Seat 2: Emily_GetMan ($139.78 in chips) 
Seat 3: Banfield1997 ($170.34 in chips) 
Seat 5: fobot21 ($100 in chips) 
Seat 6: bulhakau ($124.01 in chips) 
Emily_GetMan: posts small blind $0.50
Banfield1997: posts big blind $1
sutata: sits out 
*** HOLE CARDS ***
fobot21: folds 
bulhakau: folds 
b2k-Snick: folds 
Emily_GetMan: raises $2 to $3
Banfield1997: calls $2
*** FLOP *** [6h Jh 5d]
Emily_GetMan: checks 
Banfield1997: checks 
*** TURN *** [6h Jh 5d] [Jd]
Emily_GetMan: checks 
Banfield1997: checks 
*** RIVER *** [6h Jh 5d Jd] [5s]
Emily_GetMan: checks 
Banfield1997: checks 
*** SHOW DOWN ***
Emily_GetMan: shows [9h Td] (two pair, Jacks and Fives)
Banfield1997: shows [Qs 3s] (two pair, Jacks and Fives - Queen kicker)
Banfield1997 collected $5.70 from pot
*** SUMMARY ***
Total pot $6 | Rake $0.30 
Board [6h Jh 5d Jd 5s]
Seat 4: sutata
Seat 1: b2k-Snick (button) folded before Flop (didn't bet)
Seat 2: Emily_GetMan (small blind) showed [9h Td] and lost with two pair, Jacks and Fives
Seat 3: Banfield1997 (big blind) showed [Qs 3s] and won ($5.70) with two pair, Jacks and Fives
Seat 5: fobot21 folded before Flop (didn't bet)
Seat 6: bulhakau folded before Flop (didn't bet)



PokerStars Hand #254275375455:  Hold'em No Limit ($0.50/$1.00 USD) - 2025/01/09 9:12:21 WET [2025/01/09 4:12:21 ET]
Table 'Smuts II' 6-max Seat #2 is the button
Seat 1: b2k-Snick ($113.39 in chips) 
Seat 2: Emily_GetMan ($136.78 in chips) 
Seat 3: Banfield1997 ($173.04 in chips) 
Seat 4: sutata ($100 in chips) 
Seat 5: fobot21 ($100 in chips) 
Seat 6: bulhakau ($124.01 in chips) 
Banfield1997: posts small blind $0.50
sutata: posts big blind $1
*** HOLE CARDS ***
fobot21: raises $1 to $2
bulhakau: folds 
b2k-Snick: folds 
Emily_GetMan: folds 
Banfield1997: calls $1.50
sutata: calls $1
*** FLOP *** [Ad 5h 5c]
Banfield1997: bets $1
sutata: folds 
fobot21: calls $1
*** TURN *** [Ad 5h 5c] [8d]
Banfield1997: bets $3
fobot21: folds 
Uncalled bet ($3) returned to Banfield1997
Banfield1997 collected $7.60 from pot
*** SUMMARY ***
Total pot $8 | Rake $0.40 
Board [Ad 5h 5c 8d]
Seat 1: b2k-Snick folded before Flop (didn't bet)
Seat 2: Emily_GetMan (button) folded before Flop (didn't bet)
Seat 3: Banfield1997 (small blind) collected ($7.60)
Seat 4: sutata (big blind) folded on the Flop
Seat 5: fobot21 folded on the Turn
Seat 6: bulhakau folded before Flop (didn't bet)



PokerStars Hand #254275382531:  Hold'em No Limit ($0.50/$1.00 USD) - 2025/01/09 9:13:36 WET [2025/01/09 4:13:36 ET]
Table 'Smuts II' 6-max Seat #3 is the button
Seat 1: b2k-Snick ($113.39 in chips) 
Seat 2: Emily_GetMan ($136.78 in chips) 
Seat 3: Banfield1997 ($177.64 in chips) 
Seat 4: sutata ($100 in chips) 
Seat 5: fobot21 ($100 in chips) 
Seat 6: bulhakau ($124.01 in chips) 
sutata: posts small blind $0.50
fobot21: posts big blind $1
*** HOLE CARDS ***
bulhakau: folds 
b2k-Snick: folds 
Emily_GetMan: folds 
Banfield1997: raises $1 to $2
sutata: folds 
fobot21: folds 
Uncalled bet ($1) returned to Banfield1997
Banfield1997 collected $2.50 from pot
*** SUMMARY ***
Total pot $2.50 | Rake $0 
Seat 1: b2k-Snick folded before Flop (didn't bet)
Seat 2: Emily_GetMan folded before Flop (didn't bet)
Seat 3: Banfield1997 (button) collected ($2.50)
Seat 4: sutata (small blind) folded before Flop
Seat 5: fobot21 (big blind) folded before Flop
Seat 6: bulhakau folded before Flop (didn't bet)



PokerStars Hand #254275383991:  Hold'em No Limit ($0.50/$1.00 USD) - 2025/01/09 9:13:52 WET [2025/01/09 4:13:52 ET]
Table 'Smuts II' 6-max Seat #4 is the button
Seat 1: b2k-Snick ($113.39 in chips) 
Seat 2: Emily_GetMan ($136.78 in chips) 
Seat 3: Banfield1997 ($179.14 in chips) 
Seat 4: sutata ($100 in chips) 
Seat 5: fobot21 ($100 in chips) 
Seat 6: bulhakau ($124.01 in chips) 
fobot21: posts small blind $0.50
bulhakau: posts big blind $1
*** HOLE CARDS ***
b2k-Snick: folds 
Emily_GetMan: folds 
Banfield1997: raises $1 to $2
sutata: folds 
fobot21: folds 
bulhakau: folds 
Uncalled bet ($1) returned to Banfield1997
Banfield1997 collected $2.50 from pot
*** SUMMARY ***
Total pot $2.50 | Rake $0 
Seat 1: b2k-Snick folded before Flop (didn't bet)
Seat 2: Emily_GetMan folded before Flop (didn't bet)
Seat 3: Banfield1997 collected ($2.50)
Seat 4: sutata (button) folded before Flop (didn't bet)
Seat 5: fobot21 (small blind) folded before Flop
Seat 6: bulhakau (big blind) folded before Flop



PokerStars Hand #254275385532:  Hold'em No Limit ($0.50/$1.00 USD) - 2025/01/09 9:14:09 WET [2025/01/09 4:14:09 ET]
Table 'Smuts II' 6-max Seat #5 is the button
Seat 1: b2k-Snick ($113.39 in chips) 
Seat 2: Emily_GetMan ($136.78 in chips) 
Seat 3: Banfield1997 ($180.64 in chips) 
Seat 4: sutata ($100 in chips) 
Seat 5: fobot21 ($100 in chips) 
Seat 6: bulhakau ($123.01 in chips) 
bulhakau: posts small blind $0.50
b2k-Snick: posts big blind $1
*** HOLE CARDS ***
Emily_GetMan: folds 
Banfield1997: calls $1
sutata: raises $2.50 to $3.50
fobot21: folds 
bulhakau: folds 
b2k-Snick: folds 
Banfield1997: calls $2.50
*** FLOP *** [Kc 9s Js]
Banfield1997: bets $5
sutata: folds 
Uncalled bet ($5) returned to Banfield1997
Banfield1997 collected $8.08 from pot
*** SUMMARY ***
Total pot $8.50 | Rake $0.42 
Board [Kc 9s Js]
Seat 1: b2k-Snick (big blind) folded before Flop
Seat 2: Emily_GetMan folded before Flop (didn't bet)
Seat 3: Banfield1997 collected ($8.08)
Seat 4: sutata folded on the Flop
Seat 5: fobot21 (button) folded before Flop (didn't bet)
Seat 6: bulhakau (small blind) folded before Flop



PokerStars Hand #254275387964:  Hold'em No Limit ($0.50/$1.00 USD) - 2025/01/09 9:14:34 WET [2025/01/09 4:14:34 ET]
Table 'Smuts II' 6-max Seat #6 is the button
Seat 1: b2k-Snick ($112.39 in chips) 
Seat 2: Emily_GetMan ($136.78 in chips) 
Seat 3: Banfield1997 ($185.22 in chips) 
Seat 4: sutata ($100 in chips) 
Seat 5: fobot21 ($100 in chips) 
Seat 6: bulhakau ($122.51 in chips) 
b2k-Snick: posts small blind $0.50
Emily_GetMan: posts big blind $1
*** HOLE CARDS ***
Banfield1997: raises $1 to $2
sutata: folds 
fobot21: folds 
bulhakau: raises $5 to $7
b2k-Snick: folds 
Emily_GetMan: calls $6
Banfield1997: calls $5
*** FLOP *** [3c 4s Td]
Emily_GetMan: checks 
Banfield1997: bets $10
bulhakau: folds 
Emily_GetMan: calls $10
*** TURN *** [3c 4s Td] [Ks]
Emily_GetMan: checks 
Banfield1997: bets $10
Emily_GetMan: calls $10
*** RIVER *** [3c 4s Td Ks] [Jc]
Emily_GetMan: checks 
Banfield1997: bets $49
Emily_GetMan: calls $49
*** SHOW DOWN ***
Banfield1997: shows [Js Ts] (two pair, Jacks and Tens)
Emily_GetMan: shows [Kd Jd] (two pair, Kings and Jacks)
Emily_GetMan collected $157 from pot
*** SUMMARY ***
Total pot $159.50 | Rake $2.50 
Board [3c 4s Td Ks Jc]
Seat 1: b2k-Snick (small blind) folded before Flop
Seat 2: Emily_GetMan (big blind) showed [Kd Jd] and won ($157) with two pair, Kings and Jacks
Seat 3: Banfield1997 showed [Js Ts] and lost with two pair, Jacks and Tens
Seat 4: sutata folded before Flop (didn't bet)
Seat 5: fobot21 folded before Flop (didn't bet)
Seat 6: bulhakau (button) folded on the Flop



PokerStars Hand #254275393084:  Hold'em No Limit ($0.50/$1.00 USD) - 2025/01/09 9:15:30 WET [2025/01/09 4:15:30 ET]
Table 'Smuts II' 6-max Seat #1 is the button
Seat 1: b2k-Snick ($111.89 in chips) 
Seat 2: Emily_GetMan ($217.78 in chips) 
Seat 3: Banfield1997 ($109.22 in chips) 
Seat 4: sutata ($100 in chips) 
Seat 5: fobot21 ($100 in chips) 
Seat 6: bulhakau ($115.51 in chips) 
Emily_GetMan: posts small blind $0.50
Banfield1997: posts big blind $1
*** HOLE CARDS ***
sutata: folds 
fobot21: raises $1 to $2
bulhakau: folds 
b2k-Snick: folds 
Emily_GetMan: folds 
Banfield1997: calls $1
*** FLOP *** [2s Ad 4h]
Banfield1997: checks 
fobot21: bets $1.46
Banfield1997: calls $1.46
*** TURN *** [2s Ad 4h] [Ah]
Banfield1997: bets $5
fobot21: folds 
Uncalled bet ($5) returned to Banfield1997
Banfield1997 collected $7.05 from pot
*** SUMMARY ***
Total pot $7.42 | Rake $0.37 
Board [2s Ad 4h Ah]
Seat 1: b2k-Snick (button) folded before Flop (didn't bet)
Seat 2: Emily_GetMan (small blind) folded before Flop
Seat 3: Banfield1997 (big blind) collected ($7.05)
Seat 4: sutata folded before Flop (didn't bet)
Seat 5: fobot21 folded on the Turn
Seat 6: bulhakau folded before Flop (didn't bet)



PokerStars Hand #254275397263:  Hold'em No Limit ($0.50/$1.00 USD) - 2025/01/09 9:16:15 WET [2025/01/09 4:16:15 ET]
Table 'Smuts II' 6-max Seat #2 is the button
Seat 1: b2k-Snick ($111.89 in chips) 
Seat 2: Emily_GetMan ($217.28 in chips) 
Seat 3: Banfield1997 ($112.81 in chips) 
Seat 4: sutata ($100 in chips) 
Seat 5: fobot21 ($100 in chips) 
Seat 6: bulhakau ($115.51 in chips) 
Banfield1997: posts small blind $0.50
sutata: posts big blind $1
*** HOLE CARDS ***
fobot21: folds 
bulhakau: folds 
b2k-Snick: folds 
Emily_GetMan: raises $1.50 to $2.50
Banfield1997: folds 
sutata: folds 
Uncalled bet ($1.50) returned to Emily_GetMan
Emily_GetMan collected $2.50 from pot
Emily_GetMan: doesn't show hand 
*** SUMMARY ***
Total pot $2.50 | Rake $0 
Seat 1: b2k-Snick folded before Flop (didn't bet)
Seat 2: Emily_GetMan (button) collected ($2.50)
Seat 3: Banfield1997 (small blind) folded before Flop
Seat 4: sutata (big blind) folded before Flop
Seat 5: fobot21 folded before Flop (didn't bet)
Seat 6: bulhakau folded before Flop (didn't bet)



PokerStars Hand #254275398496:  Hold'em No Limit ($0.50/$1.00 USD) - 2025/01/09 9:16:28 WET [2025/01/09 4:16:28 ET]
Table 'Smuts II' 6-max Seat #3 is the button
Seat 1: b2k-Snick ($111.89 in chips) 
Seat 2: Emily_GetMan ($218.78 in chips) 
Seat 3: Banfield1997 ($112.31 in chips) 
Seat 4: sutata ($100 in chips) 
Seat 5: fobot21 ($100 in chips) 
Seat 6: bulhakau ($115.51 in chips) 
sutata: posts small blind $0.50
fobot21: posts big blind $1
*** HOLE CARDS ***
bulhakau: folds 
b2k-Snick: folds 
Emily_GetMan: folds 
Banfield1997: raises $4 to $5
sutata: folds 
fobot21: calls $4
*** FLOP *** [Ks 5h 6c]
fobot21: checks 
Banfield1997: bets $5
fobot21: folds 
Uncalled bet ($5) returned to Banfield1997
Banfield1997 collected $9.98 from pot
*** SUMMARY ***
Total pot $10.50 | Rake $0.52 
Board [Ks 5h 6c]
Seat 1: b2k-Snick folded before Flop (didn't bet)
Seat 2: Emily_GetMan folded before Flop (didn't bet)
Seat 3: Banfield1997 (button) collected ($9.98)
Seat 4: sutata (small blind) folded before Flop
Seat 5: fobot21 (big blind) folded on the Flop
Seat 6: bulhakau folded before Flop (didn't bet)



PokerStars Hand #254275402119:  Hold'em No Limit ($0.50/$1.00 USD) - 2025/01/09 9:17:07 WET [2025/01/09 4:17:07 ET]
Table 'Smuts II' 6-max Seat #4 is the button
Seat 1: b2k-Snick ($111.89 in chips) 
Seat 2: Emily_GetMan ($218.78 in chips) 
Seat 3: Banfield1997 ($117.29 in chips) 
Seat 4: sutata ($100 in chips) 
Seat 5: fobot21 ($100 in chips) 
Seat 6: bulhakau ($115.51 in chips) 
fobot21: posts small blind $0.50
bulhakau: posts big blind $1
*** HOLE CARDS ***
b2k-Snick: folds 
Emily_GetMan: raises $1 to $2
Banfield1997: calls $2
sutata: folds 
fobot21: folds 
bulhakau: folds 
*** FLOP *** [9d 5h 2c]
Emily_GetMan: bets $1.72
Banfield1997: folds 
Uncalled bet ($1.72) returned to Emily_GetMan
Emily_GetMan collected $5.22 from pot
Emily_GetMan: doesn't show hand 
*** SUMMARY ***
Total pot $5.50 | Rake $0.28 
Board [9d 5h 2c]
Seat 1: b2k-Snick folded before Flop (didn't bet)
Seat 2: Emily_GetMan collected ($5.22)
Seat 3: Banfield1997 folded on the Flop
Seat 4: sutata (button) folded before Flop (didn't bet)
Seat 5: fobot21 (small blind) folded before Flop
Seat 6: bulhakau (big blind) folded before Flop



PokerStars Hand #254275405018:  Hold'em No Limit ($0.50/$1.00 USD) - 2025/01/09 9:17:38 WET [2025/01/09 4:17:38 ET]
Table 'Smuts II' 6-max Seat #5 is the button
Seat 1: b2k-Snick ($111.89 in chips) 
Seat 2: Emily_GetMan ($222 in chips) 
Seat 3: Banfield1997 ($115.29 in chips) 
Seat 4: sutata ($100 in chips) 
Seat 5: fobot21 ($100 in chips) 
Seat 6: bulhakau ($114.51 in chips) 
bulhakau: posts small blind $0.50
b2k-Snick: posts big blind $1
*** HOLE CARDS ***
Emily_GetMan: folds 
Banfield1997: raises $1 to $2
sutata: folds 
fobot21: raises $4.50 to $6.50
bulhakau: folds 
b2k-Snick: folds 
Banfield1997: calls $4.50
*** FLOP *** [4d 9s Kh]
Banfield1997: bets $23
fobot21: folds 
Uncalled bet ($23) returned to Banfield1997
Banfield1997 collected $13.78 from pot
*** SUMMARY ***
Total pot $14.50 | Rake $0.72 
Board [4d 9s Kh]
Seat 1: b2k-Snick (big blind) folded before Flop
Seat 2: Emily_GetMan folded before Flop (didn't bet)
Seat 3: Banfield1997 collected ($13.78)
Seat 4: sutata folded before Flop (didn't bet)
Seat 5: fobot21 (button) folded on the Flop
Seat 6: bulhakau (small blind) folded before Flop



PokerStars Hand #254275407388:  Hold'em No Limit ($0.50/$1.00 USD) - 2025/01/09 9:18:04 WET [2025/01/09 4:18:04 ET]
Table 'Smuts II' 6-max Seat #6 is the button
Seat 1: b2k-Snick ($110.89 in chips) 
Seat 2: Emily_GetMan ($222 in chips) 
Seat 3: Banfield1997 ($122.57 in chips) 
Seat 4: sutata ($100 in chips) 
Seat 5: fobot21 ($100 in chips) 
Seat 6: bulhakau ($114.01 in chips) 
b2k-Snick: posts small blind $0.50
Emily_GetMan: posts big blind $1
*** HOLE CARDS ***
Banfield1997: calls $1
sutata: raises $3 to $4
fobot21: folds 
bulhakau: folds 
b2k-Snick: folds 
Emily_GetMan: folds 
Banfield1997: calls $3
*** FLOP *** [Jh Jd 4d]
Banfield1997: bets $10
sutata: calls $10
*** TURN *** [Jh Jd 4d] [6s]
Banfield1997: bets $8
sutata: calls $8
*** RIVER *** [Jh Jd 4d 6s] [8d]
Banfield1997: bets $6
sutata: raises $72 to $78 and is all-in
Banfield1997: folds 
Uncalled bet ($72) returned to sutata
sutata collected $55 from pot
sutata: doesn't show hand 
*** SUMMARY ***
Total pot $57.50 | Rake $2.50 
Board [Jh Jd 4d 6s 8d]
Seat 1: b2k-Snick (small blind) folded before Flop
Seat 2: Emily_GetMan (big blind) folded before Flop
Seat 3: Banfield1997 folded on the River
Seat 4: sutata collected ($55)
Seat 5: fobot21 folded before Flop (didn't bet)
Seat 6: bulhakau (button) folded before Flop (didn't bet)



PokerStars Hand #254275414004:  Hold'em No Limit ($0.50/$1.00 USD) - 2025/01/09 9:19:13 WET [2025/01/09 4:19:13 ET]
Table 'Smuts II' 6-max Seat #1 is the button
Seat 1: b2k-Snick ($110.39 in chips) 
Seat 2: Emily_GetMan ($221 in chips) 
Seat 3: Banfield1997 ($94.57 in chips) 
Seat 4: sutata ($127 in chips) 
Seat 5: fobot21 ($100 in chips) 
Seat 6: bulhakau ($114.01 in chips) 
Emily_GetMan: posts small blind $0.50
Banfield1997: posts big blind $1
*** HOLE CARDS ***
sutata: raises $2 to $3
fobot21: folds 
bulhakau: folds 
b2k-Snick: calls $3
Emily_GetMan: folds 
Banfield1997: folds 
*** FLOP *** [4h Jc 9d]
Banfield1997 leaves the table
sutata: bets $2.37
b2k-Snick: raises $5.13 to $7.50
sutata: calls $5.13
*** TURN *** [4h Jc 9d] [7s]
sutata: checks 
b2k-Snick: checks 
*** RIVER *** [4h Jc 9d 7s] [2h]
sutata: checks 
b2k-Snick: checks 
*** SHOW DOWN ***
sutata: shows [Ac Qc] (high card Ace)
b2k-Snick: shows [8c 8h] (a pair of Eights)
b2k-Snick collected $21.38 from pot
*** SUMMARY ***
Total pot $22.50 | Rake $1.12 
Board [4h Jc 9d 7s 2h]
Seat 1: b2k-Snick (button) showed [8c 8h] and won ($21.38) with a pair of Eights
Seat 2: Emily_GetMan (small blind) folded before Flop
Seat 3: Banfield1997 (big blind) folded before Flop
Seat 4: sutata showed [Ac Qc] and lost with high card Ace
Seat 5: fobot21 folded before Flop (didn't bet)
Seat 6: bulhakau folded before Flop (didn't bet)



PokerStars Hand #254275418729:  Hold'em No Limit ($0.50/$1.00 USD) - 2025/01/09 9:20:04 WET [2025/01/09 4:20:04 ET]
Table 'Smuts II' 6-max Seat #2 is the button
Seat 1: b2k-Snick ($121.27 in chips) 
Seat 2: Emily_GetMan ($220.50 in chips) 
Seat 4: sutata ($116.50 in chips) 
Seat 5: fobot21 ($100 in chips) 
Seat 6: bulhakau ($114.01 in chips) 
sutata: posts small blind $0.50
fobot21: posts big blind $1
*** HOLE CARDS ***
bulhakau: folds 
b2k-Snick: raises $1.50 to $2.50
Emily_GetMan: folds 
sutata: folds 
fobot21: folds 
Uncalled bet ($1.50) returned to b2k-Snick
b2k-Snick collected $2.50 from pot
b2k-Snick: doesn't show hand 
*** SUMMARY ***
Total pot $2.50 | Rake $0 
Seat 1: b2k-Snick collected ($2.50)
Seat 2: Emily_GetMan (button) folded before Flop (didn't bet)
Seat 4: sutata (small blind) folded before Flop
Seat 5: fobot21 (big blind) folded before Flop
Seat 6: bulhakau folded before Flop (didn't bet)



