PokerStars Hand #254278850566:  Hold'em No Limit ($0.50/$1.00 USD) - 2025/01/09 15:45:43 WET [2025/01/09 10:45:43 ET]
Table 'Gaspra III' 6-max Seat #6 is the button
Seat 1: sta$igk ($101 in chips) 
Seat 2: Gfoer ($100 in chips) 
Seat 3: YeeesMan ($100 in chips) 
Seat 6: sisya114 ($99.50 in chips) 
sta$igk: posts small blind $0.50
Gfoer: posts big blind $1
*** HOLE CARDS ***
YeeesMan: folds 
sisya114: calls $1
gig.gyty joins the table at seat #4 
sta$igk: raises $4 to $5
Gfoer: folds 
sisya114: calls $4
*** FLOP *** [2h 4d Qh]
sta$igk: bets $3.45
sisya114: calls $3.45
*** TURN *** [2h 4d Qh] [Qd]
sta$igk: checks 
sisya114: checks 
*** RIVER *** [2h 4d Qh Qd] [3c]
sta$igk: checks 
sisya114: checks 
*** SHOW DOWN ***
sta$igk: shows [Th Ks] (a pair of Queens)
sisya114: shows [Ad 3d] (two pair, Queens and Threes)
sisya114 collected $17 from pot
*** SUMMARY ***
Total pot $17.90 | Rake $0.90 
Board [2h 4d Qh Qd 3c]
Seat 1: sta$igk (small blind) showed [Th Ks] and lost with a pair of Queens
Seat 2: Gfoer (big blind) folded before Flop
Seat 3: YeeesMan folded before Flop (didn't bet)
Seat 6: sisya114 (button) showed [Ad 3d] and won ($17) with two pair, Queens and Threes



PokerStars Hand #254278864615:  Hold'em No Limit ($0.50/$1.00 USD) - 2025/01/09 15:46:45 WET [2025/01/09 10:46:45 ET]
Table 'Gaspra III' 6-max Seat #1 is the button
Seat 4: gig.gyty ($100 in chips) is sitting out
Seat 1: sta$igk ($100 in chips) 
Seat 2: Gfoer ($100 in chips) 
Seat 3: YeeesMan ($100 in chips) 
Seat 6: sisya114 ($108.05 in chips) 
Gfoer: posts small blind $0.50
YeeesMan: posts big blind $1
gig.gyty: sits out 
*** HOLE CARDS ***
sisya114: folds 
sisya114 leaves the table
sta$igk: raises $1.50 to $2.50
Gfoer: folds 
YeeesMan: calls $1.50
*** FLOP *** [Js 9c Ad]
YeeesMan: checks 
sta$igk: bets $6.52
thibs_chief joins the table at seat #5 
YeeesMan: calls $6.52
*** TURN *** [Js 9c Ad] [5c]
YeeesMan: checks 
sta$igk: checks 
*** RIVER *** [Js 9c Ad 5c] [Ks]
YeeesMan: checks 
sta$igk: bets $20.25
derek5858 joins the table at seat #6 
YeeesMan: folds 
Uncalled bet ($20.25) returned to sta$igk
sta$igk collected $17.61 from pot
sta$igk: doesn't show hand 
*** SUMMARY ***
Total pot $18.54 | Rake $0.93 
Board [Js 9c Ad 5c Ks]
Seat 4: gig.gyty
Seat 1: sta$igk (button) collected ($17.61)
Seat 2: Gfoer (small blind) folded before Flop
Seat 3: YeeesMan (big blind) folded on the River
Seat 6: sisya114 folded before Flop (didn't bet)



PokerStars Hand #254278893472:  Hold'em No Limit ($0.50/$1.00 USD) - 2025/01/09 15:48:52 WET [2025/01/09 10:48:52 ET]
Table 'Gaspra III' 6-max Seat #2 is the button
Seat 5: thibs_chief ($10 in chips) is sitting out
Seat 6: derek5858 ($100 in chips) is sitting out
Seat 1: sta$igk ($108.59 in chips) 
Seat 2: Gfoer ($100 in chips) 
Seat 3: YeeesMan ($100 in chips) 
Seat 4: gig.gyty ($100 in chips) 
YeeesMan: posts small blind $0.50
gig.gyty: posts big blind $1
thibs_chief: sits out 
derek5858: sits out 
*** HOLE CARDS ***
sta$igk: raises $1.50 to $2.50
Gfoer: folds 
YeeesMan: folds 
gig.gyty: folds 
Uncalled bet ($1.50) returned to sta$igk
sta$igk collected $2.50 from pot
sta$igk: doesn't show hand 
*** SUMMARY ***
Total pot $2.50 | Rake $0 
Seat 5: thibs_chief
Seat 6: derek5858
Seat 1: sta$igk collected ($2.50)
Seat 2: Gfoer (button) folded before Flop (didn't bet)
Seat 3: YeeesMan (small blind) folded before Flop
Seat 4: gig.gyty (big blind) folded before Flop



PokerStars Hand #254278896496:  Hold'em No Limit ($0.50/$1.00 USD) - 2025/01/09 15:49:05 WET [2025/01/09 10:49:05 ET]
Table 'Gaspra III' 6-max Seat #3 is the button
Seat 6: derek5858 ($100 in chips) is sitting out
Seat 1: sta$igk ($110.09 in chips) 
Seat 2: Gfoer ($100 in chips) 
Seat 3: YeeesMan ($100 in chips) 
Seat 4: gig.gyty ($100 in chips) 
Seat 5: thibs_chief ($10 in chips) 
gig.gyty: posts small blind $0.50
thibs_chief: posts big blind $1
derek5858: sits out 
*** HOLE CARDS ***
sta$igk: folds 
Gfoer: folds 
YeeesMan: folds 
gig.gyty: raises $9 to $10
thibs_chief: folds 
Uncalled bet ($9) returned to gig.gyty
gig.gyty collected $2 from pot
gig.gyty: doesn't show hand 
*** SUMMARY ***
Total pot $2 | Rake $0 
Seat 6: derek5858
Seat 1: sta$igk folded before Flop (didn't bet)
Seat 2: Gfoer folded before Flop (didn't bet)
Seat 3: YeeesMan (button) folded before Flop (didn't bet)
Seat 4: gig.gyty (small blind) collected ($2)
Seat 5: thibs_chief (big blind) folded before Flop



PokerStars Hand #254278903259:  Hold'em No Limit ($0.50/$1.00 USD) - 2025/01/09 15:49:35 WET [2025/01/09 10:49:35 ET]
Table 'Gaspra III' 6-max Seat #4 is the button
Seat 1: sta$igk ($110.09 in chips) 
Seat 2: Gfoer ($100 in chips) 
Seat 3: YeeesMan ($100 in chips) 
Seat 4: gig.gyty ($101 in chips) 
Seat 5: thibs_chief ($9 in chips) 
Seat 6: derek5858 ($100 in chips) 
thibs_chief: posts small blind $0.50
derek5858: posts big blind $1
*** HOLE CARDS ***
sta$igk: raises $1 to $2
Gfoer: folds 
YeeesMan: folds 
gig.gyty: raises $5 to $7
thibs_chief: folds 
derek5858: folds 
sta$igk: folds 
Uncalled bet ($5) returned to gig.gyty
gig.gyty collected $5.50 from pot
gig.gyty: doesn't show hand 
*** SUMMARY ***
Total pot $5.50 | Rake $0 
Seat 1: sta$igk folded before Flop
Seat 2: Gfoer folded before Flop (didn't bet)
Seat 3: YeeesMan folded before Flop (didn't bet)
Seat 4: gig.gyty (button) collected ($5.50)
Seat 5: thibs_chief (small blind) folded before Flop
Seat 6: derek5858 (big blind) folded before Flop



PokerStars Hand #254278908773:  Hold'em No Limit ($0.50/$1.00 USD) - 2025/01/09 15:50:00 WET [2025/01/09 10:50:00 ET]
Table 'Gaspra III' 6-max Seat #5 is the button
Seat 1: sta$igk ($108.09 in chips) 
Seat 2: Gfoer ($100 in chips) 
Seat 3: YeeesMan ($100 in chips) 
Seat 4: gig.gyty ($104.50 in chips) 
Seat 5: thibs_chief ($8.50 in chips) 
Seat 6: derek5858 ($100 in chips) 
derek5858: posts small blind $0.50
sta$igk: posts big blind $1
*** HOLE CARDS ***
Gfoer: raises $1.20 to $2.20
YeeesMan: folds 
gig.gyty: folds 
thibs_chief: folds 
derek5858: folds 
sta$igk: folds 
Uncalled bet ($1.20) returned to Gfoer
Gfoer collected $2.50 from pot
Gfoer: doesn't show hand 
*** SUMMARY ***
Total pot $2.50 | Rake $0 
Seat 1: sta$igk (big blind) folded before Flop
Seat 2: Gfoer collected ($2.50)
Seat 3: YeeesMan folded before Flop (didn't bet)
Seat 4: gig.gyty folded before Flop (didn't bet)
Seat 5: thibs_chief (button) folded before Flop (didn't bet)
Seat 6: derek5858 (small blind) folded before Flop



PokerStars Hand #254278913235:  Hold'em No Limit ($0.50/$1.00 USD) - 2025/01/09 15:50:20 WET [2025/01/09 10:50:20 ET]
Table 'Gaspra III' 6-max Seat #6 is the button
Seat 2: Gfoer ($101.50 in chips) is sitting out
Seat 3: YeeesMan ($100 in chips) is sitting out
Seat 1: sta$igk ($107.09 in chips) 
Seat 4: gig.gyty ($104.50 in chips) 
Seat 5: thibs_chief ($8.50 in chips) 
Seat 6: derek5858 ($100 in chips) 
sta$igk: posts small blind $0.50
Gfoer: is sitting out 
YeeesMan: is sitting out 
gig.gyty: posts big blind $1
*** HOLE CARDS ***
thibs_chief: folds 
YeeesMan leaves the table
Gfoer leaves the table
derek5858: raises $1.50 to $2.50
sta$igk: raises $8.50 to $11
gig.gyty: folds 
Palacios777 joins the table at seat #2 
derek5858: calls $8.50
*** FLOP *** [7d As 7c]
sta$igk: bets $5.50
derek5858: calls $5.50
*** TURN *** [7d As 7c] [3d]
sta$igk: checks 
derek5858: checks 
*** RIVER *** [7d As 7c 3d] [Ac]
sta$igk: bets $10.89
CapoDiTutti17 joins the table at seat #3 
CapoDiTutti17 is disconnected 
derek5858: calls $10.89
*** SHOW DOWN ***
sta$igk: shows [Ah Th] (a full house, Aces full of Sevens)
derek5858: mucks hand 
sta$igk collected $54.78 from pot
*** SUMMARY ***
Total pot $55.78 | Rake $1 
Board [7d As 7c 3d Ac]
Seat 2: Gfoer
Seat 3: YeeesMan
Seat 1: sta$igk (small blind) showed [Ah Th] and won ($54.78) with a full house, Aces full of Sevens
Seat 4: gig.gyty (big blind) folded before Flop
Seat 5: thibs_chief folded before Flop (didn't bet)
Seat 6: derek5858 (button) mucked



PokerStars Hand #254278931701:  Hold'em No Limit ($0.50/$1.00 USD) - 2025/01/09 15:51:42 WET [2025/01/09 10:51:42 ET]
Table 'Gaspra III' 6-max Seat #1 is the button
Seat 2: Palacios777 ($100 in chips) is sitting out
Seat 3: CapoDiTutti17 ($30 in chips) is sitting out
Seat 1: sta$igk ($134.48 in chips) 
Seat 4: gig.gyty ($103.50 in chips) 
Seat 5: thibs_chief ($8.50 in chips) 
Seat 6: derek5858 ($100 in chips) 
gig.gyty: posts small blind $0.50
thibs_chief: posts big blind $1
*** HOLE CARDS ***
derek5858: folds 
sta$igk: folds 
gig.gyty: folds 
Uncalled bet ($0.50) returned to thibs_chief
thibs_chief collected $1 from pot
thibs_chief: doesn't show hand 
*** SUMMARY ***
Total pot $1 | Rake $0 
Seat 2: Palacios777
Seat 3: CapoDiTutti17
Seat 1: sta$igk (button) folded before Flop (didn't bet)
Seat 4: gig.gyty (small blind) folded before Flop
Seat 5: thibs_chief (big blind) collected ($1)
Seat 6: derek5858 folded before Flop (didn't bet)



PokerStars Hand #254278935328:  Hold'em No Limit ($0.50/$1.00 USD) - 2025/01/09 15:51:58 WET [2025/01/09 10:51:58 ET]
Table 'Gaspra III' 6-max Seat #4 is the button
Seat 2: Palacios777 ($100 in chips) is sitting out
Seat 1: sta$igk ($134.48 in chips) 
Seat 3: CapoDiTutti17 ($30 in chips) 
Seat 4: gig.gyty ($103 in chips) 
Seat 5: thibs_chief ($9 in chips) 
Seat 6: derek5858 ($100 in chips) 
thibs_chief: posts small blind $0.50
derek5858: posts big blind $1
Palacios777: sits out 
CapoDiTutti17: posts big blind $1
*** HOLE CARDS ***
sta$igk: folds 
CapoDiTutti17: checks 
gig.gyty: folds 
thibs_chief: folds 
derek5858: checks 
*** FLOP *** [Kh 4c 7s]
derek5858: checks 
CapoDiTutti17: checks 
*** TURN *** [Kh 4c 7s] [3c]
derek5858: checks 
CapoDiTutti17: checks 
*** RIVER *** [Kh 4c 7s 3c] [6s]
derek5858: checks 
CapoDiTutti17: bets $2.38
derek5858: folds 
Uncalled bet ($2.38) returned to CapoDiTutti17
CapoDiTutti17 collected $2.38 from pot
*** SUMMARY ***
Total pot $2.50 | Rake $0.12 
Board [Kh 4c 7s 3c 6s]
Seat 2: Palacios777
Seat 1: sta$igk folded before Flop (didn't bet)
Seat 3: CapoDiTutti17 collected ($2.38)
Seat 4: gig.gyty (button) folded before Flop (didn't bet)
Seat 5: thibs_chief (small blind) folded before Flop
Seat 6: derek5858 (big blind) folded on the River



PokerStars Hand #254278945184:  Hold'em No Limit ($0.50/$1.00 USD) - 2025/01/09 15:52:42 WET [2025/01/09 10:52:42 ET]
Table 'Gaspra III' 6-max Seat #5 is the button
Seat 2: Palacios777 ($100 in chips) is sitting out
Seat 1: sta$igk ($134.48 in chips) 
Seat 3: CapoDiTutti17 ($31.38 in chips) 
Seat 4: gig.gyty ($103 in chips) 
Seat 5: thibs_chief ($8.50 in chips) 
Seat 6: derek5858 ($100 in chips) 
derek5858: posts small blind $0.50
sta$igk: posts big blind $1
Palacios777: sits out 
*** HOLE CARDS ***
CapoDiTutti17: calls $1
gig.gyty: folds 
thibs_chief: folds 
derek5858: folds 
sta$igk: checks 
*** FLOP *** [Jd 2s 3h]
sta$igk: checks 
CapoDiTutti17: checks 
*** TURN *** [Jd 2s 3h] [6s]
sta$igk: bets $1.79
CapoDiTutti17: calls $1.79
*** RIVER *** [Jd 2s 3h 6s] [6c]
sta$igk: bets $7.23
CapoDiTutti17: folds 
Uncalled bet ($7.23) returned to sta$igk
sta$igk collected $5.78 from pot
sta$igk: doesn't show hand 
*** SUMMARY ***
Total pot $6.08 | Rake $0.30 
Board [Jd 2s 3h 6s 6c]
Seat 2: Palacios777
Seat 1: sta$igk (big blind) collected ($5.78)
Seat 3: CapoDiTutti17 folded on the River
Seat 4: gig.gyty folded before Flop (didn't bet)
Seat 5: thibs_chief (button) folded before Flop (didn't bet)
Seat 6: derek5858 (small blind) folded before Flop



PokerStars Hand #254278959834:  Hold'em No Limit ($0.50/$1.00 USD) - 2025/01/09 15:53:47 WET [2025/01/09 10:53:47 ET]
Table 'Gaspra III' 6-max Seat #6 is the button
Seat 1: sta$igk ($137.47 in chips) 
Seat 2: Palacios777 ($100 in chips) 
Seat 3: CapoDiTutti17 ($28.59 in chips) 
Seat 4: gig.gyty ($103 in chips) 
Seat 5: thibs_chief ($8.50 in chips) 
Seat 6: derek5858 ($100 in chips) 
sta$igk: posts small blind $0.50
Palacios777: posts big blind $1
*** HOLE CARDS ***
CapoDiTutti17: calls $1
gig.gyty: folds 
thibs_chief: folds 
derek5858: folds 
sta$igk: folds 
Palacios777: raises $2 to $3
CapoDiTutti17: raises $2 to $5
Palacios777: folds 
Uncalled bet ($2) returned to CapoDiTutti17
CapoDiTutti17 collected $6.50 from pot
*** SUMMARY ***
Total pot $6.50 | Rake $0 
Seat 1: sta$igk (small blind) folded before Flop
Seat 2: Palacios777 (big blind) folded before Flop
Seat 3: CapoDiTutti17 collected ($6.50)
Seat 4: gig.gyty folded before Flop (didn't bet)
Seat 5: thibs_chief folded before Flop (didn't bet)
Seat 6: derek5858 (button) folded before Flop (didn't bet)



PokerStars Hand #254278965042:  Hold'em No Limit ($0.50/$1.00 USD) - 2025/01/09 15:54:11 WET [2025/01/09 10:54:11 ET]
Table 'Gaspra III' 6-max Seat #1 is the button
Seat 1: sta$igk ($136.97 in chips) 
Seat 2: Palacios777 ($100 in chips) 
Seat 3: CapoDiTutti17 ($32.09 in chips) 
Seat 4: gig.gyty ($103 in chips) 
Seat 5: thibs_chief ($8.50 in chips) 
Seat 6: derek5858 ($100 in chips) 
Palacios777: posts small blind $0.50
CapoDiTutti17: posts big blind $1
*** HOLE CARDS ***
gig.gyty: folds 
thibs_chief: folds 
derek5858: folds 
sta$igk: folds 
Palacios777: folds 
Uncalled bet ($0.50) returned to CapoDiTutti17
CapoDiTutti17 collected $1 from pot
*** SUMMARY ***
Total pot $1 | Rake $0 
Seat 1: sta$igk (button) folded before Flop (didn't bet)
Seat 2: Palacios777 (small blind) folded before Flop
Seat 3: CapoDiTutti17 (big blind) collected ($1)
Seat 4: gig.gyty folded before Flop (didn't bet)
Seat 5: thibs_chief folded before Flop (didn't bet)
Seat 6: derek5858 folded before Flop (didn't bet)



PokerStars Hand #254278968285:  Hold'em No Limit ($0.50/$1.00 USD) - 2025/01/09 15:54:26 WET [2025/01/09 10:54:26 ET]
Table 'Gaspra III' 6-max Seat #2 is the button
Seat 1: sta$igk ($136.97 in chips) 
Seat 2: Palacios777 ($100 in chips) 
Seat 3: CapoDiTutti17 ($32.59 in chips) 
Seat 4: gig.gyty ($103 in chips) 
Seat 5: thibs_chief ($8.50 in chips) 
Seat 6: derek5858 ($100 in chips) 
CapoDiTutti17: posts small blind $0.50
gig.gyty: posts big blind $1
*** HOLE CARDS ***
thibs_chief: folds 
derek5858: folds 
sta$igk: folds 
Palacios777: raises $1.20 to $2.20
CapoDiTutti17: calls $1.70
gig.gyty: folds 
*** FLOP *** [Kh Qh 4h]
CapoDiTutti17: checks 
Palacios777: checks 
*** TURN *** [Kh Qh 4h] [7s]
CapoDiTutti17: checks 
Palacios777: bets $1.69
CapoDiTutti17: calls $1.69
*** RIVER *** [Kh Qh 4h 7s] [3c]
CapoDiTutti17: checks 
Palacios777: bets $7
CapoDiTutti17: folds 
Uncalled bet ($7) returned to Palacios777
Palacios777 collected $8.34 from pot
Palacios777: doesn't show hand 
*** SUMMARY ***
Total pot $8.78 | Rake $0.44 
Board [Kh Qh 4h 7s 3c]
Seat 1: sta$igk folded before Flop (didn't bet)
Seat 2: Palacios777 (button) collected ($8.34)
Seat 3: CapoDiTutti17 (small blind) folded on the River
Seat 4: gig.gyty (big blind) folded before Flop
Seat 5: thibs_chief folded before Flop (didn't bet)
Seat 6: derek5858 folded before Flop (didn't bet)



PokerStars Hand #254278979667:  Hold'em No Limit ($0.50/$1.00 USD) - 2025/01/09 15:55:21 WET [2025/01/09 10:55:21 ET]
Table 'Gaspra III' 6-max Seat #3 is the button
Seat 1: sta$igk ($136.97 in chips) 
Seat 2: Palacios777 ($104.45 in chips) 
Seat 3: CapoDiTutti17 ($28.70 in chips) 
Seat 4: gig.gyty ($102 in chips) 
Seat 5: thibs_chief ($8.50 in chips) 
Seat 6: derek5858 ($100 in chips) 
gig.gyty: posts small blind $0.50
thibs_chief: posts big blind $1
*** HOLE CARDS ***
derek5858: raises $1 to $2
sta$igk: folds 
Palacios777: folds 
CapoDiTutti17: folds 
gig.gyty: folds 
thibs_chief: calls $1
*** FLOP *** [4h Kd Jd]
thibs_chief: checks 
derek5858: bets $1.28
thibs_chief: raises $5.22 to $6.50 and is all-in
derek5858: calls $5.22
*** TURN *** [4h Kd Jd] [7c]
*** RIVER *** [4h Kd Jd 7c] [5h]
*** SHOW DOWN ***
thibs_chief: shows [8s Js] (a pair of Jacks)
derek5858: shows [Qc Kc] (a pair of Kings)
derek5858 collected $16.62 from pot
*** SUMMARY ***
Total pot $17.50 | Rake $0.88 
Board [4h Kd Jd 7c 5h]
Seat 1: sta$igk folded before Flop (didn't bet)
Seat 2: Palacios777 folded before Flop (didn't bet)
Seat 3: CapoDiTutti17 (button) folded before Flop (didn't bet)
Seat 4: gig.gyty (small blind) folded before Flop
Seat 5: thibs_chief (big blind) showed [8s Js] and lost with a pair of Jacks
Seat 6: derek5858 showed [Qc Kc] and won ($16.62) with a pair of Kings



PokerStars Hand #254278986670:  Hold'em No Limit ($0.50/$1.00 USD) - 2025/01/09 15:56:03 WET [2025/01/09 10:56:03 ET]
Table 'Gaspra III' 6-max Seat #4 is the button
Seat 1: sta$igk ($136.97 in chips) 
Seat 2: Palacios777 ($104.45 in chips) 
Seat 3: CapoDiTutti17 ($28.70 in chips) 
Seat 4: gig.gyty ($101.50 in chips) 
Seat 6: derek5858 ($108.12 in chips) 
derek5858: posts small blind $0.50
sta$igk: posts big blind $1
*** HOLE CARDS ***
Palacios777: folds 
CapoDiTutti17: calls $1
gig.gyty: folds 
derek5858: folds 
sta$igk: raises $135.97 to $136.97 and is all-in
CapoDiTutti17: calls $27.70 and is all-in
Uncalled bet ($108.27) returned to sta$igk
*** FLOP *** [7s Ad 5s]
*** TURN *** [7s Ad 5s] [5h]
*** RIVER *** [7s Ad 5s 5h] [Kc]
*** SHOW DOWN ***
sta$igk: shows [Ac Jd] (two pair, Aces and Fives)
CapoDiTutti17: shows [9h Qs] (a pair of Fives)
sta$igk collected $55.40 from pot
*** SUMMARY ***
Total pot $57.90 | Rake $2.50 
Board [7s Ad 5s 5h Kc]
Seat 1: sta$igk (big blind) showed [Ac Jd] and won ($55.40) with two pair, Aces and Fives
Seat 2: Palacios777 folded before Flop (didn't bet)
Seat 3: CapoDiTutti17 showed [9h Qs] and lost with a pair of Fives
Seat 4: gig.gyty (button) folded before Flop (didn't bet)
Seat 6: derek5858 (small blind) folded before Flop



PokerStars Hand #254278995359:  Hold'em No Limit ($0.50/$1.00 USD) - 2025/01/09 15:56:54 WET [2025/01/09 10:56:54 ET]
Table 'Gaspra III' 6-max Seat #6 is the button
Seat 3: CapoDiTutti17 ($0 in chips) is sitting out
Seat 1: sta$igk ($163.67 in chips) 
Seat 2: Palacios777 ($104.45 in chips) 
Seat 4: gig.gyty ($101.50 in chips) 
Seat 6: derek5858 ($107.62 in chips) 
sta$igk: posts small blind $0.50
Palacios777: posts big blind $1
*** HOLE CARDS ***
gig.gyty: raises $1.25 to $2.25
derek5858: folds 
sta$igk: raises $8.75 to $11
Palacios777: folds 
YeeesMan joins the table at seat #5 
gig.gyty: calls $8.75
*** FLOP *** [3h 9s 4s]
sta$igk: bets $7.26
gig.gyty: raises $12.74 to $20
sta$igk: folds 
Uncalled bet ($12.74) returned to gig.gyty
gig.gyty collected $36.52 from pot
gig.gyty: doesn't show hand 
*** SUMMARY ***
Total pot $37.52 | Rake $1 
Board [3h 9s 4s]
Seat 3: CapoDiTutti17
Seat 1: sta$igk (small blind) folded on the Flop
Seat 2: Palacios777 (big blind) folded before Flop
Seat 4: gig.gyty collected ($36.52)
Seat 6: derek5858 (button) folded before Flop (didn't bet)



PokerStars Hand #254279006157:  Hold'em No Limit ($0.50/$1.00 USD) - 2025/01/09 15:57:57 WET [2025/01/09 10:57:57 ET]
Table 'Gaspra III' 6-max Seat #1 is the button
Seat 5: YeeesMan ($100 in chips) is sitting out
Seat 1: sta$igk ($145.41 in chips) 
Seat 2: Palacios777 ($103.45 in chips) 
Seat 3: CapoDiTutti17 ($30.99 in chips) 
Seat 4: gig.gyty ($119.76 in chips) 
Seat 6: derek5858 ($107.62 in chips) 
Palacios777: posts small blind $0.50
CapoDiTutti17: posts big blind $1
YeeesMan: sits out 
*** HOLE CARDS ***
gig.gyty: folds 
derek5858: raises $1 to $2
sta$igk: folds 
Palacios777: folds 
CapoDiTutti17: calls $1
*** FLOP *** [5s Jd Kc]
CapoDiTutti17: checks 
derek5858: bets $1.28
CapoDiTutti17: raises $1.28 to $2.56
derek5858: calls $1.28
*** TURN *** [5s Jd Kc] [5h]
CapoDiTutti17: bets $4.57
derek5858: folds 
Uncalled bet ($4.57) returned to CapoDiTutti17
CapoDiTutti17 collected $9.14 from pot
*** SUMMARY ***
Total pot $9.62 | Rake $0.48 
Board [5s Jd Kc 5h]
Seat 5: YeeesMan
Seat 1: sta$igk (button) folded before Flop (didn't bet)
Seat 2: Palacios777 (small blind) folded before Flop
Seat 3: CapoDiTutti17 (big blind) collected ($9.14)
Seat 4: gig.gyty folded before Flop (didn't bet)
Seat 6: derek5858 folded on the Turn



PokerStars Hand #254279054691:  Hold'em No Limit ($0.50/$1.00 USD) - 2025/01/09 16:02:14 WET [2025/01/09 11:02:14 ET]
Table 'Gaspra III' 6-max Seat #5 is the button
Seat 3: CapoDiTutti17 ($0 in chips) is sitting out
Seat 1: sta$igk ($145.41 in chips) 
Seat 2: Palacios777 ($127.83 in chips) 
Seat 4: gig.gyty ($134.18 in chips) 
Seat 5: YeeesMan ($100 in chips) 
Seat 6: derek5858 ($117.57 in chips) 
derek5858: posts small blind $0.50
sta$igk: posts big blind $1
*** HOLE CARDS ***
Palacios777: raises $1.20 to $2.20
gig.gyty: folds 
YeeesMan: folds 
derek5858: raises $7.02 to $9.22
sta$igk: folds 
Palacios777: folds 
Uncalled bet ($7.02) returned to derek5858
derek5858 collected $5.40 from pot
*** SUMMARY ***
Total pot $5.40 | Rake $0 
Seat 3: CapoDiTutti17
Seat 1: sta$igk (big blind) folded before Flop
Seat 2: Palacios777 folded before Flop
Seat 4: gig.gyty folded before Flop (didn't bet)
Seat 5: YeeesMan (button) folded before Flop (didn't bet)
Seat 6: derek5858 (small blind) collected ($5.40)



PokerStars Hand #254279062035:  Hold'em No Limit ($0.50/$1.00 USD) - 2025/01/09 16:02:47 WET [2025/01/09 11:02:47 ET]
Table 'Gaspra III' 6-max Seat #6 is the button
Seat 1: sta$igk ($144.41 in chips) 
Seat 2: Palacios777 ($125.63 in chips) 
Seat 3: CapoDiTutti17 ($26.62 in chips) 
Seat 4: gig.gyty ($134.18 in chips) 
Seat 5: YeeesMan ($100 in chips) 
Seat 6: derek5858 ($120.77 in chips) 
sta$igk: posts small blind $0.50
Palacios777: posts big blind $1
*** HOLE CARDS ***
CapoDiTutti17: calls $1
gig.gyty: folds 
YeeesMan: folds 
derek5858: folds 
sta$igk: folds 
Palacios777: checks 
*** FLOP *** [7h 7c 2d]
Palacios777: checks 
CapoDiTutti17: bets $1.19
Palacios777: folds 
Uncalled bet ($1.19) returned to CapoDiTutti17
CapoDiTutti17 collected $2.38 from pot
*** SUMMARY ***
Total pot $2.50 | Rake $0.12 
Board [7h 7c 2d]
Seat 1: sta$igk (small blind) folded before Flop
Seat 2: Palacios777 (big blind) folded on the Flop
Seat 3: CapoDiTutti17 collected ($2.38)
Seat 4: gig.gyty folded before Flop (didn't bet)
Seat 5: YeeesMan folded before Flop (didn't bet)
Seat 6: derek5858 (button) folded before Flop (didn't bet)



PokerStars Hand #254279067922:  Hold'em No Limit ($0.50/$1.00 USD) - 2025/01/09 16:03:13 WET [2025/01/09 11:03:13 ET]
Table 'Gaspra III' 6-max Seat #1 is the button
Seat 1: sta$igk ($143.91 in chips) 
Seat 2: Palacios777 ($124.63 in chips) 
Seat 3: CapoDiTutti17 ($28 in chips) 
Seat 4: gig.gyty ($134.18 in chips) 
Seat 5: YeeesMan ($100 in chips) 
Seat 6: derek5858 ($120.77 in chips) 
Palacios777: posts small blind $0.50
CapoDiTutti17: posts big blind $1
*** HOLE CARDS ***
gig.gyty: folds 
YeeesMan: folds 
derek5858: folds 
sta$igk: raises $1.50 to $2.50
Palacios777: folds 
CapoDiTutti17: calls $1.50
*** FLOP *** [Qd Ac 3c]
CapoDiTutti17: checks 
sta$igk: checks 
*** TURN *** [Qd Ac 3c] [As]
CapoDiTutti17: checks 
sta$igk: bets $1.72
CapoDiTutti17: raises $5.72 to $7.44
sta$igk: folds 
Uncalled bet ($5.72) returned to CapoDiTutti17
CapoDiTutti17 collected $8.49 from pot
*** SUMMARY ***
Total pot $8.94 | Rake $0.45 
Board [Qd Ac 3c As]
Seat 1: sta$igk (button) folded on the Turn
Seat 2: Palacios777 (small blind) folded before Flop
Seat 3: CapoDiTutti17 (big blind) collected ($8.49)
Seat 4: gig.gyty folded before Flop (didn't bet)
Seat 5: YeeesMan folded before Flop (didn't bet)
Seat 6: derek5858 folded before Flop (didn't bet)



PokerStars Hand #254279077308:  Hold'em No Limit ($0.50/$1.00 USD) - 2025/01/09 16:03:55 WET [2025/01/09 11:03:55 ET]
Table 'Gaspra III' 6-max Seat #2 is the button
Seat 1: sta$igk ($139.69 in chips) 
Seat 2: Palacios777 ($124.13 in chips) 
Seat 3: CapoDiTutti17 ($32.27 in chips) 
Seat 4: gig.gyty ($134.18 in chips) 
Seat 5: YeeesMan ($100 in chips) 
Seat 6: derek5858 ($120.77 in chips) 
CapoDiTutti17: posts small blind $0.50
gig.gyty: posts big blind $1
*** HOLE CARDS ***
YeeesMan: folds 
derek5858: folds 
sta$igk: folds 
Palacios777: folds 
CapoDiTutti17: raises $1 to $2
gig.gyty: calls $1
*** FLOP *** [8h 9h Ac]
CapoDiTutti17: bets $1.90
gig.gyty: calls $1.90
*** TURN *** [8h 9h Ac] [3d]
CapoDiTutti17: bets $3.71
gig.gyty: calls $3.71
*** RIVER *** [8h 9h Ac 3d] [Ts]
CapoDiTutti17: bets $14.46
gig.gyty: folds 
Uncalled bet ($14.46) returned to CapoDiTutti17
CapoDiTutti17 collected $14.46 from pot
*** SUMMARY ***
Total pot $15.22 | Rake $0.76 
Board [8h 9h Ac 3d Ts]
Seat 1: sta$igk folded before Flop (didn't bet)
Seat 2: Palacios777 (button) folded before Flop (didn't bet)
Seat 3: CapoDiTutti17 (small blind) collected ($14.46)
Seat 4: gig.gyty (big blind) folded on the River
Seat 5: YeeesMan folded before Flop (didn't bet)
Seat 6: derek5858 folded before Flop (didn't bet)



PokerStars Hand #254279089253:  Hold'em No Limit ($0.50/$1.00 USD) - 2025/01/09 16:04:47 WET [2025/01/09 11:04:47 ET]
Table 'Gaspra III' 6-max Seat #3 is the button
Seat 1: sta$igk ($139.69 in chips) 
Seat 2: Palacios777 ($124.13 in chips) 
Seat 3: CapoDiTutti17 ($39.12 in chips) 
Seat 4: gig.gyty ($126.57 in chips) 
Seat 5: YeeesMan ($100 in chips) 
Seat 6: derek5858 ($120.77 in chips) 
gig.gyty: posts small blind $0.50
YeeesMan: posts big blind $1
*** HOLE CARDS ***
derek5858: folds 
sta$igk: folds 
Palacios777: folds 
CapoDiTutti17: raises $1 to $2
gig.gyty: folds 
YeeesMan: calls $1
*** FLOP *** [8h 7s Ts]
YeeesMan: checks 
CapoDiTutti17: bets $2.14
YeeesMan: folds 
Uncalled bet ($2.14) returned to CapoDiTutti17
CapoDiTutti17 collected $4.28 from pot
*** SUMMARY ***
Total pot $4.50 | Rake $0.22 
Board [8h 7s Ts]
Seat 1: sta$igk folded before Flop (didn't bet)
Seat 2: Palacios777 folded before Flop (didn't bet)
Seat 3: CapoDiTutti17 (button) collected ($4.28)
Seat 4: gig.gyty (small blind) folded before Flop
Seat 5: YeeesMan (big blind) folded on the Flop
Seat 6: derek5858 folded before Flop (didn't bet)



PokerStars Hand #254279098279:  Hold'em No Limit ($0.50/$1.00 USD) - 2025/01/09 16:05:27 WET [2025/01/09 11:05:27 ET]
Table 'Gaspra III' 6-max Seat #4 is the button
Seat 1: sta$igk ($139.69 in chips) 
Seat 2: Palacios777 ($124.13 in chips) 
Seat 3: CapoDiTutti17 ($41.40 in chips) 
Seat 4: gig.gyty ($126.07 in chips) 
Seat 5: YeeesMan ($100 in chips) 
Seat 6: derek5858 ($120.77 in chips) 
YeeesMan: posts small blind $0.50
derek5858: posts big blind $1
*** HOLE CARDS ***
sta$igk: folds 
Palacios777: folds 
CapoDiTutti17: raises $1 to $2
gig.gyty: raises $5 to $7
YeeesMan: folds 
derek5858: folds 
CapoDiTutti17: calls $5
*** FLOP *** [Tc 5s Ks]
CapoDiTutti17: checks 
gig.gyty: bets $9.40
CapoDiTutti17: folds 
Uncalled bet ($9.40) returned to gig.gyty
gig.gyty collected $14.72 from pot
gig.gyty: doesn't show hand 
*** SUMMARY ***
Total pot $15.50 | Rake $0.78 
Board [Tc 5s Ks]
Seat 1: sta$igk folded before Flop (didn't bet)
Seat 2: Palacios777 folded before Flop (didn't bet)
Seat 3: CapoDiTutti17 folded on the Flop
Seat 4: gig.gyty (button) collected ($14.72)
Seat 5: YeeesMan (small blind) folded before Flop
Seat 6: derek5858 (big blind) folded before Flop



PokerStars Hand #254279113680:  Hold'em No Limit ($0.50/$1.00 USD) - 2025/01/09 16:06:34 WET [2025/01/09 11:06:34 ET]
Table 'Gaspra III' 6-max Seat #5 is the button
Seat 1: sta$igk ($139.69 in chips) 
Seat 2: Palacios777 ($124.13 in chips) 
Seat 3: CapoDiTutti17 ($34.40 in chips) 
Seat 4: gig.gyty ($133.79 in chips) 
Seat 5: YeeesMan ($100 in chips) 
Seat 6: derek5858 ($119.77 in chips) 
derek5858: posts small blind $0.50
sta$igk: posts big blind $1
*** HOLE CARDS ***
Palacios777: raises $1.20 to $2.20
CapoDiTutti17: calls $2.20
gig.gyty: folds 
YeeesMan: folds 
derek5858: folds 
sta$igk: folds 
*** FLOP *** [8c Tc Qc]
Palacios777: checks 
CapoDiTutti17: bets $2.80
Palacios777: calls $2.80
*** TURN *** [8c Tc Qc] [2h]
Palacios777: checks 
CapoDiTutti17: bets $5.46
Palacios777: calls $5.46
*** RIVER *** [8c Tc Qc 2h] [Ks]
Palacios777: checks 
CapoDiTutti17: bets $10.65
Palacios777: calls $10.65
*** SHOW DOWN ***
CapoDiTutti17: shows [Kd Ts] (two pair, Kings and Tens)
Palacios777: shows [Qh Kh] (two pair, Kings and Queens)
Palacios777 collected $41.53 from pot
*** SUMMARY ***
Total pot $43.72 | Rake $2.19 
Board [8c Tc Qc 2h Ks]
Seat 1: sta$igk (big blind) folded before Flop
Seat 2: Palacios777 showed [Qh Kh] and won ($41.53) with two pair, Kings and Queens
Seat 3: CapoDiTutti17 showed [Kd Ts] and lost with two pair, Kings and Tens
Seat 4: gig.gyty folded before Flop (didn't bet)
Seat 5: YeeesMan (button) folded before Flop (didn't bet)
Seat 6: derek5858 (small blind) folded before Flop



PokerStars Hand #254279130732:  Hold'em No Limit ($0.50/$1.00 USD) - 2025/01/09 16:07:49 WET [2025/01/09 11:07:49 ET]
Table 'Gaspra III' 6-max Seat #6 is the button
Seat 1: sta$igk ($138.69 in chips) 
Seat 2: Palacios777 ($144.55 in chips) 
Seat 3: CapoDiTutti17 ($13.29 in chips) 
Seat 4: gig.gyty ($133.79 in chips) 
Seat 5: YeeesMan ($100 in chips) 
Seat 6: derek5858 ($119.27 in chips) 
sta$igk: posts small blind $0.50
Palacios777: posts big blind $1
*** HOLE CARDS ***
CapoDiTutti17: calls $1
gig.gyty: raises $2.50 to $3.50
YeeesMan: folds 
derek5858: folds 
sta$igk: folds 
Palacios777: folds 
CapoDiTutti17: calls $2.50
*** FLOP *** [5h 8s Ad]
CapoDiTutti17: checks 
gig.gyty: bets $2.67
CapoDiTutti17: raises $2.67 to $5.34
gig.gyty: folds 
Uncalled bet ($2.67) returned to CapoDiTutti17
CapoDiTutti17 collected $13.15 from pot
*** SUMMARY ***
Total pot $13.84 | Rake $0.69 
Board [5h 8s Ad]
Seat 1: sta$igk (small blind) folded before Flop
Seat 2: Palacios777 (big blind) folded before Flop
Seat 3: CapoDiTutti17 collected ($13.15)
Seat 4: gig.gyty folded on the Flop
Seat 5: YeeesMan folded before Flop (didn't bet)
Seat 6: derek5858 (button) folded before Flop (didn't bet)



PokerStars Hand #254279141549:  Hold'em No Limit ($0.50/$1.00 USD) - 2025/01/09 16:08:36 WET [2025/01/09 11:08:36 ET]
Table 'Gaspra III' 6-max Seat #1 is the button
Seat 1: sta$igk ($138.19 in chips) 
Seat 2: Palacios777 ($143.55 in chips) 
Seat 3: CapoDiTutti17 ($20.27 in chips) 
Seat 4: gig.gyty ($127.62 in chips) 
Seat 5: YeeesMan ($100 in chips) 
Seat 6: derek5858 ($119.27 in chips) 
Palacios777: posts small blind $0.50
CapoDiTutti17: posts big blind $1
*** HOLE CARDS ***
gig.gyty: folds 
YeeesMan: folds 
derek5858: folds 
sta$igk: raises $1 to $2
Palacios777: folds 
CapoDiTutti17: calls $1
*** FLOP *** [2d 5d Js]
CapoDiTutti17: checks 
sta$igk: checks 
*** TURN *** [2d 5d Js] [2h]
CapoDiTutti17: bets $2.14
sta$igk: calls $2.14
*** RIVER *** [2d 5d Js 2h] [Ac]
CapoDiTutti17: bets $8.34
sta$igk: raises $125.71 to $134.05 and is all-in
CapoDiTutti17: calls $7.79 and is all-in
Uncalled bet ($117.92) returned to sta$igk
*** SHOW DOWN ***
sta$igk: shows [As Kc] (two pair, Aces and Deuces)
CapoDiTutti17: shows [7h 2c] (three of a kind, Deuces)
CapoDiTutti17 collected $38.99 from pot
*** SUMMARY ***
Total pot $41.04 | Rake $2.05 
Board [2d 5d Js 2h Ac]
Seat 1: sta$igk (button) showed [As Kc] and lost with two pair, Aces and Deuces
Seat 2: Palacios777 (small blind) folded before Flop
Seat 3: CapoDiTutti17 (big blind) showed [7h 2c] and won ($38.99) with three of a kind, Deuces
Seat 4: gig.gyty folded before Flop (didn't bet)
Seat 5: YeeesMan folded before Flop (didn't bet)
Seat 6: derek5858 folded before Flop (didn't bet)



PokerStars Hand #254279152166:  Hold'em No Limit ($0.50/$1.00 USD) - 2025/01/09 16:09:23 WET [2025/01/09 11:09:23 ET]
Table 'Gaspra III' 6-max Seat #2 is the button
Seat 1: sta$igk ($117.92 in chips) 
Seat 2: Palacios777 ($143.05 in chips) 
Seat 3: CapoDiTutti17 ($38.99 in chips) 
Seat 4: gig.gyty ($127.62 in chips) 
Seat 5: YeeesMan ($100 in chips) 
Seat 6: derek5858 ($119.27 in chips) 
CapoDiTutti17: posts small blind $0.50
gig.gyty: posts big blind $1
*** HOLE CARDS ***
YeeesMan: folds 
derek5858: folds 
sta$igk: folds 
Palacios777: folds 
CapoDiTutti17: calls $0.50
gig.gyty: raises $2.50 to $3.50
CapoDiTutti17: raises $2.50 to $6
gig.gyty: calls $2.50
*** FLOP *** [5h 2s 8d]
CapoDiTutti17: checks 
gig.gyty: checks 
*** TURN *** [5h 2s 8d] [8h]
CapoDiTutti17: checks 
gig.gyty: checks 
*** RIVER *** [5h 2s 8d 8h] [6s]
CapoDiTutti17: bets $11.40
gig.gyty: folds 
Uncalled bet ($11.40) returned to CapoDiTutti17
CapoDiTutti17 collected $11.40 from pot
*** SUMMARY ***
Total pot $12 | Rake $0.60 
Board [5h 2s 8d 8h 6s]
Seat 1: sta$igk folded before Flop (didn't bet)
Seat 2: Palacios777 (button) folded before Flop (didn't bet)
Seat 3: CapoDiTutti17 (small blind) collected ($11.40)
Seat 4: gig.gyty (big blind) folded on the River
Seat 5: YeeesMan folded before Flop (didn't bet)
Seat 6: derek5858 folded before Flop (didn't bet)



PokerStars Hand #254279166411:  Hold'em No Limit ($0.50/$1.00 USD) - 2025/01/09 16:10:25 WET [2025/01/09 11:10:25 ET]
Table 'Gaspra III' 6-max Seat #3 is the button
Seat 1: sta$igk ($117.92 in chips) 
Seat 2: Palacios777 ($143.05 in chips) 
Seat 3: CapoDiTutti17 ($44.39 in chips) 
Seat 4: gig.gyty ($121.62 in chips) 
Seat 5: YeeesMan ($100 in chips) 
Seat 6: derek5858 ($119.27 in chips) 
gig.gyty: posts small blind $0.50
YeeesMan: posts big blind $1
*** HOLE CARDS ***
derek5858: folds 
sta$igk: folds 
Palacios777: raises $1.50 to $2.50
CapoDiTutti17: folds 
gig.gyty: folds 
YeeesMan: calls $1.50
*** FLOP *** [2s Jd 9c]
YeeesMan: checks 
Palacios777: bets $1.72
YeeesMan: calls $1.72
*** TURN *** [2s Jd 9c] [3s]
YeeesMan: checks 
Palacios777: bets $12.73
YeeesMan: calls $12.73
*** RIVER *** [2s Jd 9c 3s] [6d]
YeeesMan: checks 
Palacios777: checks 
*** SHOW DOWN ***
YeeesMan: shows [Jh Th] (a pair of Jacks)
Palacios777: mucks hand 
YeeesMan collected $32.68 from pot
*** SUMMARY ***
Total pot $34.40 | Rake $1.72 
Board [2s Jd 9c 3s 6d]
Seat 1: sta$igk folded before Flop (didn't bet)
Seat 2: Palacios777 mucked
Seat 3: CapoDiTutti17 (button) folded before Flop (didn't bet)
Seat 4: gig.gyty (small blind) folded before Flop
Seat 5: YeeesMan (big blind) showed [Jh Th] and won ($32.68) with a pair of Jacks
Seat 6: derek5858 folded before Flop (didn't bet)



PokerStars Hand #254279190844:  Hold'em No Limit ($0.50/$1.00 USD) - 2025/01/09 16:12:11 WET [2025/01/09 11:12:11 ET]
Table 'Gaspra III' 6-max Seat #4 is the button
Seat 1: sta$igk ($117.92 in chips) 
Seat 2: Palacios777 ($126.10 in chips) 
Seat 3: CapoDiTutti17 ($44.39 in chips) 
Seat 4: gig.gyty ($121.12 in chips) 
Seat 5: YeeesMan ($115.73 in chips) 
Seat 6: derek5858 ($119.27 in chips) 
YeeesMan: posts small blind $0.50
derek5858: posts big blind $1
*** HOLE CARDS ***
sta$igk: folds 
Palacios777: raises $1.20 to $2.20
CapoDiTutti17 has timed out
CapoDiTutti17: folds 
gig.gyty: folds 
YeeesMan: folds 
derek5858: folds 
Uncalled bet ($1.20) returned to Palacios777
Palacios777 collected $2.50 from pot
Palacios777: doesn't show hand 
*** SUMMARY ***
Total pot $2.50 | Rake $0 
Seat 1: sta$igk folded before Flop (didn't bet)
Seat 2: Palacios777 collected ($2.50)
Seat 3: CapoDiTutti17 folded before Flop (didn't bet)
Seat 4: gig.gyty (button) folded before Flop (didn't bet)
Seat 5: YeeesMan (small blind) folded before Flop
Seat 6: derek5858 (big blind) folded before Flop



PokerStars Hand #254279200654:  Hold'em No Limit ($0.50/$1.00 USD) - 2025/01/09 16:12:53 WET [2025/01/09 11:12:53 ET]
Table 'Gaspra III' 6-max Seat #5 is the button
Seat 1: sta$igk ($117.92 in chips) 
Seat 2: Palacios777 ($127.60 in chips) 
Seat 3: CapoDiTutti17 ($44.39 in chips) 
Seat 4: gig.gyty ($121.12 in chips) 
Seat 5: YeeesMan ($115.23 in chips) 
Seat 6: derek5858 ($118.27 in chips) 
derek5858: posts small blind $0.50
sta$igk: posts big blind $1
*** HOLE CARDS ***
Palacios777: folds 
CapoDiTutti17: calls $1
gig.gyty: folds 
YeeesMan: folds 
derek5858: folds 
sta$igk: raises $4 to $5
CapoDiTutti17: folds 
Uncalled bet ($4) returned to sta$igk
sta$igk collected $2.50 from pot
sta$igk: doesn't show hand 
*** SUMMARY ***
Total pot $2.50 | Rake $0 
Seat 1: sta$igk (big blind) collected ($2.50)
Seat 2: Palacios777 folded before Flop (didn't bet)
Seat 3: CapoDiTutti17 folded before Flop
Seat 4: gig.gyty folded before Flop (didn't bet)
Seat 5: YeeesMan (button) folded before Flop (didn't bet)
Seat 6: derek5858 (small blind) folded before Flop



PokerStars Hand #254279209451:  Hold'em No Limit ($0.50/$1.00 USD) - 2025/01/09 16:13:30 WET [2025/01/09 11:13:30 ET]
Table 'Gaspra III' 6-max Seat #6 is the button
Seat 1: sta$igk ($119.42 in chips) 
Seat 2: Palacios777 ($127.60 in chips) 
Seat 3: CapoDiTutti17 ($43.39 in chips) 
Seat 4: gig.gyty ($121.12 in chips) 
Seat 5: YeeesMan ($115.23 in chips) 
Seat 6: derek5858 ($117.77 in chips) 
sta$igk: posts small blind $0.50
Palacios777: posts big blind $1
*** HOLE CARDS ***
CapoDiTutti17: calls $1
gig.gyty: folds 
YeeesMan: raises $2.50 to $3.50
derek5858: folds 
sta$igk: folds 
Palacios777: folds 
CapoDiTutti17: calls $2.50
*** FLOP *** [2s Qc 4c]
CapoDiTutti17: checks 
YeeesMan: checks 
*** TURN *** [2s Qc 4c] [2c]
CapoDiTutti17: bets $4.04
YeeesMan: folds 
Uncalled bet ($4.04) returned to CapoDiTutti17
CapoDiTutti17 collected $8.08 from pot
*** SUMMARY ***
Total pot $8.50 | Rake $0.42 
Board [2s Qc 4c 2c]
Seat 1: sta$igk (small blind) folded before Flop
Seat 2: Palacios777 (big blind) folded before Flop
Seat 3: CapoDiTutti17 collected ($8.08)
Seat 4: gig.gyty folded before Flop (didn't bet)
Seat 5: YeeesMan folded on the Turn
Seat 6: derek5858 (button) folded before Flop (didn't bet)



PokerStars Hand #254279220367:  Hold'em No Limit ($0.50/$1.00 USD) - 2025/01/09 16:14:16 WET [2025/01/09 11:14:16 ET]
Table 'Gaspra III' 6-max Seat #1 is the button
Seat 1: sta$igk ($118.92 in chips) 
Seat 2: Palacios777 ($126.60 in chips) 
Seat 3: CapoDiTutti17 ($47.97 in chips) 
Seat 4: gig.gyty ($121.12 in chips) 
Seat 5: YeeesMan ($111.73 in chips) 
Seat 6: derek5858 ($117.77 in chips) 
Palacios777: posts small blind $0.50
CapoDiTutti17: posts big blind $1
*** HOLE CARDS ***
gig.gyty: folds 
YeeesMan: folds 
derek5858: raises $1 to $2
sta$igk: folds 
Palacios777: folds 
CapoDiTutti17: calls $1
*** FLOP *** [6s Ks 7d]
CapoDiTutti17: checks 
derek5858: checks 
*** TURN *** [6s Ks 7d] [9d]
CapoDiTutti17: bets $2.14
derek5858: folds 
Uncalled bet ($2.14) returned to CapoDiTutti17
CapoDiTutti17 collected $4.28 from pot
*** SUMMARY ***
Total pot $4.50 | Rake $0.22 
Board [6s Ks 7d 9d]
Seat 1: sta$igk (button) folded before Flop (didn't bet)
Seat 2: Palacios777 (small blind) folded before Flop
Seat 3: CapoDiTutti17 (big blind) collected ($4.28)
Seat 4: gig.gyty folded before Flop (didn't bet)
Seat 5: YeeesMan folded before Flop (didn't bet)
Seat 6: derek5858 folded on the Turn



PokerStars Hand #254279231541:  Hold'em No Limit ($0.50/$1.00 USD) - 2025/01/09 16:15:03 WET [2025/01/09 11:15:03 ET]
Table 'Gaspra III' 6-max Seat #2 is the button
Seat 1: sta$igk ($118.92 in chips) 
Seat 2: Palacios777 ($126.10 in chips) 
Seat 3: CapoDiTutti17 ($50.25 in chips) 
Seat 4: gig.gyty ($121.12 in chips) 
Seat 5: YeeesMan ($111.73 in chips) 
Seat 6: derek5858 ($115.77 in chips) 
CapoDiTutti17: posts small blind $0.50
gig.gyty: posts big blind $1
*** HOLE CARDS ***
YeeesMan: folds 
derek5858: folds 
sta$igk: raises $1.50 to $2.50
Palacios777: folds 
CapoDiTutti17: folds 
gig.gyty: folds 
Uncalled bet ($1.50) returned to sta$igk
sta$igk collected $2.50 from pot
sta$igk: doesn't show hand 
*** SUMMARY ***
Total pot $2.50 | Rake $0 
Seat 1: sta$igk collected ($2.50)
Seat 2: Palacios777 (button) folded before Flop (didn't bet)
Seat 3: CapoDiTutti17 (small blind) folded before Flop
Seat 4: gig.gyty (big blind) folded before Flop
Seat 5: YeeesMan folded before Flop (didn't bet)
Seat 6: derek5858 folded before Flop (didn't bet)



PokerStars Hand #254279237039:  Hold'em No Limit ($0.50/$1.00 USD) - 2025/01/09 16:15:26 WET [2025/01/09 11:15:26 ET]
Table 'Gaspra III' 6-max Seat #3 is the button
Seat 1: sta$igk ($120.42 in chips) 
Seat 2: Palacios777 ($126.10 in chips) 
Seat 3: CapoDiTutti17 ($49.75 in chips) 
Seat 4: gig.gyty ($120.12 in chips) 
Seat 5: YeeesMan ($111.73 in chips) 
Seat 6: derek5858 ($115.77 in chips) 
gig.gyty: posts small blind $0.50
YeeesMan: posts big blind $1
*** HOLE CARDS ***
derek5858: folds 
sta$igk: raises $1.50 to $2.50
Palacios777: folds 
CapoDiTutti17: calls $2.50
gig.gyty: folds 
YeeesMan: folds 
*** FLOP *** [Ah 7d 5h]
sta$igk: bets $2.04
CapoDiTutti17: calls $2.04
*** TURN *** [Ah 7d 5h] [9h]
sta$igk: bets $5.03
CapoDiTutti17: folds 
Uncalled bet ($5.03) returned to sta$igk
sta$igk collected $10.05 from pot
sta$igk: doesn't show hand 
*** SUMMARY ***
Total pot $10.58 | Rake $0.53 
Board [Ah 7d 5h 9h]
Seat 1: sta$igk collected ($10.05)
Seat 2: Palacios777 folded before Flop (didn't bet)
Seat 3: CapoDiTutti17 (button) folded on the Turn
Seat 4: gig.gyty (small blind) folded before Flop
Seat 5: YeeesMan (big blind) folded before Flop
Seat 6: derek5858 folded before Flop (didn't bet)



PokerStars Hand #254279248989:  Hold'em No Limit ($0.50/$1.00 USD) - 2025/01/09 16:16:17 WET [2025/01/09 11:16:17 ET]
Table 'Gaspra III' 6-max Seat #4 is the button
Seat 1: sta$igk ($125.93 in chips) 
Seat 2: Palacios777 ($126.10 in chips) 
Seat 3: CapoDiTutti17 ($45.21 in chips) 
Seat 4: gig.gyty ($119.62 in chips) 
Seat 5: YeeesMan ($110.73 in chips) 
Seat 6: derek5858 ($115.77 in chips) 
YeeesMan: posts small blind $0.50
derek5858: posts big blind $1
*** HOLE CARDS ***
sta$igk: folds 
Palacios777: folds 
CapoDiTutti17: calls $1
gig.gyty: folds 
YeeesMan: raises $4 to $5
derek5858: folds 
CapoDiTutti17 has timed out
CapoDiTutti17: folds 
Uncalled bet ($4) returned to YeeesMan
YeeesMan collected $3 from pot
YeeesMan: doesn't show hand 
*** SUMMARY ***
Total pot $3 | Rake $0 
Seat 1: sta$igk folded before Flop (didn't bet)
Seat 2: Palacios777 folded before Flop (didn't bet)
Seat 3: CapoDiTutti17 folded before Flop
Seat 4: gig.gyty (button) folded before Flop (didn't bet)
Seat 5: YeeesMan (small blind) collected ($3)
Seat 6: derek5858 (big blind) folded before Flop



PokerStars Hand #254279259933:  Hold'em No Limit ($0.50/$1.00 USD) - 2025/01/09 16:17:04 WET [2025/01/09 11:17:04 ET]
Table 'Gaspra III' 6-max Seat #5 is the button
Seat 1: sta$igk ($125.93 in chips) 
Seat 2: Palacios777 ($126.10 in chips) 
Seat 3: CapoDiTutti17 ($44.21 in chips) 
Seat 4: gig.gyty ($119.62 in chips) 
Seat 5: YeeesMan ($112.73 in chips) 
Seat 6: derek5858 ($114.77 in chips) 
derek5858: posts small blind $0.50
sta$igk: posts big blind $1
*** HOLE CARDS ***
Palacios777: raises $1.20 to $2.20
CapoDiTutti17: calls $2.20
gig.gyty: folds 
YeeesMan: folds 
derek5858: folds 
sta$igk: raises $11.80 to $14
Palacios777: folds 
CapoDiTutti17: calls $11.80
*** FLOP *** [Th 9s Ah]
sta$igk: bets $111.93 and is all-in
CapoDiTutti17: folds 
Uncalled bet ($111.93) returned to sta$igk
sta$igk collected $29.16 from pot
sta$igk: doesn't show hand 
*** SUMMARY ***
Total pot $30.70 | Rake $1.54 
Board [Th 9s Ah]
Seat 1: sta$igk (big blind) collected ($29.16)
Seat 2: Palacios777 folded before Flop
Seat 3: CapoDiTutti17 folded on the Flop
Seat 4: gig.gyty folded before Flop (didn't bet)
Seat 5: YeeesMan (button) folded before Flop (didn't bet)
Seat 6: derek5858 (small blind) folded before Flop



PokerStars Hand #254279276643:  Hold'em No Limit ($0.50/$1.00 USD) - 2025/01/09 16:18:16 WET [2025/01/09 11:18:16 ET]
Table 'Gaspra III' 6-max Seat #6 is the button
Seat 1: sta$igk ($141.09 in chips) 
Seat 2: Palacios777 ($123.90 in chips) 
Seat 3: CapoDiTutti17 ($30.21 in chips) 
Seat 4: gig.gyty ($119.62 in chips) 
Seat 5: YeeesMan ($112.73 in chips) 
Seat 6: derek5858 ($114.27 in chips) 
sta$igk: posts small blind $0.50
Palacios777: posts big blind $1
*** HOLE CARDS ***
CapoDiTutti17: calls $1
gig.gyty: folds 
YeeesMan: folds 
derek5858: folds 
sta$igk: raises $4 to $5
Palacios777: folds 
CapoDiTutti17: calls $4
*** FLOP *** [Tc 6h 3c]
sta$igk: bets $5.23
CapoDiTutti17: calls $5.23
*** TURN *** [Tc 6h 3c] [Ad]
sta$igk: checks 
CapoDiTutti17: checks 
*** RIVER *** [Tc 6h 3c Ad] [7d]
sta$igk: bets $20.39
CapoDiTutti17: calls $19.98 and is all-in
Uncalled bet ($0.41) returned to sta$igk
*** SHOW DOWN ***
sta$igk: shows [Td Ac] (two pair, Aces and Tens)
CapoDiTutti17: shows [6c 5s] (a pair of Sixes)
sta$igk collected $58.92 from pot
*** SUMMARY ***
Total pot $61.42 | Rake $2.50 
Board [Tc 6h 3c Ad 7d]
Seat 1: sta$igk (small blind) showed [Td Ac] and won ($58.92) with two pair, Aces and Tens
Seat 2: Palacios777 (big blind) folded before Flop
Seat 3: CapoDiTutti17 showed [6c 5s] and lost with a pair of Sixes
Seat 4: gig.gyty folded before Flop (didn't bet)
Seat 5: YeeesMan folded before Flop (didn't bet)
Seat 6: derek5858 (button) folded before Flop (didn't bet)



PokerStars Hand #254279292449:  Hold'em No Limit ($0.50/$1.00 USD) - 2025/01/09 16:19:24 WET [2025/01/09 11:19:24 ET]
Table 'Gaspra III' 6-max Seat #1 is the button
Seat 3: CapoDiTutti17 ($0 in chips) is sitting out
Seat 1: sta$igk ($169.80 in chips) 
Seat 2: Palacios777 ($122.90 in chips) 
Seat 4: gig.gyty ($119.62 in chips) 
Seat 5: YeeesMan ($112.73 in chips) 
Seat 6: derek5858 ($114.27 in chips) 
Palacios777: posts small blind $0.50
gig.gyty: posts big blind $1
*** HOLE CARDS ***
YeeesMan: raises $1.50 to $2.50
derek5858: folds 
sta$igk: raises $5.50 to $8
Palacios777: folds 
gig.gyty: raises $14 to $22
YeeesMan: raises $90.73 to $112.73 and is all-in
sta$igk: folds 
gig.gyty: folds 
Uncalled bet ($90.73) returned to YeeesMan
YeeesMan collected $52.50 from pot
YeeesMan: doesn't show hand 
*** SUMMARY ***
Total pot $52.50 | Rake $0 
Seat 3: CapoDiTutti17
Seat 1: sta$igk (button) folded before Flop
Seat 2: Palacios777 (small blind) folded before Flop
Seat 4: gig.gyty (big blind) folded before Flop
Seat 5: YeeesMan collected ($52.50)
Seat 6: derek5858 folded before Flop (didn't bet)



PokerStars Hand #254279307070:  Hold'em No Limit ($0.50/$1.00 USD) - 2025/01/09 16:20:26 WET [2025/01/09 11:20:26 ET]
Table 'Gaspra III' 6-max Seat #2 is the button
Seat 3: CapoDiTutti17 ($20.25 in chips) is sitting out
Seat 1: sta$igk ($161.80 in chips) 
Seat 2: Palacios777 ($122.40 in chips) 
Seat 4: gig.gyty ($100 in chips) 
Seat 5: YeeesMan ($143.23 in chips) 
Seat 6: derek5858 ($114.27 in chips) 
gig.gyty: posts small blind $0.50
YeeesMan: posts big blind $1
*** HOLE CARDS ***
derek5858: raises $1 to $2
sta$igk: raises $5.50 to $7.50
CapoDiTutti17 is disconnected 
Palacios777: folds 
gig.gyty: folds 
YeeesMan: folds 
derek5858: raises $11.55 to $19.05
sta$igk: calls $11.55
*** FLOP *** [Kd Jd Kc]
derek5858: bets $7.52
sta$igk: folds 
Uncalled bet ($7.52) returned to derek5858
derek5858 collected $37.62 from pot
*** SUMMARY ***
Total pot $39.60 | Rake $1.98 
Board [Kd Jd Kc]
Seat 3: CapoDiTutti17
Seat 1: sta$igk folded on the Flop
Seat 2: Palacios777 (button) folded before Flop (didn't bet)
Seat 4: gig.gyty (small blind) folded before Flop
Seat 5: YeeesMan (big blind) folded before Flop
Seat 6: derek5858 collected ($37.62)



PokerStars Hand #254279321588:  Hold'em No Limit ($0.50/$1.00 USD) - 2025/01/09 16:21:28 WET [2025/01/09 11:21:28 ET]
Table 'Gaspra III' 6-max Seat #4 is the button
Seat 1: sta$igk ($142.75 in chips) 
Seat 2: Palacios777 ($122.40 in chips) 
Seat 3: CapoDiTutti17 ($20.25 in chips) 
Seat 4: gig.gyty ($100 in chips) 
Seat 5: YeeesMan ($142.23 in chips) 
Seat 6: derek5858 ($132.84 in chips) 
YeeesMan: posts small blind $0.50
derek5858: posts big blind $1
CapoDiTutti17: posts small & big blinds $1.50
*** HOLE CARDS ***
sta$igk: folds 
Palacios777: folds 
CapoDiTutti17 has timed out
CapoDiTutti17: checks 
gig.gyty: folds 
YeeesMan: folds 
derek5858: checks 
*** FLOP *** [Jc 8c 4d]
derek5858: checks 
CapoDiTutti17: checks 
*** TURN *** [Jc 8c 4d] [6c]
derek5858: checks 
CapoDiTutti17: bets $1.43
derek5858: folds 
Uncalled bet ($1.43) returned to CapoDiTutti17
CapoDiTutti17 collected $2.85 from pot
*** SUMMARY ***
Total pot $3 | Rake $0.15 
Board [Jc 8c 4d 6c]
Seat 1: sta$igk folded before Flop (didn't bet)
Seat 2: Palacios777 folded before Flop (didn't bet)
Seat 3: CapoDiTutti17 collected ($2.85)
Seat 4: gig.gyty (button) folded before Flop (didn't bet)
Seat 5: YeeesMan (small blind) folded before Flop
Seat 6: derek5858 (big blind) folded on the Turn



PokerStars Hand #254279336398:  Hold'em No Limit ($0.50/$1.00 USD) - 2025/01/09 16:22:32 WET [2025/01/09 11:22:32 ET]
Table 'Gaspra III' 6-max Seat #5 is the button
Seat 1: sta$igk ($142.75 in chips) 
Seat 2: Palacios777 ($122.40 in chips) 
Seat 3: CapoDiTutti17 ($21.60 in chips) 
Seat 4: gig.gyty ($100 in chips) 
Seat 5: YeeesMan ($141.73 in chips) 
Seat 6: derek5858 ($131.84 in chips) 
derek5858: posts small blind $0.50
sta$igk: posts big blind $1
*** HOLE CARDS ***
Palacios777: folds 
CapoDiTutti17: raises $1 to $2
gig.gyty: folds 
YeeesMan: folds 
derek5858: folds 
sta$igk: calls $1
*** FLOP *** [2c 6c Kd]
sta$igk: checks 
CapoDiTutti17: checks 
*** TURN *** [2c 6c Kd] [9c]
sta$igk: bets $4.28
CapoDiTutti17: calls $4.28
*** RIVER *** [2c 6c Kd 9c] [8s]
sta$igk: checks 
CapoDiTutti17: bets $15.32 and is all-in
sta$igk: folds 
Uncalled bet ($15.32) returned to CapoDiTutti17
CapoDiTutti17 collected $12.41 from pot
*** SUMMARY ***
Total pot $13.06 | Rake $0.65 
Board [2c 6c Kd 9c 8s]
Seat 1: sta$igk (big blind) folded on the River
Seat 2: Palacios777 folded before Flop (didn't bet)
Seat 3: CapoDiTutti17 collected ($12.41)
Seat 4: gig.gyty folded before Flop (didn't bet)
Seat 5: YeeesMan (button) folded before Flop (didn't bet)
Seat 6: derek5858 (small blind) folded before Flop



PokerStars Hand #254279347804:  Hold'em No Limit ($0.50/$1.00 USD) - 2025/01/09 16:23:20 WET [2025/01/09 11:23:20 ET]
Table 'Gaspra III' 6-max Seat #6 is the button
Seat 1: sta$igk ($136.47 in chips) 
Seat 2: Palacios777 ($122.40 in chips) 
Seat 3: CapoDiTutti17 ($27.73 in chips) 
Seat 4: gig.gyty ($100 in chips) 
Seat 5: YeeesMan ($141.73 in chips) 
Seat 6: derek5858 ($131.34 in chips) 
sta$igk: posts small blind $0.50
Palacios777: posts big blind $1
*** HOLE CARDS ***
CapoDiTutti17: calls $1
gig.gyty: folds 
YeeesMan: raises $2.50 to $3.50
derek5858: folds 
sta$igk: folds 
Palacios777: folds 
CapoDiTutti17: calls $2.50
*** FLOP *** [4h 9c 7c]
CapoDiTutti17: checks 
YeeesMan: bets $6.06
CapoDiTutti17: raises $18.17 to $24.23 and is all-in
YeeesMan: calls $18.17
*** TURN *** [4h 9c 7c] [7h]
*** RIVER *** [4h 9c 7c 7h] [Tc]
*** SHOW DOWN ***
CapoDiTutti17: shows [9s Ts] (two pair, Tens and Nines)
YeeesMan: shows [Kd Ks] (two pair, Kings and Sevens)
YeeesMan collected $54.46 from pot
*** SUMMARY ***
Total pot $56.96 | Rake $2.50 
Board [4h 9c 7c 7h Tc]
Seat 1: sta$igk (small blind) folded before Flop
Seat 2: Palacios777 (big blind) folded before Flop
Seat 3: CapoDiTutti17 showed [9s Ts] and lost with two pair, Tens and Nines
Seat 4: gig.gyty folded before Flop (didn't bet)
Seat 5: YeeesMan showed [Kd Ks] and won ($54.46) with two pair, Kings and Sevens
Seat 6: derek5858 (button) folded before Flop (didn't bet)



PokerStars Hand #254279363625:  Hold'em No Limit ($0.50/$1.00 USD) - 2025/01/09 16:24:28 WET [2025/01/09 11:24:28 ET]
Table 'Gaspra III' 6-max Seat #1 is the button
Seat 3: CapoDiTutti17 ($0 in chips) is sitting out
Seat 1: sta$igk ($135.97 in chips) 
Seat 2: Palacios777 ($121.40 in chips) 
Seat 4: gig.gyty ($100 in chips) 
Seat 5: YeeesMan ($168.46 in chips) 
Seat 6: derek5858 ($131.34 in chips) 
Palacios777: posts small blind $0.50
gig.gyty: posts big blind $1
*** HOLE CARDS ***
YeeesMan: raises $1.50 to $2.50
derek5858: folds 
sta$igk: folds 
Palacios777: folds 
gig.gyty: folds 
Uncalled bet ($1.50) returned to YeeesMan
YeeesMan collected $2.50 from pot
YeeesMan: doesn't show hand 
*** SUMMARY ***
Total pot $2.50 | Rake $0 
Seat 3: CapoDiTutti17
Seat 1: sta$igk (button) folded before Flop (didn't bet)
Seat 2: Palacios777 (small blind) folded before Flop
Seat 4: gig.gyty (big blind) folded before Flop
Seat 5: YeeesMan collected ($2.50)
Seat 6: derek5858 folded before Flop (didn't bet)



PokerStars Hand #254279368108:  Hold'em No Limit ($0.50/$1.00 USD) - 2025/01/09 16:24:47 WET [2025/01/09 11:24:47 ET]
Table 'Gaspra III' 6-max Seat #2 is the button
Seat 3: CapoDiTutti17 ($0 in chips) is sitting out
Seat 1: sta$igk ($135.97 in chips) 
Seat 2: Palacios777 ($120.90 in chips) 
Seat 4: gig.gyty ($100 in chips) 
Seat 5: YeeesMan ($169.96 in chips) 
Seat 6: derek5858 ($131.34 in chips) 
gig.gyty: posts small blind $0.50
YeeesMan: posts big blind $1
*** HOLE CARDS ***
derek5858: folds 
sta$igk: folds 
Palacios777: folds 
gig.gyty: raises $2 to $3
YeeesMan: folds 
Uncalled bet ($2) returned to gig.gyty
gig.gyty collected $2 from pot
gig.gyty: doesn't show hand 
*** SUMMARY ***
Total pot $2 | Rake $0 
Seat 3: CapoDiTutti17
Seat 1: sta$igk folded before Flop (didn't bet)
Seat 2: Palacios777 (button) folded before Flop (didn't bet)
Seat 4: gig.gyty (small blind) collected ($2)
Seat 5: YeeesMan (big blind) folded before Flop
Seat 6: derek5858 folded before Flop (didn't bet)



PokerStars Hand #254279372007:  Hold'em No Limit ($0.50/$1.00 USD) - 2025/01/09 16:25:04 WET [2025/01/09 11:25:04 ET]
Table 'Gaspra III' 6-max Seat #4 is the button
Seat 1: sta$igk ($135.97 in chips) 
Seat 2: Palacios777 ($120.90 in chips) 
Seat 3: CapoDiTutti17 ($25.50 in chips) 
Seat 4: gig.gyty ($101 in chips) 
Seat 5: YeeesMan ($168.96 in chips) 
Seat 6: derek5858 ($131.34 in chips) 
YeeesMan: posts small blind $0.50
derek5858: posts big blind $1
CapoDiTutti17: posts small & big blinds $1.50
*** HOLE CARDS ***
sta$igk: folds 
Palacios777: folds 
CapoDiTutti17: checks 
gig.gyty: folds 
YeeesMan: folds 
derek5858: checks 
*** FLOP *** [3d 6c 9c]
derek5858: checks 
CapoDiTutti17: bets $1.43
derek5858: folds 
Uncalled bet ($1.43) returned to CapoDiTutti17
CapoDiTutti17 collected $2.85 from pot
*** SUMMARY ***
Total pot $3 | Rake $0.15 
Board [3d 6c 9c]
Seat 1: sta$igk folded before Flop (didn't bet)
Seat 2: Palacios777 folded before Flop (didn't bet)
Seat 3: CapoDiTutti17 collected ($2.85)
Seat 4: gig.gyty (button) folded before Flop (didn't bet)
Seat 5: YeeesMan (small blind) folded before Flop
Seat 6: derek5858 (big blind) folded on the Flop



PokerStars Hand #254279379566:  Hold'em No Limit ($0.50/$1.00 USD) - 2025/01/09 16:25:36 WET [2025/01/09 11:25:36 ET]
Table 'Gaspra III' 6-max Seat #5 is the button
Seat 1: sta$igk ($135.97 in chips) 
Seat 2: Palacios777 ($120.90 in chips) 
Seat 3: CapoDiTutti17 ($26.85 in chips) 
Seat 4: gig.gyty ($101 in chips) 
Seat 5: YeeesMan ($168.46 in chips) 
Seat 6: derek5858 ($130.34 in chips) 
derek5858: posts small blind $0.50
sta$igk: posts big blind $1
*** HOLE CARDS ***
Palacios777: folds 
CapoDiTutti17: folds 
gig.gyty: folds 
YeeesMan: raises $1.50 to $2.50
derek5858: folds 
sta$igk: folds 
Uncalled bet ($1.50) returned to YeeesMan
YeeesMan collected $2.50 from pot
YeeesMan: doesn't show hand 
*** SUMMARY ***
Total pot $2.50 | Rake $0 
Seat 1: sta$igk (big blind) folded before Flop
Seat 2: Palacios777 folded before Flop (didn't bet)
Seat 3: CapoDiTutti17 folded before Flop (didn't bet)
Seat 4: gig.gyty folded before Flop (didn't bet)
Seat 5: YeeesMan (button) collected ($2.50)
Seat 6: derek5858 (small blind) folded before Flop



PokerStars Hand #254279384351:  Hold'em No Limit ($0.50/$1.00 USD) - 2025/01/09 16:25:56 WET [2025/01/09 11:25:56 ET]
Table 'Gaspra III' 6-max Seat #6 is the button
Seat 1: sta$igk ($134.97 in chips) 
Seat 2: Palacios777 ($120.90 in chips) 
Seat 3: CapoDiTutti17 ($26.85 in chips) 
Seat 4: gig.gyty ($101 in chips) 
Seat 5: YeeesMan ($169.96 in chips) 
Seat 6: derek5858 ($129.84 in chips) 
sta$igk: posts small blind $0.50
Palacios777: posts big blind $1
*** HOLE CARDS ***
CapoDiTutti17: calls $1
gig.gyty: folds 
YeeesMan: folds 
derek5858: folds 
sta$igk: folds 
Palacios777: checks 
*** FLOP *** [3d Ts 9c]
Palacios777: checks 
CapoDiTutti17: bets $2.38
Palacios777: folds 
Uncalled bet ($2.38) returned to CapoDiTutti17
CapoDiTutti17 collected $2.38 from pot
*** SUMMARY ***
Total pot $2.50 | Rake $0.12 
Board [3d Ts 9c]
Seat 1: sta$igk (small blind) folded before Flop
Seat 2: Palacios777 (big blind) folded on the Flop
Seat 3: CapoDiTutti17 collected ($2.38)
Seat 4: gig.gyty folded before Flop (didn't bet)
Seat 5: YeeesMan folded before Flop (didn't bet)
Seat 6: derek5858 (button) folded before Flop (didn't bet)



PokerStars Hand #254279390075:  Hold'em No Limit ($0.50/$1.00 USD) - 2025/01/09 16:26:20 WET [2025/01/09 11:26:20 ET]
Table 'Gaspra III' 6-max Seat #1 is the button
Seat 1: sta$igk ($134.47 in chips) 
Seat 2: Palacios777 ($119.90 in chips) 
Seat 3: CapoDiTutti17 ($28.23 in chips) 
Seat 4: gig.gyty ($101 in chips) 
Seat 5: YeeesMan ($169.96 in chips) 
Seat 6: derek5858 ($129.84 in chips) 
Palacios777: posts small blind $0.50
CapoDiTutti17: posts big blind $1
*** HOLE CARDS ***
gig.gyty: raises $1.25 to $2.25
YeeesMan: folds 
derek5858: folds 
sta$igk: folds 
Palacios777: folds 
CapoDiTutti17: calls $1.25
*** FLOP *** [Jh 7s Ts]
CapoDiTutti17: checks 
gig.gyty: bets $2.38
CapoDiTutti17: calls $2.38
*** TURN *** [Jh 7s Ts] [9s]
CapoDiTutti17: checks 
gig.gyty: bets $7.14
CapoDiTutti17: raises $16.46 to $23.60 and is all-in
gig.gyty: calls $16.46
*** RIVER *** [Jh 7s Ts 9s] [Ad]
*** SHOW DOWN ***
CapoDiTutti17: shows [Jd 8s] (a straight, Seven to Jack)
gig.gyty: shows [Jc 8c] (a straight, Seven to Jack)
CapoDiTutti17 collected $27.23 from pot
gig.gyty collected $27.23 from pot
*** SUMMARY ***
Total pot $56.96 | Rake $2.50 
Board [Jh 7s Ts 9s Ad]
Seat 1: sta$igk (button) folded before Flop (didn't bet)
Seat 2: Palacios777 (small blind) folded before Flop
Seat 3: CapoDiTutti17 (big blind) showed [Jd 8s] and won ($27.23) with a straight, Seven to Jack
Seat 4: gig.gyty showed [Jc 8c] and won ($27.23) with a straight, Seven to Jack
Seat 5: YeeesMan folded before Flop (didn't bet)
Seat 6: derek5858 folded before Flop (didn't bet)



PokerStars Hand #254279403007:  Hold'em No Limit ($0.50/$1.00 USD) - 2025/01/09 16:27:15 WET [2025/01/09 11:27:15 ET]
Table 'Gaspra III' 6-max Seat #2 is the button
Seat 1: sta$igk ($134.47 in chips) 
Seat 2: Palacios777 ($119.40 in chips) 
Seat 3: CapoDiTutti17 ($27.23 in chips) 
Seat 4: gig.gyty ($100 in chips) 
Seat 5: YeeesMan ($169.96 in chips) 
Seat 6: derek5858 ($129.84 in chips) 
CapoDiTutti17: posts small blind $0.50
gig.gyty: posts big blind $1
*** HOLE CARDS ***
YeeesMan: folds 
derek5858: folds 
sta$igk: folds 
Palacios777: folds 
CapoDiTutti17: calls $0.50
gig.gyty: checks 
*** FLOP *** [8s 6h Qs]
CapoDiTutti17: checks 
gig.gyty: checks 
*** TURN *** [8s 6h Qs] [3d]
CapoDiTutti17: checks 
gig.gyty: bets $5
CapoDiTutti17: calls $5
*** RIVER *** [8s 6h Qs 3d] [4c]
CapoDiTutti17: checks 
gig.gyty: bets $8.78
CapoDiTutti17: raises $12.45 to $21.23 and is all-in
gig.gyty: calls $12.45
*** SHOW DOWN ***
CapoDiTutti17: shows [4h Ad] (a pair of Fours)
gig.gyty: shows [8d Qh] (two pair, Queens and Eights)
gig.gyty collected $51.96 from pot
*** SUMMARY ***
Total pot $54.46 | Rake $2.50 
Board [8s 6h Qs 3d 4c]
Seat 1: sta$igk folded before Flop (didn't bet)
Seat 2: Palacios777 (button) folded before Flop (didn't bet)
Seat 3: CapoDiTutti17 (small blind) showed [4h Ad] and lost with a pair of Fours
Seat 4: gig.gyty (big blind) showed [8d Qh] and won ($51.96) with two pair, Queens and Eights
Seat 5: YeeesMan folded before Flop (didn't bet)
Seat 6: derek5858 folded before Flop (didn't bet)



PokerStars Hand #254279422115:  Hold'em No Limit ($0.50/$1.00 USD) - 2025/01/09 16:28:38 WET [2025/01/09 11:28:38 ET]
Table 'Gaspra III' 6-max Seat #4 is the button
Seat 3: CapoDiTutti17 ($0 in chips) is sitting out
Seat 1: sta$igk ($134.47 in chips) 
Seat 2: Palacios777 ($119.40 in chips) 
Seat 4: gig.gyty ($124.73 in chips) 
Seat 5: YeeesMan ($169.96 in chips) 
Seat 6: derek5858 ($129.84 in chips) 
YeeesMan: posts small blind $0.50
derek5858: posts big blind $1
*** HOLE CARDS ***
sta$igk: folds 
Palacios777: folds 
gig.gyty: raises $1.50 to $2.50
YeeesMan: raises $8.50 to $11
derek5858: folds 
gig.gyty: folds 
Uncalled bet ($8.50) returned to YeeesMan
YeeesMan collected $6 from pot
YeeesMan: doesn't show hand 
*** SUMMARY ***
Total pot $6 | Rake $0 
Seat 3: CapoDiTutti17
Seat 1: sta$igk folded before Flop (didn't bet)
Seat 2: Palacios777 folded before Flop (didn't bet)
Seat 4: gig.gyty (button) folded before Flop
Seat 5: YeeesMan (small blind) collected ($6)
Seat 6: derek5858 (big blind) folded before Flop



PokerStars Hand #254279427621:  Hold'em No Limit ($0.50/$1.00 USD) - 2025/01/09 16:29:02 WET [2025/01/09 11:29:02 ET]
Table 'Gaspra III' 6-max Seat #5 is the button
Seat 1: sta$igk ($134.47 in chips) 
Seat 2: Palacios777 ($119.40 in chips) 
Seat 3: CapoDiTutti17 ($23.25 in chips) 
Seat 4: gig.gyty ($122.23 in chips) 
Seat 5: YeeesMan ($173.46 in chips) 
Seat 6: derek5858 ($128.84 in chips) 
derek5858: posts small blind $0.50
sta$igk: posts big blind $1
*** HOLE CARDS ***
Palacios777: folds 
CapoDiTutti17: raises $1 to $2
gig.gyty: raises $4 to $6
YeeesMan: folds 
derek5858: folds 
sta$igk: folds 
CapoDiTutti17: raises $17.25 to $23.25 and is all-in
gig.gyty: calls $17.25
*** FLOP *** [Qh 5c Ac]
*** TURN *** [Qh 5c Ac] [3d]
*** RIVER *** [Qh 5c Ac 3d] [5d]
*** SHOW DOWN ***
CapoDiTutti17: shows [3s 6s] (two pair, Fives and Threes)
gig.gyty: shows [As 8c] (two pair, Aces and Fives)
gig.gyty collected $45.60 from pot
*** SUMMARY ***
Total pot $48 | Rake $2.40 
Board [Qh 5c Ac 3d 5d]
Seat 1: sta$igk (big blind) folded before Flop
Seat 2: Palacios777 folded before Flop (didn't bet)
Seat 3: CapoDiTutti17 showed [3s 6s] and lost with two pair, Fives and Threes
Seat 4: gig.gyty showed [As 8c] and won ($45.60) with two pair, Aces and Fives
Seat 5: YeeesMan (button) folded before Flop (didn't bet)
Seat 6: derek5858 (small blind) folded before Flop



PokerStars Hand #254279436289:  Hold'em No Limit ($0.50/$1.00 USD) - 2025/01/09 16:29:40 WET [2025/01/09 11:29:40 ET]
Table 'Gaspra III' 6-max Seat #6 is the button
Seat 3: CapoDiTutti17 ($0 in chips) is sitting out
Seat 1: sta$igk ($133.47 in chips) 
Seat 2: Palacios777 ($119.40 in chips) 
Seat 4: gig.gyty ($144.58 in chips) 
Seat 5: YeeesMan ($173.46 in chips) 
Seat 6: derek5858 ($128.34 in chips) 
sta$igk: posts small blind $0.50
Palacios777: posts big blind $1
*** HOLE CARDS ***
gig.gyty: folds 
YeeesMan: folds 
derek5858: raises $1.50 to $2.50
sta$igk: folds 
Palacios777: raises $9.50 to $12
derek5858: folds 
Uncalled bet ($9.50) returned to Palacios777
Palacios777 collected $5.50 from pot
Palacios777: doesn't show hand 
*** SUMMARY ***
Total pot $5.50 | Rake $0 
Seat 3: CapoDiTutti17
Seat 1: sta$igk (small blind) folded before Flop
Seat 2: Palacios777 (big blind) collected ($5.50)
Seat 4: gig.gyty folded before Flop (didn't bet)
Seat 5: YeeesMan folded before Flop (didn't bet)
Seat 6: derek5858 (button) folded before Flop



PokerStars Hand #254279445079:  Hold'em No Limit ($0.50/$1.00 USD) - 2025/01/09 16:30:17 WET [2025/01/09 11:30:17 ET]
Table 'Gaspra III' 6-max Seat #1 is the button
Seat 1: sta$igk ($132.97 in chips) 
Seat 2: Palacios777 ($122.40 in chips) 
Seat 3: CapoDiTutti17 ($20.62 in chips) 
Seat 4: gig.gyty ($144.58 in chips) 
Seat 5: YeeesMan ($173.46 in chips) 
Seat 6: derek5858 ($125.84 in chips) 
Palacios777: posts small blind $0.50
CapoDiTutti17: posts big blind $1
*** HOLE CARDS ***
gig.gyty: folds 
YeeesMan: folds 
derek5858: folds 
sta$igk: raises $1.50 to $2.50
Palacios777: folds 
CapoDiTutti17: calls $1.50
*** FLOP *** [5h 9d 8s]
CapoDiTutti17: checks 
sta$igk: checks 
*** TURN *** [5h 9d 8s] [5s]
CapoDiTutti17: bets $2.61
sta$igk: calls $2.61
*** RIVER *** [5h 9d 8s 5s] [4h]
CapoDiTutti17: bets $5.09
sta$igk: calls $5.09
*** SHOW DOWN ***
CapoDiTutti17: shows [6h 6c] (two pair, Sixes and Fives)
sta$igk: mucks hand 
CapoDiTutti17 collected $19.86 from pot
*** SUMMARY ***
Total pot $20.90 | Rake $1.04 
Board [5h 9d 8s 5s 4h]
Seat 1: sta$igk (button) mucked
Seat 2: Palacios777 (small blind) folded before Flop
Seat 3: CapoDiTutti17 (big blind) showed [6h 6c] and won ($19.86) with two pair, Sixes and Fives
Seat 4: gig.gyty folded before Flop (didn't bet)
Seat 5: YeeesMan folded before Flop (didn't bet)
Seat 6: derek5858 folded before Flop (didn't bet)



PokerStars Hand #254279459099:  Hold'em No Limit ($0.50/$1.00 USD) - 2025/01/09 16:31:16 WET [2025/01/09 11:31:16 ET]
Table 'Gaspra III' 6-max Seat #2 is the button
Seat 1: sta$igk ($122.77 in chips) 
Seat 2: Palacios777 ($121.90 in chips) 
Seat 3: CapoDiTutti17 ($30.28 in chips) 
Seat 4: gig.gyty ($144.58 in chips) 
Seat 5: YeeesMan ($173.46 in chips) 
Seat 6: derek5858 ($125.84 in chips) 
CapoDiTutti17: posts small blind $0.50
gig.gyty: posts big blind $1
*** HOLE CARDS ***
YeeesMan: folds 
derek5858: folds 
sta$igk: folds 
Palacios777: folds 
CapoDiTutti17: calls $0.50
gig.gyty: checks 
*** FLOP *** [Qd 8d 7c]
CapoDiTutti17: checks 
gig.gyty: bets $1
CapoDiTutti17: calls $1
*** TURN *** [Qd 8d 7c] [Ac]
CapoDiTutti17: checks 
gig.gyty: checks 
*** RIVER *** [Qd 8d 7c Ac] [5s]
CapoDiTutti17: bets $3.80
gig.gyty: folds 
Uncalled bet ($3.80) returned to CapoDiTutti17
CapoDiTutti17 collected $3.80 from pot
*** SUMMARY ***
Total pot $4 | Rake $0.20 
Board [Qd 8d 7c Ac 5s]
Seat 1: sta$igk folded before Flop (didn't bet)
Seat 2: Palacios777 (button) folded before Flop (didn't bet)
Seat 3: CapoDiTutti17 (small blind) collected ($3.80)
Seat 4: gig.gyty (big blind) folded on the River
Seat 5: YeeesMan folded before Flop (didn't bet)
Seat 6: derek5858 folded before Flop (didn't bet)



PokerStars Hand #254279464324:  Hold'em No Limit ($0.50/$1.00 USD) - 2025/01/09 16:31:38 WET [2025/01/09 11:31:38 ET]
Table 'Gaspra III' 6-max Seat #3 is the button
Seat 1: sta$igk ($122.77 in chips) 
Seat 2: Palacios777 ($121.90 in chips) 
Seat 3: CapoDiTutti17 ($32.08 in chips) 
Seat 4: gig.gyty ($142.58 in chips) 
Seat 5: YeeesMan ($173.46 in chips) 
Seat 6: derek5858 ($125.84 in chips) 
gig.gyty: posts small blind $0.50
YeeesMan: posts big blind $1
*** HOLE CARDS ***
derek5858: folds 
sta$igk: folds 
Palacios777: raises $1.50 to $2.50
CapoDiTutti17: folds 
gig.gyty: folds 
YeeesMan: folds 
Uncalled bet ($1.50) returned to Palacios777
Palacios777 collected $2.50 from pot
Palacios777: doesn't show hand 
*** SUMMARY ***
Total pot $2.50 | Rake $0 
Seat 1: sta$igk folded before Flop (didn't bet)
Seat 2: Palacios777 collected ($2.50)
Seat 3: CapoDiTutti17 (button) folded before Flop (didn't bet)
Seat 4: gig.gyty (small blind) folded before Flop
Seat 5: YeeesMan (big blind) folded before Flop
Seat 6: derek5858 folded before Flop (didn't bet)



PokerStars Hand #254279471841:  Hold'em No Limit ($0.50/$1.00 USD) - 2025/01/09 16:32:10 WET [2025/01/09 11:32:10 ET]
Table 'Gaspra III' 6-max Seat #4 is the button
Seat 1: sta$igk ($122.77 in chips) 
Seat 2: Palacios777 ($123.40 in chips) 
Seat 3: CapoDiTutti17 ($32.08 in chips) 
Seat 4: gig.gyty ($142.08 in chips) 
Seat 5: YeeesMan ($172.46 in chips) 
Seat 6: derek5858 ($125.84 in chips) 
YeeesMan: posts small blind $0.50
derek5858: posts big blind $1
*** HOLE CARDS ***
sta$igk: folds 
Palacios777: folds 
CapoDiTutti17: calls $1
gig.gyty: folds 
YeeesMan: folds 
derek5858: checks 
*** FLOP *** [2s 9h 7h]
derek5858: checks 
CapoDiTutti17: checks 
*** TURN *** [2s 9h 7h] [9d]
derek5858: bets $1
CapoDiTutti17: folds 
Uncalled bet ($1) returned to derek5858
derek5858 collected $2.38 from pot
*** SUMMARY ***
Total pot $2.50 | Rake $0.12 
Board [2s 9h 7h 9d]
Seat 1: sta$igk folded before Flop (didn't bet)
Seat 2: Palacios777 folded before Flop (didn't bet)
Seat 3: CapoDiTutti17 folded on the Turn
Seat 4: gig.gyty (button) folded before Flop (didn't bet)
Seat 5: YeeesMan (small blind) folded before Flop
Seat 6: derek5858 (big blind) collected ($2.38)



PokerStars Hand #254279483619:  Hold'em No Limit ($0.50/$1.00 USD) - 2025/01/09 16:33:00 WET [2025/01/09 11:33:00 ET]
Table 'Gaspra III' 6-max Seat #5 is the button
Seat 1: sta$igk ($122.77 in chips) 
Seat 2: Palacios777 ($123.40 in chips) 
Seat 3: CapoDiTutti17 ($31.08 in chips) 
Seat 4: gig.gyty ($142.08 in chips) 
Seat 5: YeeesMan ($171.96 in chips) 
Seat 6: derek5858 ($127.22 in chips) 
derek5858: posts small blind $0.50
sta$igk: posts big blind $1
*** HOLE CARDS ***
Palacios777: folds 
CapoDiTutti17: calls $1
gig.gyty: folds 
YeeesMan: folds 
derek5858: folds 
sta$igk: checks 
*** FLOP *** [5h Kc 8h]
sta$igk: checks 
CapoDiTutti17: checks 
*** TURN *** [5h Kc 8h] [Qd]
sta$igk: bets $1.19
CapoDiTutti17: calls $1.19
*** RIVER *** [5h Kc 8h Qd] [4s]
sta$igk: bets $3.48
CapoDiTutti17: raises $3.48 to $6.96
sta$igk: calls $3.48
*** SHOW DOWN ***
CapoDiTutti17: shows [Ad Ah] (a pair of Aces)
sta$igk: mucks hand 
CapoDiTutti17 collected $17.86 from pot
*** SUMMARY ***
Total pot $18.80 | Rake $0.94 
Board [5h Kc 8h Qd 4s]
Seat 1: sta$igk (big blind) mucked
Seat 2: Palacios777 folded before Flop (didn't bet)
Seat 3: CapoDiTutti17 showed [Ad Ah] and won ($17.86) with a pair of Aces
Seat 4: gig.gyty folded before Flop (didn't bet)
Seat 5: YeeesMan (button) folded before Flop (didn't bet)
Seat 6: derek5858 (small blind) folded before Flop



PokerStars Hand #254279495044:  Hold'em No Limit ($0.50/$1.00 USD) - 2025/01/09 16:33:48 WET [2025/01/09 11:33:48 ET]
Table 'Gaspra III' 6-max Seat #6 is the button
Seat 1: sta$igk ($113.62 in chips) 
Seat 2: Palacios777 ($123.40 in chips) 
Seat 3: CapoDiTutti17 ($39.79 in chips) 
Seat 4: gig.gyty ($142.08 in chips) 
Seat 5: YeeesMan ($171.96 in chips) 
Seat 6: derek5858 ($126.72 in chips) 
sta$igk: posts small blind $0.50
Palacios777: posts big blind $1
*** HOLE CARDS ***
CapoDiTutti17: calls $1
gig.gyty: folds 
YeeesMan: folds 
derek5858: raises $2.45 to $3.45
sta$igk: raises $10.55 to $14
Palacios777: folds 
CapoDiTutti17: folds 
derek5858: folds 
Uncalled bet ($10.55) returned to sta$igk
sta$igk collected $8.90 from pot
sta$igk: doesn't show hand 
*** SUMMARY ***
Total pot $8.90 | Rake $0 
Seat 1: sta$igk (small blind) collected ($8.90)
Seat 2: Palacios777 (big blind) folded before Flop
Seat 3: CapoDiTutti17 folded before Flop
Seat 4: gig.gyty folded before Flop (didn't bet)
Seat 5: YeeesMan folded before Flop (didn't bet)
Seat 6: derek5858 (button) folded before Flop



PokerStars Hand #254279504827:  Hold'em No Limit ($0.50/$1.00 USD) - 2025/01/09 16:34:29 WET [2025/01/09 11:34:29 ET]
Table 'Gaspra III' 6-max Seat #1 is the button
Seat 1: sta$igk ($119.07 in chips) 
Seat 2: Palacios777 ($122.40 in chips) 
Seat 3: CapoDiTutti17 ($38.79 in chips) 
Seat 4: gig.gyty ($142.08 in chips) 
Seat 5: YeeesMan ($171.96 in chips) 
Seat 6: derek5858 ($123.27 in chips) 
Palacios777: posts small blind $0.50
CapoDiTutti17: posts big blind $1
*** HOLE CARDS ***
gig.gyty: folds 
YeeesMan: raises $1.50 to $2.50
derek5858: folds 
sta$igk: folds 
Palacios777: folds 
CapoDiTutti17: calls $1.50
*** FLOP *** [8s 5c Ts]
CapoDiTutti17: checks 
YeeesMan: bets $8.83
CapoDiTutti17: calls $8.83
*** TURN *** [8s 5c Ts] [4h]
CapoDiTutti17: checks 
YeeesMan: bets $29
CapoDiTutti17: calls $27.46 and is all-in
Uncalled bet ($1.54) returned to YeeesMan
*** RIVER *** [8s 5c Ts 4h] [6h]
*** SHOW DOWN ***
CapoDiTutti17: shows [8h Js] (a pair of Eights)
YeeesMan: shows [Jd Jh] (a pair of Jacks)
YeeesMan collected $75.58 from pot
*** SUMMARY ***
Total pot $78.08 | Rake $2.50 
Board [8s 5c Ts 4h 6h]
Seat 1: sta$igk (button) folded before Flop (didn't bet)
Seat 2: Palacios777 (small blind) folded before Flop
Seat 3: CapoDiTutti17 (big blind) showed [8h Js] and lost with a pair of Eights
Seat 4: gig.gyty folded before Flop (didn't bet)
Seat 5: YeeesMan showed [Jd Jh] and won ($75.58) with a pair of Jacks
Seat 6: derek5858 folded before Flop (didn't bet)



PokerStars Hand #254279524872:  Hold'em No Limit ($0.50/$1.00 USD) - 2025/01/09 16:35:52 WET [2025/01/09 11:35:52 ET]
Table 'Gaspra III' 6-max Seat #2 is the button
Seat 3: CapoDiTutti17 ($0 in chips) is sitting out
Seat 1: sta$igk ($119.07 in chips) 
Seat 2: Palacios777 ($121.90 in chips) 
Seat 4: gig.gyty ($142.08 in chips) 
Seat 5: YeeesMan ($208.75 in chips) 
Seat 6: derek5858 ($123.27 in chips) 
gig.gyty: posts small blind $0.50
YeeesMan: posts big blind $1
*** HOLE CARDS ***
derek5858: raises $1 to $2
sta$igk: folds 
Palacios777: folds 
CapoDiTutti17 leaves the table
gig.gyty: folds 
YeeesMan: folds 
Uncalled bet ($1) returned to derek5858
derek5858 collected $2.50 from pot
*** SUMMARY ***
Total pot $2.50 | Rake $0 
Seat 3: CapoDiTutti17
Seat 1: sta$igk folded before Flop (didn't bet)
Seat 2: Palacios777 (button) folded before Flop (didn't bet)
Seat 4: gig.gyty (small blind) folded before Flop
Seat 5: YeeesMan (big blind) folded before Flop
Seat 6: derek5858 collected ($2.50)



PokerStars Hand #254279531002:  Hold'em No Limit ($0.50/$1.00 USD) - 2025/01/09 16:36:18 WET [2025/01/09 11:36:18 ET]
Table 'Gaspra III' 6-max Seat #4 is the button
Seat 1: sta$igk ($119.07 in chips) is sitting out
Seat 5: YeeesMan ($207.75 in chips) is sitting out
Seat 2: Palacios777 ($121.90 in chips) 
Seat 4: gig.gyty ($141.58 in chips) 
Seat 6: derek5858 ($124.77 in chips) 
derek5858: posts small blind $0.50
sta$igk: is sitting out 
Palacios777: posts big blind $1
*** HOLE CARDS ***
YeeesMan leaves the table
sta$igk leaves the table
gig.gyty: raises $1.50 to $2.50
derek5858: folds 
Palacios777: folds 
Uncalled bet ($1.50) returned to gig.gyty
CapoDiTutti17 joins the table at seat #3 
CapoDiTutti17 is disconnected 
gig.gyty collected $2.50 from pot
gig.gyty: doesn't show hand 
*** SUMMARY ***
Total pot $2.50 | Rake $0 
Seat 1: sta$igk
Seat 5: YeeesMan
Seat 2: Palacios777 (big blind) folded before Flop
Seat 4: gig.gyty (button) collected ($2.50)
Seat 6: derek5858 (small blind) folded before Flop



PokerStars Hand #254279536881:  Hold'em No Limit ($0.50/$1.00 USD) - 2025/01/09 16:36:43 WET [2025/01/09 11:36:43 ET]
Table 'Gaspra III' 6-max Seat #6 is the button
Seat 2: Palacios777 ($120.90 in chips) 
Seat 3: CapoDiTutti17 ($22.74 in chips) 
Seat 4: gig.gyty ($143.08 in chips) 
Seat 6: derek5858 ($124.27 in chips) 
Palacios777: posts small blind $0.50
CapoDiTutti17: posts big blind $1
*** HOLE CARDS ***
yzuk joins the table at seat #1 
blistein joins the table at seat #5 
gig.gyty: folds 
derek5858: raises $1 to $2
Palacios777: calls $1.50
CapoDiTutti17: raises $6 to $8
derek5858: folds 
Palacios777: raises $32.50 to $40.50
CapoDiTutti17: calls $14.74 and is all-in
Uncalled bet ($17.76) returned to Palacios777
*** FLOP *** [Th Kh 9c]
*** TURN *** [Th Kh 9c] [9d]
*** RIVER *** [Th Kh 9c 9d] [6c]
*** SHOW DOWN ***
Palacios777: shows [Td Kc] (two pair, Kings and Tens)
CapoDiTutti17: shows [6s 7s] (two pair, Nines and Sixes)
Palacios777 collected $46.48 from pot
*** SUMMARY ***
Total pot $47.48 | Rake $1 
Board [Th Kh 9c 9d 6c]
Seat 2: Palacios777 (small blind) showed [Td Kc] and won ($46.48) with two pair, Kings and Tens
Seat 3: CapoDiTutti17 (big blind) showed [6s 7s] and lost with two pair, Nines and Sixes
Seat 4: gig.gyty folded before Flop (didn't bet)
Seat 6: derek5858 (button) folded before Flop



PokerStars Hand #254279551914:  Hold'em No Limit ($0.50/$1.00 USD) - 2025/01/09 16:37:45 WET [2025/01/09 11:37:45 ET]
Table 'Gaspra III' 6-max Seat #2 is the button
Seat 1: yzuk ($100 in chips) is sitting out
Seat 3: CapoDiTutti17 ($0 in chips) is sitting out
Seat 2: Palacios777 ($144.64 in chips) 
Seat 4: gig.gyty ($143.08 in chips) 
Seat 5: blistein ($100 in chips) 
Seat 6: derek5858 ($122.27 in chips) 
gig.gyty: posts small blind $0.50
blistein: posts big blind $1
yzuk: sits out 
*** HOLE CARDS ***
derek5858: folds 
Palacios777: folds 
gig.gyty: raises $2 to $3
blistein: folds 
Uncalled bet ($2) returned to gig.gyty
gig.gyty collected $2 from pot
gig.gyty: doesn't show hand 
*** SUMMARY ***
Total pot $2 | Rake $0 
Seat 1: yzuk
Seat 3: CapoDiTutti17
Seat 2: Palacios777 (button) folded before Flop (didn't bet)
Seat 4: gig.gyty (small blind) collected ($2)
Seat 5: blistein (big blind) folded before Flop
Seat 6: derek5858 folded before Flop (didn't bet)



PokerStars Hand #254279555517:  Hold'em No Limit ($0.50/$1.00 USD) - 2025/01/09 16:38:00 WET [2025/01/09 11:38:00 ET]
Table 'Gaspra III' 6-max Seat #4 is the button
Seat 6: derek5858 ($122.27 in chips) is sitting out
Seat 1: yzuk ($100 in chips) 
Seat 2: Palacios777 ($144.64 in chips) 
Seat 3: CapoDiTutti17 ($25.50 in chips) 
Seat 4: gig.gyty ($144.08 in chips) 
Seat 5: blistein ($100 in chips) 
blistein: posts small blind $0.50
derek5858: is sitting out 
yzuk: posts big blind $1
CapoDiTutti17: posts small blind $0.50
*** HOLE CARDS ***
Palacios777: folds 
CapoDiTutti17: calls $1
gig.gyty: folds 
blistein: folds 
yzuk: checks 
*** FLOP *** [9c 7s Qs]
yzuk: bets $1.45
CapoDiTutti17: folds 
Uncalled bet ($1.45) returned to yzuk
yzuk collected $2.85 from pot
yzuk: doesn't show hand 
*** SUMMARY ***
Total pot $3 | Rake $0.15 
Board [9c 7s Qs]
Seat 6: derek5858
Seat 1: yzuk (big blind) collected ($2.85)
Seat 2: Palacios777 folded before Flop (didn't bet)
Seat 3: CapoDiTutti17 folded on the Flop
Seat 4: gig.gyty (button) folded before Flop (didn't bet)
Seat 5: blistein (small blind) folded before Flop



PokerStars Hand #254279560087:  Hold'em No Limit ($0.50/$1.00 USD) - 2025/01/09 16:38:19 WET [2025/01/09 11:38:19 ET]
Table 'Gaspra III' 6-max Seat #5 is the button
Seat 2: Palacios777 ($144.64 in chips) is sitting out
Seat 6: derek5858 ($122.27 in chips) is sitting out
Seat 1: yzuk ($101.85 in chips) 
Seat 3: CapoDiTutti17 ($24 in chips) 
Seat 4: gig.gyty ($144.08 in chips) 
Seat 5: blistein ($100 in chips) 
yzuk: posts small blind $0.50
Palacios777: is sitting out 
CapoDiTutti17: posts big blind $1
*** HOLE CARDS ***
gig.gyty: folds 
blistein: raises $1.50 to $2.50
yzuk: folds 
CapoDiTutti17: calls $1.50
*** FLOP *** [3s 9c 5c]
CapoDiTutti17: checks 
blistein: bets $1.31
CapoDiTutti17: calls $1.31
*** TURN *** [3s 9c 5c] [2c]
CapoDiTutti17: checks 
blistein: bets $4
CapoDiTutti17: calls $4
*** RIVER *** [3s 9c 5c 2c] [Ks]
CapoDiTutti17: bets $16.19 and is all-in
blistein: folds 
Uncalled bet ($16.19) returned to CapoDiTutti17
CapoDiTutti17 collected $15.31 from pot
*** SUMMARY ***
Total pot $16.12 | Rake $0.81 
Board [3s 9c 5c 2c Ks]
Seat 2: Palacios777
Seat 6: derek5858
Seat 1: yzuk (small blind) folded before Flop
Seat 3: CapoDiTutti17 (big blind) collected ($15.31)
Seat 4: gig.gyty folded before Flop (didn't bet)
Seat 5: blistein (button) folded on the River



PokerStars Hand #254279581455:  Hold'em No Limit ($0.50/$1.00 USD) - 2025/01/09 16:39:48 WET [2025/01/09 11:39:48 ET]
Table 'Gaspra III' 6-max Seat #1 is the button
Seat 2: Palacios777 ($144.64 in chips) is sitting out
Seat 4: gig.gyty ($144.08 in chips) is sitting out
Seat 6: derek5858 ($122.27 in chips) is sitting out
Seat 1: yzuk ($101.35 in chips) 
Seat 3: CapoDiTutti17 ($31.50 in chips) 
Seat 5: blistein ($100 in chips) 
CapoDiTutti17: posts small blind $0.50
gig.gyty: is sitting out 
blistein: posts big blind $1
derek5858: sits out 
*** HOLE CARDS ***
yzuk: folds 
CapoDiTutti17: calls $0.50
blistein: checks 
*** FLOP *** [Tc 4h 2c]
CapoDiTutti17: checks 
blistein: bets $1
CapoDiTutti17: calls $1
*** TURN *** [Tc 4h 2c] [Ad]
CapoDiTutti17: checks 
blistein: checks 
*** RIVER *** [Tc 4h 2c Ad] [6d]
CapoDiTutti17: checks 
blistein: checks 
*** SHOW DOWN ***
CapoDiTutti17: shows [Qc Kh] (high card Ace)
blistein: mucks hand 
CapoDiTutti17 collected $3.80 from pot
*** SUMMARY ***
Total pot $4 | Rake $0.20 
Board [Tc 4h 2c Ad 6d]
Seat 2: Palacios777
Seat 4: gig.gyty
Seat 6: derek5858
Seat 1: yzuk (button) folded before Flop (didn't bet)
Seat 3: CapoDiTutti17 (small blind) showed [Qc Kh] and won ($3.80) with high card Ace
Seat 5: blistein (big blind) mucked



PokerStars Hand #254279594017:  Hold'em No Limit ($0.50/$1.00 USD) - 2025/01/09 16:40:40 WET [2025/01/09 11:40:40 ET]
Table 'Gaspra III' 6-max Seat #3 is the button
Seat 2: Palacios777 ($144.64 in chips) is sitting out
Seat 4: gig.gyty ($144.08 in chips) is sitting out
Seat 1: yzuk ($101.35 in chips) 
Seat 3: CapoDiTutti17 ($33.30 in chips) 
Seat 5: blistein ($100 in chips) 
Seat 6: derek5858 ($122.27 in chips) 
blistein: posts small blind $0.50
derek5858: posts big blind $1
Palacios777: sits out 
*** HOLE CARDS ***
yzuk: folds 
CapoDiTutti17: calls $1
blistein: folds 
derek5858: checks 
*** FLOP *** [8s Ah Ks]
derek5858: checks 
CapoDiTutti17: bets $1.19
derek5858: folds 
Uncalled bet ($1.19) returned to CapoDiTutti17
CapoDiTutti17 collected $2.38 from pot
*** SUMMARY ***
Total pot $2.50 | Rake $0.12 
Board [8s Ah Ks]
Seat 2: Palacios777
Seat 4: gig.gyty
Seat 1: yzuk folded before Flop (didn't bet)
Seat 3: CapoDiTutti17 (button) collected ($2.38)
Seat 5: blistein (small blind) folded before Flop
Seat 6: derek5858 (big blind) folded on the Flop



PokerStars Hand #254279601897:  Hold'em No Limit ($0.50/$1.00 USD) - 2025/01/09 16:41:12 WET [2025/01/09 11:41:12 ET]
Table 'Gaspra III' 6-max Seat #5 is the button
Seat 2: Palacios777 ($144.64 in chips) is sitting out
Seat 4: gig.gyty ($144.08 in chips) is sitting out
Seat 1: yzuk ($101.35 in chips) 
Seat 3: CapoDiTutti17 ($34.68 in chips) 
Seat 5: blistein ($100 in chips) 
Seat 6: derek5858 ($121.27 in chips) 
derek5858: posts small blind $0.50
yzuk: posts big blind $1
Palacios777: sits out 
gig.gyty: sits out 
*** HOLE CARDS ***
CapoDiTutti17: calls $1
blistein: folds 
derek5858: folds 
yzuk: raises $3 to $4
CapoDiTutti17: folds 
Uncalled bet ($3) returned to yzuk
yzuk collected $2.50 from pot
yzuk: doesn't show hand 
*** SUMMARY ***
Total pot $2.50 | Rake $0 
Seat 2: Palacios777
Seat 4: gig.gyty
Seat 1: yzuk (big blind) collected ($2.50)
Seat 3: CapoDiTutti17 folded before Flop
Seat 5: blistein (button) folded before Flop (didn't bet)
Seat 6: derek5858 (small blind) folded before Flop



PokerStars Hand #254279607156:  Hold'em No Limit ($0.50/$1.00 USD) - 2025/01/09 16:41:35 WET [2025/01/09 11:41:35 ET]
Table 'Gaspra III' 6-max Seat #6 is the button
Seat 4: gig.gyty ($144.08 in chips) is sitting out
Seat 1: yzuk ($102.85 in chips) 
Seat 2: Palacios777 ($144.64 in chips) 
Seat 3: CapoDiTutti17 ($33.68 in chips) 
Seat 5: blistein ($100 in chips) 
Seat 6: derek5858 ($120.77 in chips) 
yzuk: posts small blind $0.50
Palacios777: posts big blind $1
gig.gyty: sits out 
*** HOLE CARDS ***
CapoDiTutti17: calls $1
blistein: folds 
derek5858: folds 
yzuk: folds 
Palacios777: raises $2.50 to $3.50
CapoDiTutti17: calls $2.50
*** FLOP *** [9s 9c 2h]
Palacios777: bets $2.35
CapoDiTutti17: raises $2.35 to $4.70
Palacios777: calls $2.35
*** TURN *** [9s 9c 2h] [Ts]
Palacios777: checks 
CapoDiTutti17: bets $16.06
Palacios777: raises $16.06 to $32.12
CapoDiTutti17: folds 
Uncalled bet ($16.06) returned to Palacios777
Palacios777 collected $46.57 from pot
Palacios777: doesn't show hand 
*** SUMMARY ***
Total pot $49.02 | Rake $2.45 
Board [9s 9c 2h Ts]
Seat 4: gig.gyty
Seat 1: yzuk (small blind) folded before Flop
Seat 2: Palacios777 (big blind) collected ($46.57)
Seat 3: CapoDiTutti17 folded on the Turn
Seat 5: blistein folded before Flop (didn't bet)
Seat 6: derek5858 (button) folded before Flop (didn't bet)



PokerStars Hand #254279633305:  Hold'em No Limit ($0.50/$1.00 USD) - 2025/01/09 16:43:23 WET [2025/01/09 11:43:23 ET]
Table 'Gaspra III' 6-max Seat #1 is the button
Seat 4: gig.gyty ($144.08 in chips) is sitting out
Seat 1: yzuk ($102.35 in chips) 
Seat 2: Palacios777 ($166.95 in chips) 
Seat 3: CapoDiTutti17 ($9.42 in chips) 
Seat 5: blistein ($100 in chips) 
Seat 6: derek5858 ($120.77 in chips) 
Palacios777: posts small blind $0.50
CapoDiTutti17: posts big blind $1
gig.gyty: sits out 
*** HOLE CARDS ***
blistein: folds 
derek5858: folds 
yzuk: folds 
Palacios777: folds 
Uncalled bet ($0.50) returned to CapoDiTutti17
CapoDiTutti17 collected $1 from pot
*** SUMMARY ***
Total pot $1 | Rake $0 
Seat 4: gig.gyty
Seat 1: yzuk (button) folded before Flop (didn't bet)
Seat 2: Palacios777 (small blind) folded before Flop
Seat 3: CapoDiTutti17 (big blind) collected ($1)
Seat 5: blistein folded before Flop (didn't bet)
Seat 6: derek5858 folded before Flop (didn't bet)



PokerStars Hand #254279636021:  Hold'em No Limit ($0.50/$1.00 USD) - 2025/01/09 16:43:35 WET [2025/01/09 11:43:35 ET]
Table 'Gaspra III' 6-max Seat #2 is the button
Seat 1: yzuk ($102.35 in chips) 
Seat 2: Palacios777 ($166.45 in chips) 
Seat 3: CapoDiTutti17 ($9.92 in chips) 
Seat 4: gig.gyty ($144.08 in chips) 
Seat 5: blistein ($100 in chips) 
Seat 6: derek5858 ($120.77 in chips) 
CapoDiTutti17: posts small blind $0.50
gig.gyty: posts big blind $1
*** HOLE CARDS ***
blistein: folds 
derek5858: folds 
yzuk: folds 
Palacios777: folds 
CapoDiTutti17: calls $0.50
gig.gyty: checks 
*** FLOP *** [Jc 2d 5c]
CapoDiTutti17: checks 
gig.gyty: checks 
*** TURN *** [Jc 2d 5c] [5h]
CapoDiTutti17: bets $1.90
gig.gyty: folds 
Uncalled bet ($1.90) returned to CapoDiTutti17
CapoDiTutti17 collected $1.90 from pot
*** SUMMARY ***
Total pot $2 | Rake $0.10 
Board [Jc 2d 5c 5h]
Seat 1: yzuk folded before Flop (didn't bet)
Seat 2: Palacios777 (button) folded before Flop (didn't bet)
Seat 3: CapoDiTutti17 (small blind) collected ($1.90)
Seat 4: gig.gyty (big blind) folded on the Turn
Seat 5: blistein folded before Flop (didn't bet)
Seat 6: derek5858 folded before Flop (didn't bet)



