PokerStars Hand #254274057304:  Hold'em No Limit ($0.50/$1.00 USD) - 2025/01/09 4:36:56 WET [2025/01/08 23:36:56 ET]
Table 'Hirons II' 6-max Seat #2 is the button
Seat 1: Manifestorr ($100 in chips) is sitting out
Seat 2: 50CandyJoe ($100 in chips) 
Seat 3: GoalieSchool ($143.84 in chips) 
Seat 4: Pumuking ($217.75 in chips) 
Seat 5: MaRKiToScoK ($154.76 in chips) 
Seat 6: sutata ($134.38 in chips) 
GoalieSchool: posts small blind $0.50
Pumuking: posts big blind $1
Manifestorr: sits out 
*** HOLE CARDS ***
MaRKiToScoK: raises $1.20 to $2.20
sutata: folds 
50CandyJoe: folds 
GoalieSchool: folds 
Pumuking: folds 
Uncalled bet ($1.20) returned to MaRKiToScoK
MaRKiToScoK collected $2.50 from pot
*** SUMMARY ***
Total pot $2.50 | Rake $0 
Seat 1: Manifestorr
Seat 2: 50CandyJoe (button) folded before Flop (didn't bet)
Seat 3: GoalieSchool (small blind) folded before Flop
Seat 4: Pumuking (big blind) folded before Flop
Seat 5: MaRKiToScoK collected ($2.50)
Seat 6: sutata folded before Flop (didn't bet)



PokerStars Hand #254274059627:  Hold'em No Limit ($0.50/$1.00 USD) - 2025/01/09 4:37:19 WET [2025/01/08 23:37:19 ET]
Table 'Hirons II' 6-max Seat #3 is the button
Seat 1: Manifestorr ($100 in chips) is sitting out
Seat 2: 50CandyJoe ($100 in chips) 
Seat 3: GoalieSchool ($143.34 in chips) 
Seat 4: Pumuking ($216.75 in chips) 
Seat 5: MaRKiToScoK ($156.26 in chips) 
Seat 6: sutata ($134.38 in chips) 
Pumuking: posts small blind $0.50
MaRKiToScoK: posts big blind $1
Manifestorr: sits out 
*** HOLE CARDS ***
sutata: folds 
50CandyJoe: folds 
GoalieSchool: folds 
Pumuking: folds 
Uncalled bet ($0.50) returned to MaRKiToScoK
MaRKiToScoK collected $1 from pot
*** SUMMARY ***
Total pot $1 | Rake $0 
Seat 1: Manifestorr
Seat 2: 50CandyJoe folded before Flop (didn't bet)
Seat 3: GoalieSchool (button) folded before Flop (didn't bet)
Seat 4: Pumuking (small blind) folded before Flop
Seat 5: MaRKiToScoK (big blind) collected ($1)
Seat 6: sutata folded before Flop (didn't bet)



PokerStars Hand #254274061658:  Hold'em No Limit ($0.50/$1.00 USD) - 2025/01/09 4:37:39 WET [2025/01/08 23:37:39 ET]
Table 'Hirons II' 6-max Seat #4 is the button
Seat 6: sutata ($134.38 in chips) is sitting out
Seat 1: Manifestorr ($100 in chips) 
Seat 2: 50CandyJoe ($100 in chips) 
Seat 3: GoalieSchool ($143.34 in chips) 
Seat 4: Pumuking ($216.25 in chips) 
Seat 5: MaRKiToScoK ($156.76 in chips) 
MaRKiToScoK: posts small blind $0.50
sutata: is sitting out 
Manifestorr: posts big blind $1
*** HOLE CARDS ***
50CandyJoe: folds 
GoalieSchool: folds 
Pumuking: raises $1.50 to $2.50
MaRKiToScoK: folds 
sutata leaves the table
Manifestorr: folds 
Uncalled bet ($1.50) returned to Pumuking
Pumuking collected $2.50 from pot
Pumuking: doesn't show hand 
*** SUMMARY ***
Total pot $2.50 | Rake $0 
Seat 6: sutata
Seat 1: Manifestorr (big blind) folded before Flop
Seat 2: 50CandyJoe folded before Flop (didn't bet)
Seat 3: GoalieSchool folded before Flop (didn't bet)
Seat 4: Pumuking (button) collected ($2.50)
Seat 5: MaRKiToScoK (small blind) folded before Flop



PokerStars Hand #254274063132:  Hold'em No Limit ($0.50/$1.00 USD) - 2025/01/09 4:37:54 WET [2025/01/08 23:37:54 ET]
Table 'Hirons II' 6-max Seat #5 is the button
Seat 1: Manifestorr ($100 in chips) 
Seat 2: 50CandyJoe ($100 in chips) 
Seat 3: GoalieSchool ($143.34 in chips) 
Seat 4: Pumuking ($217.75 in chips) 
Seat 5: MaRKiToScoK ($156.26 in chips) 
Manifestorr: posts small blind $0.50
50CandyJoe: posts big blind $1
*** HOLE CARDS ***
GoalieSchool: folds 
Pumuking: raises $1.25 to $2.25
MaRKiToScoK: raises $4.95 to $7.20
Manifestorr: folds 
50CandyJoe: folds 
Pumuking: folds 
Uncalled bet ($4.95) returned to MaRKiToScoK
MaRKiToScoK collected $6 from pot
*** SUMMARY ***
Total pot $6 | Rake $0 
Seat 1: Manifestorr (small blind) folded before Flop
Seat 2: 50CandyJoe (big blind) folded before Flop
Seat 3: GoalieSchool folded before Flop (didn't bet)
Seat 4: Pumuking folded before Flop
Seat 5: MaRKiToScoK (button) collected ($6)



PokerStars Hand #254274065168:  Hold'em No Limit ($0.50/$1.00 USD) - 2025/01/09 4:38:14 WET [2025/01/08 23:38:14 ET]
Table 'Hirons II' 6-max Seat #1 is the button
Seat 1: Manifestorr ($100 in chips) 
Seat 2: 50CandyJoe ($100 in chips) 
Seat 3: GoalieSchool ($143.34 in chips) 
Seat 4: Pumuking ($215.50 in chips) 
Seat 5: MaRKiToScoK ($160.01 in chips) 
50CandyJoe: posts small blind $0.50
GoalieSchool: posts big blind $1
*** HOLE CARDS ***
Pumuking: folds 
MaRKiToScoK: folds 
Manifestorr: raises $1.20 to $2.20
50CandyJoe: folds 
GoalieSchool: folds 
Uncalled bet ($1.20) returned to Manifestorr
Manifestorr collected $2.50 from pot
*** SUMMARY ***
Total pot $2.50 | Rake $0 
Seat 1: Manifestorr (button) collected ($2.50)
Seat 2: 50CandyJoe (small blind) folded before Flop
Seat 3: GoalieSchool (big blind) folded before Flop
Seat 4: Pumuking folded before Flop (didn't bet)
Seat 5: MaRKiToScoK folded before Flop (didn't bet)



PokerStars Hand #254274068404:  Hold'em No Limit ($0.50/$1.00 USD) - 2025/01/09 4:38:47 WET [2025/01/08 23:38:47 ET]
Table 'Hirons II' 6-max Seat #2 is the button
Seat 1: Manifestorr ($101.50 in chips) 
Seat 2: 50CandyJoe ($100 in chips) 
Seat 3: GoalieSchool ($142.34 in chips) 
Seat 4: Pumuking ($215.50 in chips) 
Seat 5: MaRKiToScoK ($160.01 in chips) 
GoalieSchool: posts small blind $0.50
Pumuking: posts big blind $1
*** HOLE CARDS ***
MaRKiToScoK: folds 
Manifestorr: raises $1.20 to $2.20
50CandyJoe: raises $5.30 to $7.50
GoalieSchool: folds 
Pumuking: folds 
Manifestorr: folds 
Uncalled bet ($5.30) returned to 50CandyJoe
50CandyJoe collected $5.90 from pot
50CandyJoe: doesn't show hand 
*** SUMMARY ***
Total pot $5.90 | Rake $0 
Seat 1: Manifestorr folded before Flop
Seat 2: 50CandyJoe (button) collected ($5.90)
Seat 3: GoalieSchool (small blind) folded before Flop
Seat 4: Pumuking (big blind) folded before Flop
Seat 5: MaRKiToScoK folded before Flop (didn't bet)



PokerStars Hand #254274071224:  Hold'em No Limit ($0.50/$1.00 USD) - 2025/01/09 4:39:16 WET [2025/01/08 23:39:16 ET]
Table 'Hirons II' 6-max Seat #3 is the button
Seat 1: Manifestorr ($100 in chips) 
Seat 2: 50CandyJoe ($103.70 in chips) 
Seat 3: GoalieSchool ($141.84 in chips) 
Seat 4: Pumuking ($214.50 in chips) 
Seat 5: MaRKiToScoK ($160.01 in chips) 
Pumuking: posts small blind $0.50
MaRKiToScoK: posts big blind $1
*** HOLE CARDS ***
Manifestorr: folds 
50CandyJoe: folds 
GoalieSchool: folds 
Pumuking: folds 
Uncalled bet ($0.50) returned to MaRKiToScoK
MaRKiToScoK collected $1 from pot
*** SUMMARY ***
Total pot $1 | Rake $0 
Seat 1: Manifestorr folded before Flop (didn't bet)
Seat 2: 50CandyJoe folded before Flop (didn't bet)
Seat 3: GoalieSchool (button) folded before Flop (didn't bet)
Seat 4: Pumuking (small blind) folded before Flop
Seat 5: MaRKiToScoK (big blind) collected ($1)



PokerStars Hand #254274072866:  Hold'em No Limit ($0.50/$1.00 USD) - 2025/01/09 4:39:32 WET [2025/01/08 23:39:32 ET]
Table 'Hirons II' 6-max Seat #4 is the button
Seat 1: Manifestorr ($100 in chips) 
Seat 2: 50CandyJoe ($103.70 in chips) 
Seat 3: GoalieSchool ($141.84 in chips) 
Seat 4: Pumuking ($214 in chips) 
Seat 5: MaRKiToScoK ($160.51 in chips) 
MaRKiToScoK: posts small blind $0.50
Manifestorr: posts big blind $1
*** HOLE CARDS ***
50CandyJoe: raises $1.20 to $2.20
GoalieSchool: folds 
Pumuking: folds 
MaRKiToScoK: folds 
Manifestorr: folds 
Uncalled bet ($1.20) returned to 50CandyJoe
50CandyJoe collected $2.50 from pot
50CandyJoe: doesn't show hand 
*** SUMMARY ***
Total pot $2.50 | Rake $0 
Seat 1: Manifestorr (big blind) folded before Flop
Seat 2: 50CandyJoe collected ($2.50)
Seat 3: GoalieSchool folded before Flop (didn't bet)
Seat 4: Pumuking (button) folded before Flop (didn't bet)
Seat 5: MaRKiToScoK (small blind) folded before Flop



PokerStars Hand #254274074488:  Hold'em No Limit ($0.50/$1.00 USD) - 2025/01/09 4:39:49 WET [2025/01/08 23:39:49 ET]
Table 'Hirons II' 6-max Seat #5 is the button
Seat 1: Manifestorr ($100 in chips) 
Seat 2: 50CandyJoe ($105.20 in chips) 
Seat 3: GoalieSchool ($141.84 in chips) 
Seat 4: Pumuking ($214 in chips) 
Seat 5: MaRKiToScoK ($160.01 in chips) 
Manifestorr: posts small blind $0.50
50CandyJoe: posts big blind $1
*** HOLE CARDS ***
GoalieSchool: raises $1.50 to $2.50
Pumuking: folds 
MaRKiToScoK: folds 
Manifestorr: folds 
50CandyJoe: folds 
Uncalled bet ($1.50) returned to GoalieSchool
GoalieSchool collected $2.50 from pot
GoalieSchool: doesn't show hand 
50CandyJoe leaves the table
*** SUMMARY ***
Total pot $2.50 | Rake $0 
Seat 1: Manifestorr (small blind) folded before Flop
Seat 2: 50CandyJoe (big blind) folded before Flop
Seat 3: GoalieSchool collected ($2.50)
Seat 4: Pumuking folded before Flop (didn't bet)
Seat 5: MaRKiToScoK (button) folded before Flop (didn't bet)



PokerStars Hand #254274076889:  Hold'em No Limit ($0.50/$1.00 USD) - 2025/01/09 4:40:13 WET [2025/01/08 23:40:13 ET]
Table 'Hirons II' 6-max Seat #1 is the button
Seat 1: Manifestorr ($100 in chips) 
Seat 3: GoalieSchool ($143.34 in chips) 
Seat 4: Pumuking ($214 in chips) 
Seat 5: MaRKiToScoK ($160.01 in chips) 
GoalieSchool: posts small blind $0.50
Pumuking: posts big blind $1
*** HOLE CARDS ***
MaRKiToScoK: folds 
Manifestorr: raises $1.20 to $2.20
GoalieSchool: calls $1.70
Pumuking: calls $1.20
*** FLOP *** [2s Kh 5c]
GoalieSchool: checks 
Pumuking: checks 
Manifestorr: bets $2.07
GoalieSchool: folds 
Pumuking: calls $2.07
*** TURN *** [2s Kh 5c] [Jh]
Pumuking: checks 
Manifestorr: bets $13.77
Pumuking: folds 
Uncalled bet ($13.77) returned to Manifestorr
Manifestorr collected $10.20 from pot
*** SUMMARY ***
Total pot $10.74 | Rake $0.54 
Board [2s Kh 5c Jh]
Seat 1: Manifestorr (button) collected ($10.20)
Seat 3: GoalieSchool (small blind) folded on the Flop
Seat 4: Pumuking (big blind) folded on the Turn
Seat 5: MaRKiToScoK folded before Flop (didn't bet)



PokerStars Hand #254274083152:  Hold'em No Limit ($0.50/$1.00 USD) - 2025/01/09 4:41:17 WET [2025/01/08 23:41:17 ET]
Table 'Hirons II' 6-max Seat #3 is the button
Seat 1: Manifestorr ($105.93 in chips) 
Seat 3: GoalieSchool ($141.14 in chips) 
Seat 4: Pumuking ($209.73 in chips) 
Seat 5: MaRKiToScoK ($160.01 in chips) 
Pumuking: posts small blind $0.50
MaRKiToScoK: posts big blind $1
*** HOLE CARDS ***
Manifestorr: folds 
GoalieSchool: folds 
Pumuking: folds 
Uncalled bet ($0.50) returned to MaRKiToScoK
MaRKiToScoK collected $1 from pot
*** SUMMARY ***
Total pot $1 | Rake $0 
Seat 1: Manifestorr folded before Flop (didn't bet)
Seat 3: GoalieSchool (button) folded before Flop (didn't bet)
Seat 4: Pumuking (small blind) folded before Flop
Seat 5: MaRKiToScoK (big blind) collected ($1)



PokerStars Hand #254274084225:  Hold'em No Limit ($0.50/$1.00 USD) - 2025/01/09 4:41:29 WET [2025/01/08 23:41:29 ET]
Table 'Hirons II' 6-max Seat #4 is the button
Seat 1: Manifestorr ($105.93 in chips) is sitting out
Seat 3: GoalieSchool ($141.14 in chips) 
Seat 4: Pumuking ($209.23 in chips) 
Seat 5: MaRKiToScoK ($160.51 in chips) 
MaRKiToScoK: posts small blind $0.50
Manifestorr: is sitting out 
GoalieSchool: posts big blind $1
*** HOLE CARDS ***
Pumuking: raises $1.25 to $2.25
Manifestorr leaves the table
MaRKiToScoK: folds 
GoalieSchool: folds 
Uncalled bet ($1.25) returned to Pumuking
Pumuking collected $2.50 from pot
Pumuking: doesn't show hand 
*** SUMMARY ***
Total pot $2.50 | Rake $0 
Seat 1: Manifestorr
Seat 3: GoalieSchool (big blind) folded before Flop
Seat 4: Pumuking (button) collected ($2.50)
Seat 5: MaRKiToScoK (small blind) folded before Flop



PokerStars Hand #254274085195:  Hold'em No Limit ($0.50/$1.00 USD) - 2025/01/09 4:41:38 WET [2025/01/08 23:41:38 ET]
Table 'Hirons II' 6-max Seat #5 is the button
Seat 3: GoalieSchool ($140.14 in chips) 
Seat 4: Pumuking ($210.73 in chips) 
Seat 5: MaRKiToScoK ($160.01 in chips) 
GoalieSchool: posts small blind $0.50
Pumuking: posts big blind $1
*** HOLE CARDS ***
MaRKiToScoK: raises $1.50 to $2.50
GoalieSchool: folds 
Pumuking: folds 
Uncalled bet ($1.50) returned to MaRKiToScoK
MaRKiToScoK collected $2.50 from pot
*** SUMMARY ***
Total pot $2.50 | Rake $0 
Seat 3: GoalieSchool (small blind) folded before Flop
Seat 4: Pumuking (big blind) folded before Flop
Seat 5: MaRKiToScoK (button) collected ($2.50)



PokerStars Hand #254274086458:  Hold'em No Limit ($0.50/$1.00 USD) - 2025/01/09 4:41:51 WET [2025/01/08 23:41:51 ET]
Table 'Hirons II' 6-max Seat #3 is the button
Seat 3: GoalieSchool ($139.64 in chips) 
Seat 4: Pumuking ($209.73 in chips) 
Seat 5: MaRKiToScoK ($161.51 in chips) 
Pumuking: posts small blind $0.50
MaRKiToScoK: posts big blind $1
*** HOLE CARDS ***
sutata joins the table at seat #2 
GoalieSchool: folds 
Pumuking: raises $2 to $3
MaRKiToScoK: raises $7 to $10
Pumuking: calls $7
*** FLOP *** [Js 4c 6s]
Pumuking: checks 
MaRKiToScoK: checks 
*** TURN *** [Js 4c 6s] [7d]
Pumuking: bets $29.45
MaRKiToScoK: calls $29.45
*** RIVER *** [Js 4c 6s 7d] [6c]
Pumuking: bets $170.28 and is all-in
MaRKiToScoK: folds 
Uncalled bet ($170.28) returned to Pumuking
Pumuking collected $77.90 from pot
Pumuking: doesn't show hand 
*** SUMMARY ***
Total pot $78.90 | Rake $1 
Board [Js 4c 6s 7d 6c]
Seat 3: GoalieSchool (button) folded before Flop (didn't bet)
Seat 4: Pumuking (small blind) collected ($77.90)
Seat 5: MaRKiToScoK (big blind) folded on the River



PokerStars Hand #254274093987:  Hold'em No Limit ($0.50/$1.00 USD) - 2025/01/09 4:43:09 WET [2025/01/08 23:43:09 ET]
Table 'Hirons II' 6-max Seat #4 is the button
Seat 2: sutata ($134.38 in chips) 
Seat 3: GoalieSchool ($139.64 in chips) 
Seat 4: Pumuking ($248.18 in chips) 
Seat 5: MaRKiToScoK ($122.06 in chips) 
MaRKiToScoK: posts small blind $0.50
sutata: posts big blind $1
*** HOLE CARDS ***
GoalieSchool: folds 
Pumuking: raises $1.50 to $2.50
JunimCosta joins the table at seat #1 
MaRKiToScoK: folds 
sutata: calls $1.50
*** FLOP *** [4s 9s Ts]
sutata: checks 
Pumuking: bets $1.50
sutata: calls $1.50
*** TURN *** [4s 9s Ts] [Jh]
sutata: checks 
Pumuking: bets $2.67
sutata: calls $2.67
*** RIVER *** [4s 9s Ts Jh] [2h]
sutata: checks 
Pumuking: bets $8.81
sutata: calls $8.81
*** SHOW DOWN ***
Pumuking: shows [Qc 7c] (high card Queen)
sutata: shows [9d Td] (two pair, Tens and Nines)
sutata collected $30.46 from pot
*** SUMMARY ***
Total pot $31.46 | Rake $1 
Board [4s 9s Ts Jh 2h]
Seat 2: sutata (big blind) showed [9d Td] and won ($30.46) with two pair, Tens and Nines
Seat 3: GoalieSchool folded before Flop (didn't bet)
Seat 4: Pumuking (button) showed [Qc 7c] and lost with high card Queen
Seat 5: MaRKiToScoK (small blind) folded before Flop



PokerStars Hand #254274099249:  Hold'em No Limit ($0.50/$1.00 USD) - 2025/01/09 4:44:04 WET [2025/01/08 23:44:04 ET]
Table 'Hirons II' 6-max Seat #5 is the button
Seat 1: JunimCosta ($100 in chips) is sitting out
Seat 2: sutata ($149.36 in chips) 
Seat 3: GoalieSchool ($139.64 in chips) 
Seat 4: Pumuking ($232.70 in chips) 
Seat 5: MaRKiToScoK ($121.56 in chips) 
sutata: posts small blind $0.50
GoalieSchool: posts big blind $1
*** HOLE CARDS ***
Pumuking: raises $1.25 to $2.25
MaRKiToScoK: folds 
sutata: folds 
GoalieSchool: calls $1.25
*** FLOP *** [3d 7c Jc]
sutata leaves the table
GoalieSchool: checks 
Pumuking: bets $1.57
GoalieSchool: calls $1.57
*** TURN *** [3d 7c Jc] [9d]
GoalieSchool: checks 
Pumuking: checks 
*** RIVER *** [3d 7c Jc 9d] [Qd]
GoalieSchool: checks 
Pumuking: checks 
*** SHOW DOWN ***
GoalieSchool: shows [8c 8s] (a pair of Eights)
Pumuking: mucks hand 
GoalieSchool collected $7.73 from pot
*** SUMMARY ***
Total pot $8.14 | Rake $0.41 
Board [3d 7c Jc 9d Qd]
Seat 1: JunimCosta
Seat 2: sutata (small blind) folded before Flop
Seat 3: GoalieSchool (big blind) showed [8c 8s] and won ($7.73) with a pair of Eights
Seat 4: Pumuking mucked
Seat 5: MaRKiToScoK (button) folded before Flop (didn't bet)



PokerStars Hand #254274105698:  Hold'em No Limit ($0.50/$1.00 USD) - 2025/01/09 4:45:11 WET [2025/01/08 23:45:11 ET]
Table 'Hirons II' 6-max Seat #3 is the button
Seat 1: JunimCosta ($100 in chips) is sitting out
Seat 3: GoalieSchool ($143.55 in chips) 
Seat 4: Pumuking ($228.88 in chips) 
Seat 5: MaRKiToScoK ($121.56 in chips) 
Pumuking: posts small blind $0.50
MaRKiToScoK: posts big blind $1
JunimCosta: sits out 
*** HOLE CARDS ***
GoalieSchool: raises $1.50 to $2.50
Pumuking: folds 
MaRKiToScoK: folds 
Uncalled bet ($1.50) returned to GoalieSchool
GoalieSchool collected $2.50 from pot
GoalieSchool: doesn't show hand 
*** SUMMARY ***
Total pot $2.50 | Rake $0 
Seat 1: JunimCosta
Seat 3: GoalieSchool (button) collected ($2.50)
Seat 4: Pumuking (small blind) folded before Flop
Seat 5: MaRKiToScoK (big blind) folded before Flop



PokerStars Hand #254274107158:  Hold'em No Limit ($0.50/$1.00 USD) - 2025/01/09 4:45:26 WET [2025/01/08 23:45:26 ET]
Table 'Hirons II' 6-max Seat #4 is the button
Seat 1: JunimCosta ($100 in chips) 
Seat 3: GoalieSchool ($145.05 in chips) 
Seat 4: Pumuking ($228.38 in chips) 
Seat 5: MaRKiToScoK ($120.56 in chips) 
MaRKiToScoK: posts small blind $0.50
JunimCosta: posts big blind $1
*** HOLE CARDS ***
GoalieSchool: folds 
Pumuking: folds 
MaRKiToScoK: raises $2 to $3
JunimCosta: calls $2
*** FLOP *** [Qs 5c 2d]
MaRKiToScoK: bets $1.71
JunimCosta: calls $1.71
*** TURN *** [Qs 5c 2d] [3c]
MaRKiToScoK: checks 
JunimCosta: checks 
*** RIVER *** [Qs 5c 2d 3c] [Ah]
MaRKiToScoK: bets $2.95
JunimCosta: calls $2.95
*** SHOW DOWN ***
MaRKiToScoK: shows [As Th] (a pair of Aces)
JunimCosta: mucks hand 
MaRKiToScoK collected $14.55 from pot
*** SUMMARY ***
Total pot $15.32 | Rake $0.77 
Board [Qs 5c 2d 3c Ah]
Seat 1: JunimCosta (big blind) mucked
Seat 3: GoalieSchool folded before Flop (didn't bet)
Seat 4: Pumuking (button) folded before Flop (didn't bet)
Seat 5: MaRKiToScoK (small blind) showed [As Th] and won ($14.55) with a pair of Aces



PokerStars Hand #254274115715:  Hold'em No Limit ($0.50/$1.00 USD) - 2025/01/09 4:46:56 WET [2025/01/08 23:46:56 ET]
Table 'Hirons II' 6-max Seat #5 is the button
Seat 1: JunimCosta ($100 in chips) 
Seat 3: GoalieSchool ($145.05 in chips) 
Seat 4: Pumuking ($228.38 in chips) 
Seat 5: MaRKiToScoK ($127.45 in chips) 
JunimCosta: posts small blind $0.50
GoalieSchool: posts big blind $1
*** HOLE CARDS ***
Pumuking: folds 
MaRKiToScoK: folds 
JunimCosta: folds 
Uncalled bet ($0.50) returned to GoalieSchool
GoalieSchool collected $1 from pot
GoalieSchool: doesn't show hand 
*** SUMMARY ***
Total pot $1 | Rake $0 
Seat 1: JunimCosta (small blind) folded before Flop
Seat 3: GoalieSchool (big blind) collected ($1)
Seat 4: Pumuking folded before Flop (didn't bet)
Seat 5: MaRKiToScoK (button) folded before Flop (didn't bet)



PokerStars Hand #254273761422:  Hold'em No Limit ($0.50/$1.00 USD) - 2025/01/09 3:50:10 WET [2025/01/08 22:50:10 ET]
Table 'Hirons II' 6-max Seat #6 is the button
Seat 1: KSPokMaster ($112.50 in chips) 
Seat 3: GoalieSchool ($67.64 in chips) 
Seat 4: socito ($100 in chips) 
Seat 5: Nurlanstar92 ($104 in chips) 
Seat 6: Quadsfordayz ($74.23 in chips) 
KSPokMaster: posts small blind $0.50
GoalieSchool: posts big blind $1
*** HOLE CARDS ***
socito: folds 
Nurlanstar92: folds 
Quadsfordayz: raises $2 to $3
KSPokMaster: calls $2.50
GoalieSchool: folds 
*** FLOP *** [3c 4d Qh]
KSPokMaster: checks 
Quadsfordayz: checks 
*** TURN *** [3c 4d Qh] [Qd]
KSPokMaster: bets $1.85
Quadsfordayz: folds 
Uncalled bet ($1.85) returned to KSPokMaster
KSPokMaster collected $6.65 from pot
*** SUMMARY ***
Total pot $7 | Rake $0.35 
Board [3c 4d Qh Qd]
Seat 1: KSPokMaster (small blind) collected ($6.65)
Seat 3: GoalieSchool (big blind) folded before Flop
Seat 4: socito folded before Flop (didn't bet)
Seat 5: Nurlanstar92 folded before Flop (didn't bet)
Seat 6: Quadsfordayz (button) folded on the Turn



PokerStars Hand #254273765174:  Hold'em No Limit ($0.50/$1.00 USD) - 2025/01/09 3:50:42 WET [2025/01/08 22:50:42 ET]
Table 'Hirons II' 6-max Seat #1 is the button
Seat 1: KSPokMaster ($116.15 in chips) 
Seat 3: GoalieSchool ($66.64 in chips) 
Seat 4: socito ($100 in chips) 
Seat 5: Nurlanstar92 ($104 in chips) 
Seat 6: Quadsfordayz ($71.23 in chips) 
GoalieSchool: posts small blind $0.50
socito: posts big blind $1
*** HOLE CARDS ***
Nurlanstar92: folds 
Quadsfordayz: folds 
KSPokMaster: raises $1.25 to $2.25
GoalieSchool: calls $1.75
socito: folds 
*** FLOP *** [Qh 9h 5h]
GoalieSchool: checks 
KSPokMaster: bets $1.30
GoalieSchool: raises $5.94 to $7.24
KSPokMaster: folds 
Uncalled bet ($5.94) returned to GoalieSchool
GoalieSchool collected $7.70 from pot
GoalieSchool: doesn't show hand 
*** SUMMARY ***
Total pot $8.10 | Rake $0.40 
Board [Qh 9h 5h]
Seat 1: KSPokMaster (button) folded on the Flop
Seat 3: GoalieSchool (small blind) collected ($7.70)
Seat 4: socito (big blind) folded before Flop
Seat 5: Nurlanstar92 folded before Flop (didn't bet)
Seat 6: Quadsfordayz folded before Flop (didn't bet)



PokerStars Hand #254273768902:  Hold'em No Limit ($0.50/$1.00 USD) - 2025/01/09 3:51:14 WET [2025/01/08 22:51:14 ET]
Table 'Hirons II' 6-max Seat #3 is the button
Seat 1: KSPokMaster ($112.60 in chips) 
Seat 3: GoalieSchool ($70.79 in chips) 
Seat 4: socito ($100 in chips) 
Seat 5: Nurlanstar92 ($104 in chips) 
Seat 6: Quadsfordayz ($71.23 in chips) 
socito: posts small blind $0.50
Nurlanstar92: posts big blind $1
*** HOLE CARDS ***
Quadsfordayz: folds 
KSPokMaster: folds 
GoalieSchool: folds 
socito: raises $2 to $3
Nurlanstar92: folds 
Uncalled bet ($2) returned to socito
socito collected $2 from pot
socito: doesn't show hand 
*** SUMMARY ***
Total pot $2 | Rake $0 
Seat 1: KSPokMaster folded before Flop (didn't bet)
Seat 3: GoalieSchool (button) folded before Flop (didn't bet)
Seat 4: socito (small blind) collected ($2)
Seat 5: Nurlanstar92 (big blind) folded before Flop
Seat 6: Quadsfordayz folded before Flop (didn't bet)



PokerStars Hand #254273772654:  Hold'em No Limit ($0.50/$1.00 USD) - 2025/01/09 3:51:46 WET [2025/01/08 22:51:46 ET]
Table 'Hirons II' 6-max Seat #4 is the button
Seat 1: KSPokMaster ($112.60 in chips) 
Seat 3: GoalieSchool ($70.79 in chips) 
Seat 4: socito ($101 in chips) 
Seat 5: Nurlanstar92 ($103 in chips) 
Seat 6: Quadsfordayz ($71.23 in chips) 
Nurlanstar92: posts small blind $0.50
Quadsfordayz: posts big blind $1
*** HOLE CARDS ***
KSPokMaster: folds 
GoalieSchool: folds 
socito: folds 
Nurlanstar92: folds 
Uncalled bet ($0.50) returned to Quadsfordayz
Quadsfordayz collected $1 from pot
Quadsfordayz: doesn't show hand 
*** SUMMARY ***
Total pot $1 | Rake $0 
Seat 1: KSPokMaster folded before Flop (didn't bet)
Seat 3: GoalieSchool folded before Flop (didn't bet)
Seat 4: socito (button) folded before Flop (didn't bet)
Seat 5: Nurlanstar92 (small blind) folded before Flop
Seat 6: Quadsfordayz (big blind) collected ($1)



PokerStars Hand #254273774071:  Hold'em No Limit ($0.50/$1.00 USD) - 2025/01/09 3:51:58 WET [2025/01/08 22:51:58 ET]
Table 'Hirons II' 6-max Seat #5 is the button
Seat 1: KSPokMaster ($112.60 in chips) 
Seat 3: GoalieSchool ($70.79 in chips) 
Seat 4: socito ($101 in chips) 
Seat 5: Nurlanstar92 ($102.50 in chips) 
Seat 6: Quadsfordayz ($71.73 in chips) 
Quadsfordayz: posts small blind $0.50
KSPokMaster: posts big blind $1
*** HOLE CARDS ***
GoalieSchool: folds 
socito: folds 
Nurlanstar92: folds 
Quadsfordayz: calls $0.50
KSPokMaster: checks 
*** FLOP *** [3s Kh Ts]
Quadsfordayz: checks 
KSPokMaster: checks 
*** TURN *** [3s Kh Ts] [7h]
Quadsfordayz: checks 
KSPokMaster: checks 
*** RIVER *** [3s Kh Ts 7h] [Qc]
KolyoYKolev joins the table at seat #2 
Quadsfordayz: checks 
KolyoYKolev is disconnected 
KSPokMaster: checks 
*** SHOW DOWN ***
Quadsfordayz: shows [5s 6s] (high card King)
KSPokMaster: shows [8d 2h] (high card King - Queen+Ten+Eight kicker)
KSPokMaster collected $1.90 from pot
*** SUMMARY ***
Total pot $2 | Rake $0.10 
Board [3s Kh Ts 7h Qc]
Seat 1: KSPokMaster (big blind) showed [8d 2h] and won ($1.90) with high card King
Seat 3: GoalieSchool folded before Flop (didn't bet)
Seat 4: socito folded before Flop (didn't bet)
Seat 5: Nurlanstar92 (button) folded before Flop (didn't bet)
Seat 6: Quadsfordayz (small blind) showed [5s 6s] and lost with high card King



PokerStars Hand #254273783092:  Hold'em No Limit ($0.50/$1.00 USD) - 2025/01/09 3:53:18 WET [2025/01/08 22:53:18 ET]
Table 'Hirons II' 6-max Seat #6 is the button
Seat 1: KSPokMaster ($113.50 in chips) 
Seat 2: KolyoYKolev ($50.09 in chips) 
Seat 3: GoalieSchool ($70.79 in chips) 
Seat 4: socito ($101 in chips) 
Seat 5: Nurlanstar92 ($102.50 in chips) 
Seat 6: Quadsfordayz ($70.73 in chips) 
KSPokMaster: posts small blind $0.50
KolyoYKolev: posts big blind $1
*** HOLE CARDS ***
GoalieSchool: raises $1.50 to $2.50
socito: folds 
Nurlanstar92: folds 
Quadsfordayz: folds 
KSPokMaster: folds 
KolyoYKolev: folds 
Uncalled bet ($1.50) returned to GoalieSchool
GoalieSchool collected $2.50 from pot
GoalieSchool: doesn't show hand 
*** SUMMARY ***
Total pot $2.50 | Rake $0 
Seat 1: KSPokMaster (small blind) folded before Flop
Seat 2: KolyoYKolev (big blind) folded before Flop
Seat 3: GoalieSchool collected ($2.50)
Seat 4: socito folded before Flop (didn't bet)
Seat 5: Nurlanstar92 folded before Flop (didn't bet)
Seat 6: Quadsfordayz (button) folded before Flop (didn't bet)



PokerStars Hand #254273786165:  Hold'em No Limit ($0.50/$1.00 USD) - 2025/01/09 3:53:45 WET [2025/01/08 22:53:45 ET]
Table 'Hirons II' 6-max Seat #1 is the button
Seat 1: KSPokMaster ($113 in chips) 
Seat 2: KolyoYKolev ($49.09 in chips) 
Seat 3: GoalieSchool ($72.29 in chips) 
Seat 4: socito ($101 in chips) 
Seat 5: Nurlanstar92 ($102.50 in chips) 
Seat 6: Quadsfordayz ($70.73 in chips) 
KolyoYKolev: posts small blind $0.50
GoalieSchool: posts big blind $1
*** HOLE CARDS ***
socito: folds 
Nurlanstar92: raises $1 to $2
Quadsfordayz: folds 
KSPokMaster: calls $2
KolyoYKolev: folds 
GoalieSchool: folds 
*** FLOP *** [Ad 2h 3c]
Nurlanstar92: bets $3.48
KSPokMaster: calls $3.48
*** TURN *** [Ad 2h 3c] [Kd]
Nurlanstar92: bets $15
KSPokMaster: folds 
Uncalled bet ($15) returned to Nurlanstar92
Nurlanstar92 collected $11.84 from pot
Nurlanstar92: doesn't show hand 
*** SUMMARY ***
Total pot $12.46 | Rake $0.62 
Board [Ad 2h 3c Kd]
Seat 1: KSPokMaster (button) folded on the Turn
Seat 2: KolyoYKolev (small blind) folded before Flop
Seat 3: GoalieSchool (big blind) folded before Flop
Seat 4: socito folded before Flop (didn't bet)
Seat 5: Nurlanstar92 collected ($11.84)
Seat 6: Quadsfordayz folded before Flop (didn't bet)



PokerStars Hand #254273792439:  Hold'em No Limit ($0.50/$1.00 USD) - 2025/01/09 3:54:41 WET [2025/01/08 22:54:41 ET]
Table 'Hirons II' 6-max Seat #2 is the button
Seat 1: KSPokMaster ($107.52 in chips) 
Seat 2: KolyoYKolev ($48.59 in chips) 
Seat 3: GoalieSchool ($71.29 in chips) 
Seat 4: socito ($101 in chips) 
Seat 5: Nurlanstar92 ($108.86 in chips) 
Seat 6: Quadsfordayz ($70.73 in chips) 
GoalieSchool: posts small blind $0.50
socito: posts big blind $1
*** HOLE CARDS ***
Nurlanstar92: folds 
Quadsfordayz: raises $2 to $3
KSPokMaster: calls $3
KolyoYKolev: folds 
GoalieSchool: folds 
KolyoYKolev leaves the table
socito: folds 
*** FLOP *** [8c 2s 3c]
Quadsfordayz: bets $2.35
50CandyJoe joins the table at seat #2 
KSPokMaster: calls $2.35
*** TURN *** [8c 2s 3c] [4h]
Quadsfordayz: checks 
KSPokMaster: bets $3.65
Quadsfordayz: calls $3.65
*** RIVER *** [8c 2s 3c 4h] [4c]
Quadsfordayz: checks 
KSPokMaster: bets $11.80
Quadsfordayz: folds 
Uncalled bet ($11.80) returned to KSPokMaster
KSPokMaster collected $18.52 from pot
*** SUMMARY ***
Total pot $19.50 | Rake $0.98 
Board [8c 2s 3c 4h 4c]
Seat 1: KSPokMaster collected ($18.52)
Seat 2: KolyoYKolev (button) folded before Flop (didn't bet)
Seat 3: GoalieSchool (small blind) folded before Flop
Seat 4: socito (big blind) folded before Flop
Seat 5: Nurlanstar92 folded before Flop (didn't bet)
Seat 6: Quadsfordayz folded on the River



PokerStars Hand #254273800024:  Hold'em No Limit ($0.50/$1.00 USD) - 2025/01/09 3:55:57 WET [2025/01/08 22:55:57 ET]
Table 'Hirons II' 6-max Seat #3 is the button
Seat 2: 50CandyJoe ($110.03 in chips) is sitting out
Seat 1: KSPokMaster ($117.04 in chips) 
Seat 3: GoalieSchool ($70.79 in chips) 
Seat 4: socito ($100 in chips) 
Seat 5: Nurlanstar92 ($108.86 in chips) 
Seat 6: Quadsfordayz ($61.73 in chips) 
socito: posts small blind $0.50
Nurlanstar92: posts big blind $1
50CandyJoe: sits out 
*** HOLE CARDS ***
Quadsfordayz: raises $2 to $3
KSPokMaster: folds 
GoalieSchool: folds 
socito: folds 
Nurlanstar92: folds 
Uncalled bet ($2) returned to Quadsfordayz
Quadsfordayz collected $2.50 from pot
Quadsfordayz: doesn't show hand 
*** SUMMARY ***
Total pot $2.50 | Rake $0 
Seat 2: 50CandyJoe
Seat 1: KSPokMaster folded before Flop (didn't bet)
Seat 3: GoalieSchool (button) folded before Flop (didn't bet)
Seat 4: socito (small blind) folded before Flop
Seat 5: Nurlanstar92 (big blind) folded before Flop
Seat 6: Quadsfordayz collected ($2.50)



PokerStars Hand #254273802292:  Hold'em No Limit ($0.50/$1.00 USD) - 2025/01/09 3:56:21 WET [2025/01/08 22:56:21 ET]
Table 'Hirons II' 6-max Seat #4 is the button
Seat 2: 50CandyJoe ($110.03 in chips) is sitting out
Seat 1: KSPokMaster ($117.04 in chips) 
Seat 3: GoalieSchool ($70.79 in chips) 
Seat 4: socito ($100 in chips) 
Seat 5: Nurlanstar92 ($107.86 in chips) 
Seat 6: Quadsfordayz ($63.23 in chips) 
Nurlanstar92: posts small blind $0.50
Quadsfordayz: posts big blind $1
50CandyJoe: sits out 
*** HOLE CARDS ***
KSPokMaster: raises $1.25 to $2.25
GoalieSchool: folds 
socito: folds 
Nurlanstar92: folds 
Quadsfordayz: folds 
Uncalled bet ($1.25) returned to KSPokMaster
KSPokMaster collected $2.50 from pot
*** SUMMARY ***
Total pot $2.50 | Rake $0 
Seat 2: 50CandyJoe
Seat 1: KSPokMaster collected ($2.50)
Seat 3: GoalieSchool folded before Flop (didn't bet)
Seat 4: socito (button) folded before Flop (didn't bet)
Seat 5: Nurlanstar92 (small blind) folded before Flop
Seat 6: Quadsfordayz (big blind) folded before Flop



PokerStars Hand #254273803932:  Hold'em No Limit ($0.50/$1.00 USD) - 2025/01/09 3:56:38 WET [2025/01/08 22:56:38 ET]
Table 'Hirons II' 6-max Seat #5 is the button
Seat 2: 50CandyJoe ($110.03 in chips) is sitting out
Seat 1: KSPokMaster ($118.54 in chips) 
Seat 3: GoalieSchool ($70.79 in chips) 
Seat 4: socito ($100 in chips) 
Seat 5: Nurlanstar92 ($107.36 in chips) 
Seat 6: Quadsfordayz ($62.23 in chips) 
Quadsfordayz: posts small blind $0.50
KSPokMaster: posts big blind $1
50CandyJoe: sits out 
*** HOLE CARDS ***
GoalieSchool: folds 
socito: folds 
Nurlanstar92: raises $1.50 to $2.50
Quadsfordayz: folds 
KSPokMaster: folds 
Uncalled bet ($1.50) returned to Nurlanstar92
Nurlanstar92 collected $2.50 from pot
Nurlanstar92: doesn't show hand 
*** SUMMARY ***
Total pot $2.50 | Rake $0 
Seat 2: 50CandyJoe
Seat 1: KSPokMaster (big blind) folded before Flop
Seat 3: GoalieSchool folded before Flop (didn't bet)
Seat 4: socito folded before Flop (didn't bet)
Seat 5: Nurlanstar92 (button) collected ($2.50)
Seat 6: Quadsfordayz (small blind) folded before Flop



PokerStars Hand #254273805968:  Hold'em No Limit ($0.50/$1.00 USD) - 2025/01/09 3:56:59 WET [2025/01/08 22:56:59 ET]
Table 'Hirons II' 6-max Seat #6 is the button
Seat 1: KSPokMaster ($117.54 in chips) 
Seat 2: 50CandyJoe ($110.03 in chips) 
Seat 3: GoalieSchool ($70.79 in chips) 
Seat 4: socito ($100 in chips) 
Seat 5: Nurlanstar92 ($108.86 in chips) 
Seat 6: Quadsfordayz ($61.73 in chips) 
KSPokMaster: posts small blind $0.50
50CandyJoe: posts big blind $1
*** HOLE CARDS ***
GoalieSchool: raises $1.50 to $2.50
socito: calls $2.50
Nurlanstar92: folds 
Quadsfordayz: folds 
KSPokMaster: calls $2
50CandyJoe: calls $1.50
*** FLOP *** [3c 3d 3h]
KSPokMaster: checks 
50CandyJoe: checks 
GoalieSchool: bets $7.22
socito: calls $7.22
KSPokMaster: folds 
50CandyJoe: folds 
*** TURN *** [3c 3d 3h] [Th]
GoalieSchool: bets $17.65
socito: folds 
Uncalled bet ($17.65) returned to GoalieSchool
GoalieSchool collected $23.22 from pot
GoalieSchool: doesn't show hand 
*** SUMMARY ***
Total pot $24.44 | Rake $1.22 
Board [3c 3d 3h Th]
Seat 1: KSPokMaster (small blind) folded on the Flop
Seat 2: 50CandyJoe (big blind) folded on the Flop
Seat 3: GoalieSchool collected ($23.22)
Seat 4: socito folded on the Turn
Seat 5: Nurlanstar92 folded before Flop (didn't bet)
Seat 6: Quadsfordayz (button) folded before Flop (didn't bet)



PokerStars Hand #254273811269:  Hold'em No Limit ($0.50/$1.00 USD) - 2025/01/09 3:57:55 WET [2025/01/08 22:57:55 ET]
Table 'Hirons II' 6-max Seat #1 is the button
Seat 1: KSPokMaster ($115.04 in chips) 
Seat 2: 50CandyJoe ($107.53 in chips) 
Seat 3: GoalieSchool ($84.29 in chips) 
Seat 4: socito ($100 in chips) 
Seat 5: Nurlanstar92 ($108.86 in chips) 
Seat 6: Quadsfordayz ($61.73 in chips) 
50CandyJoe: posts small blind $0.50
GoalieSchool: posts big blind $1
*** HOLE CARDS ***
socito: folds 
Nurlanstar92: folds 
Quadsfordayz: folds 
KSPokMaster: raises $1.25 to $2.25
50CandyJoe: folds 
GoalieSchool: folds 
Uncalled bet ($1.25) returned to KSPokMaster
KSPokMaster collected $2.50 from pot
*** SUMMARY ***
Total pot $2.50 | Rake $0 
Seat 1: KSPokMaster (button) collected ($2.50)
Seat 2: 50CandyJoe (small blind) folded before Flop
Seat 3: GoalieSchool (big blind) folded before Flop
Seat 4: socito folded before Flop (didn't bet)
Seat 5: Nurlanstar92 folded before Flop (didn't bet)
Seat 6: Quadsfordayz folded before Flop (didn't bet)



PokerStars Hand #254273813919:  Hold'em No Limit ($0.50/$1.00 USD) - 2025/01/09 3:58:22 WET [2025/01/08 22:58:22 ET]
Table 'Hirons II' 6-max Seat #2 is the button
Seat 1: KSPokMaster ($116.54 in chips) 
Seat 2: 50CandyJoe ($107.03 in chips) 
Seat 3: GoalieSchool ($83.29 in chips) 
Seat 4: socito ($100 in chips) 
Seat 5: Nurlanstar92 ($108.86 in chips) 
Seat 6: Quadsfordayz ($61.73 in chips) 
GoalieSchool: posts small blind $0.50
socito: posts big blind $1
*** HOLE CARDS ***
Nurlanstar92: folds 
Quadsfordayz: folds 
KSPokMaster: folds 
50CandyJoe: folds 
GoalieSchool: raises $2 to $3
socito: calls $2
*** FLOP *** [Kh 9c 6c]
GoalieSchool: bets $2.85
socito: calls $2.85
*** TURN *** [Kh 9c 6c] [5c]
GoalieSchool: checks 
socito: checks 
*** RIVER *** [Kh 9c 6c 5c] [3h]
GoalieSchool: checks 
socito: checks 
*** SHOW DOWN ***
GoalieSchool: shows [Qh As] (high card Ace)
socito: shows [7c 7h] (a pair of Sevens)
socito collected $11.12 from pot
*** SUMMARY ***
Total pot $11.70 | Rake $0.58 
Board [Kh 9c 6c 5c 3h]
Seat 1: KSPokMaster folded before Flop (didn't bet)
Seat 2: 50CandyJoe (button) folded before Flop (didn't bet)
Seat 3: GoalieSchool (small blind) showed [Qh As] and lost with high card Ace
Seat 4: socito (big blind) showed [7c 7h] and won ($11.12) with a pair of Sevens
Seat 5: Nurlanstar92 folded before Flop (didn't bet)
Seat 6: Quadsfordayz folded before Flop (didn't bet)



PokerStars Hand #254273821248:  Hold'em No Limit ($0.50/$1.00 USD) - 2025/01/09 3:59:38 WET [2025/01/08 22:59:38 ET]
Table 'Hirons II' 6-max Seat #3 is the button
Seat 5: Nurlanstar92 ($108.86 in chips) is sitting out
Seat 1: KSPokMaster ($116.54 in chips) 
Seat 2: 50CandyJoe ($107.03 in chips) 
Seat 3: GoalieSchool ($77.44 in chips) 
Seat 4: socito ($105.27 in chips) 
Seat 6: Quadsfordayz ($61.73 in chips) 
socito: posts small blind $0.50
Nurlanstar92: is sitting out 
Quadsfordayz: posts big blind $1
*** HOLE CARDS ***
KSPokMaster: folds 
Nurlanstar92 leaves the table
MaRKiToScoK joins the table at seat #5 
50CandyJoe: folds 
GoalieSchool: folds 
socito: folds 
Uncalled bet ($0.50) returned to Quadsfordayz
Quadsfordayz collected $1 from pot
Quadsfordayz: doesn't show hand 
*** SUMMARY ***
Total pot $1 | Rake $0 
Seat 5: Nurlanstar92
Seat 1: KSPokMaster folded before Flop (didn't bet)
Seat 2: 50CandyJoe folded before Flop (didn't bet)
Seat 3: GoalieSchool (button) folded before Flop (didn't bet)
Seat 4: socito (small blind) folded before Flop
Seat 6: Quadsfordayz (big blind) collected ($1)



PokerStars Hand #254273823625:  Hold'em No Limit ($0.50/$1.00 USD) - 2025/01/09 4:00:04 WET [2025/01/08 23:00:04 ET]
Table 'Hirons II' 6-max Seat #4 is the button
Seat 5: MaRKiToScoK ($100 in chips) is sitting out
Seat 1: KSPokMaster ($116.54 in chips) 
Seat 2: 50CandyJoe ($107.03 in chips) 
Seat 3: GoalieSchool ($77.44 in chips) 
Seat 4: socito ($104.77 in chips) 
Seat 6: Quadsfordayz ($62.23 in chips) 
Quadsfordayz: posts small blind $0.50
KSPokMaster: posts big blind $1
*** HOLE CARDS ***
50CandyJoe: folds 
GoalieSchool: folds 
socito: raises $1.50 to $2.50
Quadsfordayz: folds 
KSPokMaster: calls $1.50
*** FLOP *** [Ks 7c 8s]
KSPokMaster: checks 
socito: bets $1.72
KSPokMaster: calls $1.72
*** TURN *** [Ks 7c 8s] [4c]
KSPokMaster: checks 
socito: checks 
*** RIVER *** [Ks 7c 8s 4c] [Qs]
KSPokMaster: bets $6.90
socito: folds 
Uncalled bet ($6.90) returned to KSPokMaster
KSPokMaster collected $8.49 from pot
*** SUMMARY ***
Total pot $8.94 | Rake $0.45 
Board [Ks 7c 8s 4c Qs]
Seat 5: MaRKiToScoK
Seat 1: KSPokMaster (big blind) collected ($8.49)
Seat 2: 50CandyJoe folded before Flop (didn't bet)
Seat 3: GoalieSchool folded before Flop (didn't bet)
Seat 4: socito (button) folded on the River
Seat 6: Quadsfordayz (small blind) folded before Flop



PokerStars Hand #254273831740:  Hold'em No Limit ($0.50/$1.00 USD) - 2025/01/09 4:01:21 WET [2025/01/08 23:01:21 ET]
Table 'Hirons II' 6-max Seat #6 is the button
Seat 5: MaRKiToScoK ($100 in chips) is sitting out
Seat 1: KSPokMaster ($120.81 in chips) 
Seat 2: 50CandyJoe ($107.03 in chips) 
Seat 3: GoalieSchool ($77.44 in chips) 
Seat 4: socito ($100.55 in chips) 
Seat 6: Quadsfordayz ($61.73 in chips) 
KSPokMaster: posts small blind $0.50
50CandyJoe: posts big blind $1
MaRKiToScoK: sits out 
*** HOLE CARDS ***
GoalieSchool: folds 
socito: raises $1.50 to $2.50
Quadsfordayz: folds 
KSPokMaster: folds 
50CandyJoe: folds 
Uncalled bet ($1.50) returned to socito
socito collected $2.50 from pot
socito: doesn't show hand 
*** SUMMARY ***
Total pot $2.50 | Rake $0 
Seat 5: MaRKiToScoK
Seat 1: KSPokMaster (small blind) folded before Flop
Seat 2: 50CandyJoe (big blind) folded before Flop
Seat 3: GoalieSchool folded before Flop (didn't bet)
Seat 4: socito collected ($2.50)
Seat 6: Quadsfordayz (button) folded before Flop (didn't bet)



PokerStars Hand #254273833165:  Hold'em No Limit ($0.50/$1.00 USD) - 2025/01/09 4:01:34 WET [2025/01/08 23:01:34 ET]
Table 'Hirons II' 6-max Seat #1 is the button
Seat 5: MaRKiToScoK ($100 in chips) is sitting out
Seat 1: KSPokMaster ($120.31 in chips) 
Seat 2: 50CandyJoe ($106.03 in chips) 
Seat 3: GoalieSchool ($77.44 in chips) 
Seat 4: socito ($102.05 in chips) 
Seat 6: Quadsfordayz ($61.73 in chips) 
50CandyJoe: posts small blind $0.50
GoalieSchool: posts big blind $1
MaRKiToScoK: sits out 
*** HOLE CARDS ***
socito: folds 
Quadsfordayz: raises $2 to $3
KSPokMaster: folds 
50CandyJoe: folds 
GoalieSchool: calls $2
*** FLOP *** [4d 8s 5s]
GoalieSchool: checks 
Quadsfordayz: checks 
*** TURN *** [4d 8s 5s] [7c]
GoalieSchool: bets $4.70
Quadsfordayz: folds 
Uncalled bet ($4.70) returned to GoalieSchool
GoalieSchool collected $6.18 from pot
GoalieSchool: doesn't show hand 
*** SUMMARY ***
Total pot $6.50 | Rake $0.32 
Board [4d 8s 5s 7c]
Seat 5: MaRKiToScoK
Seat 1: KSPokMaster (button) folded before Flop (didn't bet)
Seat 2: 50CandyJoe (small blind) folded before Flop
Seat 3: GoalieSchool (big blind) collected ($6.18)
Seat 4: socito folded before Flop (didn't bet)
Seat 6: Quadsfordayz folded on the Turn



PokerStars Hand #254273837475:  Hold'em No Limit ($0.50/$1.00 USD) - 2025/01/09 4:02:12 WET [2025/01/08 23:02:12 ET]
Table 'Hirons II' 6-max Seat #2 is the button
Seat 5: MaRKiToScoK ($100 in chips) is sitting out
Seat 1: KSPokMaster ($120.31 in chips) 
Seat 2: 50CandyJoe ($105.53 in chips) 
Seat 3: GoalieSchool ($80.62 in chips) 
Seat 4: socito ($102.05 in chips) 
Seat 6: Quadsfordayz ($58.73 in chips) 
GoalieSchool: posts small blind $0.50
socito: posts big blind $1
MaRKiToScoK: sits out 
*** HOLE CARDS ***
Quadsfordayz: folds 
KSPokMaster: raises $1.25 to $2.25
50CandyJoe: folds 
GoalieSchool: folds 
socito: calls $1.25
*** FLOP *** [7h 9h Qc]
socito: checks 
KSPokMaster: bets $1.85
socito: calls $1.85
*** TURN *** [7h 9h Qc] [2c]
socito: checks 
KSPokMaster: checks 
*** RIVER *** [7h 9h Qc 2c] [Qs]
socito: bets $16.52
KSPokMaster: folds 
Uncalled bet ($16.52) returned to socito
socito collected $8.26 from pot
socito: doesn't show hand 
*** SUMMARY ***
Total pot $8.70 | Rake $0.44 
Board [7h 9h Qc 2c Qs]
Seat 5: MaRKiToScoK
Seat 1: KSPokMaster folded on the River
Seat 2: 50CandyJoe (button) folded before Flop (didn't bet)
Seat 3: GoalieSchool (small blind) folded before Flop
Seat 4: socito (big blind) collected ($8.26)
Seat 6: Quadsfordayz folded before Flop (didn't bet)



PokerStars Hand #254273845160:  Hold'em No Limit ($0.50/$1.00 USD) - 2025/01/09 4:03:23 WET [2025/01/08 23:03:23 ET]
Table 'Hirons II' 6-max Seat #3 is the button
Seat 1: KSPokMaster ($116.21 in chips) 
Seat 2: 50CandyJoe ($105.53 in chips) 
Seat 3: GoalieSchool ($80.12 in chips) 
Seat 4: socito ($106.21 in chips) 
Seat 5: MaRKiToScoK ($100 in chips) 
Seat 6: Quadsfordayz ($58.73 in chips) 
socito: posts small blind $0.50
MaRKiToScoK: posts big blind $1
*** HOLE CARDS ***
Quadsfordayz: folds 
KSPokMaster: folds 
50CandyJoe: raises $1.20 to $2.20
GoalieSchool: folds 
socito: folds 
MaRKiToScoK: calls $1.20
*** FLOP *** [6s 3s 6c]
MaRKiToScoK: checks 
50CandyJoe: checks 
*** TURN *** [6s 3s 6c] [Jh]
MaRKiToScoK: bets $3.50
50CandyJoe: folds 
Uncalled bet ($3.50) returned to MaRKiToScoK
MaRKiToScoK collected $4.66 from pot
*** SUMMARY ***
Total pot $4.90 | Rake $0.24 
Board [6s 3s 6c Jh]
Seat 1: KSPokMaster folded before Flop (didn't bet)
Seat 2: 50CandyJoe folded on the Turn
Seat 3: GoalieSchool (button) folded before Flop (didn't bet)
Seat 4: socito (small blind) folded before Flop
Seat 5: MaRKiToScoK (big blind) collected ($4.66)
Seat 6: Quadsfordayz folded before Flop (didn't bet)



PokerStars Hand #254273849604:  Hold'em No Limit ($0.50/$1.00 USD) - 2025/01/09 4:04:03 WET [2025/01/08 23:04:03 ET]
Table 'Hirons II' 6-max Seat #4 is the button
Seat 1: KSPokMaster ($116.21 in chips) 
Seat 2: 50CandyJoe ($103.33 in chips) 
Seat 3: GoalieSchool ($80.12 in chips) 
Seat 4: socito ($105.71 in chips) 
Seat 5: MaRKiToScoK ($102.46 in chips) 
Seat 6: Quadsfordayz ($58.73 in chips) 
MaRKiToScoK: posts small blind $0.50
Quadsfordayz: posts big blind $1
*** HOLE CARDS ***
KSPokMaster: folds 
50CandyJoe: raises $1.20 to $2.20
GoalieSchool: folds 
socito: folds 
MaRKiToScoK: calls $1.70
Quadsfordayz: folds 
*** FLOP *** [7c 2c 6h]
MaRKiToScoK: checks 
50CandyJoe: checks 
*** TURN *** [7c 2c 6h] [8s]
MaRKiToScoK: bets $9.50
50CandyJoe: calls $9.50
*** RIVER *** [7c 2c 6h 8s] [6s]
MaRKiToScoK: checks 
50CandyJoe: checks 
*** SHOW DOWN ***
MaRKiToScoK: shows [Kd Td] (a pair of Sixes)
50CandyJoe: shows [4c Ac] (a pair of Sixes - Ace kicker)
50CandyJoe collected $23.18 from pot
*** SUMMARY ***
Total pot $24.40 | Rake $1.22 
Board [7c 2c 6h 8s 6s]
Seat 1: KSPokMaster folded before Flop (didn't bet)
Seat 2: 50CandyJoe showed [4c Ac] and won ($23.18) with a pair of Sixes
Seat 3: GoalieSchool folded before Flop (didn't bet)
Seat 4: socito (button) folded before Flop (didn't bet)
Seat 5: MaRKiToScoK (small blind) showed [Kd Td] and lost with a pair of Sixes
Seat 6: Quadsfordayz (big blind) folded before Flop



PokerStars Hand #254273854979:  Hold'em No Limit ($0.50/$1.00 USD) - 2025/01/09 4:04:53 WET [2025/01/08 23:04:53 ET]
Table 'Hirons II' 6-max Seat #5 is the button
Seat 1: KSPokMaster ($116.21 in chips) 
Seat 2: 50CandyJoe ($114.81 in chips) 
Seat 3: GoalieSchool ($80.12 in chips) 
Seat 4: socito ($105.71 in chips) 
Seat 5: MaRKiToScoK ($100 in chips) 
Seat 6: Quadsfordayz ($57.73 in chips) 
Quadsfordayz: posts small blind $0.50
KSPokMaster: posts big blind $1
*** HOLE CARDS ***
50CandyJoe: folds 
GoalieSchool: raises $1.50 to $2.50
socito: folds 
MaRKiToScoK: folds 
Quadsfordayz: folds 
KSPokMaster: folds 
Uncalled bet ($1.50) returned to GoalieSchool
GoalieSchool collected $2.50 from pot
GoalieSchool: doesn't show hand 
*** SUMMARY ***
Total pot $2.50 | Rake $0 
Seat 1: KSPokMaster (big blind) folded before Flop
Seat 2: 50CandyJoe folded before Flop (didn't bet)
Seat 3: GoalieSchool collected ($2.50)
Seat 4: socito folded before Flop (didn't bet)
Seat 5: MaRKiToScoK (button) folded before Flop (didn't bet)
Seat 6: Quadsfordayz (small blind) folded before Flop



PokerStars Hand #254273857493:  Hold'em No Limit ($0.50/$1.00 USD) - 2025/01/09 4:05:17 WET [2025/01/08 23:05:17 ET]
Table 'Hirons II' 6-max Seat #6 is the button
Seat 1: KSPokMaster ($115.21 in chips) 
Seat 2: 50CandyJoe ($114.81 in chips) 
Seat 3: GoalieSchool ($81.62 in chips) 
Seat 4: socito ($105.71 in chips) 
Seat 5: MaRKiToScoK ($100 in chips) 
Seat 6: Quadsfordayz ($57.23 in chips) 
KSPokMaster: posts small blind $0.50
50CandyJoe: posts big blind $1
*** HOLE CARDS ***
GoalieSchool: raises $1 to $2
socito: folds 
MaRKiToScoK: folds 
Quadsfordayz: folds 
KSPokMaster: calls $1.50
50CandyJoe: calls $1
*** FLOP *** [Qc 7s Ad]
KSPokMaster: checks 
50CandyJoe: checks 
GoalieSchool: checks 
*** TURN *** [Qc 7s Ad] [2c]
KSPokMaster: bets $1.85
50CandyJoe: folds 
GoalieSchool: folds 
Uncalled bet ($1.85) returned to KSPokMaster
KSPokMaster collected $5.70 from pot
*** SUMMARY ***
Total pot $6 | Rake $0.30 
Board [Qc 7s Ad 2c]
Seat 1: KSPokMaster (small blind) collected ($5.70)
Seat 2: 50CandyJoe (big blind) folded on the Turn
Seat 3: GoalieSchool folded on the Turn
Seat 4: socito folded before Flop (didn't bet)
Seat 5: MaRKiToScoK folded before Flop (didn't bet)
Seat 6: Quadsfordayz (button) folded before Flop (didn't bet)



PokerStars Hand #254273862730:  Hold'em No Limit ($0.50/$1.00 USD) - 2025/01/09 4:06:05 WET [2025/01/08 23:06:05 ET]
Table 'Hirons II' 6-max Seat #1 is the button
Seat 1: KSPokMaster ($118.91 in chips) 
Seat 2: 50CandyJoe ($112.81 in chips) 
Seat 3: GoalieSchool ($79.62 in chips) 
Seat 4: socito ($105.71 in chips) 
Seat 5: MaRKiToScoK ($100 in chips) 
Seat 6: Quadsfordayz ($57.23 in chips) 
50CandyJoe: posts small blind $0.50
GoalieSchool: posts big blind $1
*** HOLE CARDS ***
socito: raises $1.50 to $2.50
MaRKiToScoK: calls $2.50
Quadsfordayz: folds 
KSPokMaster: calls $2.50
50CandyJoe: calls $2
GoalieSchool: calls $1.50
*** FLOP *** [8c 6s 8s]
50CandyJoe: checks 
GoalieSchool: checks 
socito: checks 
MaRKiToScoK: checks 
KSPokMaster: bets $3.30
50CandyJoe: folds 
GoalieSchool: folds 
socito: folds 
MaRKiToScoK: folds 
Uncalled bet ($3.30) returned to KSPokMaster
KSPokMaster collected $11.88 from pot
*** SUMMARY ***
Total pot $12.50 | Rake $0.62 
Board [8c 6s 8s]
Seat 1: KSPokMaster (button) collected ($11.88)
Seat 2: 50CandyJoe (small blind) folded on the Flop
Seat 3: GoalieSchool (big blind) folded on the Flop
Seat 4: socito folded on the Flop
Seat 5: MaRKiToScoK folded on the Flop
Seat 6: Quadsfordayz folded before Flop (didn't bet)



PokerStars Hand #254273872116:  Hold'em No Limit ($0.50/$1.00 USD) - 2025/01/09 4:07:32 WET [2025/01/08 23:07:32 ET]
Table 'Hirons II' 6-max Seat #2 is the button
Seat 1: KSPokMaster ($128.29 in chips) 
Seat 2: 50CandyJoe ($110.31 in chips) 
Seat 3: GoalieSchool ($77.12 in chips) 
Seat 4: socito ($103.21 in chips) 
Seat 5: MaRKiToScoK ($100 in chips) 
Seat 6: Quadsfordayz ($57.23 in chips) 
GoalieSchool: posts small blind $0.50
socito: posts big blind $1
*** HOLE CARDS ***
MaRKiToScoK: folds 
Quadsfordayz: folds 
KSPokMaster: raises $1.25 to $2.25
50CandyJoe: folds 
GoalieSchool: folds 
socito: folds 
Uncalled bet ($1.25) returned to KSPokMaster
KSPokMaster collected $2.50 from pot
*** SUMMARY ***
Total pot $2.50 | Rake $0 
Seat 1: KSPokMaster collected ($2.50)
Seat 2: 50CandyJoe (button) folded before Flop (didn't bet)
Seat 3: GoalieSchool (small blind) folded before Flop
Seat 4: socito (big blind) folded before Flop
Seat 5: MaRKiToScoK folded before Flop (didn't bet)
Seat 6: Quadsfordayz folded before Flop (didn't bet)



PokerStars Hand #254273873976:  Hold'em No Limit ($0.50/$1.00 USD) - 2025/01/09 4:07:50 WET [2025/01/08 23:07:50 ET]
Table 'Hirons II' 6-max Seat #3 is the button
Seat 1: KSPokMaster ($129.79 in chips) 
Seat 2: 50CandyJoe ($110.31 in chips) 
Seat 3: GoalieSchool ($76.62 in chips) 
Seat 4: socito ($102.21 in chips) 
Seat 5: MaRKiToScoK ($100 in chips) 
Seat 6: Quadsfordayz ($57.23 in chips) 
socito: posts small blind $0.50
MaRKiToScoK: posts big blind $1
*** HOLE CARDS ***
Quadsfordayz: folds 
KSPokMaster: folds 
50CandyJoe: folds 
GoalieSchool: folds 
socito: raises $2 to $3
MaRKiToScoK: folds 
Uncalled bet ($2) returned to socito
socito collected $2 from pot
socito: doesn't show hand 
*** SUMMARY ***
Total pot $2 | Rake $0 
Seat 1: KSPokMaster folded before Flop (didn't bet)
Seat 2: 50CandyJoe folded before Flop (didn't bet)
Seat 3: GoalieSchool (button) folded before Flop (didn't bet)
Seat 4: socito (small blind) collected ($2)
Seat 5: MaRKiToScoK (big blind) folded before Flop
Seat 6: Quadsfordayz folded before Flop (didn't bet)



PokerStars Hand #254273876409:  Hold'em No Limit ($0.50/$1.00 USD) - 2025/01/09 4:08:12 WET [2025/01/08 23:08:12 ET]
Table 'Hirons II' 6-max Seat #4 is the button
Seat 1: KSPokMaster ($129.79 in chips) 
Seat 2: 50CandyJoe ($110.31 in chips) 
Seat 3: GoalieSchool ($76.62 in chips) 
Seat 4: socito ($103.21 in chips) 
Seat 5: MaRKiToScoK ($100 in chips) 
Seat 6: Quadsfordayz ($57.23 in chips) 
MaRKiToScoK: posts small blind $0.50
Quadsfordayz: posts big blind $1
*** HOLE CARDS ***
KSPokMaster: raises $1.25 to $2.25
50CandyJoe: folds 
GoalieSchool: folds 
socito: folds 
MaRKiToScoK: calls $1.75
Quadsfordayz: calls $1.25
*** FLOP *** [4c 5c 2c]
MaRKiToScoK: checks 
Quadsfordayz: checks 
KSPokMaster: checks 
*** TURN *** [4c 5c 2c] [Jh]
MaRKiToScoK: checks 
Quadsfordayz: bets $2.12
KSPokMaster: folds 
MaRKiToScoK: calls $2.12
*** RIVER *** [4c 5c 2c Jh] [7d]
MaRKiToScoK: checks 
Quadsfordayz: bets $13.05
MaRKiToScoK: folds 
Uncalled bet ($13.05) returned to Quadsfordayz
Quadsfordayz collected $10.44 from pot
Quadsfordayz: doesn't show hand 
*** SUMMARY ***
Total pot $10.99 | Rake $0.55 
Board [4c 5c 2c Jh 7d]
Seat 1: KSPokMaster folded on the Turn
Seat 2: 50CandyJoe folded before Flop (didn't bet)
Seat 3: GoalieSchool folded before Flop (didn't bet)
Seat 4: socito (button) folded before Flop (didn't bet)
Seat 5: MaRKiToScoK (small blind) folded on the River
Seat 6: Quadsfordayz (big blind) collected ($10.44)



PokerStars Hand #254273883546:  Hold'em No Limit ($0.50/$1.00 USD) - 2025/01/09 4:09:18 WET [2025/01/08 23:09:18 ET]
Table 'Hirons II' 6-max Seat #5 is the button
Seat 1: KSPokMaster ($127.54 in chips) 
Seat 2: 50CandyJoe ($110.31 in chips) 
Seat 3: GoalieSchool ($76.62 in chips) 
Seat 4: socito ($103.21 in chips) 
Seat 5: MaRKiToScoK ($100 in chips) 
Seat 6: Quadsfordayz ($63.30 in chips) 
Quadsfordayz: posts small blind $0.50
KSPokMaster: posts big blind $1
*** HOLE CARDS ***
50CandyJoe has timed out
50CandyJoe: folds 
GoalieSchool: raises $1.50 to $2.50
socito: folds 
MaRKiToScoK: folds 
Quadsfordayz: folds 
KSPokMaster: folds 
Uncalled bet ($1.50) returned to GoalieSchool
GoalieSchool collected $2.50 from pot
GoalieSchool: doesn't show hand 
*** SUMMARY ***
Total pot $2.50 | Rake $0 
Seat 1: KSPokMaster (big blind) folded before Flop
Seat 2: 50CandyJoe folded before Flop (didn't bet)
Seat 3: GoalieSchool collected ($2.50)
Seat 4: socito folded before Flop (didn't bet)
Seat 5: MaRKiToScoK (button) folded before Flop (didn't bet)
Seat 6: Quadsfordayz (small blind) folded before Flop



PokerStars Hand #254273886162:  Hold'em No Limit ($0.50/$1.00 USD) - 2025/01/09 4:09:41 WET [2025/01/08 23:09:41 ET]
Table 'Hirons II' 6-max Seat #6 is the button
Seat 2: 50CandyJoe ($110.31 in chips) is sitting out
Seat 1: KSPokMaster ($126.54 in chips) 
Seat 3: GoalieSchool ($78.12 in chips) 
Seat 4: socito ($103.21 in chips) 
Seat 5: MaRKiToScoK ($100 in chips) 
Seat 6: Quadsfordayz ($62.80 in chips) 
KSPokMaster: posts small blind $0.50
GoalieSchool: posts big blind $1
*** HOLE CARDS ***
socito: folds 
MaRKiToScoK: raises $1.30 to $2.30
Quadsfordayz: folds 
KSPokMaster: folds 
GoalieSchool: folds 
Uncalled bet ($1.30) returned to MaRKiToScoK
MaRKiToScoK collected $2.50 from pot
*** SUMMARY ***
Total pot $2.50 | Rake $0 
Seat 2: 50CandyJoe
Seat 1: KSPokMaster (small blind) folded before Flop
Seat 3: GoalieSchool (big blind) folded before Flop
Seat 4: socito folded before Flop (didn't bet)
Seat 5: MaRKiToScoK collected ($2.50)
Seat 6: Quadsfordayz (button) folded before Flop (didn't bet)



PokerStars Hand #254273888177:  Hold'em No Limit ($0.50/$1.00 USD) - 2025/01/09 4:10:00 WET [2025/01/08 23:10:00 ET]
Table 'Hirons II' 6-max Seat #1 is the button
Seat 2: 50CandyJoe ($110.31 in chips) is sitting out
Seat 4: socito ($103.21 in chips) is sitting out
Seat 1: KSPokMaster ($126.04 in chips) 
Seat 3: GoalieSchool ($77.12 in chips) 
Seat 5: MaRKiToScoK ($101.50 in chips) 
Seat 6: Quadsfordayz ($62.80 in chips) 
GoalieSchool: posts small blind $0.50
socito: is sitting out 
MaRKiToScoK: posts big blind $1
*** HOLE CARDS ***
socito leaves the table
Quadsfordayz: folds 
Pumuking joins the table at seat #4 
KSPokMaster: raises $1.25 to $2.25
GoalieSchool: raises $7.50 to $9.75
MaRKiToScoK: folds 
KSPokMaster: folds 
Uncalled bet ($7.50) returned to GoalieSchool
GoalieSchool collected $5.50 from pot
GoalieSchool: doesn't show hand 
*** SUMMARY ***
Total pot $5.50 | Rake $0 
Seat 2: 50CandyJoe
Seat 4: socito
Seat 1: KSPokMaster (button) folded before Flop
Seat 3: GoalieSchool (small blind) collected ($5.50)
Seat 5: MaRKiToScoK (big blind) folded before Flop
Seat 6: Quadsfordayz folded before Flop (didn't bet)



PokerStars Hand #254273890799:  Hold'em No Limit ($0.50/$1.00 USD) - 2025/01/09 4:10:24 WET [2025/01/08 23:10:24 ET]
Table 'Hirons II' 6-max Seat #3 is the button
Seat 4: Pumuking ($100 in chips) is sitting out
Seat 1: KSPokMaster ($123.79 in chips) 
Seat 2: 50CandyJoe ($110.31 in chips) 
Seat 3: GoalieSchool ($80.37 in chips) 
Seat 5: MaRKiToScoK ($100.50 in chips) 
Seat 6: Quadsfordayz ($62.80 in chips) 
MaRKiToScoK: posts small blind $0.50
Quadsfordayz: posts big blind $1
50CandyJoe: posts small & big blinds $1.50
*** HOLE CARDS ***
KSPokMaster: calls $1
50CandyJoe: raises $4.50 to $5.50
GoalieSchool: folds 
MaRKiToScoK: folds 
Quadsfordayz: folds 
KSPokMaster: folds 
Uncalled bet ($4.50) returned to 50CandyJoe
50CandyJoe collected $4 from pot
50CandyJoe: doesn't show hand 
*** SUMMARY ***
Total pot $4 | Rake $0 
Seat 4: Pumuking
Seat 1: KSPokMaster folded before Flop
Seat 2: 50CandyJoe collected ($4)
Seat 3: GoalieSchool (button) folded before Flop (didn't bet)
Seat 5: MaRKiToScoK (small blind) folded before Flop
Seat 6: Quadsfordayz (big blind) folded before Flop



PokerStars Hand #254274116508:  Hold'em No Limit ($0.50/$1.00 USD) - 2025/01/09 4:47:05 WET [2025/01/08 23:47:05 ET]
Table 'Hirons II' 6-max Seat #1 is the button
Seat 1: JunimCosta ($100 in chips) 
Seat 3: GoalieSchool ($145.55 in chips) 
Seat 4: Pumuking ($228.38 in chips) 
Seat 5: MaRKiToScoK ($127.45 in chips) 
GoalieSchool: posts small blind $0.50
Pumuking: posts big blind $1
*** HOLE CARDS ***
MaRKiToScoK: raises $1.30 to $2.30
JunimCosta: raises $5.70 to $8
GoalieSchool: folds 
Pumuking: folds 
MaRKiToScoK: folds 
Uncalled bet ($5.70) returned to JunimCosta
JunimCosta collected $6.10 from pot
JunimCosta: doesn't show hand 
*** SUMMARY ***
Total pot $6.10 | Rake $0 
Seat 1: JunimCosta (button) collected ($6.10)
Seat 3: GoalieSchool (small blind) folded before Flop
Seat 4: Pumuking (big blind) folded before Flop
Seat 5: MaRKiToScoK folded before Flop



PokerStars Hand #254274119581:  Hold'em No Limit ($0.50/$1.00 USD) - 2025/01/09 4:47:37 WET [2025/01/08 23:47:37 ET]
Table 'Hirons II' 6-max Seat #3 is the button
Seat 1: JunimCosta ($103.80 in chips) 
Seat 3: GoalieSchool ($145.05 in chips) 
Seat 4: Pumuking ($227.38 in chips) 
Seat 5: MaRKiToScoK ($125.15 in chips) 
Pumuking: posts small blind $0.50
MaRKiToScoK: posts big blind $1
*** HOLE CARDS ***
JunimCosta: folds 
GoalieSchool: folds 
Pumuking: folds 
Uncalled bet ($0.50) returned to MaRKiToScoK
MaRKiToScoK collected $1 from pot
*** SUMMARY ***
Total pot $1 | Rake $0 
Seat 1: JunimCosta folded before Flop (didn't bet)
Seat 3: GoalieSchool (button) folded before Flop (didn't bet)
Seat 4: Pumuking (small blind) folded before Flop
Seat 5: MaRKiToScoK (big blind) collected ($1)



PokerStars Hand #254274121071:  Hold'em No Limit ($0.50/$1.00 USD) - 2025/01/09 4:47:53 WET [2025/01/08 23:47:53 ET]
Table 'Hirons II' 6-max Seat #4 is the button
Seat 1: JunimCosta ($103.80 in chips) 
Seat 3: GoalieSchool ($145.05 in chips) 
Seat 4: Pumuking ($226.88 in chips) 
Seat 5: MaRKiToScoK ($125.65 in chips) 
MaRKiToScoK: posts small blind $0.50
JunimCosta: posts big blind $1
*** HOLE CARDS ***
GoalieSchool: folds 
Pumuking: raises $1.50 to $2.50
MaRKiToScoK: folds 
JunimCosta: folds 
Uncalled bet ($1.50) returned to Pumuking
Pumuking collected $2.50 from pot
Pumuking: doesn't show hand 
*** SUMMARY ***
Total pot $2.50 | Rake $0 
Seat 1: JunimCosta (big blind) folded before Flop
Seat 3: GoalieSchool folded before Flop (didn't bet)
Seat 4: Pumuking (button) collected ($2.50)
Seat 5: MaRKiToScoK (small blind) folded before Flop



PokerStars Hand #254274123499:  Hold'em No Limit ($0.50/$1.00 USD) - 2025/01/09 4:48:18 WET [2025/01/08 23:48:18 ET]
Table 'Hirons II' 6-max Seat #5 is the button
Seat 1: JunimCosta ($102.80 in chips) 
Seat 3: GoalieSchool ($145.05 in chips) 
Seat 4: Pumuking ($228.38 in chips) 
Seat 5: MaRKiToScoK ($125.15 in chips) 
JunimCosta: posts small blind $0.50
GoalieSchool: posts big blind $1
*** HOLE CARDS ***
Pumuking: folds 
MaRKiToScoK: folds 
JunimCosta: folds 
Uncalled bet ($0.50) returned to GoalieSchool
GoalieSchool collected $1 from pot
GoalieSchool: doesn't show hand 
*** SUMMARY ***
Total pot $1 | Rake $0 
Seat 1: JunimCosta (small blind) folded before Flop
Seat 3: GoalieSchool (big blind) collected ($1)
Seat 4: Pumuking folded before Flop (didn't bet)
Seat 5: MaRKiToScoK (button) folded before Flop (didn't bet)



PokerStars Hand #254274124867:  Hold'em No Limit ($0.50/$1.00 USD) - 2025/01/09 4:48:33 WET [2025/01/08 23:48:33 ET]
Table 'Hirons II' 6-max Seat #1 is the button
Seat 1: JunimCosta ($102.30 in chips) 
Seat 3: GoalieSchool ($145.55 in chips) 
Seat 4: Pumuking ($228.38 in chips) 
Seat 5: MaRKiToScoK ($125.15 in chips) 
GoalieSchool: posts small blind $0.50
Pumuking: posts big blind $1
*** HOLE CARDS ***
MaRKiToScoK: raises $1.30 to $2.30
JunimCosta: folds 
GoalieSchool: folds 
Pumuking: folds 
Uncalled bet ($1.30) returned to MaRKiToScoK
MaRKiToScoK collected $2.50 from pot
*** SUMMARY ***
Total pot $2.50 | Rake $0 
Seat 1: JunimCosta (button) folded before Flop (didn't bet)
Seat 3: GoalieSchool (small blind) folded before Flop
Seat 4: Pumuking (big blind) folded before Flop
Seat 5: MaRKiToScoK collected ($2.50)



PokerStars Hand #254274126264:  Hold'em No Limit ($0.50/$1.00 USD) - 2025/01/09 4:48:48 WET [2025/01/08 23:48:48 ET]
Table 'Hirons II' 6-max Seat #3 is the button
Seat 1: JunimCosta ($102.30 in chips) 
Seat 3: GoalieSchool ($145.05 in chips) 
Seat 4: Pumuking ($227.38 in chips) 
Seat 5: MaRKiToScoK ($126.65 in chips) 
Pumuking: posts small blind $0.50
MaRKiToScoK: posts big blind $1
*** HOLE CARDS ***
JunimCosta: folds 
GoalieSchool: raises $1.50 to $2.50
Pumuking: folds 
MaRKiToScoK: raises $9.50 to $12
GoalieSchool: calls $9.50
*** FLOP *** [7s 7h 6h]
MaRKiToScoK: bets $7.05
GoalieSchool: folds 
Uncalled bet ($7.05) returned to MaRKiToScoK
MaRKiToScoK collected $23.50 from pot
*** SUMMARY ***
Total pot $24.50 | Rake $1 
Board [7s 7h 6h]
Seat 1: JunimCosta folded before Flop (didn't bet)
Seat 3: GoalieSchool (button) folded on the Flop
Seat 4: Pumuking (small blind) folded before Flop
Seat 5: MaRKiToScoK (big blind) collected ($23.50)



PokerStars Hand #254274128869:  Hold'em No Limit ($0.50/$1.00 USD) - 2025/01/09 4:49:16 WET [2025/01/08 23:49:16 ET]
Table 'Hirons II' 6-max Seat #4 is the button
Seat 1: JunimCosta ($102.30 in chips) 
Seat 3: GoalieSchool ($133.05 in chips) 
Seat 4: Pumuking ($226.88 in chips) 
Seat 5: MaRKiToScoK ($138.15 in chips) 
MaRKiToScoK: posts small blind $0.50
JunimCosta: posts big blind $1
*** HOLE CARDS ***
GoalieSchool: raises $1.50 to $2.50
Pumuking: folds 
MaRKiToScoK: folds 
JunimCosta: folds 
Uncalled bet ($1.50) returned to GoalieSchool
GoalieSchool collected $2.50 from pot
GoalieSchool: doesn't show hand 
*** SUMMARY ***
Total pot $2.50 | Rake $0 
Seat 1: JunimCosta (big blind) folded before Flop
Seat 3: GoalieSchool collected ($2.50)
Seat 4: Pumuking (button) folded before Flop (didn't bet)
Seat 5: MaRKiToScoK (small blind) folded before Flop



PokerStars Hand #254274131177:  Hold'em No Limit ($0.50/$1.00 USD) - 2025/01/09 4:49:40 WET [2025/01/08 23:49:40 ET]
Table 'Hirons II' 6-max Seat #5 is the button
Seat 1: JunimCosta ($101.30 in chips) 
Seat 3: GoalieSchool ($134.55 in chips) 
Seat 4: Pumuking ($226.88 in chips) 
Seat 5: MaRKiToScoK ($137.65 in chips) 
JunimCosta: posts small blind $0.50
GoalieSchool: posts big blind $1
*** HOLE CARDS ***
Pumuking: folds 
MaRKiToScoK: raises $1.50 to $2.50
JunimCosta: folds 
GoalieSchool: folds 
Uncalled bet ($1.50) returned to MaRKiToScoK
MaRKiToScoK collected $2.50 from pot
*** SUMMARY ***
Total pot $2.50 | Rake $0 
Seat 1: JunimCosta (small blind) folded before Flop
Seat 3: GoalieSchool (big blind) folded before Flop
Seat 4: Pumuking folded before Flop (didn't bet)
Seat 5: MaRKiToScoK (button) collected ($2.50)



PokerStars Hand #254274133074:  Hold'em No Limit ($0.50/$1.00 USD) - 2025/01/09 4:50:00 WET [2025/01/08 23:50:00 ET]
Table 'Hirons II' 6-max Seat #1 is the button
Seat 1: JunimCosta ($100.80 in chips) 
Seat 3: GoalieSchool ($133.55 in chips) 
Seat 4: Pumuking ($226.88 in chips) 
Seat 5: MaRKiToScoK ($139.15 in chips) 
GoalieSchool: posts small blind $0.50
Pumuking: posts big blind $1
*** HOLE CARDS ***
MaRKiToScoK: folds 
JunimCosta: raises $1.50 to $2.50
GoalieSchool: folds 
Pumuking: calls $1.50
*** FLOP *** [9d Ac 9c]
Pumuking: checks 
JunimCosta: bets $1.31
Pumuking: calls $1.31
*** TURN *** [9d Ac 9c] [3d]
Pumuking: checks 
JunimCosta: checks 
*** RIVER *** [9d Ac 9c 3d] [Jh]
Pumuking: checks 
JunimCosta: checks 
*** SHOW DOWN ***
Pumuking: shows [6h 6s] (two pair, Nines and Sixes)
JunimCosta: mucks hand 
Pumuking collected $7.71 from pot
*** SUMMARY ***
Total pot $8.12 | Rake $0.41 
Board [9d Ac 9c 3d Jh]
Seat 1: JunimCosta (button) mucked
Seat 3: GoalieSchool (small blind) folded before Flop
Seat 4: Pumuking (big blind) showed [6h 6s] and won ($7.71) with two pair, Nines and Sixes
Seat 5: MaRKiToScoK folded before Flop (didn't bet)



PokerStars Hand #254274139627:  Hold'em No Limit ($0.50/$1.00 USD) - 2025/01/09 4:51:11 WET [2025/01/08 23:51:11 ET]
Table 'Hirons II' 6-max Seat #3 is the button
Seat 1: JunimCosta ($100 in chips) 
Seat 3: GoalieSchool ($133.05 in chips) 
Seat 4: Pumuking ($230.78 in chips) 
Seat 5: MaRKiToScoK ($139.15 in chips) 
Pumuking: posts small blind $0.50
MaRKiToScoK: posts big blind $1
*** HOLE CARDS ***
JunimCosta: folds 
GoalieSchool: folds 
JunimCosta leaves the table
Pumuking: raises $2 to $3
MaRKiToScoK: calls $2
*** FLOP *** [Td 3d 9d]
Pumuking: checks 
MaRKiToScoK: checks 
*** TURN *** [Td 3d 9d] [3s]
GoalieSchool leaves the table
Pumuking: checks 
MaRKiToScoK: checks 
*** RIVER *** [Td 3d 9d 3s] [6c]
Pumuking: checks 
MaRKiToScoK: checks 
*** SHOW DOWN ***
Pumuking: shows [Ac Qd] (a pair of Threes)
MaRKiToScoK: mucks hand 
Pumuking collected $5.70 from pot
*** SUMMARY ***
Total pot $6 | Rake $0.30 
Board [Td 3d 9d 3s 6c]
Seat 1: JunimCosta folded before Flop (didn't bet)
Seat 3: GoalieSchool (button) folded before Flop (didn't bet)
Seat 4: Pumuking (small blind) showed [Ac Qd] and won ($5.70) with a pair of Threes
Seat 5: MaRKiToScoK (big blind) mucked



PokerStars Hand #254273892916:  Hold'em No Limit ($0.50/$1.00 USD) - 2025/01/09 4:10:43 WET [2025/01/08 23:10:43 ET]
Table 'Hirons II' 6-max Seat #5 is the button
Seat 4: Pumuking ($100 in chips) is sitting out
Seat 1: KSPokMaster ($122.79 in chips) 
Seat 2: 50CandyJoe ($112.81 in chips) 
Seat 3: GoalieSchool ($80.37 in chips) 
Seat 5: MaRKiToScoK ($100 in chips) 
Seat 6: Quadsfordayz ($61.80 in chips) 
Quadsfordayz: posts small blind $0.50
KSPokMaster: posts big blind $1
Pumuking: sits out 
*** HOLE CARDS ***
50CandyJoe: folds 
GoalieSchool: folds 
MaRKiToScoK: raises $1.50 to $2.50
Quadsfordayz: folds 
KSPokMaster: calls $1.50
*** FLOP *** [4h Qs 8d]
KSPokMaster: checks 
MaRKiToScoK: bets $1.57
KSPokMaster: calls $1.57
*** TURN *** [4h Qs 8d] [Td]
KSPokMaster: bets $1.85
MaRKiToScoK: folds 
Uncalled bet ($1.85) returned to KSPokMaster
KSPokMaster collected $8.21 from pot
*** SUMMARY ***
Total pot $8.64 | Rake $0.43 
Board [4h Qs 8d Td]
Seat 4: Pumuking
Seat 1: KSPokMaster (big blind) collected ($8.21)
Seat 2: 50CandyJoe folded before Flop (didn't bet)
Seat 3: GoalieSchool folded before Flop (didn't bet)
Seat 5: MaRKiToScoK (button) folded on the Turn
Seat 6: Quadsfordayz (small blind) folded before Flop



PokerStars Hand #254273898818:  Hold'em No Limit ($0.50/$1.00 USD) - 2025/01/09 4:11:37 WET [2025/01/08 23:11:37 ET]
Table 'Hirons II' 6-max Seat #6 is the button
Seat 4: Pumuking ($100 in chips) is sitting out
Seat 1: KSPokMaster ($126.93 in chips) 
Seat 2: 50CandyJoe ($112.81 in chips) 
Seat 3: GoalieSchool ($80.37 in chips) 
Seat 5: MaRKiToScoK ($100 in chips) 
Seat 6: Quadsfordayz ($61.30 in chips) 
KSPokMaster: posts small blind $0.50
50CandyJoe: posts big blind $1
Pumuking: sits out 
*** HOLE CARDS ***
GoalieSchool: folds 
MaRKiToScoK: folds 
Quadsfordayz has timed out
Quadsfordayz: folds 
KSPokMaster: raises $1.50 to $2.50
50CandyJoe: calls $1.50
*** FLOP *** [8d Js 6d]
KSPokMaster: bets $1.75
50CandyJoe: calls $1.75
*** TURN *** [8d Js 6d] [9d]
KSPokMaster: checks 
50CandyJoe: checks 
*** RIVER *** [8d Js 6d 9d] [7c]
KSPokMaster: checks 
50CandyJoe: bets $8.08
KSPokMaster: folds 
Uncalled bet ($8.08) returned to 50CandyJoe
50CandyJoe collected $8.08 from pot
50CandyJoe: doesn't show hand 
*** SUMMARY ***
Total pot $8.50 | Rake $0.42 
Board [8d Js 6d 9d 7c]
Seat 4: Pumuking
Seat 1: KSPokMaster (small blind) folded on the River
Seat 2: 50CandyJoe (big blind) collected ($8.08)
Seat 3: GoalieSchool folded before Flop (didn't bet)
Seat 5: MaRKiToScoK folded before Flop (didn't bet)
Seat 6: Quadsfordayz (button) folded before Flop (didn't bet)



PokerStars Hand #254273909340:  Hold'em No Limit ($0.50/$1.00 USD) - 2025/01/09 4:13:14 WET [2025/01/08 23:13:14 ET]
Table 'Hirons II' 6-max Seat #1 is the button
Seat 4: Pumuking ($100 in chips) is sitting out
Seat 6: Quadsfordayz ($61.30 in chips) is sitting out
Seat 1: KSPokMaster ($122.68 in chips) 
Seat 2: 50CandyJoe ($116.64 in chips) 
Seat 3: GoalieSchool ($80.37 in chips) 
Seat 5: MaRKiToScoK ($100 in chips) 
50CandyJoe: posts small blind $0.50
GoalieSchool: posts big blind $1
Pumuking: sits out 
*** HOLE CARDS ***
MaRKiToScoK: raises $1.30 to $2.30
KSPokMaster: calls $2.30
50CandyJoe: folds 
GoalieSchool: folds 
*** FLOP *** [Kh 6h 6s]
MaRKiToScoK: bets $1.74
KSPokMaster: calls $1.74
*** TURN *** [Kh 6h 6s] [4s]
MaRKiToScoK: bets $9
KSPokMaster: folds 
Uncalled bet ($9) returned to MaRKiToScoK
MaRKiToScoK collected $9.10 from pot
*** SUMMARY ***
Total pot $9.58 | Rake $0.48 
Board [Kh 6h 6s 4s]
Seat 4: Pumuking
Seat 6: Quadsfordayz
Seat 1: KSPokMaster (button) folded on the Turn
Seat 2: 50CandyJoe (small blind) folded before Flop
Seat 3: GoalieSchool (big blind) folded before Flop
Seat 5: MaRKiToScoK collected ($9.10)



PokerStars Hand #254273913952:  Hold'em No Limit ($0.50/$1.00 USD) - 2025/01/09 4:13:58 WET [2025/01/08 23:13:58 ET]
Table 'Hirons II' 6-max Seat #2 is the button
Seat 1: KSPokMaster ($118.64 in chips) 
Seat 2: 50CandyJoe ($116.14 in chips) 
Seat 3: GoalieSchool ($79.37 in chips) 
Seat 4: Pumuking ($100 in chips) 
Seat 5: MaRKiToScoK ($105.06 in chips) 
Seat 6: Quadsfordayz ($61.30 in chips) 
GoalieSchool: posts small blind $0.50
Pumuking: posts big blind $1
*** HOLE CARDS ***
MaRKiToScoK: folds 
Quadsfordayz: folds 
KSPokMaster: folds 
50CandyJoe: raises $1.50 to $2.50
GoalieSchool: folds 
Quadsfordayz leaves the table
Pumuking: calls $1.50
*** FLOP *** [5d Qc 2d]
Pumuking: checks 
50CandyJoe: checks 
*** TURN *** [5d Qc 2d] [Ac]
Pumuking: checks 
sutata joins the table at seat #6 
50CandyJoe: checks 
*** RIVER *** [5d Qc 2d Ac] [Js]
Pumuking: checks 
50CandyJoe: bets $5.22
Pumuking: folds 
Uncalled bet ($5.22) returned to 50CandyJoe
50CandyJoe collected $5.22 from pot
50CandyJoe: doesn't show hand 
*** SUMMARY ***
Total pot $5.50 | Rake $0.28 
Board [5d Qc 2d Ac Js]
Seat 1: KSPokMaster folded before Flop (didn't bet)
Seat 2: 50CandyJoe (button) collected ($5.22)
Seat 3: GoalieSchool (small blind) folded before Flop
Seat 4: Pumuking (big blind) folded on the River
Seat 5: MaRKiToScoK folded before Flop (didn't bet)
Seat 6: Quadsfordayz folded before Flop (didn't bet)



PokerStars Hand #254273921158:  Hold'em No Limit ($0.50/$1.00 USD) - 2025/01/09 4:15:05 WET [2025/01/08 23:15:05 ET]
Table 'Hirons II' 6-max Seat #3 is the button
Seat 6: sutata ($100 in chips) is sitting out
Seat 1: KSPokMaster ($118.64 in chips) 
Seat 2: 50CandyJoe ($118.86 in chips) 
Seat 3: GoalieSchool ($78.87 in chips) 
Seat 4: Pumuking ($100 in chips) 
Seat 5: MaRKiToScoK ($105.06 in chips) 
Pumuking: posts small blind $0.50
MaRKiToScoK: posts big blind $1
sutata: sits out 
*** HOLE CARDS ***
KSPokMaster: folds 
50CandyJoe: folds 
GoalieSchool: raises $1 to $2
Pumuking: folds 
MaRKiToScoK: calls $1
*** FLOP *** [6s 4h 7c]
MaRKiToScoK: checks 
GoalieSchool: checks 
*** TURN *** [6s 4h 7c] [Tc]
MaRKiToScoK: checks 
GoalieSchool: checks 
*** RIVER *** [6s 4h 7c Tc] [8h]
MaRKiToScoK: checks 
GoalieSchool: bets $4.25
MaRKiToScoK: calls $4.25
*** SHOW DOWN ***
GoalieSchool: shows [2s Qs] (high card Queen)
MaRKiToScoK: shows [6h Qc] (a pair of Sixes)
MaRKiToScoK collected $12.35 from pot
*** SUMMARY ***
Total pot $13 | Rake $0.65 
Board [6s 4h 7c Tc 8h]
Seat 6: sutata
Seat 1: KSPokMaster folded before Flop (didn't bet)
Seat 2: 50CandyJoe folded before Flop (didn't bet)
Seat 3: GoalieSchool (button) showed [2s Qs] and lost with high card Queen
Seat 4: Pumuking (small blind) folded before Flop
Seat 5: MaRKiToScoK (big blind) showed [6h Qc] and won ($12.35) with a pair of Sixes



PokerStars Hand #254273926449:  Hold'em No Limit ($0.50/$1.00 USD) - 2025/01/09 4:15:56 WET [2025/01/08 23:15:56 ET]
Table 'Hirons II' 6-max Seat #4 is the button
Seat 1: KSPokMaster ($118.64 in chips) 
Seat 2: 50CandyJoe ($118.86 in chips) 
Seat 3: GoalieSchool ($72.62 in chips) 
Seat 4: Pumuking ($100 in chips) 
Seat 5: MaRKiToScoK ($111.16 in chips) 
Seat 6: sutata ($100 in chips) 
MaRKiToScoK: posts small blind $0.50
sutata: posts big blind $1
*** HOLE CARDS ***
KSPokMaster: folds 
50CandyJoe: folds 
KSPokMaster leaves the table
GoalieSchool: folds 
Pumuking: folds 
MaRKiToScoK: folds 
Uncalled bet ($0.50) returned to sutata
sutata collected $1 from pot
sutata: doesn't show hand 
*** SUMMARY ***
Total pot $1 | Rake $0 
Seat 1: KSPokMaster folded before Flop (didn't bet)
Seat 2: 50CandyJoe folded before Flop (didn't bet)
Seat 3: GoalieSchool folded before Flop (didn't bet)
Seat 4: Pumuking (button) folded before Flop (didn't bet)
Seat 5: MaRKiToScoK (small blind) folded before Flop
Seat 6: sutata (big blind) collected ($1)



PokerStars Hand #254273930133:  Hold'em No Limit ($0.50/$1.00 USD) - 2025/01/09 4:16:31 WET [2025/01/08 23:16:31 ET]
Table 'Hirons II' 6-max Seat #5 is the button
Seat 2: 50CandyJoe ($118.86 in chips) 
Seat 3: GoalieSchool ($72.62 in chips) 
Seat 4: Pumuking ($100 in chips) 
Seat 5: MaRKiToScoK ($110.66 in chips) 
Seat 6: sutata ($100.50 in chips) 
sutata: posts small blind $0.50
50CandyJoe: posts big blind $1
*** HOLE CARDS ***
GoalieSchool: raises $1.50 to $2.50
KSPokMaster joins the table at seat #1 
KSPokMaster is disconnected 
Pumuking: folds 
KSPokMaster leaves the table
MaRKiToScoK: folds 
sutata: folds 
50CandyJoe: folds 
Uncalled bet ($1.50) returned to GoalieSchool
GoalieSchool collected $2.50 from pot
GoalieSchool: doesn't show hand 
*** SUMMARY ***
Total pot $2.50 | Rake $0 
Seat 2: 50CandyJoe (big blind) folded before Flop
Seat 3: GoalieSchool collected ($2.50)
Seat 4: Pumuking folded before Flop (didn't bet)
Seat 5: MaRKiToScoK (button) folded before Flop (didn't bet)
Seat 6: sutata (small blind) folded before Flop



PokerStars Hand #254273933691:  Hold'em No Limit ($0.50/$1.00 USD) - 2025/01/09 4:17:05 WET [2025/01/08 23:17:05 ET]
Table 'Hirons II' 6-max Seat #6 is the button
Seat 2: 50CandyJoe ($117.86 in chips) 
Seat 3: GoalieSchool ($74.12 in chips) 
Seat 4: Pumuking ($100 in chips) 
Seat 5: MaRKiToScoK ($110.66 in chips) 
Seat 6: sutata ($100 in chips) 
50CandyJoe: posts small blind $0.50
GoalieSchool: posts big blind $1
*** HOLE CARDS ***
Pumuking: folds 
MaRKiToScoK: raises $1.30 to $2.30
sutata: folds 
50CandyJoe: folds 
GoalieSchool: folds 
Uncalled bet ($1.30) returned to MaRKiToScoK
MaRKiToScoK collected $2.50 from pot
*** SUMMARY ***
Total pot $2.50 | Rake $0 
Seat 2: 50CandyJoe (small blind) folded before Flop
Seat 3: GoalieSchool (big blind) folded before Flop
Seat 4: Pumuking folded before Flop (didn't bet)
Seat 5: MaRKiToScoK collected ($2.50)
Seat 6: sutata (button) folded before Flop (didn't bet)



PokerStars Hand #254273936392:  Hold'em No Limit ($0.50/$1.00 USD) - 2025/01/09 4:17:31 WET [2025/01/08 23:17:31 ET]
Table 'Hirons II' 6-max Seat #2 is the button
Seat 2: 50CandyJoe ($117.36 in chips) 
Seat 3: GoalieSchool ($73.12 in chips) 
Seat 4: Pumuking ($100 in chips) 
Seat 5: MaRKiToScoK ($112.16 in chips) 
Seat 6: sutata ($100 in chips) 
GoalieSchool: posts small blind $0.50
Pumuking: posts big blind $1
*** HOLE CARDS ***
MaRKiToScoK: raises $1.20 to $2.20
sutata: folds 
50CandyJoe: folds 
GoalieSchool: calls $1.70
Pumuking: calls $1.20
*** FLOP *** [3s 8s Jc]
GoalieSchool: checks 
Pumuking: checks 
MaRKiToScoK: bets $4.70
GoalieSchool: folds 
Pumuking: folds 
Uncalled bet ($4.70) returned to MaRKiToScoK
MaRKiToScoK collected $6.27 from pot
*** SUMMARY ***
Total pot $6.60 | Rake $0.33 
Board [3s 8s Jc]
Seat 2: 50CandyJoe (button) folded before Flop (didn't bet)
Seat 3: GoalieSchool (small blind) folded on the Flop
Seat 4: Pumuking (big blind) folded on the Flop
Seat 5: MaRKiToScoK collected ($6.27)
Seat 6: sutata folded before Flop (didn't bet)



PokerStars Hand #254273942648:  Hold'em No Limit ($0.50/$1.00 USD) - 2025/01/09 4:18:32 WET [2025/01/08 23:18:32 ET]
Table 'Hirons II' 6-max Seat #3 is the button
Seat 2: 50CandyJoe ($117.36 in chips) 
Seat 3: GoalieSchool ($70.92 in chips) 
Seat 4: Pumuking ($100 in chips) 
Seat 5: MaRKiToScoK ($116.23 in chips) 
Seat 6: sutata ($100 in chips) 
Pumuking: posts small blind $0.50
MaRKiToScoK: posts big blind $1
*** HOLE CARDS ***
sutata: folds 
50CandyJoe has timed out
50CandyJoe: folds 
GoalieSchool: folds 
Pumuking: raises $2 to $3
MaRKiToScoK: folds 
Uncalled bet ($2) returned to Pumuking
Pumuking collected $2 from pot
Pumuking: doesn't show hand 
*** SUMMARY ***
Total pot $2 | Rake $0 
Seat 2: 50CandyJoe folded before Flop (didn't bet)
Seat 3: GoalieSchool (button) folded before Flop (didn't bet)
Seat 4: Pumuking (small blind) collected ($2)
Seat 5: MaRKiToScoK (big blind) folded before Flop
Seat 6: sutata folded before Flop (didn't bet)



PokerStars Hand #254273945055:  Hold'em No Limit ($0.50/$1.00 USD) - 2025/01/09 4:18:55 WET [2025/01/08 23:18:55 ET]
Table 'Hirons II' 6-max Seat #4 is the button
Seat 6: sutata ($100 in chips) is sitting out
Seat 2: 50CandyJoe ($117.36 in chips) 
Seat 3: GoalieSchool ($70.92 in chips) 
Seat 4: Pumuking ($101 in chips) 
Seat 5: MaRKiToScoK ($115.23 in chips) 
MaRKiToScoK: posts small blind $0.50
sutata: is sitting out 
50CandyJoe: posts big blind $1
*** HOLE CARDS ***
GoalieSchool: folds 
Pumuking: raises $1.50 to $2.50
MaRKiToScoK: folds 
sutata leaves the table
50CandyJoe: folds 
Uncalled bet ($1.50) returned to Pumuking
Pumuking collected $2.50 from pot
Pumuking: doesn't show hand 
*** SUMMARY ***
Total pot $2.50 | Rake $0 
Seat 6: sutata
Seat 2: 50CandyJoe (big blind) folded before Flop
Seat 3: GoalieSchool folded before Flop (didn't bet)
Seat 4: Pumuking (button) collected ($2.50)
Seat 5: MaRKiToScoK (small blind) folded before Flop



PokerStars Hand #254273947046:  Hold'em No Limit ($0.50/$1.00 USD) - 2025/01/09 4:19:15 WET [2025/01/08 23:19:15 ET]
Table 'Hirons II' 6-max Seat #5 is the button
Seat 2: 50CandyJoe ($116.36 in chips) 
Seat 3: GoalieSchool ($70.92 in chips) 
Seat 4: Pumuking ($102.50 in chips) 
Seat 5: MaRKiToScoK ($114.73 in chips) 
50CandyJoe: posts small blind $0.50
GoalieSchool: posts big blind $1
*** HOLE CARDS ***
Pumuking: raises $1.25 to $2.25
MaRKiToScoK: folds 
50CandyJoe: folds 
GoalieSchool: calls $1.25
*** FLOP *** [6h 2h 7s]
GoalieSchool: checks 
Pumuking: checks 
*** TURN *** [6h 2h 7s] [8h]
GoalieSchool: checks 
Pumuking: bets $2.38
GoalieSchool: calls $2.38
*** RIVER *** [6h 2h 7s 8h] [Qd]
GoalieSchool: checks 
Pumuking: bets $6.21
GoalieSchool: calls $6.21
*** SHOW DOWN ***
Pumuking: shows [4c Kc] (high card King)
GoalieSchool: shows [8d Th] (a pair of Eights)
GoalieSchool collected $21.18 from pot
*** SUMMARY ***
Total pot $22.18 | Rake $1 
Board [6h 2h 7s 8h Qd]
Seat 2: 50CandyJoe (small blind) folded before Flop
Seat 3: GoalieSchool (big blind) showed [8d Th] and won ($21.18) with a pair of Eights
Seat 4: Pumuking showed [4c Kc] and lost with high card King
Seat 5: MaRKiToScoK (button) folded before Flop (didn't bet)



PokerStars Hand #254273952102:  Hold'em No Limit ($0.50/$1.00 USD) - 2025/01/09 4:20:03 WET [2025/01/08 23:20:03 ET]
Table 'Hirons II' 6-max Seat #2 is the button
Seat 2: 50CandyJoe ($115.86 in chips) 
Seat 3: GoalieSchool ($81.26 in chips) 
Seat 4: Pumuking ($100 in chips) 
Seat 5: MaRKiToScoK ($114.73 in chips) 
GoalieSchool: posts small blind $0.50
Pumuking: posts big blind $1
*** HOLE CARDS ***
MaRKiToScoK: folds 
50CandyJoe has timed out
50CandyJoe: folds 
GoalieSchool: folds 
Uncalled bet ($0.50) returned to Pumuking
Pumuking collected $1 from pot
Pumuking: doesn't show hand 
*** SUMMARY ***
Total pot $1 | Rake $0 
Seat 2: 50CandyJoe (button) folded before Flop (didn't bet)
Seat 3: GoalieSchool (small blind) folded before Flop
Seat 4: Pumuking (big blind) collected ($1)
Seat 5: MaRKiToScoK folded before Flop (didn't bet)



PokerStars Hand #254273954175:  Hold'em No Limit ($0.50/$1.00 USD) - 2025/01/09 4:20:23 WET [2025/01/08 23:20:23 ET]
Table 'Hirons II' 6-max Seat #3 is the button
Seat 2: 50CandyJoe ($115.86 in chips) is sitting out
Seat 3: GoalieSchool ($80.76 in chips) 
Seat 4: Pumuking ($100.50 in chips) 
Seat 5: MaRKiToScoK ($114.73 in chips) 
Pumuking: posts small blind $0.50
MaRKiToScoK: posts big blind $1
*** HOLE CARDS ***
GoalieSchool: raises $1.50 to $2.50
Pumuking: folds 
MaRKiToScoK: folds 
Uncalled bet ($1.50) returned to GoalieSchool
GoalieSchool collected $2.50 from pot
GoalieSchool: doesn't show hand 
*** SUMMARY ***
Total pot $2.50 | Rake $0 
Seat 2: 50CandyJoe
Seat 3: GoalieSchool (button) collected ($2.50)
Seat 4: Pumuking (small blind) folded before Flop
Seat 5: MaRKiToScoK (big blind) folded before Flop



PokerStars Hand #254273955775:  Hold'em No Limit ($0.50/$1.00 USD) - 2025/01/09 4:20:39 WET [2025/01/08 23:20:39 ET]
Table 'Hirons II' 6-max Seat #4 is the button
Seat 2: 50CandyJoe ($115.86 in chips) 
Seat 3: GoalieSchool ($82.26 in chips) 
Seat 4: Pumuking ($100 in chips) 
Seat 5: MaRKiToScoK ($113.73 in chips) 
MaRKiToScoK: posts small blind $0.50
50CandyJoe: posts big blind $1
*** HOLE CARDS ***
GoalieSchool: folds 
Pumuking: raises $1.50 to $2.50
MaRKiToScoK: folds 
50CandyJoe: folds 
Uncalled bet ($1.50) returned to Pumuking
Pumuking collected $2.50 from pot
Pumuking: doesn't show hand 
*** SUMMARY ***
Total pot $2.50 | Rake $0 
Seat 2: 50CandyJoe (big blind) folded before Flop
Seat 3: GoalieSchool folded before Flop (didn't bet)
Seat 4: Pumuking (button) collected ($2.50)
Seat 5: MaRKiToScoK (small blind) folded before Flop



PokerStars Hand #254273957928:  Hold'em No Limit ($0.50/$1.00 USD) - 2025/01/09 4:20:59 WET [2025/01/08 23:20:59 ET]
Table 'Hirons II' 6-max Seat #5 is the button
Seat 2: 50CandyJoe ($114.86 in chips) 
Seat 3: GoalieSchool ($82.26 in chips) 
Seat 4: Pumuking ($101.50 in chips) 
Seat 5: MaRKiToScoK ($113.23 in chips) 
50CandyJoe: posts small blind $0.50
GoalieSchool: posts big blind $1
*** HOLE CARDS ***
Pumuking: raises $1.25 to $2.25
MaRKiToScoK: folds 
Cesquinhaa joins the table at seat #1 
Cesquinhaa is disconnected 
50CandyJoe: raises $7.75 to $10
GoalieSchool: folds 
sutata joins the table at seat #6 
Pumuking: folds 
Uncalled bet ($7.75) returned to 50CandyJoe
50CandyJoe collected $5.50 from pot
50CandyJoe: doesn't show hand 
*** SUMMARY ***
Total pot $5.50 | Rake $0 
Seat 2: 50CandyJoe (small blind) collected ($5.50)
Seat 3: GoalieSchool (big blind) folded before Flop
Seat 4: Pumuking folded before Flop
Seat 5: MaRKiToScoK (button) folded before Flop (didn't bet)



PokerStars Hand #254273960862:  Hold'em No Limit ($0.50/$1.00 USD) - 2025/01/09 4:21:26 WET [2025/01/08 23:21:26 ET]
Table 'Hirons II' 6-max Seat #2 is the button
Seat 6: sutata ($100 in chips) is sitting out
Seat 1: Cesquinhaa ($58.90 in chips) 
Seat 2: 50CandyJoe ($118.11 in chips) 
Seat 3: GoalieSchool ($81.26 in chips) 
Seat 4: Pumuking ($100 in chips) 
Seat 5: MaRKiToScoK ($113.23 in chips) 
GoalieSchool: posts small blind $0.50
Pumuking: posts big blind $1
sutata: sits out 
Cesquinhaa: posts big blind $1
*** HOLE CARDS ***
MaRKiToScoK: folds 
Cesquinhaa: checks 
50CandyJoe has timed out
50CandyJoe: folds 
GoalieSchool: folds 
Pumuking: raises $3.50 to $4.50
Cesquinhaa: folds 
Uncalled bet ($3.50) returned to Pumuking
Pumuking collected $2.50 from pot
Pumuking: doesn't show hand 
*** SUMMARY ***
Total pot $2.50 | Rake $0 
Seat 6: sutata
Seat 1: Cesquinhaa folded before Flop (didn't bet)
Seat 2: 50CandyJoe (button) folded before Flop (didn't bet)
Seat 3: GoalieSchool (small blind) folded before Flop
Seat 4: Pumuking (big blind) collected ($2.50)
Seat 5: MaRKiToScoK folded before Flop (didn't bet)



PokerStars Hand #254273965017:  Hold'em No Limit ($0.50/$1.00 USD) - 2025/01/09 4:22:06 WET [2025/01/08 23:22:06 ET]
Table 'Hirons II' 6-max Seat #3 is the button
Seat 6: sutata ($100 in chips) is sitting out
Seat 1: Cesquinhaa ($57.90 in chips) 
Seat 2: 50CandyJoe ($118.11 in chips) 
Seat 3: GoalieSchool ($80.76 in chips) 
Seat 4: Pumuking ($101.50 in chips) 
Seat 5: MaRKiToScoK ($113.23 in chips) 
Pumuking: posts small blind $0.50
MaRKiToScoK: posts big blind $1
sutata: sits out 
*** HOLE CARDS ***
Cesquinhaa: folds 
50CandyJoe: raises $1.20 to $2.20
GoalieSchool: folds 
Pumuking: folds 
MaRKiToScoK: folds 
Uncalled bet ($1.20) returned to 50CandyJoe
50CandyJoe collected $2.50 from pot
50CandyJoe: doesn't show hand 
*** SUMMARY ***
Total pot $2.50 | Rake $0 
Seat 6: sutata
Seat 1: Cesquinhaa folded before Flop (didn't bet)
Seat 2: 50CandyJoe collected ($2.50)
Seat 3: GoalieSchool (button) folded before Flop (didn't bet)
Seat 4: Pumuking (small blind) folded before Flop
Seat 5: MaRKiToScoK (big blind) folded before Flop



PokerStars Hand #254273968141:  Hold'em No Limit ($0.50/$1.00 USD) - 2025/01/09 4:22:36 WET [2025/01/08 23:22:36 ET]
Table 'Hirons II' 6-max Seat #4 is the button
Seat 1: Cesquinhaa ($57.90 in chips) 
Seat 2: 50CandyJoe ($119.61 in chips) 
Seat 3: GoalieSchool ($80.76 in chips) 
Seat 4: Pumuking ($101 in chips) 
Seat 5: MaRKiToScoK ($112.23 in chips) 
Seat 6: sutata ($100 in chips) 
MaRKiToScoK: posts small blind $0.50
sutata: posts big blind $1
*** HOLE CARDS ***
Cesquinhaa: folds 
50CandyJoe: folds 
GoalieSchool: folds 
Pumuking: raises $1.50 to $2.50
MaRKiToScoK: folds 
sutata: raises $9.80 to $12.30
Pumuking: folds 
Uncalled bet ($9.80) returned to sutata
sutata collected $5.50 from pot
sutata: doesn't show hand 
*** SUMMARY ***
Total pot $5.50 | Rake $0 
Seat 1: Cesquinhaa folded before Flop (didn't bet)
Seat 2: 50CandyJoe folded before Flop (didn't bet)
Seat 3: GoalieSchool folded before Flop (didn't bet)
Seat 4: Pumuking (button) folded before Flop
Seat 5: MaRKiToScoK (small blind) folded before Flop
Seat 6: sutata (big blind) collected ($5.50)



PokerStars Hand #254273970516:  Hold'em No Limit ($0.50/$1.00 USD) - 2025/01/09 4:22:59 WET [2025/01/08 23:22:59 ET]
Table 'Hirons II' 6-max Seat #5 is the button
Seat 1: Cesquinhaa ($57.90 in chips) 
Seat 2: 50CandyJoe ($119.61 in chips) 
Seat 3: GoalieSchool ($80.76 in chips) 
Seat 4: Pumuking ($100 in chips) 
Seat 5: MaRKiToScoK ($111.73 in chips) 
Seat 6: sutata ($103 in chips) 
sutata: posts small blind $0.50
Cesquinhaa: posts big blind $1
*** HOLE CARDS ***
50CandyJoe: raises $1.20 to $2.20
GoalieSchool: folds 
Pumuking: raises $4.80 to $7
MaRKiToScoK: folds 
sutata: folds 
Cesquinhaa: folds 
50CandyJoe: folds 
Uncalled bet ($4.80) returned to Pumuking
Pumuking collected $5.90 from pot
Pumuking: doesn't show hand 
*** SUMMARY ***
Total pot $5.90 | Rake $0 
Seat 1: Cesquinhaa (big blind) folded before Flop
Seat 2: 50CandyJoe folded before Flop
Seat 3: GoalieSchool folded before Flop (didn't bet)
Seat 4: Pumuking collected ($5.90)
Seat 5: MaRKiToScoK (button) folded before Flop (didn't bet)
Seat 6: sutata (small blind) folded before Flop



PokerStars Hand #254273974391:  Hold'em No Limit ($0.50/$1.00 USD) - 2025/01/09 4:23:35 WET [2025/01/08 23:23:35 ET]
Table 'Hirons II' 6-max Seat #6 is the button
Seat 1: Cesquinhaa ($56.90 in chips) 
Seat 2: 50CandyJoe ($117.41 in chips) 
Seat 3: GoalieSchool ($80.76 in chips) 
Seat 4: Pumuking ($103.70 in chips) 
Seat 5: MaRKiToScoK ($111.73 in chips) 
Seat 6: sutata ($102.50 in chips) 
Cesquinhaa: posts small blind $0.50
50CandyJoe: posts big blind $1
*** HOLE CARDS ***
GoalieSchool: raises $1.50 to $2.50
Pumuking: folds 
MaRKiToScoK: raises $5.50 to $8
sutata: folds 
Cesquinhaa: folds 
50CandyJoe: folds 
GoalieSchool: folds 
Uncalled bet ($5.50) returned to MaRKiToScoK
MaRKiToScoK collected $6.50 from pot
*** SUMMARY ***
Total pot $6.50 | Rake $0 
Seat 1: Cesquinhaa (small blind) folded before Flop
Seat 2: 50CandyJoe (big blind) folded before Flop
Seat 3: GoalieSchool folded before Flop
Seat 4: Pumuking folded before Flop (didn't bet)
Seat 5: MaRKiToScoK collected ($6.50)
Seat 6: sutata (button) folded before Flop (didn't bet)



PokerStars Hand #254273977549:  Hold'em No Limit ($0.50/$1.00 USD) - 2025/01/09 4:24:05 WET [2025/01/08 23:24:05 ET]
Table 'Hirons II' 6-max Seat #1 is the button
Seat 1: Cesquinhaa ($56.40 in chips) 
Seat 2: 50CandyJoe ($116.41 in chips) 
Seat 3: GoalieSchool ($78.26 in chips) 
Seat 4: Pumuking ($103.70 in chips) 
Seat 5: MaRKiToScoK ($115.73 in chips) 
Seat 6: sutata ($102.50 in chips) 
50CandyJoe: posts small blind $0.50
GoalieSchool: posts big blind $1
*** HOLE CARDS ***
Pumuking: folds 
MaRKiToScoK: raises $1.20 to $2.20
sutata: folds 
Cesquinhaa: folds 
50CandyJoe: folds 
GoalieSchool: calls $1.20
*** FLOP *** [Ts 5h Kd]
GoalieSchool: checks 
MaRKiToScoK: bets $3.50
GoalieSchool: folds 
Uncalled bet ($3.50) returned to MaRKiToScoK
MaRKiToScoK collected $4.66 from pot
*** SUMMARY ***
Total pot $4.90 | Rake $0.24 
Board [Ts 5h Kd]
Seat 1: Cesquinhaa (button) folded before Flop (didn't bet)
Seat 2: 50CandyJoe (small blind) folded before Flop
Seat 3: GoalieSchool (big blind) folded on the Flop
Seat 4: Pumuking folded before Flop (didn't bet)
Seat 5: MaRKiToScoK collected ($4.66)
Seat 6: sutata folded before Flop (didn't bet)



PokerStars Hand #254273981029:  Hold'em No Limit ($0.50/$1.00 USD) - 2025/01/09 4:24:38 WET [2025/01/08 23:24:38 ET]
Table 'Hirons II' 6-max Seat #2 is the button
Seat 1: Cesquinhaa ($56.40 in chips) 
Seat 2: 50CandyJoe ($115.91 in chips) 
Seat 3: GoalieSchool ($76.06 in chips) 
Seat 4: Pumuking ($103.70 in chips) 
Seat 5: MaRKiToScoK ($118.19 in chips) 
Seat 6: sutata ($102.50 in chips) 
GoalieSchool: posts small blind $0.50
Pumuking: posts big blind $1
*** HOLE CARDS ***
MaRKiToScoK: folds 
sutata: folds 
Cesquinhaa: calls $1
50CandyJoe: raises $2.50 to $3.50
GoalieSchool: folds 
Pumuking: folds 
Cesquinhaa: calls $2.50
*** FLOP *** [Kc 8s As]
Cesquinhaa: checks 
50CandyJoe: checks 
*** TURN *** [Kc 8s As] [5s]
Cesquinhaa: checks 
50CandyJoe: bets $2.67
Cesquinhaa: folds 
Uncalled bet ($2.67) returned to 50CandyJoe
50CandyJoe collected $8.08 from pot
50CandyJoe: doesn't show hand 
*** SUMMARY ***
Total pot $8.50 | Rake $0.42 
Board [Kc 8s As 5s]
Seat 1: Cesquinhaa folded on the Turn
Seat 2: 50CandyJoe (button) collected ($8.08)
Seat 3: GoalieSchool (small blind) folded before Flop
Seat 4: Pumuking (big blind) folded before Flop
Seat 5: MaRKiToScoK folded before Flop (didn't bet)
Seat 6: sutata folded before Flop (didn't bet)



PokerStars Hand #254273985675:  Hold'em No Limit ($0.50/$1.00 USD) - 2025/01/09 4:25:22 WET [2025/01/08 23:25:22 ET]
Table 'Hirons II' 6-max Seat #3 is the button
Seat 1: Cesquinhaa ($52.90 in chips) 
Seat 2: 50CandyJoe ($120.49 in chips) 
Seat 3: GoalieSchool ($75.56 in chips) 
Seat 4: Pumuking ($102.70 in chips) 
Seat 5: MaRKiToScoK ($118.19 in chips) 
Seat 6: sutata ($102.50 in chips) 
Pumuking: posts small blind $0.50
MaRKiToScoK: posts big blind $1
*** HOLE CARDS ***
sutata: folds 
Cesquinhaa: folds 
50CandyJoe: folds 
GoalieSchool: raises $2.50 to $3.50
Pumuking: raises $7.50 to $11
MaRKiToScoK: folds 
GoalieSchool: calls $7.50
*** FLOP *** [Qs 9c Qh]
Pumuking: bets $5.46
GoalieSchool: calls $5.46
*** TURN *** [Qs 9c Qh] [3h]
Pumuking: bets $13.50
GoalieSchool: raises $17.50 to $31
Pumuking: calls $17.50
*** RIVER *** [Qs 9c Qh 3h] [9h]
Pumuking: checks 
GoalieSchool: bets $28.10 and is all-in
Pumuking: calls $28.10
*** SHOW DOWN ***
GoalieSchool: shows [Ad Qc] (a full house, Queens full of Nines)
Pumuking: shows [Kd Kh] (two pair, Kings and Queens)
GoalieSchool collected $149.62 from pot
*** SUMMARY ***
Total pot $152.12 | Rake $2.50 
Board [Qs 9c Qh 3h 9h]
Seat 1: Cesquinhaa folded before Flop (didn't bet)
Seat 2: 50CandyJoe folded before Flop (didn't bet)
Seat 3: GoalieSchool (button) showed [Ad Qc] and won ($149.62) with a full house, Queens full of Nines
Seat 4: Pumuking (small blind) showed [Kd Kh] and lost with two pair, Kings and Queens
Seat 5: MaRKiToScoK (big blind) folded before Flop
Seat 6: sutata folded before Flop (didn't bet)



PokerStars Hand #254273997251:  Hold'em No Limit ($0.50/$1.00 USD) - 2025/01/09 4:27:12 WET [2025/01/08 23:27:12 ET]
Table 'Hirons II' 6-max Seat #4 is the button
Seat 1: Cesquinhaa ($52.90 in chips) 
Seat 2: 50CandyJoe ($120.49 in chips) 
Seat 3: GoalieSchool ($149.62 in chips) 
Seat 4: Pumuking ($100 in chips) 
Seat 5: MaRKiToScoK ($117.19 in chips) 
Seat 6: sutata ($102.50 in chips) 
MaRKiToScoK: posts small blind $0.50
sutata: posts big blind $1
*** HOLE CARDS ***
Cesquinhaa: folds 
50CandyJoe: folds 
GoalieSchool: raises $1.50 to $2.50
Pumuking: folds 
MaRKiToScoK: folds 
sutata: calls $1.50
*** FLOP *** [Th Qs 2d]
sutata: checks 
GoalieSchool: checks 
*** TURN *** [Th Qs 2d] [9d]
sutata: checks 
GoalieSchool: checks 
*** RIVER *** [Th Qs 2d 9d] [6h]
sutata: checks 
GoalieSchool: checks 
*** SHOW DOWN ***
sutata: shows [4s 2s] (a pair of Deuces)
GoalieSchool: shows [8d 8c] (a pair of Eights)
GoalieSchool collected $5.22 from pot
*** SUMMARY ***
Total pot $5.50 | Rake $0.28 
Board [Th Qs 2d 9d 6h]
Seat 1: Cesquinhaa folded before Flop (didn't bet)
Seat 2: 50CandyJoe folded before Flop (didn't bet)
Seat 3: GoalieSchool showed [8d 8c] and won ($5.22) with a pair of Eights
Seat 4: Pumuking (button) folded before Flop (didn't bet)
Seat 5: MaRKiToScoK (small blind) folded before Flop
Seat 6: sutata (big blind) showed [4s 2s] and lost with a pair of Deuces



PokerStars Hand #254274002707:  Hold'em No Limit ($0.50/$1.00 USD) - 2025/01/09 4:28:04 WET [2025/01/08 23:28:04 ET]
Table 'Hirons II' 6-max Seat #5 is the button
Seat 1: Cesquinhaa ($52.90 in chips) 
Seat 2: 50CandyJoe ($120.49 in chips) 
Seat 3: GoalieSchool ($152.34 in chips) 
Seat 4: Pumuking ($100 in chips) 
Seat 5: MaRKiToScoK ($116.69 in chips) 
Seat 6: sutata ($100 in chips) 
sutata: posts small blind $0.50
Cesquinhaa: posts big blind $1
*** HOLE CARDS ***
50CandyJoe: folds 
GoalieSchool: folds 
Pumuking: raises $1.25 to $2.25
MaRKiToScoK: folds 
sutata: folds 
Cesquinhaa: calls $1.25
*** FLOP *** [Jd 2s Qd]
Cesquinhaa: bets $2
Pumuking: raises $4.38 to $6.38
Cesquinhaa: folds 
Uncalled bet ($4.38) returned to Pumuking
Pumuking collected $8.55 from pot
Pumuking: doesn't show hand 
*** SUMMARY ***
Total pot $9 | Rake $0.45 
Board [Jd 2s Qd]
Seat 1: Cesquinhaa (big blind) folded on the Flop
Seat 2: 50CandyJoe folded before Flop (didn't bet)
Seat 3: GoalieSchool folded before Flop (didn't bet)
Seat 4: Pumuking collected ($8.55)
Seat 5: MaRKiToScoK (button) folded before Flop (didn't bet)
Seat 6: sutata (small blind) folded before Flop



