PokerStars Hand #254275725084:  Hold'em No Limit ($0.50/$1.00 USD) - 2025/01/09 10:12:00 WET [2025/01/09 5:12:00 ET]
Table 'Kresak II' 6-max Seat #5 is the button
Seat 1: NOTfishON ($100.50 in chips) is sitting out
Seat 4: JoeBlack_MS ($100 in chips) is sitting out
Seat 2: Aescul@pius ($198.50 in chips) 
Seat 3: gudrozd ($103.50 in chips) 
Seat 5: Emily_GetMan ($100 in chips) 
Seat 6: jeilsons ($100 in chips) 
jeilsons: posts small blind $0.50
NOTfishON: is sitting out 
Aescul@pius: posts big blind $1
JoeBlack_MS: sits out 
*** HOLE CARDS ***
gudrozd: folds 
Emily_GetMan: folds 
gudrozd leaves the table
jeilsons: raises $2 to $3
Aescul@pius: folds 
Uncalled bet ($2) returned to jeilsons
NOTfishON leaves the table
jeilsons collected $2 from pot
jeilsons: doesn't show hand 
*** SUMMARY ***
Total pot $2 | Rake $0 
Seat 1: NOTfishON
Seat 4: JoeBlack_MS
Seat 2: Aescul@pius (big blind) folded before Flop
Seat 3: gudrozd folded before Flop (didn't bet)
Seat 5: Emily_GetMan (button) folded before Flop (didn't bet)
Seat 6: jeilsons (small blind) collected ($2)



PokerStars Hand #254275726317:  Hold'em No Limit ($0.50/$1.00 USD) - 2025/01/09 10:12:12 WET [2025/01/09 5:12:12 ET]
Table 'Kresak II' 6-max Seat #6 is the button
Seat 2: Aescul@pius ($197.50 in chips) 
Seat 4: JoeBlack_MS ($100 in chips) 
Seat 5: Emily_GetMan ($100 in chips) 
Seat 6: jeilsons ($101 in chips) 
Aescul@pius: posts small blind $0.50
JoeBlack_MS: posts big blind $1
*** HOLE CARDS ***
Emily_GetMan: raises $1 to $2
jeilsons: folds 
Aescul@pius: folds 
JoeBlack_MS: calls $1
*** FLOP *** [9h 4h 4s]
JoeBlack_MS: checks 
Emily_GetMan: checks 
*** TURN *** [9h 4h 4s] [9s]
JoeBlack_MS: bets $4.50
Emily_GetMan: calls $4.50
*** RIVER *** [9h 4h 4s 9s] [6s]
JoeBlack_MS: bets $8
Emily_GetMan: calls $8
*** SHOW DOWN ***
JoeBlack_MS: shows [7s 5s] (a flush, Nine high)
Emily_GetMan: mucks hand 
JoeBlack_MS collected $28.50 from pot
*** SUMMARY ***
Total pot $29.50 | Rake $1 
Board [9h 4h 4s 9s 6s]
Seat 2: Aescul@pius (small blind) folded before Flop
Seat 4: JoeBlack_MS (big blind) showed [7s 5s] and won ($28.50) with a flush, Nine high
Seat 5: Emily_GetMan mucked
Seat 6: jeilsons (button) folded before Flop (didn't bet)



PokerStars Hand #254275730345:  Hold'em No Limit ($0.50/$1.00 USD) - 2025/01/09 10:12:49 WET [2025/01/09 5:12:49 ET]
Table 'Kresak II' 6-max Seat #2 is the button
Seat 5: Emily_GetMan ($100 in chips) is sitting out
Seat 2: Aescul@pius ($197 in chips) 
Seat 4: JoeBlack_MS ($114 in chips) 
Seat 6: jeilsons ($101 in chips) 
JoeBlack_MS: posts small blind $0.50
Emily_GetMan: is sitting out 
jeilsons: posts big blind $1
*** HOLE CARDS ***
Emily_GetMan leaves the table
Aescul@pius: raises $1.50 to $2.50
JoeBlack_MS: raises $8.50 to $11
jeilsons: folds 
Aescul@pius: folds 
Uncalled bet ($8.50) returned to JoeBlack_MS
JoeBlack_MS collected $6 from pot
JoeBlack_MS: doesn't show hand 
*** SUMMARY ***
Total pot $6 | Rake $0 
Seat 5: Emily_GetMan
Seat 2: Aescul@pius (button) folded before Flop
Seat 4: JoeBlack_MS (small blind) collected ($6)
Seat 6: jeilsons (big blind) folded before Flop



PokerStars Hand #254275732680:  Hold'em No Limit ($0.50/$1.00 USD) - 2025/01/09 10:13:11 WET [2025/01/09 5:13:11 ET]
Table 'Kresak II' 6-max Seat #4 is the button
Seat 2: Aescul@pius ($194.50 in chips) 
Seat 4: JoeBlack_MS ($117.50 in chips) 
Seat 6: jeilsons ($100 in chips) 
jeilsons: posts small blind $0.50
Aescul@pius: posts big blind $1
*** HOLE CARDS ***
JoeBlack_MS: folds 
jeilsons: folds 
Uncalled bet ($0.50) returned to Aescul@pius
Aescul@pius collected $1 from pot
Aescul@pius: doesn't show hand 
*** SUMMARY ***
Total pot $1 | Rake $0 
Seat 2: Aescul@pius (big blind) collected ($1)
Seat 4: JoeBlack_MS (button) folded before Flop (didn't bet)
Seat 6: jeilsons (small blind) folded before Flop



PokerStars Hand #254275734274:  Hold'em No Limit ($0.50/$1.00 USD) - 2025/01/09 10:13:26 WET [2025/01/09 5:13:26 ET]
Table 'Kresak II' 6-max Seat #6 is the button
Seat 2: Aescul@pius ($195 in chips) 
Seat 4: JoeBlack_MS ($117.50 in chips) 
Seat 6: jeilsons ($100 in chips) 
Aescul@pius: posts small blind $0.50
JoeBlack_MS: posts big blind $1
*** HOLE CARDS ***
jeilsons: folds 
Aescul@pius: folds 
Uncalled bet ($0.50) returned to JoeBlack_MS
JoeBlack_MS collected $1 from pot
JoeBlack_MS: doesn't show hand 
*** SUMMARY ***
Total pot $1 | Rake $0 
Seat 2: Aescul@pius (small blind) folded before Flop
Seat 4: JoeBlack_MS (big blind) collected ($1)
Seat 6: jeilsons (button) folded before Flop (didn't bet)



PokerStars Hand #254275735202:  Hold'em No Limit ($0.50/$1.00 USD) - 2025/01/09 10:13:34 WET [2025/01/09 5:13:34 ET]
Table 'Kresak II' 6-max Seat #2 is the button
Seat 2: Aescul@pius ($194.50 in chips) 
Seat 4: JoeBlack_MS ($118 in chips) 
Seat 6: jeilsons ($100 in chips) 
JoeBlack_MS: posts small blind $0.50
jeilsons: posts big blind $1
*** HOLE CARDS ***
Aescul@pius: folds 
JoeBlack_MS: raises $2 to $3
jeilsons: calls $2
*** FLOP *** [2d 4s 5h]
JoeBlack_MS: checks 
jeilsons: checks 
*** TURN *** [2d 4s 5h] [9h]
JoeBlack_MS: bets $4.28
jeilsons: calls $4.28
*** RIVER *** [2d 4s 5h 9h] [5d]
JoeBlack_MS: checks 
jeilsons: checks 
*** SHOW DOWN ***
JoeBlack_MS: shows [9c 7c] (two pair, Nines and Fives)
jeilsons: mucks hand 
JoeBlack_MS collected $13.83 from pot
*** SUMMARY ***
Total pot $14.56 | Rake $0.73 
Board [2d 4s 5h 9h 5d]
Seat 2: Aescul@pius (button) folded before Flop (didn't bet)
Seat 4: JoeBlack_MS (small blind) showed [9c 7c] and won ($13.83) with two pair, Nines and Fives
Seat 6: jeilsons (big blind) mucked



PokerStars Hand #254275741057:  Hold'em No Limit ($0.50/$1.00 USD) - 2025/01/09 10:14:29 WET [2025/01/09 5:14:29 ET]
Table 'Kresak II' 6-max Seat #4 is the button
Seat 2: Aescul@pius ($194.50 in chips) 
Seat 4: JoeBlack_MS ($124.55 in chips) 
Seat 6: jeilsons ($100 in chips) 
jeilsons: posts small blind $0.50
Aescul@pius: posts big blind $1
*** HOLE CARDS ***
JoeBlack_MS: folds 
jeilsons: raises $2 to $3
Aescul@pius: folds 
Uncalled bet ($2) returned to jeilsons
jeilsons collected $2 from pot
jeilsons: doesn't show hand 
*** SUMMARY ***
Total pot $2 | Rake $0 
Seat 2: Aescul@pius (big blind) folded before Flop
Seat 4: JoeBlack_MS (button) folded before Flop (didn't bet)
Seat 6: jeilsons (small blind) collected ($2)



PokerStars Hand #254275742348:  Hold'em No Limit ($0.50/$1.00 USD) - 2025/01/09 10:14:41 WET [2025/01/09 5:14:41 ET]
Table 'Kresak II' 6-max Seat #2 is the button
Seat 4: JoeBlack_MS ($124.55 in chips) is sitting out
Seat 2: Aescul@pius ($193.50 in chips) 
Seat 6: jeilsons ($101 in chips) 
Aescul@pius: posts small blind $0.50
JoeBlack_MS: is sitting out 
jeilsons: posts big blind $1
*** HOLE CARDS ***
JoeBlack_MS leaves the table
Aescul@pius: folds 
Uncalled bet ($0.50) returned to jeilsons
jeilsons collected $1 from pot
jeilsons: doesn't show hand 
*** SUMMARY ***
Total pot $1 | Rake $0 
Seat 4: JoeBlack_MS
Seat 2: Aescul@pius (button) (small blind) folded before Flop
Seat 6: jeilsons (big blind) collected ($1)



