PokerStars Hand #254274568169:  Hold'em No Limit ($0.50/$1.00 USD) - 2025/01/09 6:17:19 WET [2025/01/09 1:17:19 ET]
Table 'Wempe II' 6-max Seat #4 is the button
Seat 2: nastja336 ($100 in chips) is sitting out
Seat 1: zizizib ($107.67 in chips) 
Seat 3: Fold Your Cats ($100 in chips) 
Seat 4: DL1B ($100 in chips) 
Seat 5: ontilt_sean ($65.65 in chips) 
Seat 6: nickreason17 ($100 in chips) 
ontilt_sean: posts small blind $0.50
nickreason17: posts big blind $1
nastja336: sits out 
*** HOLE CARDS ***
zizizib: raises $1.10 to $2.10
Fold Your Cats: folds 
DL1B: calls $2.10
ontilt_sean: folds 
nickreason17: calls $1.10
*** FLOP *** [2d 7s 4s]
nickreason17: checks 
zizizib: checks 
DL1B: bets $2.13
nickreason17: folds 
zizizib: raises $8.04 to $10.17
DL1B: calls $8.04
*** TURN *** [2d 7s 4s] [Jh]
zizizib: bets $25.78
DL1B: calls $25.78
*** RIVER *** [2d 7s 4s Jh] [8c]
zizizib: bets $69.62 and is all-in
DL1B: calls $61.95 and is all-in
Uncalled bet ($7.67) returned to zizizib
*** SHOW DOWN ***
zizizib: shows [4h 4c] (three of a kind, Fours)
DL1B: shows [7h 7d] (three of a kind, Sevens)
DL1B collected $200.10 from pot
*** SUMMARY ***
Total pot $202.60 | Rake $2.50 
Board [2d 7s 4s Jh 8c]
Seat 2: nastja336
Seat 1: zizizib showed [4h 4c] and lost with three of a kind, Fours
Seat 3: Fold Your Cats folded before Flop (didn't bet)
Seat 4: DL1B (button) showed [7h 7d] and won ($200.10) with three of a kind, Sevens
Seat 5: ontilt_sean (small blind) folded before Flop
Seat 6: nickreason17 (big blind) folded on the Flop



PokerStars Hand #254274577304:  Hold'em No Limit ($0.50/$1.00 USD) - 2025/01/09 6:19:17 WET [2025/01/09 1:19:17 ET]
Table 'Wempe II' 6-max Seat #5 is the button
Seat 2: nastja336 ($100 in chips) is sitting out
Seat 1: zizizib ($100 in chips) 
Seat 3: Fold Your Cats ($100 in chips) 
Seat 4: DL1B ($200.10 in chips) 
Seat 5: ontilt_sean ($65.15 in chips) 
Seat 6: nickreason17 ($100 in chips) 
nickreason17: posts small blind $0.50
zizizib: posts big blind $1
nastja336: sits out 
*** HOLE CARDS ***
Fold Your Cats: raises $1.50 to $2.50
DL1B: folds 
ontilt_sean: folds 
nickreason17: folds 
zizizib: folds 
Uncalled bet ($1.50) returned to Fold Your Cats
Fold Your Cats collected $2.50 from pot
Fold Your Cats: doesn't show hand 
*** SUMMARY ***
Total pot $2.50 | Rake $0 
Seat 2: nastja336
Seat 1: zizizib (big blind) folded before Flop
Seat 3: Fold Your Cats collected ($2.50)
Seat 4: DL1B folded before Flop (didn't bet)
Seat 5: ontilt_sean (button) folded before Flop (didn't bet)
Seat 6: nickreason17 (small blind) folded before Flop



PokerStars Hand #254274578715:  Hold'em No Limit ($0.50/$1.00 USD) - 2025/01/09 6:19:35 WET [2025/01/09 1:19:35 ET]
Table 'Wempe II' 6-max Seat #6 is the button
Seat 1: zizizib ($100 in chips) 
Seat 2: nastja336 ($100 in chips) 
Seat 3: Fold Your Cats ($101.50 in chips) 
Seat 4: DL1B ($200.10 in chips) 
Seat 5: ontilt_sean ($65.15 in chips) 
Seat 6: nickreason17 ($100 in chips) 
zizizib: posts small blind $0.50
nastja336: posts big blind $1
*** HOLE CARDS ***
Fold Your Cats: folds 
DL1B: folds 
ontilt_sean has timed out
ontilt_sean: folds 
nickreason17: raises $1.50 to $2.50
zizizib: folds 
nastja336: folds 
Uncalled bet ($1.50) returned to nickreason17
nickreason17 collected $2.50 from pot
nickreason17: doesn't show hand 
*** SUMMARY ***
Total pot $2.50 | Rake $0 
Seat 1: zizizib (small blind) folded before Flop
Seat 2: nastja336 (big blind) folded before Flop
Seat 3: Fold Your Cats folded before Flop (didn't bet)
Seat 4: DL1B folded before Flop (didn't bet)
Seat 5: ontilt_sean folded before Flop (didn't bet)
Seat 6: nickreason17 (button) collected ($2.50)



PokerStars Hand #254274582055:  Hold'em No Limit ($0.50/$1.00 USD) - 2025/01/09 6:20:18 WET [2025/01/09 1:20:18 ET]
Table 'Wempe II' 6-max Seat #1 is the button
Seat 1: zizizib ($100 in chips) 
Seat 2: nastja336 ($100 in chips) 
Seat 3: Fold Your Cats ($101.50 in chips) 
Seat 4: DL1B ($200.10 in chips) 
Seat 5: ontilt_sean ($65.15 in chips) 
Seat 6: nickreason17 ($101.50 in chips) 
nastja336: posts small blind $0.50
Fold Your Cats: posts big blind $1
*** HOLE CARDS ***
DL1B: folds 
ontilt_sean: raises $2 to $3
nickreason17: folds 
zizizib: folds 
nastja336: folds 
Fold Your Cats: folds 
Uncalled bet ($2) returned to ontilt_sean
ontilt_sean collected $2.50 from pot
*** SUMMARY ***
Total pot $2.50 | Rake $0 
Seat 1: zizizib (button) folded before Flop (didn't bet)
Seat 2: nastja336 (small blind) folded before Flop
Seat 3: Fold Your Cats (big blind) folded before Flop
Seat 4: DL1B folded before Flop (didn't bet)
Seat 5: ontilt_sean collected ($2.50)
Seat 6: nickreason17 folded before Flop (didn't bet)



PokerStars Hand #254274583684:  Hold'em No Limit ($0.50/$1.00 USD) - 2025/01/09 6:20:39 WET [2025/01/09 1:20:39 ET]
Table 'Wempe II' 6-max Seat #2 is the button
Seat 1: zizizib ($100 in chips) 
Seat 2: nastja336 ($100 in chips) 
Seat 3: Fold Your Cats ($100.50 in chips) 
Seat 4: DL1B ($200.10 in chips) 
Seat 5: ontilt_sean ($66.65 in chips) 
Seat 6: nickreason17 ($101.50 in chips) 
Fold Your Cats: posts small blind $0.50
DL1B: posts big blind $1
*** HOLE CARDS ***
ontilt_sean: folds 
nickreason17: folds 
zizizib: folds 
nastja336: raises $1.50 to $2.50
Fold Your Cats: folds 
DL1B: folds 
Uncalled bet ($1.50) returned to nastja336
nastja336 collected $2.50 from pot
nastja336: doesn't show hand 
*** SUMMARY ***
Total pot $2.50 | Rake $0 
Seat 1: zizizib folded before Flop (didn't bet)
Seat 2: nastja336 (button) collected ($2.50)
Seat 3: Fold Your Cats (small blind) folded before Flop
Seat 4: DL1B (big blind) folded before Flop
Seat 5: ontilt_sean folded before Flop (didn't bet)
Seat 6: nickreason17 folded before Flop (didn't bet)



PokerStars Hand #254274585476:  Hold'em No Limit ($0.50/$1.00 USD) - 2025/01/09 6:21:02 WET [2025/01/09 1:21:02 ET]
Table 'Wempe II' 6-max Seat #3 is the button
Seat 1: zizizib ($100 in chips) 
Seat 2: nastja336 ($101.50 in chips) 
Seat 3: Fold Your Cats ($100 in chips) 
Seat 4: DL1B ($199.10 in chips) 
Seat 5: ontilt_sean ($66.65 in chips) 
Seat 6: nickreason17 ($101.50 in chips) 
DL1B: posts small blind $0.50
ontilt_sean: posts big blind $1
*** HOLE CARDS ***
nickreason17: raises $1.25 to $2.25
zizizib: folds 
nastja336: folds 
Fold Your Cats: folds 
DL1B: folds 
ontilt_sean: folds 
Uncalled bet ($1.25) returned to nickreason17
nickreason17 collected $2.50 from pot
nickreason17: doesn't show hand 
*** SUMMARY ***
Total pot $2.50 | Rake $0 
Seat 1: zizizib folded before Flop (didn't bet)
Seat 2: nastja336 folded before Flop (didn't bet)
Seat 3: Fold Your Cats (button) folded before Flop (didn't bet)
Seat 4: DL1B (small blind) folded before Flop
Seat 5: ontilt_sean (big blind) folded before Flop
Seat 6: nickreason17 collected ($2.50)



PokerStars Hand #254274587737:  Hold'em No Limit ($0.50/$1.00 USD) - 2025/01/09 6:21:31 WET [2025/01/09 1:21:31 ET]
Table 'Wempe II' 6-max Seat #4 is the button
Seat 1: zizizib ($100 in chips) 
Seat 2: nastja336 ($101.50 in chips) 
Seat 3: Fold Your Cats ($100 in chips) 
Seat 4: DL1B ($198.60 in chips) 
Seat 5: ontilt_sean ($65.65 in chips) 
Seat 6: nickreason17 ($103 in chips) 
ontilt_sean: posts small blind $0.50
nickreason17: posts big blind $1
*** HOLE CARDS ***
zizizib: folds 
nastja336: folds 
nastja336 leaves the table
Fold Your Cats: folds 
DL1B: folds 
ontilt_sean: folds 
Uncalled bet ($0.50) returned to nickreason17
nickreason17 collected $1 from pot
nickreason17: doesn't show hand 
*** SUMMARY ***
Total pot $1 | Rake $0 
Seat 1: zizizib folded before Flop (didn't bet)
Seat 2: nastja336 folded before Flop (didn't bet)
Seat 3: Fold Your Cats folded before Flop (didn't bet)
Seat 4: DL1B (button) folded before Flop (didn't bet)
Seat 5: ontilt_sean (small blind) folded before Flop
Seat 6: nickreason17 (big blind) collected ($1)



PokerStars Hand #254274588881:  Hold'em No Limit ($0.50/$1.00 USD) - 2025/01/09 6:21:46 WET [2025/01/09 1:21:46 ET]
Table 'Wempe II' 6-max Seat #5 is the button
Seat 1: zizizib ($100 in chips) 
Seat 3: Fold Your Cats ($100 in chips) 
Seat 4: DL1B ($198.60 in chips) 
Seat 5: ontilt_sean ($65.15 in chips) 
Seat 6: nickreason17 ($103.50 in chips) 
nickreason17: posts small blind $0.50
zizizib: posts big blind $1
*** HOLE CARDS ***
Fold Your Cats: folds 
DL1B: raises $1.50 to $2.50
ontilt_sean: folds 
nickreason17: folds 
zizizib: folds 
Uncalled bet ($1.50) returned to DL1B
DL1B collected $2.50 from pot
DL1B: doesn't show hand 
*** SUMMARY ***
Total pot $2.50 | Rake $0 
Seat 1: zizizib (big blind) folded before Flop
Seat 3: Fold Your Cats folded before Flop (didn't bet)
Seat 4: DL1B collected ($2.50)
Seat 5: ontilt_sean (button) folded before Flop (didn't bet)
Seat 6: nickreason17 (small blind) folded before Flop



PokerStars Hand #254274590051:  Hold'em No Limit ($0.50/$1.00 USD) - 2025/01/09 6:22:01 WET [2025/01/09 1:22:01 ET]
Table 'Wempe II' 6-max Seat #6 is the button
Seat 1: zizizib ($100 in chips) 
Seat 3: Fold Your Cats ($100 in chips) 
Seat 4: DL1B ($200.10 in chips) 
Seat 5: ontilt_sean ($65.15 in chips) 
Seat 6: nickreason17 ($103 in chips) 
zizizib: posts small blind $0.50
Fold Your Cats: posts big blind $1
*** HOLE CARDS ***
jeilsons joins the table at seat #2 
DL1B: raises $1 to $2
ontilt_sean: calls $2
nickreason17: folds 
zizizib: folds 
Fold Your Cats: folds 
*** FLOP *** [5h 3s 3c]
DL1B: bets $1.72
ontilt_sean: raises $4.33 to $6.05
DL1B: folds 
Uncalled bet ($4.33) returned to ontilt_sean
ontilt_sean collected $8.49 from pot
*** SUMMARY ***
Total pot $8.94 | Rake $0.45 
Board [5h 3s 3c]
Seat 1: zizizib (small blind) folded before Flop
Seat 3: Fold Your Cats (big blind) folded before Flop
Seat 4: DL1B folded on the Flop
Seat 5: ontilt_sean collected ($8.49)
Seat 6: nickreason17 (button) folded before Flop (didn't bet)



PokerStars Hand #254274592634:  Hold'em No Limit ($0.50/$1.00 USD) - 2025/01/09 6:22:34 WET [2025/01/09 1:22:34 ET]
Table 'Wempe II' 6-max Seat #1 is the button
Seat 2: jeilsons ($100 in chips) is sitting out
Seat 4: DL1B ($196.38 in chips) is sitting out
Seat 1: zizizib ($100 in chips) 
Seat 3: Fold Your Cats ($100 in chips) 
Seat 5: ontilt_sean ($69.92 in chips) 
Seat 6: nickreason17 ($103 in chips) 
Fold Your Cats: posts small blind $0.50
ontilt_sean: posts big blind $1
*** HOLE CARDS ***
nickreason17: folds 
zizizib: folds 
Fold Your Cats: folds 
Uncalled bet ($0.50) returned to ontilt_sean
ontilt_sean collected $1 from pot
*** SUMMARY ***
Total pot $1 | Rake $0 
Seat 2: jeilsons
Seat 4: DL1B
Seat 1: zizizib (button) folded before Flop (didn't bet)
Seat 3: Fold Your Cats (small blind) folded before Flop
Seat 5: ontilt_sean (big blind) collected ($1)
Seat 6: nickreason17 folded before Flop (didn't bet)



PokerStars Hand #254274593200:  Hold'em No Limit ($0.50/$1.00 USD) - 2025/01/09 6:22:42 WET [2025/01/09 1:22:42 ET]
Table 'Wempe II' 6-max Seat #3 is the button
Seat 2: jeilsons ($100 in chips) is sitting out
Seat 4: DL1B ($196.38 in chips) is sitting out
Seat 1: zizizib ($100 in chips) 
Seat 3: Fold Your Cats ($100 in chips) 
Seat 5: ontilt_sean ($70.42 in chips) 
Seat 6: nickreason17 ($103 in chips) 
ontilt_sean: posts small blind $0.50
nickreason17: posts big blind $1
jeilsons: sits out 
*** HOLE CARDS ***
zizizib: folds 
Fold Your Cats: folds 
ontilt_sean: folds 
Uncalled bet ($0.50) returned to nickreason17
nickreason17 collected $1 from pot
nickreason17: doesn't show hand 
*** SUMMARY ***
Total pot $1 | Rake $0 
Seat 2: jeilsons
Seat 4: DL1B
Seat 1: zizizib folded before Flop (didn't bet)
Seat 3: Fold Your Cats (button) folded before Flop (didn't bet)
Seat 5: ontilt_sean (small blind) folded before Flop
Seat 6: nickreason17 (big blind) collected ($1)



PokerStars Hand #254274594300:  Hold'em No Limit ($0.50/$1.00 USD) - 2025/01/09 6:22:56 WET [2025/01/09 1:22:56 ET]
Table 'Wempe II' 6-max Seat #5 is the button
Seat 2: jeilsons ($100 in chips) is sitting out
Seat 4: DL1B ($196.38 in chips) is sitting out
Seat 1: zizizib ($100 in chips) 
Seat 3: Fold Your Cats ($100 in chips) 
Seat 5: ontilt_sean ($69.92 in chips) 
Seat 6: nickreason17 ($103.50 in chips) 
nickreason17: posts small blind $0.50
zizizib: posts big blind $1
jeilsons: sits out 
*** HOLE CARDS ***
Fold Your Cats: folds 
ontilt_sean has timed out
ontilt_sean: folds 
nickreason17: raises $2 to $3
zizizib: calls $2
*** FLOP *** [2d Jc 8s]
nickreason17: checks 
zizizib: bets $4.28
nickreason17: folds 
Uncalled bet ($4.28) returned to zizizib
zizizib collected $5.70 from pot
zizizib: doesn't show hand 
*** SUMMARY ***
Total pot $6 | Rake $0.30 
Board [2d Jc 8s]
Seat 2: jeilsons
Seat 4: DL1B
Seat 1: zizizib (big blind) collected ($5.70)
Seat 3: Fold Your Cats folded before Flop (didn't bet)
Seat 5: ontilt_sean (button) folded before Flop (didn't bet)
Seat 6: nickreason17 (small blind) folded on the Flop



PokerStars Hand #254274598140:  Hold'em No Limit ($0.50/$1.00 USD) - 2025/01/09 6:23:46 WET [2025/01/09 1:23:46 ET]
Table 'Wempe II' 6-max Seat #6 is the button
Seat 4: DL1B ($196.38 in chips) is sitting out
Seat 1: zizizib ($102.70 in chips) 
Seat 2: jeilsons ($100 in chips) 
Seat 3: Fold Your Cats ($100 in chips) 
Seat 5: ontilt_sean ($69.92 in chips) 
Seat 6: nickreason17 ($100.50 in chips) 
zizizib: posts small blind $0.50
jeilsons: posts big blind $1
*** HOLE CARDS ***
Fold Your Cats: folds 
ontilt_sean: folds 
nickreason17: folds 
zizizib: raises $2 to $3
ontilt_sean leaves the table
jeilsons: calls $2
*** FLOP *** [Ac 8d 5c]
zizizib: checks 
jeilsons: checks 
*** TURN *** [Ac 8d 5c] [3c]
MaRKiToScoK joins the table at seat #5 
zizizib: checks 
jeilsons: checks 
*** RIVER *** [Ac 8d 5c 3c] [Th]
zizizib: checks 
jeilsons: bets $4.27
zizizib: folds 
Uncalled bet ($4.27) returned to jeilsons
jeilsons collected $5.70 from pot
jeilsons: doesn't show hand 
*** SUMMARY ***
Total pot $6 | Rake $0.30 
Board [Ac 8d 5c 3c Th]
Seat 4: DL1B
Seat 1: zizizib (small blind) folded on the River
Seat 2: jeilsons (big blind) collected ($5.70)
Seat 3: Fold Your Cats folded before Flop (didn't bet)
Seat 5: ontilt_sean folded before Flop (didn't bet)
Seat 6: nickreason17 (button) folded before Flop (didn't bet)



PokerStars Hand #254274600366:  Hold'em No Limit ($0.50/$1.00 USD) - 2025/01/09 6:24:16 WET [2025/01/09 1:24:16 ET]
Table 'Wempe II' 6-max Seat #1 is the button
Seat 3: Fold Your Cats ($100 in chips) is sitting out
Seat 4: DL1B ($196.38 in chips) is sitting out
Seat 1: zizizib ($100 in chips) 
Seat 2: jeilsons ($102.70 in chips) 
Seat 5: MaRKiToScoK ($100 in chips) 
Seat 6: nickreason17 ($100.50 in chips) 
jeilsons: posts small blind $0.50
Fold Your Cats: is sitting out 
MaRKiToScoK: posts big blind $1
*** HOLE CARDS ***
nickreason17: raises $1.25 to $2.25
zizizib: folds 
Fold Your Cats leaves the table
jeilsons: folds 
MaRKiToScoK: calls $1.25
*** FLOP *** [5c 3h As]
MaRKiToScoK: checks 
nickreason17: bets $1.43
socito joins the table at seat #3 
MaRKiToScoK: folds 
Uncalled bet ($1.43) returned to nickreason17
nickreason17 collected $4.75 from pot
nickreason17: doesn't show hand 
*** SUMMARY ***
Total pot $5 | Rake $0.25 
Board [5c 3h As]
Seat 3: Fold Your Cats
Seat 4: DL1B
Seat 1: zizizib (button) folded before Flop (didn't bet)
Seat 2: jeilsons (small blind) folded before Flop
Seat 5: MaRKiToScoK (big blind) folded on the Flop
Seat 6: nickreason17 collected ($4.75)



PokerStars Hand #254274601794:  Hold'em No Limit ($0.50/$1.00 USD) - 2025/01/09 6:24:35 WET [2025/01/09 1:24:35 ET]
Table 'Wempe II' 6-max Seat #5 is the button
Seat 1: zizizib ($100 in chips) is sitting out
Seat 3: socito ($100 in chips) is sitting out
Seat 4: DL1B ($196.38 in chips) is sitting out
Seat 6: nickreason17 ($103 in chips) is sitting out
Seat 2: jeilsons ($102.20 in chips) 
Seat 5: MaRKiToScoK ($100 in chips) 
MaRKiToScoK: posts small blind $0.50
zizizib: is sitting out 
jeilsons: posts big blind $1
*** HOLE CARDS ***
nickreason17 leaves the table
zizizib leaves the table
MaRKiToScoK: folds 
Uncalled bet ($0.50) returned to jeilsons
jeilsons collected $1 from pot
jeilsons: doesn't show hand 
*** SUMMARY ***
Total pot $1 | Rake $0 
Seat 1: zizizib
Seat 3: socito
Seat 4: DL1B
Seat 6: nickreason17
Seat 2: jeilsons (big blind) collected ($1)
Seat 5: MaRKiToScoK (button) (small blind) folded before Flop



PokerStars Hand #254274602754:  Hold'em No Limit ($0.50/$1.00 USD) - 2025/01/09 6:24:47 WET [2025/01/09 1:24:47 ET]
Table 'Wempe II' 6-max Seat #5 is the button
Seat 4: DL1B ($196.38 in chips) is sitting out
Seat 2: jeilsons ($102.70 in chips) 
Seat 3: socito ($100 in chips) 
Seat 5: MaRKiToScoK ($100 in chips) 
jeilsons: posts small blind $0.50
socito: posts big blind $1
*** HOLE CARDS ***
MaRKiToScoK: raises $1.50 to $2.50
jeilsons: folds 
socito: folds 
Uncalled bet ($1.50) returned to MaRKiToScoK
MaRKiToScoK collected $2.50 from pot
*** SUMMARY ***
Total pot $2.50 | Rake $0 
Seat 4: DL1B
Seat 2: jeilsons (small blind) folded before Flop
Seat 3: socito (big blind) folded before Flop
Seat 5: MaRKiToScoK (button) collected ($2.50)



PokerStars Hand #254274605336:  Hold'em No Limit ($0.50/$1.00 USD) - 2025/01/09 6:25:21 WET [2025/01/09 1:25:21 ET]
Table 'Wempe II' 6-max Seat #2 is the button
Seat 4: DL1B ($196.38 in chips) is sitting out
Seat 2: jeilsons ($102.20 in chips) 
Seat 3: socito ($100 in chips) 
Seat 5: MaRKiToScoK ($101.50 in chips) 
socito: posts small blind $0.50
MaRKiToScoK: posts big blind $1
*** HOLE CARDS ***
jeilsons: raises $1.50 to $2.50
socito: folds 
MaRKiToScoK: calls $1.50
*** FLOP *** [6c 7h 6d]
MaRKiToScoK: checks 
jeilsons: bets $1.36
MaRKiToScoK: folds 
Uncalled bet ($1.36) returned to jeilsons
jeilsons collected $5.22 from pot
jeilsons: doesn't show hand 
*** SUMMARY ***
Total pot $5.50 | Rake $0.28 
Board [6c 7h 6d]
Seat 4: DL1B
Seat 2: jeilsons (button) collected ($5.22)
Seat 3: socito (small blind) folded before Flop
Seat 5: MaRKiToScoK (big blind) folded on the Flop



PokerStars Hand #254274650065:  Hold'em No Limit ($0.50/$1.00 USD) - 2025/01/09 6:35:16 WET [2025/01/09 1:35:16 ET]
Table 'Wempe II' 6-max Seat #3 is the button
Seat 2: travmagav ($88.55 in chips) 
Seat 3: nickreason17 ($103 in chips) 
nickreason17: posts small blind $0.50
travmagav: posts big blind $1
*** HOLE CARDS ***
nickreason17: raises $1 to $2
travmagav: calls $1
*** FLOP *** [Qd Ah 7d]
travmagav: checks 
nickreason17: bets $1.14
travmagav: calls $1.14
*** TURN *** [Qd Ah 7d] [Qs]
travmagav: checks 
nickreason17: checks 
*** RIVER *** [Qd Ah 7d Qs] [Tc]
travmagav: checks 
nickreason17: bets $4.48
travmagav: raises $14.93 to $19.41
nickreason17: folds 
Uncalled bet ($14.93) returned to travmagav
travmagav collected $14.48 from pot
*** SUMMARY ***
Total pot $15.24 | Rake $0.76 
Board [Qd Ah 7d Qs Tc]
Seat 2: travmagav (big blind) collected ($14.48)
Seat 3: nickreason17 (button) (small blind) folded on the River



PokerStars Hand #254274652835:  Hold'em No Limit ($0.50/$1.00 USD) - 2025/01/09 6:35:52 WET [2025/01/09 1:35:52 ET]
Table 'Wempe II' 6-max Seat #2 is the button
Seat 2: travmagav ($95.41 in chips) 
Seat 3: nickreason17 ($100 in chips) 
travmagav: posts small blind $0.50
nickreason17: posts big blind $1
*** HOLE CARDS ***
travmagav: calls $0.50
nickreason17: checks 
*** FLOP *** [5d 7d Qh]
nickreason17: checks 
travmagav: checks 
*** TURN *** [5d 7d Qh] [7c]
$triker_BLR joins the table at seat #4 
nickreason17: checks 
travmagav: checks 
*** RIVER *** [5d 7d Qh 7c] [8s]
nickreason17: bets $1
travmagav: calls $1
*** SHOW DOWN ***
nickreason17: shows [5s 8c] (two pair, Eights and Sevens)
travmagav: mucks hand 
nickreason17 collected $3.80 from pot
*** SUMMARY ***
Total pot $4 | Rake $0.20 
Board [5d 7d Qh 7c 8s]
Seat 2: travmagav (button) (small blind) mucked
Seat 3: nickreason17 (big blind) showed [5s 8c] and won ($3.80) with two pair, Eights and Sevens



PokerStars Hand #254274654536:  Hold'em No Limit ($0.50/$1.00 USD) - 2025/01/09 6:36:15 WET [2025/01/09 1:36:15 ET]
Table 'Wempe II' 6-max Seat #2 is the button
Seat 2: travmagav ($93.41 in chips) 
Seat 3: nickreason17 ($101.80 in chips) 
Seat 4: $triker_BLR ($100 in chips) 
nickreason17: posts small blind $0.50
$triker_BLR: posts big blind $1
*** HOLE CARDS ***
travmagav: raises $3 to $4
nickreason17: folds 
$triker_BLR: folds 
Uncalled bet ($3) returned to travmagav
travmagav collected $2.50 from pot
*** SUMMARY ***
Total pot $2.50 | Rake $0 
Seat 2: travmagav (button) collected ($2.50)
Seat 3: nickreason17 (small blind) folded before Flop
Seat 4: $triker_BLR (big blind) folded before Flop



PokerStars Hand #254274655524:  Hold'em No Limit ($0.50/$1.00 USD) - 2025/01/09 6:36:28 WET [2025/01/09 1:36:28 ET]
Table 'Wempe II' 6-max Seat #3 is the button
Seat 2: travmagav ($94.91 in chips) 
Seat 3: nickreason17 ($101.30 in chips) 
Seat 4: $triker_BLR ($100 in chips) 
$triker_BLR: posts small blind $0.50
travmagav: posts big blind $1
*** HOLE CARDS ***
nickreason17: raises $1.50 to $2.50
$triker_BLR: folds 
travmagav: calls $1.50
*** FLOP *** [Ad 5d 9h]
travmagav: checks 
nickreason17: checks 
*** TURN *** [Ad 5d 9h] [4s]
travmagav: checks 
nickreason17: bets $3.50
travmagav: folds 
Uncalled bet ($3.50) returned to nickreason17
nickreason17 collected $5.22 from pot
nickreason17: doesn't show hand 
*** SUMMARY ***
Total pot $5.50 | Rake $0.28 
Board [Ad 5d 9h 4s]
Seat 2: travmagav (big blind) folded on the Turn
Seat 3: nickreason17 (button) collected ($5.22)
Seat 4: $triker_BLR (small blind) folded before Flop



PokerStars Hand #254274657344:  Hold'em No Limit ($0.50/$1.00 USD) - 2025/01/09 6:36:54 WET [2025/01/09 1:36:54 ET]
Table 'Wempe II' 6-max Seat #4 is the button
Seat 2: travmagav ($92.41 in chips) 
Seat 3: nickreason17 ($104.02 in chips) 
Seat 4: $triker_BLR ($100 in chips) 
travmagav: posts small blind $0.50
nickreason17: posts big blind $1
*** HOLE CARDS ***
$triker_BLR: folds 
travmagav: calls $0.50
nickreason17: checks 
*** FLOP *** [9s 2d 3h]
travmagav: checks 
nickreason17: bets $1
travmagav: calls $1
*** TURN *** [9s 2d 3h] [7d]
travmagav: checks 
nickreason17: bets $3
travmagav: calls $3
*** RIVER *** [9s 2d 3h 7d] [Kd]
travmagav: checks 
nickreason17: bets $7.13
travmagav: calls $7.13
*** SHOW DOWN ***
nickreason17: shows [8s Jc] (high card King)
travmagav: shows [7s Js] (a pair of Sevens)
travmagav collected $23.26 from pot
*** SUMMARY ***
Total pot $24.26 | Rake $1 
Board [9s 2d 3h 7d Kd]
Seat 2: travmagav (small blind) showed [7s Js] and won ($23.26) with a pair of Sevens
Seat 3: nickreason17 (big blind) showed [8s Jc] and lost with high card King
Seat 4: $triker_BLR (button) folded before Flop (didn't bet)



PokerStars Hand #254274659878:  Hold'em No Limit ($0.50/$1.00 USD) - 2025/01/09 6:37:28 WET [2025/01/09 1:37:28 ET]
Table 'Wempe II' 6-max Seat #2 is the button
Seat 2: travmagav ($103.54 in chips) 
Seat 3: nickreason17 ($100 in chips) 
Seat 4: $triker_BLR ($100 in chips) 
nickreason17: posts small blind $0.50
$triker_BLR: posts big blind $1
*** HOLE CARDS ***
MaRKiToScoK joins the table at seat #5 
travmagav: raises $2 to $3
nickreason17: folds 
$triker_BLR: calls $2
*** FLOP *** [9d Th 7d]
$triker_BLR: checks 
Melenya joins the table at seat #6 
travmagav: bets $6.18
$triker_BLR: calls $6.18
*** TURN *** [9d Th 7d] [Qs]
$triker_BLR: checks 
travmagav: bets $17.92
nastja336 joins the table at seat #1 
$triker_BLR: raises $72.90 to $90.82 and is all-in
travmagav: folds 
Uncalled bet ($72.90) returned to $triker_BLR
$triker_BLR collected $53.70 from pot
$triker_BLR: doesn't show hand 
*** SUMMARY ***
Total pot $54.70 | Rake $1 
Board [9d Th 7d Qs]
Seat 2: travmagav (button) folded on the Turn
Seat 3: nickreason17 (small blind) folded before Flop
Seat 4: $triker_BLR (big blind) collected ($53.70)



PokerStars Hand #254274663974:  Hold'em No Limit ($0.50/$1.00 USD) - 2025/01/09 6:38:23 WET [2025/01/09 1:38:23 ET]
Table 'Wempe II' 6-max Seat #3 is the button
Seat 1: nastja336 ($101.50 in chips) is sitting out
Seat 6: Melenya ($100 in chips) is sitting out
Seat 2: travmagav ($76.44 in chips) 
Seat 3: nickreason17 ($100 in chips) 
Seat 4: $triker_BLR ($126.60 in chips) 
Seat 5: MaRKiToScoK ($100 in chips) 
$triker_BLR: posts small blind $0.50
MaRKiToScoK: posts big blind $1
Melenya: sits out 
nastja336: sits out 
*** HOLE CARDS ***
travmagav: calls $1
nickreason17: folds 
$triker_BLR: folds 
MaRKiToScoK: raises $3 to $4
travmagav: calls $3
*** FLOP *** [3d Kh 4s]
MaRKiToScoK: checks 
travmagav: checks 
*** TURN *** [3d Kh 4s] [2s]
MaRKiToScoK: bets $12.50
travmagav: folds 
Uncalled bet ($12.50) returned to MaRKiToScoK
MaRKiToScoK collected $8.08 from pot
*** SUMMARY ***
Total pot $8.50 | Rake $0.42 
Board [3d Kh 4s 2s]
Seat 1: nastja336
Seat 6: Melenya
Seat 2: travmagav folded on the Turn
Seat 3: nickreason17 (button) folded before Flop (didn't bet)
Seat 4: $triker_BLR (small blind) folded before Flop
Seat 5: MaRKiToScoK (big blind) collected ($8.08)



PokerStars Hand #254274666363:  Hold'em No Limit ($0.50/$1.00 USD) - 2025/01/09 6:38:54 WET [2025/01/09 1:38:54 ET]
Table 'Wempe II' 6-max Seat #4 is the button
Seat 1: nastja336 ($101.50 in chips) is sitting out
Seat 2: travmagav ($72.44 in chips) 
Seat 3: nickreason17 ($100 in chips) 
Seat 4: $triker_BLR ($126.10 in chips) 
Seat 5: MaRKiToScoK ($104.08 in chips) 
Seat 6: Melenya ($100 in chips) 
MaRKiToScoK: posts small blind $0.50
Melenya: posts big blind $1
nastja336: sits out 
*** HOLE CARDS ***
travmagav: calls $1
nickreason17: raises $3 to $4
$triker_BLR: calls $4
MaRKiToScoK: folds 
Melenya: folds 
travmagav: calls $3
*** FLOP *** [7d 3d Jc]
travmagav: checks 
nickreason17: checks 
$triker_BLR: checks 
*** TURN *** [7d 3d Jc] [Kh]
travmagav: checks 
nickreason17: bets $3.85
$triker_BLR: folds 
travmagav: calls $3.85
*** RIVER *** [7d 3d Jc Kh] [9c]
travmagav: checks 
nickreason17: bets $6.04
travmagav: raises $20.11 to $26.15
nickreason17: calls $20.11
*** SHOW DOWN ***
travmagav: shows [Js Th] (a pair of Jacks)
nickreason17: shows [Kd Td] (a pair of Kings)
nickreason17 collected $71 from pot
*** SUMMARY ***
Total pot $73.50 | Rake $2.50 
Board [7d 3d Jc Kh 9c]
Seat 1: nastja336
Seat 2: travmagav showed [Js Th] and lost with a pair of Jacks
Seat 3: nickreason17 showed [Kd Td] and won ($71) with a pair of Kings
Seat 4: $triker_BLR (button) folded on the Turn
Seat 5: MaRKiToScoK (small blind) folded before Flop
Seat 6: Melenya (big blind) folded before Flop



PokerStars Hand #254274672014:  Hold'em No Limit ($0.50/$1.00 USD) - 2025/01/09 6:40:11 WET [2025/01/09 1:40:11 ET]
Table 'Wempe II' 6-max Seat #5 is the button
Seat 1: nastja336 ($101.50 in chips) 
Seat 2: travmagav ($38.44 in chips) 
Seat 3: nickreason17 ($137 in chips) 
Seat 4: $triker_BLR ($122.10 in chips) 
Seat 5: MaRKiToScoK ($103.58 in chips) 
Seat 6: Melenya ($100 in chips) 
Melenya: posts small blind $0.50
nastja336: posts big blind $1
*** HOLE CARDS ***
travmagav: folds 
nickreason17: folds 
$triker_BLR: folds 
MaRKiToScoK: folds 
Melenya: raises $2 to $3
nastja336: calls $2
*** FLOP *** [7h 8c 3s]
Melenya: checks 
travmagav is disconnected 
nastja336: bets $1.88
Melenya: calls $1.88
*** TURN *** [7h 8c 3s] [5s]
Melenya: checks 
nastja336: bets $8
Melenya: calls $8
*** RIVER *** [7h 8c 3s 5s] [Ad]
Melenya: checks 
nastja336: checks 
*** SHOW DOWN ***
Melenya: shows [Js Qs] (high card Ace)
nastja336: shows [Kh Jc] (high card Ace - King kicker)
nastja336 collected $24.47 from pot
*** SUMMARY ***
Total pot $25.76 | Rake $1.29 
Board [7h 8c 3s 5s Ad]
Seat 1: nastja336 (big blind) showed [Kh Jc] and won ($24.47) with high card Ace
Seat 2: travmagav folded before Flop (didn't bet)
Seat 3: nickreason17 folded before Flop (didn't bet)
Seat 4: $triker_BLR folded before Flop (didn't bet)
Seat 5: MaRKiToScoK (button) folded before Flop (didn't bet)
Seat 6: Melenya (small blind) showed [Js Qs] and lost with high card Ace



PokerStars Hand #254274678447:  Hold'em No Limit ($0.50/$1.00 USD) - 2025/01/09 6:41:37 WET [2025/01/09 1:41:37 ET]
Table 'Wempe II' 6-max Seat #6 is the button
Seat 2: travmagav ($38.44 in chips) is sitting out
Seat 1: nastja336 ($113.09 in chips) 
Seat 3: nickreason17 ($137 in chips) 
Seat 4: $triker_BLR ($122.10 in chips) 
Seat 5: MaRKiToScoK ($103.58 in chips) 
Seat 6: Melenya ($100 in chips) 
nastja336: posts small blind $0.50
travmagav has timed out while disconnected
travmagav: is sitting out 
nickreason17: posts big blind $1
*** HOLE CARDS ***
$triker_BLR: folds 
MaRKiToScoK: folds 
Melenya: folds 
nastja336: folds 
Uncalled bet ($0.50) returned to nickreason17
nickreason17 collected $1 from pot
nickreason17: doesn't show hand 
*** SUMMARY ***
Total pot $1 | Rake $0 
Seat 2: travmagav
Seat 1: nastja336 (small blind) folded before Flop
Seat 3: nickreason17 (big blind) collected ($1)
Seat 4: $triker_BLR folded before Flop (didn't bet)
Seat 5: MaRKiToScoK folded before Flop (didn't bet)
Seat 6: Melenya (button) folded before Flop (didn't bet)



PokerStars Hand #254274680549:  Hold'em No Limit ($0.50/$1.00 USD) - 2025/01/09 6:42:04 WET [2025/01/09 1:42:04 ET]
Table 'Wempe II' 6-max Seat #1 is the button
Seat 2: travmagav ($38.44 in chips) is sitting out
Seat 1: nastja336 ($112.59 in chips) 
Seat 3: nickreason17 ($137.50 in chips) 
Seat 4: $triker_BLR ($122.10 in chips) 
Seat 5: MaRKiToScoK ($103.58 in chips) 
Seat 6: Melenya ($100 in chips) 
nickreason17: posts small blind $0.50
$triker_BLR: posts big blind $1
*** HOLE CARDS ***
MaRKiToScoK: folds 
Melenya: raises $1.30 to $2.30
nastja336: folds 
nickreason17: folds 
$triker_BLR: folds 
Uncalled bet ($1.30) returned to Melenya
Melenya collected $2.50 from pot
Melenya: doesn't show hand 
*** SUMMARY ***
Total pot $2.50 | Rake $0 
Seat 2: travmagav
Seat 1: nastja336 (button) folded before Flop (didn't bet)
Seat 3: nickreason17 (small blind) folded before Flop
Seat 4: $triker_BLR (big blind) folded before Flop
Seat 5: MaRKiToScoK folded before Flop (didn't bet)
Seat 6: Melenya collected ($2.50)



PokerStars Hand #254274682665:  Hold'em No Limit ($0.50/$1.00 USD) - 2025/01/09 6:42:33 WET [2025/01/09 1:42:33 ET]
Table 'Wempe II' 6-max Seat #3 is the button
Seat 2: travmagav ($38.44 in chips) is sitting out
Seat 1: nastja336 ($112.59 in chips) 
Seat 3: nickreason17 ($137 in chips) 
Seat 4: $triker_BLR ($121.10 in chips) 
Seat 5: MaRKiToScoK ($103.58 in chips) 
Seat 6: Melenya ($101.50 in chips) 
$triker_BLR: posts small blind $0.50
MaRKiToScoK: posts big blind $1
*** HOLE CARDS ***
Melenya: folds 
nastja336: folds 
nickreason17: folds 
$triker_BLR: folds 
Uncalled bet ($0.50) returned to MaRKiToScoK
MaRKiToScoK collected $1 from pot
*** SUMMARY ***
Total pot $1 | Rake $0 
Seat 2: travmagav
Seat 1: nastja336 folded before Flop (didn't bet)
Seat 3: nickreason17 (button) folded before Flop (didn't bet)
Seat 4: $triker_BLR (small blind) folded before Flop
Seat 5: MaRKiToScoK (big blind) collected ($1)
Seat 6: Melenya folded before Flop (didn't bet)



PokerStars Hand #254274683597:  Hold'em No Limit ($0.50/$1.00 USD) - 2025/01/09 6:42:45 WET [2025/01/09 1:42:45 ET]
Table 'Wempe II' 6-max Seat #4 is the button
Seat 2: travmagav ($38.44 in chips) is sitting out
Seat 6: Melenya ($101.50 in chips) is sitting out
Seat 1: nastja336 ($112.59 in chips) 
Seat 3: nickreason17 ($137 in chips) 
Seat 4: $triker_BLR ($120.60 in chips) 
Seat 5: MaRKiToScoK ($104.08 in chips) 
MaRKiToScoK: posts small blind $0.50
Melenya: is sitting out 
nastja336: posts big blind $1
*** HOLE CARDS ***
nickreason17: raises $1.25 to $2.25
Melenya leaves the table
$triker_BLR: folds 
MaRKiToScoK: folds 
nastja336: folds 
Uncalled bet ($1.25) returned to nickreason17
nickreason17 collected $2.50 from pot
nickreason17: doesn't show hand 
*** SUMMARY ***
Total pot $2.50 | Rake $0 
Seat 2: travmagav
Seat 6: Melenya
Seat 1: nastja336 (big blind) folded before Flop
Seat 3: nickreason17 collected ($2.50)
Seat 4: $triker_BLR (button) folded before Flop (didn't bet)
Seat 5: MaRKiToScoK (small blind) folded before Flop



PokerStars Hand #254274684935:  Hold'em No Limit ($0.50/$1.00 USD) - 2025/01/09 6:43:03 WET [2025/01/09 1:43:03 ET]
Table 'Wempe II' 6-max Seat #5 is the button
Seat 2: travmagav ($38.44 in chips) is sitting out
Seat 1: nastja336 ($111.59 in chips) 
Seat 3: nickreason17 ($138.50 in chips) 
Seat 4: $triker_BLR ($120.60 in chips) 
Seat 5: MaRKiToScoK ($103.58 in chips) 
nastja336: posts small blind $0.50
nickreason17: posts big blind $1
*** HOLE CARDS ***
$triker_BLR: folds 
MaRKiToScoK: raises $1.50 to $2.50
nastja336: folds 
nickreason17: calls $1.50
*** FLOP *** [9s Ts 4c]
nickreason17: checks 
MaRKiToScoK: checks 
*** TURN *** [9s Ts 4c] [4d]
nickreason17: checks 
MaRKiToScoK: checks 
*** RIVER *** [9s Ts 4c 4d] [As]
nickreason17: checks 
MaRKiToScoK: checks 
*** SHOW DOWN ***
nickreason17: shows [Qd 3d] (a pair of Fours)
MaRKiToScoK: shows [5s Ac] (two pair, Aces and Fours)
MaRKiToScoK collected $5.22 from pot
*** SUMMARY ***
Total pot $5.50 | Rake $0.28 
Board [9s Ts 4c 4d As]
Seat 2: travmagav
Seat 1: nastja336 (small blind) folded before Flop
Seat 3: nickreason17 (big blind) showed [Qd 3d] and lost with a pair of Fours
Seat 4: $triker_BLR folded before Flop (didn't bet)
Seat 5: MaRKiToScoK (button) showed [5s Ac] and won ($5.22) with two pair, Aces and Fours



PokerStars Hand #254274690105:  Hold'em No Limit ($0.50/$1.00 USD) - 2025/01/09 6:44:12 WET [2025/01/09 1:44:12 ET]
Table 'Wempe II' 6-max Seat #1 is the button
Seat 2: travmagav ($38.44 in chips) is sitting out
Seat 1: nastja336 ($111.09 in chips) 
Seat 3: nickreason17 ($136 in chips) 
Seat 4: $triker_BLR ($120.60 in chips) 
Seat 5: MaRKiToScoK ($106.30 in chips) 
nickreason17: posts small blind $0.50
$triker_BLR: posts big blind $1
*** HOLE CARDS ***
Melenya joins the table at seat #6 
MaRKiToScoK: folds 
nastja336: folds 
nickreason17: folds 
Uncalled bet ($0.50) returned to $triker_BLR
$triker_BLR collected $1 from pot
$triker_BLR: doesn't show hand 
*** SUMMARY ***
Total pot $1 | Rake $0 
Seat 2: travmagav
Seat 1: nastja336 (button) folded before Flop (didn't bet)
Seat 3: nickreason17 (small blind) folded before Flop
Seat 4: $triker_BLR (big blind) collected ($1)
Seat 5: MaRKiToScoK folded before Flop (didn't bet)



PokerStars Hand #254274692443:  Hold'em No Limit ($0.50/$1.00 USD) - 2025/01/09 6:44:44 WET [2025/01/09 1:44:44 ET]
Table 'Wempe II' 6-max Seat #3 is the button
Seat 6: Melenya ($101.50 in chips) is sitting out
Seat 1: nastja336 ($111.09 in chips) 
Seat 2: travmagav ($38.44 in chips) 
Seat 3: nickreason17 ($135.50 in chips) 
Seat 4: $triker_BLR ($121.10 in chips) 
Seat 5: MaRKiToScoK ($106.30 in chips) 
$triker_BLR: posts small blind $0.50
MaRKiToScoK: posts big blind $1
Melenya: sits out 
travmagav: posts small & big blinds $1.50
*** HOLE CARDS ***
nastja336: folds 
travmagav: checks 
nickreason17: raises $3 to $4
$triker_BLR: raises $12 to $16
MaRKiToScoK: folds 
travmagav: folds 
nickreason17: folds 
Uncalled bet ($12) returned to $triker_BLR
$triker_BLR collected $10.50 from pot
$triker_BLR: doesn't show hand 
*** SUMMARY ***
Total pot $10.50 | Rake $0 
Seat 6: Melenya
Seat 1: nastja336 folded before Flop (didn't bet)
Seat 2: travmagav folded before Flop (didn't bet)
Seat 3: nickreason17 (button) folded before Flop
Seat 4: $triker_BLR (small blind) collected ($10.50)
Seat 5: MaRKiToScoK (big blind) folded before Flop



PokerStars Hand #254274693868:  Hold'em No Limit ($0.50/$1.00 USD) - 2025/01/09 6:45:04 WET [2025/01/09 1:45:04 ET]
Table 'Wempe II' 6-max Seat #4 is the button
Seat 1: nastja336 ($111.09 in chips) 
Seat 2: travmagav ($36.94 in chips) 
Seat 3: nickreason17 ($131.50 in chips) 
Seat 4: $triker_BLR ($127.60 in chips) 
Seat 5: MaRKiToScoK ($105.30 in chips) 
Seat 6: Melenya ($101.50 in chips) 
MaRKiToScoK: posts small blind $0.50
Melenya: posts big blind $1
*** HOLE CARDS ***
nastja336: folds 
travmagav: folds 
nickreason17: folds 
$triker_BLR: folds 
MaRKiToScoK: raises $2 to $3
Melenya: folds 
Uncalled bet ($2) returned to MaRKiToScoK
MaRKiToScoK collected $2 from pot
*** SUMMARY ***
Total pot $2 | Rake $0 
Seat 1: nastja336 folded before Flop (didn't bet)
Seat 2: travmagav folded before Flop (didn't bet)
Seat 3: nickreason17 folded before Flop (didn't bet)
Seat 4: $triker_BLR (button) folded before Flop (didn't bet)
Seat 5: MaRKiToScoK (small blind) collected ($2)
Seat 6: Melenya (big blind) folded before Flop



PokerStars Hand #254274695586:  Hold'em No Limit ($0.50/$1.00 USD) - 2025/01/09 6:45:27 WET [2025/01/09 1:45:27 ET]
Table 'Wempe II' 6-max Seat #5 is the button
Seat 1: nastja336 ($111.09 in chips) 
Seat 2: travmagav ($36.94 in chips) 
Seat 3: nickreason17 ($131.50 in chips) 
Seat 4: $triker_BLR ($127.60 in chips) 
Seat 5: MaRKiToScoK ($106.30 in chips) 
Seat 6: Melenya ($100.50 in chips) 
Melenya: posts small blind $0.50
nastja336: posts big blind $1
*** HOLE CARDS ***
travmagav: folds 
nickreason17: folds 
$triker_BLR: folds 
MaRKiToScoK: folds 
Melenya: raises $2 to $3
nastja336: folds 
Uncalled bet ($2) returned to Melenya
Melenya collected $2 from pot
Melenya: doesn't show hand 
*** SUMMARY ***
Total pot $2 | Rake $0 
Seat 1: nastja336 (big blind) folded before Flop
Seat 2: travmagav folded before Flop (didn't bet)
Seat 3: nickreason17 folded before Flop (didn't bet)
Seat 4: $triker_BLR folded before Flop (didn't bet)
Seat 5: MaRKiToScoK (button) folded before Flop (didn't bet)
Seat 6: Melenya (small blind) collected ($2)



PokerStars Hand #254274697677:  Hold'em No Limit ($0.50/$1.00 USD) - 2025/01/09 6:45:55 WET [2025/01/09 1:45:55 ET]
Table 'Wempe II' 6-max Seat #6 is the button
Seat 1: nastja336 ($110.09 in chips) 
Seat 2: travmagav ($36.94 in chips) 
Seat 3: nickreason17 ($131.50 in chips) 
Seat 4: $triker_BLR ($127.60 in chips) 
Seat 5: MaRKiToScoK ($106.30 in chips) 
Seat 6: Melenya ($101.50 in chips) 
nastja336: posts small blind $0.50
travmagav: posts big blind $1
*** HOLE CARDS ***
nickreason17: folds 
$triker_BLR: raises $1.20 to $2.20
MaRKiToScoK: raises $4.84 to $7.04
Melenya: folds 
nastja336: folds 
travmagav: folds 
$triker_BLR: raises $13.46 to $20.50
MaRKiToScoK: folds 
Uncalled bet ($13.46) returned to $triker_BLR
$triker_BLR collected $15.58 from pot
$triker_BLR: doesn't show hand 
*** SUMMARY ***
Total pot $15.58 | Rake $0 
Seat 1: nastja336 (small blind) folded before Flop
Seat 2: travmagav (big blind) folded before Flop
Seat 3: nickreason17 folded before Flop (didn't bet)
Seat 4: $triker_BLR collected ($15.58)
Seat 5: MaRKiToScoK folded before Flop
Seat 6: Melenya (button) folded before Flop (didn't bet)



PokerStars Hand #254274700643:  Hold'em No Limit ($0.50/$1.00 USD) - 2025/01/09 6:46:35 WET [2025/01/09 1:46:35 ET]
Table 'Wempe II' 6-max Seat #1 is the button
Seat 1: nastja336 ($109.59 in chips) 
Seat 2: travmagav ($35.94 in chips) 
Seat 3: nickreason17 ($131.50 in chips) 
Seat 4: $triker_BLR ($136.14 in chips) 
Seat 5: MaRKiToScoK ($100 in chips) 
Seat 6: Melenya ($101.50 in chips) 
travmagav: posts small blind $0.50
nickreason17: posts big blind $1
*** HOLE CARDS ***
$triker_BLR: raises $1.20 to $2.20
MaRKiToScoK: folds 
Melenya: raises $5.30 to $7.50
travmagav is disconnected 
nastja336: folds 
travmagav has timed out while disconnected
travmagav: folds 
nickreason17: folds 
$triker_BLR: raises $13 to $20.50
Melenya: folds 
Uncalled bet ($13) returned to $triker_BLR
$triker_BLR collected $16.50 from pot
$triker_BLR: doesn't show hand 
*** SUMMARY ***
Total pot $16.50 | Rake $0 
Seat 1: nastja336 (button) folded before Flop (didn't bet)
Seat 2: travmagav (small blind) folded before Flop
Seat 3: nickreason17 (big blind) folded before Flop
Seat 4: $triker_BLR collected ($16.50)
Seat 5: MaRKiToScoK folded before Flop (didn't bet)
Seat 6: Melenya folded before Flop



PokerStars Hand #254274706840:  Hold'em No Limit ($0.50/$1.00 USD) - 2025/01/09 6:48:00 WET [2025/01/09 1:48:00 ET]
Table 'Wempe II' 6-max Seat #3 is the button
Seat 2: travmagav ($35.44 in chips) is sitting out
Seat 1: nastja336 ($109.59 in chips) 
Seat 3: nickreason17 ($130.50 in chips) 
Seat 4: $triker_BLR ($145.14 in chips) 
Seat 5: MaRKiToScoK ($100 in chips) 
Seat 6: Melenya ($100 in chips) 
$triker_BLR: posts small blind $0.50
MaRKiToScoK: posts big blind $1
*** HOLE CARDS ***
Melenya: folds 
nastja336: folds 
nickreason17: raises $1.50 to $2.50
$triker_BLR: raises $8.50 to $11
MaRKiToScoK: folds 
nickreason17: folds 
Uncalled bet ($8.50) returned to $triker_BLR
$triker_BLR collected $6 from pot
$triker_BLR: doesn't show hand 
*** SUMMARY ***
Total pot $6 | Rake $0 
Seat 2: travmagav
Seat 1: nastja336 folded before Flop (didn't bet)
Seat 3: nickreason17 (button) folded before Flop
Seat 4: $triker_BLR (small blind) collected ($6)
Seat 5: MaRKiToScoK (big blind) folded before Flop
Seat 6: Melenya folded before Flop (didn't bet)



PokerStars Hand #254274708349:  Hold'em No Limit ($0.50/$1.00 USD) - 2025/01/09 6:48:21 WET [2025/01/09 1:48:21 ET]
Table 'Wempe II' 6-max Seat #4 is the button
Seat 2: travmagav ($35.44 in chips) is sitting out
Seat 1: nastja336 ($109.59 in chips) 
Seat 3: nickreason17 ($128 in chips) 
Seat 4: $triker_BLR ($148.64 in chips) 
Seat 5: MaRKiToScoK ($100 in chips) 
Seat 6: Melenya ($100 in chips) 
MaRKiToScoK: posts small blind $0.50
Melenya: posts big blind $1
*** HOLE CARDS ***
nastja336: folds 
nickreason17: folds 
$triker_BLR: folds 
MaRKiToScoK: raises $2 to $3
Melenya: calls $2
*** FLOP *** [7c Js 7h]
MaRKiToScoK: bets $1.71
Melenya: calls $1.71
*** TURN *** [7c Js 7h] [4d]
MaRKiToScoK: checks 
Melenya: checks 
*** RIVER *** [7c Js 7h 4d] [2s]
MaRKiToScoK: checks 
Melenya: checks 
*** SHOW DOWN ***
MaRKiToScoK: shows [9s Ac] (a pair of Sevens)
Melenya: shows [8h 8s] (two pair, Eights and Sevens)
Melenya collected $8.95 from pot
*** SUMMARY ***
Total pot $9.42 | Rake $0.47 
Board [7c Js 7h 4d 2s]
Seat 2: travmagav
Seat 1: nastja336 folded before Flop (didn't bet)
Seat 3: nickreason17 folded before Flop (didn't bet)
Seat 4: $triker_BLR (button) folded before Flop (didn't bet)
Seat 5: MaRKiToScoK (small blind) showed [9s Ac] and lost with a pair of Sevens
Seat 6: Melenya (big blind) showed [8h 8s] and won ($8.95) with two pair, Eights and Sevens



PokerStars Hand #254274713953:  Hold'em No Limit ($0.50/$1.00 USD) - 2025/01/09 6:49:37 WET [2025/01/09 1:49:37 ET]
Table 'Wempe II' 6-max Seat #5 is the button
Seat 2: travmagav ($35.44 in chips) is sitting out
Seat 1: nastja336 ($109.59 in chips) 
Seat 3: nickreason17 ($128 in chips) 
Seat 4: $triker_BLR ($148.64 in chips) 
Seat 5: MaRKiToScoK ($100 in chips) 
Seat 6: Melenya ($104.24 in chips) 
Melenya: posts small blind $0.50
nastja336: posts big blind $1
*** HOLE CARDS ***
nickreason17: folds 
$triker_BLR: folds 
MaRKiToScoK: raises $1.50 to $2.50
Melenya: folds 
nastja336: folds 
Uncalled bet ($1.50) returned to MaRKiToScoK
MaRKiToScoK collected $2.50 from pot
*** SUMMARY ***
Total pot $2.50 | Rake $0 
Seat 2: travmagav
Seat 1: nastja336 (big blind) folded before Flop
Seat 3: nickreason17 folded before Flop (didn't bet)
Seat 4: $triker_BLR folded before Flop (didn't bet)
Seat 5: MaRKiToScoK (button) collected ($2.50)
Seat 6: Melenya (small blind) folded before Flop



PokerStars Hand #254274715433:  Hold'em No Limit ($0.50/$1.00 USD) - 2025/01/09 6:49:57 WET [2025/01/09 1:49:57 ET]
Table 'Wempe II' 6-max Seat #6 is the button
Seat 2: travmagav ($35.44 in chips) is sitting out
Seat 1: nastja336 ($108.59 in chips) 
Seat 3: nickreason17 ($128 in chips) 
Seat 4: $triker_BLR ($148.64 in chips) 
Seat 5: MaRKiToScoK ($101.50 in chips) 
Seat 6: Melenya ($103.74 in chips) 
nastja336: posts small blind $0.50
nickreason17: posts big blind $1
*** HOLE CARDS ***
$triker_BLR: folds 
MaRKiToScoK: folds 
Melenya: raises $1.50 to $2.50
nastja336: folds 
nickreason17: calls $1.50
*** FLOP *** [Ad 2d Kc]
nickreason17: checks 
Melenya: checks 
*** TURN *** [Ad 2d Kc] [2h]
nickreason17: checks 
Melenya: checks 
*** RIVER *** [Ad 2d Kc 2h] [5c]
nickreason17: bets $2.61
Melenya: folds 
Uncalled bet ($2.61) returned to nickreason17
nickreason17 collected $5.22 from pot
nickreason17: doesn't show hand 
*** SUMMARY ***
Total pot $5.50 | Rake $0.28 
Board [Ad 2d Kc 2h 5c]
Seat 2: travmagav
Seat 1: nastja336 (small blind) folded before Flop
Seat 3: nickreason17 (big blind) collected ($5.22)
Seat 4: $triker_BLR folded before Flop (didn't bet)
Seat 5: MaRKiToScoK folded before Flop (didn't bet)
Seat 6: Melenya (button) folded on the River



PokerStars Hand #254274719657:  Hold'em No Limit ($0.50/$1.00 USD) - 2025/01/09 6:50:53 WET [2025/01/09 1:50:53 ET]
Table 'Wempe II' 6-max Seat #1 is the button
Seat 2: travmagav ($35.44 in chips) is sitting out
Seat 1: nastja336 ($108.09 in chips) 
Seat 3: nickreason17 ($130.72 in chips) 
Seat 4: $triker_BLR ($148.64 in chips) 
Seat 5: MaRKiToScoK ($101.50 in chips) 
Seat 6: Melenya ($101.24 in chips) 
nickreason17: posts small blind $0.50
$triker_BLR: posts big blind $1
*** HOLE CARDS ***
MaRKiToScoK: folds 
Melenya: folds 
nastja336: folds 
nickreason17: folds 
Uncalled bet ($0.50) returned to $triker_BLR
$triker_BLR collected $1 from pot
$triker_BLR: doesn't show hand 
*** SUMMARY ***
Total pot $1 | Rake $0 
Seat 2: travmagav
Seat 1: nastja336 (button) folded before Flop (didn't bet)
Seat 3: nickreason17 (small blind) folded before Flop
Seat 4: $triker_BLR (big blind) collected ($1)
Seat 5: MaRKiToScoK folded before Flop (didn't bet)
Seat 6: Melenya folded before Flop (didn't bet)



PokerStars Hand #254274720713:  Hold'em No Limit ($0.50/$1.00 USD) - 2025/01/09 6:51:07 WET [2025/01/09 1:51:07 ET]
Table 'Wempe II' 6-max Seat #3 is the button
Seat 2: travmagav ($35.44 in chips) is sitting out
Seat 1: nastja336 ($108.09 in chips) 
Seat 3: nickreason17 ($130.22 in chips) 
Seat 4: $triker_BLR ($149.14 in chips) 
Seat 5: MaRKiToScoK ($101.50 in chips) 
Seat 6: Melenya ($101.24 in chips) 
$triker_BLR: posts small blind $0.50
MaRKiToScoK: posts big blind $1
*** HOLE CARDS ***
Melenya: folds 
nastja336: folds 
nickreason17: raises $1.50 to $2.50
$triker_BLR: folds 
MaRKiToScoK: calls $1.50
*** FLOP *** [7h 8d 9d]
MaRKiToScoK: checks 
nickreason17: checks 
*** TURN *** [7h 8d 9d] [8c]
MaRKiToScoK: bets $3.92
nickreason17: calls $3.92
*** RIVER *** [7h 8d 9d 8c] [Th]
MaRKiToScoK: checks 
nickreason17: checks 
*** SHOW DOWN ***
MaRKiToScoK: shows [9c Qc] (two pair, Nines and Eights)
nickreason17: shows [Ad As] (two pair, Aces and Eights)
nickreason17 collected $12.67 from pot
*** SUMMARY ***
Total pot $13.34 | Rake $0.67 
Board [7h 8d 9d 8c Th]
Seat 2: travmagav
Seat 1: nastja336 folded before Flop (didn't bet)
Seat 3: nickreason17 (button) showed [Ad As] and won ($12.67) with two pair, Aces and Eights
Seat 4: $triker_BLR (small blind) folded before Flop
Seat 5: MaRKiToScoK (big blind) showed [9c Qc] and lost with two pair, Nines and Eights
Seat 6: Melenya folded before Flop (didn't bet)



PokerStars Hand #254274724067:  Hold'em No Limit ($0.50/$1.00 USD) - 2025/01/09 6:51:51 WET [2025/01/09 1:51:51 ET]
Table 'Wempe II' 6-max Seat #4 is the button
Seat 2: travmagav ($35.44 in chips) is sitting out
Seat 1: nastja336 ($108.09 in chips) 
Seat 3: nickreason17 ($136.47 in chips) 
Seat 4: $triker_BLR ($148.64 in chips) 
Seat 5: MaRKiToScoK ($100 in chips) 
Seat 6: Melenya ($101.24 in chips) 
MaRKiToScoK: posts small blind $0.50
Melenya: posts big blind $1
*** HOLE CARDS ***
nastja336: raises $1.50 to $2.50
nickreason17: folds 
$triker_BLR: folds 
MaRKiToScoK: folds 
Melenya: folds 
Uncalled bet ($1.50) returned to nastja336
nastja336 collected $2.50 from pot
nastja336: doesn't show hand 
*** SUMMARY ***
Total pot $2.50 | Rake $0 
Seat 2: travmagav
Seat 1: nastja336 collected ($2.50)
Seat 3: nickreason17 folded before Flop (didn't bet)
Seat 4: $triker_BLR (button) folded before Flop (didn't bet)
Seat 5: MaRKiToScoK (small blind) folded before Flop
Seat 6: Melenya (big blind) folded before Flop



PokerStars Hand #254274725618:  Hold'em No Limit ($0.50/$1.00 USD) - 2025/01/09 6:52:12 WET [2025/01/09 1:52:12 ET]
Table 'Wempe II' 6-max Seat #5 is the button
Seat 2: travmagav ($35.44 in chips) is sitting out
Seat 1: nastja336 ($109.59 in chips) 
Seat 3: nickreason17 ($136.47 in chips) 
Seat 4: $triker_BLR ($148.64 in chips) 
Seat 5: MaRKiToScoK ($100 in chips) 
Seat 6: Melenya ($100.24 in chips) 
Melenya: posts small blind $0.50
nastja336: posts big blind $1
*** HOLE CARDS ***
nickreason17: folds 
$triker_BLR: raises $1.20 to $2.20
MaRKiToScoK: folds 
Melenya: folds 
nastja336: folds 
Uncalled bet ($1.20) returned to $triker_BLR
$triker_BLR collected $2.50 from pot
$triker_BLR: doesn't show hand 
*** SUMMARY ***
Total pot $2.50 | Rake $0 
Seat 2: travmagav
Seat 1: nastja336 (big blind) folded before Flop
Seat 3: nickreason17 folded before Flop (didn't bet)
Seat 4: $triker_BLR collected ($2.50)
Seat 5: MaRKiToScoK (button) folded before Flop (didn't bet)
Seat 6: Melenya (small blind) folded before Flop



PokerStars Hand #254274727331:  Hold'em No Limit ($0.50/$1.00 USD) - 2025/01/09 6:52:35 WET [2025/01/09 1:52:35 ET]
Table 'Wempe II' 6-max Seat #6 is the button
Seat 2: travmagav ($35.44 in chips) is sitting out
Seat 1: nastja336 ($108.59 in chips) 
Seat 3: nickreason17 ($136.47 in chips) 
Seat 4: $triker_BLR ($150.14 in chips) 
Seat 5: MaRKiToScoK ($100 in chips) 
Seat 6: Melenya ($100 in chips) 
nastja336: posts small blind $0.50
nickreason17: posts big blind $1
*** HOLE CARDS ***
$triker_BLR: folds 
MaRKiToScoK: folds 
Melenya: raises $1.50 to $2.50
nastja336: folds 
nickreason17: raises $9.50 to $12
Melenya: calls $9.50
*** FLOP *** [Qh Kd 3d]
nickreason17: checks 
Melenya: checks 
*** TURN *** [Qh Kd 3d] [9c]
nickreason17: checks 
nastja336 leaves the table
Melenya: checks 
*** RIVER *** [Qh Kd 3d 9c] [Jd]
nickreason17: bets $11.64
Melenya: folds 
Uncalled bet ($11.64) returned to nickreason17
nickreason17 collected $23.28 from pot
nickreason17: doesn't show hand 
*** SUMMARY ***
Total pot $24.50 | Rake $1.22 
Board [Qh Kd 3d 9c Jd]
Seat 2: travmagav
Seat 1: nastja336 (small blind) folded before Flop
Seat 3: nickreason17 (big blind) collected ($23.28)
Seat 4: $triker_BLR folded before Flop (didn't bet)
Seat 5: MaRKiToScoK folded before Flop (didn't bet)
Seat 6: Melenya (button) folded on the River



PokerStars Hand #254274734224:  Hold'em No Limit ($0.50/$1.00 USD) - 2025/01/09 6:54:09 WET [2025/01/09 1:54:09 ET]
Table 'Wempe II' 6-max Seat #3 is the button
Seat 2: travmagav ($35.44 in chips) is sitting out
Seat 3: nickreason17 ($147.75 in chips) 
Seat 4: $triker_BLR ($150.14 in chips) 
Seat 5: MaRKiToScoK ($100 in chips) 
Seat 6: Melenya ($100 in chips) 
$triker_BLR: posts small blind $0.50
MaRKiToScoK: posts big blind $1
*** HOLE CARDS ***
Melenya: folds 
nickreason17: raises $1.50 to $2.50
$triker_BLR: folds 
MaRKiToScoK: calls $1.50
*** FLOP *** [4h 5c 7d]
MaRKiToScoK: checks 
nickreason17: bets $1.57
MaRKiToScoK: raises $5.10 to $6.67
nickreason17: calls $5.10
*** TURN *** [4h 5c 7d] [As]
MaRKiToScoK: bets $17.50
nickreason17: calls $17.50
*** RIVER *** [4h 5c 7d As] [4s]
MaRKiToScoK: checks 
nickreason17: bets $26.42
MaRKiToScoK: folds 
Uncalled bet ($26.42) returned to nickreason17
nickreason17 collected $52.84 from pot
nickreason17: doesn't show hand 
*** SUMMARY ***
Total pot $53.84 | Rake $1 
Board [4h 5c 7d As 4s]
Seat 2: travmagav
Seat 3: nickreason17 (button) collected ($52.84)
Seat 4: $triker_BLR (small blind) folded before Flop
Seat 5: MaRKiToScoK (big blind) folded on the River
Seat 6: Melenya folded before Flop (didn't bet)



PokerStars Hand #254274739891:  Hold'em No Limit ($0.50/$1.00 USD) - 2025/01/09 6:55:30 WET [2025/01/09 1:55:30 ET]
Table 'Wempe II' 6-max Seat #4 is the button
Seat 2: travmagav ($35.44 in chips) is sitting out
Seat 6: Melenya ($100 in chips) is sitting out
Seat 3: nickreason17 ($173.92 in chips) 
Seat 4: $triker_BLR ($149.64 in chips) 
Seat 5: MaRKiToScoK ($100 in chips) 
MaRKiToScoK: posts small blind $0.50
Melenya: is sitting out 
nickreason17: posts big blind $1
*** HOLE CARDS ***
Melenya leaves the table
$triker_BLR: folds 
MaRKiToScoK: raises $2 to $3
nickreason17: folds 
Uncalled bet ($2) returned to MaRKiToScoK
MaRKiToScoK collected $2 from pot
*** SUMMARY ***
Total pot $2 | Rake $0 
Seat 2: travmagav
Seat 6: Melenya
Seat 3: nickreason17 (big blind) folded before Flop
Seat 4: $triker_BLR (button) folded before Flop (didn't bet)
Seat 5: MaRKiToScoK (small blind) collected ($2)



PokerStars Hand #254274741279:  Hold'em No Limit ($0.50/$1.00 USD) - 2025/01/09 6:55:52 WET [2025/01/09 1:55:52 ET]
Table 'Wempe II' 6-max Seat #5 is the button
Seat 2: travmagav ($35.44 in chips) is sitting out
Seat 3: nickreason17 ($172.92 in chips) 
Seat 4: $triker_BLR ($149.64 in chips) 
Seat 5: MaRKiToScoK ($101 in chips) 
nickreason17: posts small blind $0.50
$triker_BLR: posts big blind $1
*** HOLE CARDS ***
MaRKiToScoK: raises $1.50 to $2.50
nickreason17: folds 
$triker_BLR: calls $1.50
*** FLOP *** [8s Jc 7s]
$triker_BLR: checks 
MaRKiToScoK: bets $3
$triker_BLR: folds 
Uncalled bet ($3) returned to MaRKiToScoK
MaRKiToScoK collected $5.22 from pot
*** SUMMARY ***
Total pot $5.50 | Rake $0.28 
Board [8s Jc 7s]
Seat 2: travmagav
Seat 3: nickreason17 (small blind) folded before Flop
Seat 4: $triker_BLR (big blind) folded on the Flop
Seat 5: MaRKiToScoK (button) collected ($5.22)



