PokerStars Hand #254277600270:  Hold'em No Limit ($0.50/$1.00 USD) - 2025/01/09 13:56:47 WET [2025/01/09 8:56:47 ET]
Table 'Kasan' 6-max Seat #2 is the button
Seat 5: GuigaMan ($100 in chips) is sitting out
Seat 1: mr.Jckpot ($103.50 in chips) 
Seat 2: MAO_DZEDYN_S ($99.50 in chips) 
Seat 3: value_ftw ($101.38 in chips) 
Seat 4: mironchikvld ($100 in chips) 
Seat 6: MCFC4INAROW ($32.33 in chips) 
value_ftw: posts small blind $0.50
mironchikvld: posts big blind $1
GuigaMan: sits out 
*** HOLE CARDS ***
MCFC4INAROW: folds 
mr.Jckpot: folds 
MAO_DZEDYN_S: raises $1.50 to $2.50
value_ftw: folds 
mironchikvld: folds 
Uncalled bet ($1.50) returned to MAO_DZEDYN_S
MAO_DZEDYN_S collected $2.50 from pot
MAO_DZEDYN_S: doesn't show hand 
*** SUMMARY ***
Total pot $2.50 | Rake $0 
Seat 5: GuigaMan
Seat 1: mr.Jckpot folded before Flop (didn't bet)
Seat 2: MAO_DZEDYN_S (button) collected ($2.50)
Seat 3: value_ftw (small blind) folded before Flop
Seat 4: mironchikvld (big blind) folded before Flop
Seat 6: MCFC4INAROW folded before Flop (didn't bet)



PokerStars Hand #254277604680:  Hold'em No Limit ($0.50/$1.00 USD) - 2025/01/09 13:57:19 WET [2025/01/09 8:57:19 ET]
Table 'Kasan' 6-max Seat #3 is the button
Seat 1: mr.Jckpot ($103.50 in chips) 
Seat 2: MAO_DZEDYN_S ($101 in chips) 
Seat 3: value_ftw ($100.88 in chips) 
Seat 4: mironchikvld ($100 in chips) 
Seat 5: GuigaMan ($100 in chips) 
Seat 6: MCFC4INAROW ($32.33 in chips) 
mironchikvld: posts small blind $0.50
GuigaMan: posts big blind $1
*** HOLE CARDS ***
MCFC4INAROW: folds 
mr.Jckpot: raises $1.50 to $2.50
MAO_DZEDYN_S: folds 
value_ftw: folds 
mironchikvld: folds 
GuigaMan: folds 
Uncalled bet ($1.50) returned to mr.Jckpot
mr.Jckpot collected $2.50 from pot
mr.Jckpot: doesn't show hand 
*** SUMMARY ***
Total pot $2.50 | Rake $0 
Seat 1: mr.Jckpot collected ($2.50)
Seat 2: MAO_DZEDYN_S folded before Flop (didn't bet)
Seat 3: value_ftw (button) folded before Flop (didn't bet)
Seat 4: mironchikvld (small blind) folded before Flop
Seat 5: GuigaMan (big blind) folded before Flop
Seat 6: MCFC4INAROW folded before Flop (didn't bet)



PokerStars Hand #254277607978:  Hold'em No Limit ($0.50/$1.00 USD) - 2025/01/09 13:57:43 WET [2025/01/09 8:57:43 ET]
Table 'Kasan' 6-max Seat #4 is the button
Seat 1: mr.Jckpot ($105 in chips) 
Seat 2: MAO_DZEDYN_S ($101 in chips) 
Seat 3: value_ftw ($100.88 in chips) 
Seat 4: mironchikvld ($100 in chips) 
Seat 5: GuigaMan ($100 in chips) 
Seat 6: MCFC4INAROW ($32.33 in chips) 
GuigaMan: posts small blind $0.50
MCFC4INAROW: posts big blind $1
*** HOLE CARDS ***
mr.Jckpot: folds 
MAO_DZEDYN_S: folds 
value_ftw: folds 
mironchikvld: raises $2 to $3
GuigaMan: folds 
MCFC4INAROW: calls $2
*** FLOP *** [4s Qh 5s]
MCFC4INAROW: checks 
mironchikvld: bets $2.04
MCFC4INAROW: calls $2.04
*** TURN *** [4s Qh 5s] [Js]
MCFC4INAROW: checks 
mironchikvld: checks 
*** RIVER *** [4s Qh 5s Js] [Ad]
MCFC4INAROW: bets $6
mironchikvld: calls $6
*** SHOW DOWN ***
MCFC4INAROW: shows [9s 8d] (high card Ace)
mironchikvld: shows [Th Ah] (a pair of Aces)
mironchikvld collected $21.45 from pot
*** SUMMARY ***
Total pot $22.58 | Rake $1.13 
Board [4s Qh 5s Js Ad]
Seat 1: mr.Jckpot folded before Flop (didn't bet)
Seat 2: MAO_DZEDYN_S folded before Flop (didn't bet)
Seat 3: value_ftw folded before Flop (didn't bet)
Seat 4: mironchikvld (button) showed [Th Ah] and won ($21.45) with a pair of Aces
Seat 5: GuigaMan (small blind) folded before Flop
Seat 6: MCFC4INAROW (big blind) showed [9s 8d] and lost with high card Ace



PokerStars Hand #254277621551:  Hold'em No Limit ($0.50/$1.00 USD) - 2025/01/09 13:59:22 WET [2025/01/09 8:59:22 ET]
Table 'Kasan' 6-max Seat #5 is the button
Seat 1: mr.Jckpot ($105 in chips) 
Seat 2: MAO_DZEDYN_S ($101 in chips) 
Seat 3: value_ftw ($100.88 in chips) 
Seat 4: mironchikvld ($110.41 in chips) 
Seat 5: GuigaMan ($100 in chips) 
Seat 6: MCFC4INAROW ($21.29 in chips) 
MCFC4INAROW: posts small blind $0.50
mr.Jckpot: posts big blind $1
*** HOLE CARDS ***
MAO_DZEDYN_S: folds 
value_ftw: folds 
mironchikvld: raises $2 to $3
GuigaMan: folds 
MCFC4INAROW: folds 
mr.Jckpot: folds 
Uncalled bet ($2) returned to mironchikvld
mironchikvld collected $2.50 from pot
mironchikvld: doesn't show hand 
*** SUMMARY ***
Total pot $2.50 | Rake $0 
Seat 1: mr.Jckpot (big blind) folded before Flop
Seat 2: MAO_DZEDYN_S folded before Flop (didn't bet)
Seat 3: value_ftw folded before Flop (didn't bet)
Seat 4: mironchikvld collected ($2.50)
Seat 5: GuigaMan (button) folded before Flop (didn't bet)
Seat 6: MCFC4INAROW (small blind) folded before Flop



PokerStars Hand #254277625249:  Hold'em No Limit ($0.50/$1.00 USD) - 2025/01/09 13:59:48 WET [2025/01/09 8:59:48 ET]
Table 'Kasan' 6-max Seat #6 is the button
Seat 1: mr.Jckpot ($104 in chips) 
Seat 2: MAO_DZEDYN_S ($101 in chips) 
Seat 3: value_ftw ($100.88 in chips) 
Seat 4: mironchikvld ($111.91 in chips) 
Seat 5: GuigaMan ($100 in chips) 
Seat 6: MCFC4INAROW ($20.79 in chips) 
mr.Jckpot: posts small blind $0.50
MAO_DZEDYN_S: posts big blind $1
*** HOLE CARDS ***
value_ftw: folds 
value_ftw leaves the table
mironchikvld: raises $2 to $3
GuigaMan: folds 
MCFC4INAROW: folds 
mr.Jckpot: folds 
MAO_DZEDYN_S: folds 
Uncalled bet ($2) returned to mironchikvld
mironchikvld collected $2.50 from pot
mironchikvld: doesn't show hand 
*** SUMMARY ***
Total pot $2.50 | Rake $0 
Seat 1: mr.Jckpot (small blind) folded before Flop
Seat 2: MAO_DZEDYN_S (big blind) folded before Flop
Seat 3: value_ftw folded before Flop (didn't bet)
Seat 4: mironchikvld collected ($2.50)
Seat 5: GuigaMan folded before Flop (didn't bet)
Seat 6: MCFC4INAROW (button) folded before Flop (didn't bet)



PokerStars Hand #254277628947:  Hold'em No Limit ($0.50/$1.00 USD) - 2025/01/09 14:00:14 WET [2025/01/09 9:00:14 ET]
Table 'Kasan' 6-max Seat #1 is the button
Seat 1: mr.Jckpot ($103.50 in chips) 
Seat 2: MAO_DZEDYN_S ($100 in chips) 
Seat 4: mironchikvld ($113.41 in chips) 
Seat 5: GuigaMan ($100 in chips) 
Seat 6: MCFC4INAROW ($20.79 in chips) 
MAO_DZEDYN_S: posts small blind $0.50
mironchikvld: posts big blind $1
*** HOLE CARDS ***
GuigaMan: folds 
MCFC4INAROW: folds 
mr.Jckpot: folds 
MAO_DZEDYN_S: raises $2 to $3
mironchikvld: folds 
Uncalled bet ($2) returned to MAO_DZEDYN_S
MAO_DZEDYN_S collected $2 from pot
MAO_DZEDYN_S: doesn't show hand 
*** SUMMARY ***
Total pot $2 | Rake $0 
Seat 1: mr.Jckpot (button) folded before Flop (didn't bet)
Seat 2: MAO_DZEDYN_S (small blind) collected ($2)
Seat 4: mironchikvld (big blind) folded before Flop
Seat 5: GuigaMan folded before Flop (didn't bet)
Seat 6: MCFC4INAROW folded before Flop (didn't bet)



PokerStars Hand #254277631470:  Hold'em No Limit ($0.50/$1.00 USD) - 2025/01/09 14:00:32 WET [2025/01/09 9:00:32 ET]
Table 'Kasan' 6-max Seat #2 is the button
Seat 1: mr.Jckpot ($103.50 in chips) 
Seat 2: MAO_DZEDYN_S ($101 in chips) 
Seat 4: mironchikvld ($112.41 in chips) 
Seat 5: GuigaMan ($100 in chips) 
Seat 6: MCFC4INAROW ($20.79 in chips) 
mironchikvld: posts small blind $0.50
GuigaMan: posts big blind $1
*** HOLE CARDS ***
rao999 joins the table at seat #3 
MCFC4INAROW: raises $1.50 to $2.50
mr.Jckpot: folds 
MAO_DZEDYN_S: raises $4 to $6.50
mironchikvld: folds 
GuigaMan: folds 
MCFC4INAROW: folds 
Uncalled bet ($4) returned to MAO_DZEDYN_S
MAO_DZEDYN_S collected $6.50 from pot
MAO_DZEDYN_S: doesn't show hand 
*** SUMMARY ***
Total pot $6.50 | Rake $0 
Seat 1: mr.Jckpot folded before Flop (didn't bet)
Seat 2: MAO_DZEDYN_S (button) collected ($6.50)
Seat 4: mironchikvld (small blind) folded before Flop
Seat 5: GuigaMan (big blind) folded before Flop
Seat 6: MCFC4INAROW folded before Flop



PokerStars Hand #254277636949:  Hold'em No Limit ($0.50/$1.00 USD) - 2025/01/09 14:01:06 WET [2025/01/09 9:01:06 ET]
Table 'Kasan' 6-max Seat #4 is the button
Seat 3: rao999 ($100 in chips) is sitting out
Seat 1: mr.Jckpot ($103.50 in chips) 
Seat 2: MAO_DZEDYN_S ($105 in chips) 
Seat 4: mironchikvld ($111.91 in chips) 
Seat 5: GuigaMan ($100 in chips) 
Seat 6: MCFC4INAROW ($18.29 in chips) 
GuigaMan: posts small blind $0.50
MCFC4INAROW: posts big blind $1
rao999: sits out 
*** HOLE CARDS ***
mr.Jckpot: raises $1.50 to $2.50
MAO_DZEDYN_S: folds 
mironchikvld: folds 
GuigaMan: folds 
MCFC4INAROW: folds 
Uncalled bet ($1.50) returned to mr.Jckpot
mr.Jckpot collected $2.50 from pot
mr.Jckpot: doesn't show hand 
*** SUMMARY ***
Total pot $2.50 | Rake $0 
Seat 3: rao999
Seat 1: mr.Jckpot collected ($2.50)
Seat 2: MAO_DZEDYN_S folded before Flop (didn't bet)
Seat 4: mironchikvld (button) folded before Flop (didn't bet)
Seat 5: GuigaMan (small blind) folded before Flop
Seat 6: MCFC4INAROW (big blind) folded before Flop



PokerStars Hand #254277640168:  Hold'em No Limit ($0.50/$1.00 USD) - 2025/01/09 14:01:25 WET [2025/01/09 9:01:25 ET]
Table 'Kasan' 6-max Seat #5 is the button
Seat 3: rao999 ($100 in chips) is sitting out
Seat 1: mr.Jckpot ($105 in chips) 
Seat 2: MAO_DZEDYN_S ($105 in chips) 
Seat 4: mironchikvld ($111.91 in chips) 
Seat 5: GuigaMan ($100 in chips) 
Seat 6: MCFC4INAROW ($17.29 in chips) 
MCFC4INAROW: posts small blind $0.50
mr.Jckpot: posts big blind $1
rao999: sits out 
*** HOLE CARDS ***
MAO_DZEDYN_S: folds 
mironchikvld: folds 
GuigaMan: raises $1.10 to $2.10
MCFC4INAROW: calls $1.60
mr.Jckpot: calls $1.10
*** FLOP *** [Kd Tc 8d]
MCFC4INAROW: checks 
mr.Jckpot: checks 
GuigaMan: checks 
*** TURN *** [Kd Tc 8d] [Qs]
MCFC4INAROW: checks 
mr.Jckpot: checks 
GuigaMan: checks 
*** RIVER *** [Kd Tc 8d Qs] [3d]
MCFC4INAROW: checks 
mr.Jckpot: bets $2.50
GuigaMan: folds 
MCFC4INAROW: calls $2.50
*** SHOW DOWN ***
mr.Jckpot: shows [Kc 9c] (a pair of Kings)
MCFC4INAROW: mucks hand 
mr.Jckpot collected $10.74 from pot
*** SUMMARY ***
Total pot $11.30 | Rake $0.56 
Board [Kd Tc 8d Qs 3d]
Seat 3: rao999
Seat 1: mr.Jckpot (big blind) showed [Kc 9c] and won ($10.74) with a pair of Kings
Seat 2: MAO_DZEDYN_S folded before Flop (didn't bet)
Seat 4: mironchikvld folded before Flop (didn't bet)
Seat 5: GuigaMan (button) folded on the River
Seat 6: MCFC4INAROW (small blind) mucked



PokerStars Hand #254277652371:  Hold'em No Limit ($0.50/$1.00 USD) - 2025/01/09 14:02:38 WET [2025/01/09 9:02:38 ET]
Table 'Kasan' 6-max Seat #6 is the button
Seat 2: MAO_DZEDYN_S ($105 in chips) is sitting out
Seat 1: mr.Jckpot ($111.14 in chips) 
Seat 3: rao999 ($100 in chips) 
Seat 4: mironchikvld ($111.91 in chips) 
Seat 5: GuigaMan ($100 in chips) 
Seat 6: MCFC4INAROW ($12.69 in chips) 
mr.Jckpot: posts small blind $0.50
MAO_DZEDYN_S: is sitting out 
rao999: posts big blind $1
*** HOLE CARDS ***
mironchikvld: folds 
GuigaMan: folds 
MCFC4INAROW: folds 
mr.Jckpot: folds 
Uncalled bet ($0.50) returned to rao999
rao999 collected $1 from pot
rao999: doesn't show hand 
MAO_DZEDYN_S leaves the table
*** SUMMARY ***
Total pot $1 | Rake $0 
Seat 2: MAO_DZEDYN_S
Seat 1: mr.Jckpot (small blind) folded before Flop
Seat 3: rao999 (big blind) collected ($1)
Seat 4: mironchikvld folded before Flop (didn't bet)
Seat 5: GuigaMan folded before Flop (didn't bet)
Seat 6: MCFC4INAROW (button) folded before Flop (didn't bet)



PokerStars Hand #254277654317:  Hold'em No Limit ($0.50/$1.00 USD) - 2025/01/09 14:02:49 WET [2025/01/09 9:02:49 ET]
Table 'Kasan' 6-max Seat #1 is the button
Seat 1: mr.Jckpot ($110.64 in chips) 
Seat 3: rao999 ($100.50 in chips) 
Seat 4: mironchikvld ($111.91 in chips) 
Seat 5: GuigaMan ($100 in chips) 
Seat 6: MCFC4INAROW ($12.69 in chips) 
rao999: posts small blind $0.50
mironchikvld: posts big blind $1
*** HOLE CARDS ***
GuigaMan: raises $1.10 to $2.10
MCFC4INAROW: raises $10.59 to $12.69 and is all-in
mr.Jckpot: raises $15.31 to $28
rao999: folds 
mironchikvld: folds 
GuigaMan: folds 
Uncalled bet ($15.31) returned to mr.Jckpot
*** FLOP *** [3s 9s 2d]
*** TURN *** [3s 9s 2d] [4h]
*** RIVER *** [3s 9s 2d 4h] [7c]
*** SHOW DOWN ***
MCFC4INAROW: shows [Jc Qd] (high card Queen)
mr.Jckpot: shows [Jh Js] (a pair of Jacks)
mr.Jckpot collected $27.53 from pot
*** SUMMARY ***
Total pot $28.98 | Rake $1.45 
Board [3s 9s 2d 4h 7c]
Seat 1: mr.Jckpot (button) showed [Jh Js] and won ($27.53) with a pair of Jacks
Seat 3: rao999 (small blind) folded before Flop
Seat 4: mironchikvld (big blind) folded before Flop
Seat 5: GuigaMan folded before Flop
Seat 6: MCFC4INAROW showed [Jc Qd] and lost with high card Queen



PokerStars Hand #254277658926:  Hold'em No Limit ($0.50/$1.00 USD) - 2025/01/09 14:03:16 WET [2025/01/09 9:03:16 ET]
Table 'Kasan' 6-max Seat #3 is the button
Seat 6: MCFC4INAROW ($0 in chips) is sitting out
Seat 1: mr.Jckpot ($125.48 in chips) 
Seat 3: rao999 ($100 in chips) 
Seat 4: mironchikvld ($110.91 in chips) 
Seat 5: GuigaMan ($100 in chips) 
mironchikvld: posts small blind $0.50
GuigaMan: posts big blind $1
*** HOLE CARDS ***
mr.Jckpot: folds 
MCFC4INAROW leaves the table
rao999: raises $1.50 to $2.50
mironchikvld: folds 
GuigaMan: raises $9.50 to $12
rao999: folds 
Uncalled bet ($9.50) returned to GuigaMan
GuigaMan collected $5.50 from pot
GuigaMan: doesn't show hand 
*** SUMMARY ***
Total pot $5.50 | Rake $0 
Seat 6: MCFC4INAROW
Seat 1: mr.Jckpot folded before Flop (didn't bet)
Seat 3: rao999 (button) folded before Flop
Seat 4: mironchikvld (small blind) folded before Flop
Seat 5: GuigaMan (big blind) collected ($5.50)



PokerStars Hand #254277664948:  Hold'em No Limit ($0.50/$1.00 USD) - 2025/01/09 14:03:51 WET [2025/01/09 9:03:51 ET]
Table 'Kasan' 6-max Seat #4 is the button
Seat 1: mr.Jckpot ($125.48 in chips) is sitting out
Seat 3: rao999 ($100 in chips) 
Seat 4: mironchikvld ($110.41 in chips) 
Seat 5: GuigaMan ($103 in chips) 
GuigaMan: posts small blind $0.50
mr.Jckpot: is sitting out 
rao999: posts big blind $1
*** HOLE CARDS ***
mr.Jckpot leaves the table
mironchikvld: raises $2 to $3
GuigaMan: folds 
rao999: folds 
Uncalled bet ($2) returned to mironchikvld
mironchikvld collected $2.50 from pot
mironchikvld: doesn't show hand 
*** SUMMARY ***
Total pot $2.50 | Rake $0 
Seat 1: mr.Jckpot
Seat 3: rao999 (big blind) folded before Flop
Seat 4: mironchikvld (button) collected ($2.50)
Seat 5: GuigaMan (small blind) folded before Flop



PokerStars Hand #254277667707:  Hold'em No Limit ($0.50/$1.00 USD) - 2025/01/09 14:04:07 WET [2025/01/09 9:04:07 ET]
Table 'Kasan' 6-max Seat #5 is the button
Seat 3: rao999 ($100 in chips) 
Seat 4: mironchikvld ($111.91 in chips) 
Seat 5: GuigaMan ($102.50 in chips) 
rao999: posts small blind $0.50
mironchikvld: posts big blind $1
*** HOLE CARDS ***
GuigaMan: folds 
rao999: raises $2 to $3
mironchikvld: folds 
Uncalled bet ($2) returned to rao999
rao999 collected $2 from pot
rao999: doesn't show hand 
*** SUMMARY ***
Total pot $2 | Rake $0 
Seat 3: rao999 (small blind) collected ($2)
Seat 4: mironchikvld (big blind) folded before Flop
Seat 5: GuigaMan (button) folded before Flop (didn't bet)



PokerStars Hand #254277669338:  Hold'em No Limit ($0.50/$1.00 USD) - 2025/01/09 14:04:17 WET [2025/01/09 9:04:17 ET]
Table 'Kasan' 6-max Seat #3 is the button
Seat 3: rao999 ($101 in chips) 
Seat 4: mironchikvld ($110.91 in chips) 
Seat 5: GuigaMan ($102.50 in chips) 
mironchikvld: posts small blind $0.50
GuigaMan: posts big blind $1
*** HOLE CARDS ***
rao999: folds 
mironchikvld: folds 
Uncalled bet ($0.50) returned to GuigaMan
GuigaMan collected $1 from pot
GuigaMan: doesn't show hand 
*** SUMMARY ***
Total pot $1 | Rake $0 
Seat 3: rao999 (button) folded before Flop (didn't bet)
Seat 4: mironchikvld (small blind) folded before Flop
Seat 5: GuigaMan (big blind) collected ($1)



PokerStars Hand #254277894477:  Hold'em No Limit ($0.50/$1.00 USD) - 2025/01/09 14:25:27 WET [2025/01/09 9:25:27 ET]
Table 'Kasan' 6-max Seat #4 is the button
Seat 3: Samuel00335 ($11.14 in chips) 
Seat 4: mr.Jckpot ($125.48 in chips) 
mr.Jckpot: posts small blind $0.50
Samuel00335: posts big blind $1
*** HOLE CARDS ***
mr.Jckpot: folds 
Uncalled bet ($0.50) returned to Samuel00335
Samuel00335 collected $1 from pot
*** SUMMARY ***
Total pot $1 | Rake $0 
Seat 3: Samuel00335 (big blind) collected ($1)
Seat 4: mr.Jckpot (button) (small blind) folded before Flop



PokerStars Hand #254277896006:  Hold'em No Limit ($0.50/$1.00 USD) - 2025/01/09 14:25:35 WET [2025/01/09 9:25:35 ET]
Table 'Kasan' 6-max Seat #3 is the button
Seat 3: Samuel00335 ($11.64 in chips) 
Seat 4: mr.Jckpot ($124.98 in chips) 
Samuel00335: posts small blind $0.50
mr.Jckpot: posts big blind $1
*** HOLE CARDS ***
Samuel00335: calls $0.50
mr.Jckpot: checks 
*** FLOP *** [6s Jh 3s]
mr.Jckpot: checks 
Samuel00335: bets $1
mr.Jckpot: calls $1
*** TURN *** [6s Jh 3s] [8s]
mr.Jckpot: checks 
Samuel00335: checks 
*** RIVER *** [6s Jh 3s 8s] [5c]
mr.Jckpot: checks 
Samuel00335: checks 
*** SHOW DOWN ***
mr.Jckpot: shows [2s 5d] (a pair of Fives)
Samuel00335: shows [As Ac] (a pair of Aces)
Samuel00335 collected $3.80 from pot
*** SUMMARY ***
Total pot $4 | Rake $0.20 
Board [6s Jh 3s 8s 5c]
Seat 3: Samuel00335 (button) (small blind) showed [As Ac] and won ($3.80) with a pair of Aces
Seat 4: mr.Jckpot (big blind) showed [2s 5d] and lost with a pair of Fives



PokerStars Hand #254277900216:  Hold'em No Limit ($0.50/$1.00 USD) - 2025/01/09 14:25:58 WET [2025/01/09 9:25:58 ET]
Table 'Kasan' 6-max Seat #4 is the button
Seat 3: Samuel00335 ($13.44 in chips) 
Seat 4: mr.Jckpot ($122.98 in chips) 
mr.Jckpot: posts small blind $0.50
Samuel00335: posts big blind $1
*** HOLE CARDS ***
mr.Jckpot: raises $1 to $2
Samuel00335: calls $1
*** FLOP *** [Js 6s Jc]
Samuel00335: checks 
mr.Jckpot: checks 
*** TURN *** [Js 6s Jc] [6h]
Samuel00335: checks 
mr.Jckpot: checks 
*** RIVER *** [Js 6s Jc 6h] [7d]
Samuel00335: checks 
mr.Jckpot: checks 
*** SHOW DOWN ***
Samuel00335: shows [4d 8d] (two pair, Jacks and Sixes)
mr.Jckpot: shows [Th 8h] (two pair, Jacks and Sixes - Ten kicker)
mr.Jckpot collected $3.80 from pot
*** SUMMARY ***
Total pot $4 | Rake $0.20 
Board [Js 6s Jc 6h 7d]
Seat 3: Samuel00335 (big blind) showed [4d 8d] and lost with two pair, Jacks and Sixes
Seat 4: mr.Jckpot (button) (small blind) showed [Th 8h] and won ($3.80) with two pair, Jacks and Sixes



PokerStars Hand #254277904129:  Hold'em No Limit ($0.50/$1.00 USD) - 2025/01/09 14:26:20 WET [2025/01/09 9:26:20 ET]
Table 'Kasan' 6-max Seat #3 is the button
Seat 3: Samuel00335 ($11.44 in chips) 
Seat 4: mr.Jckpot ($124.78 in chips) 
Samuel00335: posts small blind $0.50
mr.Jckpot: posts big blind $1
*** HOLE CARDS ***
Samuel00335: calls $0.50
mr.Jckpot: checks 
*** FLOP *** [Js Kh Qs]
mr.Jckpot: checks 
Samuel00335: checks 
*** TURN *** [Js Kh Qs] [5d]
mr.Jckpot: checks 
Samuel00335: checks 
*** RIVER *** [Js Kh Qs 5d] [Kc]
mr.Jckpot: checks 
Samuel00335: checks 
*** SHOW DOWN ***
mr.Jckpot: shows [4c 7h] (a pair of Kings)
Samuel00335: shows [2s Qd] (two pair, Kings and Queens)
Samuel00335 collected $1.90 from pot
*** SUMMARY ***
Total pot $2 | Rake $0.10 
Board [Js Kh Qs 5d Kc]
Seat 3: Samuel00335 (button) (small blind) showed [2s Qd] and won ($1.90) with two pair, Kings and Queens
Seat 4: mr.Jckpot (big blind) showed [4c 7h] and lost with a pair of Kings



PokerStars Hand #254277907423:  Hold'em No Limit ($0.50/$1.00 USD) - 2025/01/09 14:26:38 WET [2025/01/09 9:26:38 ET]
Table 'Kasan' 6-max Seat #4 is the button
Seat 3: Samuel00335 ($12.34 in chips) 
Seat 4: mr.Jckpot ($123.78 in chips) 
mr.Jckpot: posts small blind $0.50
Samuel00335: posts big blind $1
*** HOLE CARDS ***
mr.Jckpot: raises $1 to $2
Samuel00335: calls $1
*** FLOP *** [5h 3s 2d]
Samuel00335: checks 
mr.Jckpot: checks 
*** TURN *** [5h 3s 2d] [Th]
Samuel00335: checks 
mr.Jckpot: checks 
*** RIVER *** [5h 3s 2d Th] [Js]
Samuel00335: checks 
mr.Jckpot: checks 
*** SHOW DOWN ***
Samuel00335: shows [Qh 6d] (high card Queen)
mr.Jckpot: mucks hand 
Samuel00335 collected $3.80 from pot
*** SUMMARY ***
Total pot $4 | Rake $0.20 
Board [5h 3s 2d Th Js]
Seat 3: Samuel00335 (big blind) showed [Qh 6d] and won ($3.80) with high card Queen
Seat 4: mr.Jckpot (button) (small blind) mucked



PokerStars Hand #254277910935:  Hold'em No Limit ($0.50/$1.00 USD) - 2025/01/09 14:26:57 WET [2025/01/09 9:26:57 ET]
Table 'Kasan' 6-max Seat #3 is the button
Seat 3: Samuel00335 ($14.14 in chips) 
Seat 4: mr.Jckpot ($121.78 in chips) 
Samuel00335: posts small blind $0.50
mr.Jckpot: posts big blind $1
*** HOLE CARDS ***
Samuel00335: calls $0.50
mr.Jckpot: checks 
*** FLOP *** [Td 4c 9s]
mr.Jckpot: checks 
Samuel00335: checks 
*** TURN *** [Td 4c 9s] [Ad]
mr.Jckpot: bets $1
Samuel00335: calls $1
*** RIVER *** [Td 4c 9s Ad] [4s]
mr.Jckpot: checks 
Samuel00335: checks 
*** SHOW DOWN ***
mr.Jckpot: shows [3d Ks] (a pair of Fours)
Samuel00335: shows [Kd 4h] (three of a kind, Fours)
Samuel00335 collected $3.80 from pot
*** SUMMARY ***
Total pot $4 | Rake $0.20 
Board [Td 4c 9s Ad 4s]
Seat 3: Samuel00335 (button) (small blind) showed [Kd 4h] and won ($3.80) with three of a kind, Fours
Seat 4: mr.Jckpot (big blind) showed [3d Ks] and lost with a pair of Fours



PokerStars Hand #254277914673:  Hold'em No Limit ($0.50/$1.00 USD) - 2025/01/09 14:27:18 WET [2025/01/09 9:27:18 ET]
Table 'Kasan' 6-max Seat #4 is the button
Seat 3: Samuel00335 ($15.94 in chips) 
Seat 4: mr.Jckpot ($119.78 in chips) 
mr.Jckpot: posts small blind $0.50
Samuel00335: posts big blind $1
*** HOLE CARDS ***
mr.Jckpot: folds 
Uncalled bet ($0.50) returned to Samuel00335
Samuel00335 collected $1 from pot
*** SUMMARY ***
Total pot $1 | Rake $0 
Seat 3: Samuel00335 (big blind) collected ($1)
Seat 4: mr.Jckpot (button) (small blind) folded before Flop



PokerStars Hand #254277915908:  Hold'em No Limit ($0.50/$1.00 USD) - 2025/01/09 14:27:24 WET [2025/01/09 9:27:24 ET]
Table 'Kasan' 6-max Seat #3 is the button
Seat 3: Samuel00335 ($16.44 in chips) 
Seat 4: mr.Jckpot ($119.28 in chips) 
Samuel00335: posts small blind $0.50
mr.Jckpot: posts big blind $1
*** HOLE CARDS ***
Samuel00335: calls $0.50
mr.Jckpot: checks 
*** FLOP *** [8s 8h 8d]
mr.Jckpot: checks 
Samuel00335: bets $1
mr.Jckpot: folds 
Uncalled bet ($1) returned to Samuel00335
Samuel00335 collected $1.90 from pot
*** SUMMARY ***
Total pot $2 | Rake $0.10 
Board [8s 8h 8d]
Seat 3: Samuel00335 (button) (small blind) collected ($1.90)
Seat 4: mr.Jckpot (big blind) folded on the Flop



PokerStars Hand #254277918444:  Hold'em No Limit ($0.50/$1.00 USD) - 2025/01/09 14:27:38 WET [2025/01/09 9:27:38 ET]
Table 'Kasan' 6-max Seat #4 is the button
Seat 3: Samuel00335 ($17.34 in chips) 
Seat 4: mr.Jckpot ($118.28 in chips) 
mr.Jckpot: posts small blind $0.50
Samuel00335: posts big blind $1
*** HOLE CARDS ***
mr.Jckpot: raises $1 to $2
Samuel00335: calls $1
*** FLOP *** [Jc 5d As]
Samuel00335: checks 
mr.Jckpot: bets $1
Samuel00335: calls $1
*** TURN *** [Jc 5d As] [Kd]
Samuel00335: checks 
mr.Jckpot: bets $2.50
Samuel00335: folds 
Uncalled bet ($2.50) returned to mr.Jckpot
mr.Jckpot collected $5.70 from pot
mr.Jckpot: doesn't show hand 
*** SUMMARY ***
Total pot $6 | Rake $0.30 
Board [Jc 5d As Kd]
Seat 3: Samuel00335 (big blind) folded on the Turn
Seat 4: mr.Jckpot (button) (small blind) collected ($5.70)



PokerStars Hand #254277922627:  Hold'em No Limit ($0.50/$1.00 USD) - 2025/01/09 14:28:01 WET [2025/01/09 9:28:01 ET]
Table 'Kasan' 6-max Seat #3 is the button
Seat 3: Samuel00335 ($14.34 in chips) 
Seat 4: mr.Jckpot ($120.98 in chips) 
Samuel00335: posts small blind $0.50
mr.Jckpot: posts big blind $1
*** HOLE CARDS ***
Samuel00335: calls $0.50
mr.Jckpot: raises $1.50 to $2.50
Samuel00335: calls $1.50
*** FLOP *** [Qd Qh Jc]
mr.Jckpot: bets $1.57
Samuel00335: folds 
Uncalled bet ($1.57) returned to mr.Jckpot
mr.Jckpot collected $4.75 from pot
mr.Jckpot: doesn't show hand 
*** SUMMARY ***
Total pot $5 | Rake $0.25 
Board [Qd Qh Jc]
Seat 3: Samuel00335 (button) (small blind) folded on the Flop
Seat 4: mr.Jckpot (big blind) collected ($4.75)



PokerStars Hand #254277925532:  Hold'em No Limit ($0.50/$1.00 USD) - 2025/01/09 14:28:17 WET [2025/01/09 9:28:17 ET]
Table 'Kasan' 6-max Seat #4 is the button
Seat 3: Samuel00335 ($11.84 in chips) 
Seat 4: mr.Jckpot ($123.23 in chips) 
mr.Jckpot: posts small blind $0.50
Samuel00335: posts big blind $1
*** HOLE CARDS ***
mr.Jckpot: folds 
Uncalled bet ($0.50) returned to Samuel00335
Samuel00335 collected $1 from pot
*** SUMMARY ***
Total pot $1 | Rake $0 
Seat 3: Samuel00335 (big blind) collected ($1)
Seat 4: mr.Jckpot (button) (small blind) folded before Flop



PokerStars Hand #254277926851:  Hold'em No Limit ($0.50/$1.00 USD) - 2025/01/09 14:28:24 WET [2025/01/09 9:28:24 ET]
Table 'Kasan' 6-max Seat #3 is the button
Seat 3: Samuel00335 ($12.34 in chips) 
Seat 4: mr.Jckpot ($122.73 in chips) 
Samuel00335: posts small blind $0.50
mr.Jckpot: posts big blind $1
*** HOLE CARDS ***
Samuel00335: calls $0.50
mr.Jckpot: raises $1.50 to $2.50
Samuel00335: calls $1.50
*** FLOP *** [3c 7s 3s]
mr.Jckpot: bets $1.57
Samuel00335: raises $1.57 to $3.14
mr.Jckpot: folds 
Uncalled bet ($1.57) returned to Samuel00335
Samuel00335 collected $7.73 from pot
*** SUMMARY ***
Total pot $8.14 | Rake $0.41 
Board [3c 7s 3s]
Seat 3: Samuel00335 (button) (small blind) collected ($7.73)
Seat 4: mr.Jckpot (big blind) folded on the Flop



PokerStars Hand #254277930255:  Hold'em No Limit ($0.50/$1.00 USD) - 2025/01/09 14:28:43 WET [2025/01/09 9:28:43 ET]
Table 'Kasan' 6-max Seat #4 is the button
Seat 3: Samuel00335 ($16 in chips) 
Seat 4: mr.Jckpot ($118.66 in chips) 
mr.Jckpot: posts small blind $0.50
Samuel00335: posts big blind $1
*** HOLE CARDS ***
mr.Jckpot: folds 
Uncalled bet ($0.50) returned to Samuel00335
Samuel00335 collected $1 from pot
*** SUMMARY ***
Total pot $1 | Rake $0 
Seat 3: Samuel00335 (big blind) collected ($1)
Seat 4: mr.Jckpot (button) (small blind) folded before Flop



PokerStars Hand #254277931274:  Hold'em No Limit ($0.50/$1.00 USD) - 2025/01/09 14:28:49 WET [2025/01/09 9:28:49 ET]
Table 'Kasan' 6-max Seat #3 is the button
Seat 3: Samuel00335 ($16.50 in chips) 
Seat 4: mr.Jckpot ($118.16 in chips) 
Samuel00335: posts small blind $0.50
mr.Jckpot: posts big blind $1
*** HOLE CARDS ***
Samuel00335: calls $0.50
mr.Jckpot: checks 
*** FLOP *** [7s 7d Qc]
mr.Jckpot: checks 
Samuel00335: checks 
*** TURN *** [7s 7d Qc] [Jh]
mr.Jckpot: checks 
Samuel00335: checks 
*** RIVER *** [7s 7d Qc Jh] [5h]
mr.Jckpot: checks 
Samuel00335: bets $1
mr.Jckpot: folds 
Uncalled bet ($1) returned to Samuel00335
Samuel00335 collected $1.90 from pot
*** SUMMARY ***
Total pot $2 | Rake $0.10 
Board [7s 7d Qc Jh 5h]
Seat 3: Samuel00335 (button) (small blind) collected ($1.90)
Seat 4: mr.Jckpot (big blind) folded on the River



PokerStars Hand #254277935551:  Hold'em No Limit ($0.50/$1.00 USD) - 2025/01/09 14:29:12 WET [2025/01/09 9:29:12 ET]
Table 'Kasan' 6-max Seat #4 is the button
Seat 3: Samuel00335 ($17.40 in chips) 
Seat 4: mr.Jckpot ($117.16 in chips) 
mr.Jckpot: posts small blind $0.50
Samuel00335: posts big blind $1
*** HOLE CARDS ***
mr.Jckpot: raises $1 to $2
Samuel00335: calls $1
*** FLOP *** [3s 2s 4s]
Samuel00335: checks 
mr.Jckpot: bets $1.50
Samuel00335: calls $1.50
*** TURN *** [3s 2s 4s] [7d]
Samuel00335: bets $1
mr.Jckpot: calls $1
*** RIVER *** [3s 2s 4s 7d] [3h]
Samuel00335: checks 
mr.Jckpot: checks 
*** SHOW DOWN ***
Samuel00335: shows [Jd 8c] (a pair of Threes)
mr.Jckpot: mucks hand 
Samuel00335 collected $8.55 from pot
*** SUMMARY ***
Total pot $9 | Rake $0.45 
Board [3s 2s 4s 7d 3h]
Seat 3: Samuel00335 (big blind) showed [Jd 8c] and won ($8.55) with a pair of Threes
Seat 4: mr.Jckpot (button) (small blind) mucked



PokerStars Hand #254277940120:  Hold'em No Limit ($0.50/$1.00 USD) - 2025/01/09 14:29:37 WET [2025/01/09 9:29:37 ET]
Table 'Kasan' 6-max Seat #3 is the button
Seat 3: Samuel00335 ($21.45 in chips) 
Seat 4: mr.Jckpot ($112.66 in chips) 
Samuel00335: posts small blind $0.50
mr.Jckpot: posts big blind $1
*** HOLE CARDS ***
Samuel00335: calls $0.50
mr.Jckpot: checks 
*** FLOP *** [Jh Tc 9c]
mr.Jckpot: bets $1
Samuel00335: calls $1
*** TURN *** [Jh Tc 9c] [Qh]
mr.Jckpot: checks 
Samuel00335: checks 
*** RIVER *** [Jh Tc 9c Qh] [3h]
mr.Jckpot: bets $1
Samuel00335: raises $1 to $2
mr.Jckpot: calls $1
*** SHOW DOWN ***
Samuel00335: shows [Kh Jd] (a straight, Nine to King)
mr.Jckpot: mucks hand 
Samuel00335 collected $7.60 from pot
*** SUMMARY ***
Total pot $8 | Rake $0.40 
Board [Jh Tc 9c Qh 3h]
Seat 3: Samuel00335 (button) (small blind) showed [Kh Jd] and won ($7.60) with a straight, Nine to King
Seat 4: mr.Jckpot (big blind) mucked



PokerStars Hand #254277944795:  Hold'em No Limit ($0.50/$1.00 USD) - 2025/01/09 14:30:02 WET [2025/01/09 9:30:02 ET]
Table 'Kasan' 6-max Seat #4 is the button
Seat 3: Samuel00335 ($25.05 in chips) 
Seat 4: mr.Jckpot ($108.66 in chips) 
mr.Jckpot: posts small blind $0.50
Samuel00335: posts big blind $1
*** HOLE CARDS ***
mr.Jckpot: raises $2 to $3
Samuel00335: calls $2
*** FLOP *** [3h Kh 6h]
Samuel00335: checks 
mr.Jckpot: bets $1.88
Samuel00335: raises $1.88 to $3.76
mr.Jckpot: raises $1.88 to $5.64
Samuel00335: calls $1.88
*** TURN *** [3h Kh 6h] [6c]
Samuel00335: checks 
mr.Jckpot: bets $7.50
Samuel00335: raises $7.50 to $15
mr.Jckpot: raises $7.50 to $22.50
Samuel00335: calls $1.41 and is all-in
Uncalled bet ($6.09) returned to mr.Jckpot
*** RIVER *** [3h Kh 6h 6c] [7d]
*** SHOW DOWN ***
Samuel00335: shows [Ah 8d] (a pair of Sixes)
mr.Jckpot: shows [Qh Kd] (two pair, Kings and Sixes)
mr.Jckpot collected $49.10 from pot
Samuel00335 cashed out the hand for $12.03 | Cash Out Fee $0.25
*** SUMMARY ***
Total pot $50.10 | Rake $1 
Board [3h Kh 6h 6c 7d]
Seat 3: Samuel00335 (big blind) showed [Ah 8d] and lost with a pair of Sixes (cashed out).
Seat 4: mr.Jckpot (button) (small blind) showed [Qh Kd] and won ($49.10) with two pair, Kings and Sixes



PokerStars Hand #254277954455:  Hold'em No Limit ($0.50/$1.00 USD) - 2025/01/09 14:30:53 WET [2025/01/09 9:30:53 ET]
Table 'Kasan' 6-max Seat #3 is the button
Seat 3: Samuel00335 ($12.03 in chips) 
Seat 4: mr.Jckpot ($132.71 in chips) 
Samuel00335: posts small blind $0.50
mr.Jckpot: posts big blind $1
*** HOLE CARDS ***
Samuel00335: calls $0.50
mr.Jckpot: raises $1.50 to $2.50
Samuel00335: calls $1.50
*** FLOP *** [Kh 5s 4d]
mr.Jckpot: checks 
Samuel00335: bets $1
mr.Jckpot: folds 
Uncalled bet ($1) returned to Samuel00335
Samuel00335 collected $4.75 from pot
Samuel00335: shows [Ac Ad] (a pair of Aces)
*** SUMMARY ***
Total pot $5 | Rake $0.25 
Board [Kh 5s 4d]
Seat 3: Samuel00335 (button) (small blind) collected ($4.75)
Seat 4: mr.Jckpot (big blind) folded on the Flop



PokerStars Hand #254277958749:  Hold'em No Limit ($0.50/$1.00 USD) - 2025/01/09 14:31:17 WET [2025/01/09 9:31:17 ET]
Table 'Kasan' 6-max Seat #4 is the button
Seat 3: Samuel00335 ($14.28 in chips) 
Seat 4: mr.Jckpot ($130.21 in chips) 
mr.Jckpot: posts small blind $0.50
Samuel00335: posts big blind $1
*** HOLE CARDS ***
mr.Jckpot: raises $1 to $2
Samuel00335: calls $1
*** FLOP *** [8s 2c 8c]
Samuel00335: checks 
mr.Jckpot: bets $1.25
Samuel00335: calls $1.25
*** TURN *** [8s 2c 8c] [Qh]
Samuel00335: checks 
mr.Jckpot: bets $4.02
Samuel00335: raises $4.02 to $8.04
mr.Jckpot: folds 
Uncalled bet ($4.02) returned to Samuel00335
Samuel00335 collected $13.81 from pot
*** SUMMARY ***
Total pot $14.54 | Rake $0.73 
Board [8s 2c 8c Qh]
Seat 3: Samuel00335 (big blind) collected ($13.81)
Seat 4: mr.Jckpot (button) (small blind) folded on the Turn



PokerStars Hand #254277962845:  Hold'em No Limit ($0.50/$1.00 USD) - 2025/01/09 14:31:38 WET [2025/01/09 9:31:38 ET]
Table 'Kasan' 6-max Seat #3 is the button
Seat 3: Samuel00335 ($20.82 in chips) 
Seat 4: mr.Jckpot ($122.94 in chips) 
Samuel00335: posts small blind $0.50
mr.Jckpot: posts big blind $1
*** HOLE CARDS ***
Samuel00335: calls $0.50
mr.Jckpot: raises $2 to $3
Samuel00335: calls $2
*** FLOP *** [Ts Th Ad]
mr.Jckpot: checks 
Samuel00335: checks 
*** TURN *** [Ts Th Ad] [7h]
mr.Jckpot: checks 
Samuel00335: checks 
*** RIVER *** [Ts Th Ad 7h] [8h]
mr.Jckpot: checks 
Samuel00335: checks 
*** SHOW DOWN ***
mr.Jckpot: shows [Kc Qs] (a pair of Tens)
Samuel00335: shows [Kd As] (two pair, Aces and Tens)
Samuel00335 collected $5.70 from pot
*** SUMMARY ***
Total pot $6 | Rake $0.30 
Board [Ts Th Ad 7h 8h]
Seat 3: Samuel00335 (button) (small blind) showed [Kd As] and won ($5.70) with two pair, Aces and Tens
Seat 4: mr.Jckpot (big blind) showed [Kc Qs] and lost with a pair of Tens



PokerStars Hand #254277967654:  Hold'em No Limit ($0.50/$1.00 USD) - 2025/01/09 14:32:04 WET [2025/01/09 9:32:04 ET]
Table 'Kasan' 6-max Seat #4 is the button
Seat 3: Samuel00335 ($23.52 in chips) 
Seat 4: mr.Jckpot ($119.94 in chips) 
mr.Jckpot: posts small blind $0.50
Samuel00335: posts big blind $1
*** HOLE CARDS ***
mr.Jckpot: raises $1 to $2
Samuel00335: calls $1
*** FLOP *** [5s 8h Th]
Samuel00335: checks 
mr.Jckpot: bets $1.50
Samuel00335: calls $1.50
*** TURN *** [5s 8h Th] [3s]
Samuel00335: checks 
mr.Jckpot: bets $2.50
Samuel00335: calls $2.50
*** RIVER *** [5s 8h Th 3s] [4d]
PayTaxOrDie joins the table at seat #5 
Samuel00335: bets $1
mr.Jckpot: calls $1
*** SHOW DOWN ***
Samuel00335: shows [2s 9d] (high card Ten)
mr.Jckpot: shows [8c Kd] (a pair of Eights)
mr.Jckpot collected $13.30 from pot
*** SUMMARY ***
Total pot $14 | Rake $0.70 
Board [5s 8h Th 3s 4d]
Seat 3: Samuel00335 (big blind) showed [2s 9d] and lost with high card Ten
Seat 4: mr.Jckpot (button) (small blind) showed [8c Kd] and won ($13.30) with a pair of Eights



PokerStars Hand #254277973606:  Hold'em No Limit ($0.50/$1.00 USD) - 2025/01/09 14:32:36 WET [2025/01/09 9:32:36 ET]
Table 'Kasan' 6-max Seat #3 is the button
Seat 3: Samuel00335 ($16.52 in chips) 
Seat 4: mr.Jckpot ($126.24 in chips) 
Seat 5: PayTaxOrDie ($100 in chips) 
mr.Jckpot: posts small blind $0.50
PayTaxOrDie: posts big blind $1
*** HOLE CARDS ***
Samuel00335: calls $1
mr.Jckpot: raises $2.50 to $3.50
PayTaxOrDie: folds 
Samuel00335: calls $2.50
*** FLOP *** [7s Kd 5d]
mr.Jckpot: bets $2.51
Samuel00335: calls $2.51
*** TURN *** [7s Kd 5d] [8s]
mr.Jckpot: bets $6.80
Samuel00335: folds 
Uncalled bet ($6.80) returned to mr.Jckpot
mr.Jckpot collected $12.37 from pot
mr.Jckpot: doesn't show hand 
*** SUMMARY ***
Total pot $13.02 | Rake $0.65 
Board [7s Kd 5d 8s]
Seat 3: Samuel00335 (button) folded on the Turn
Seat 4: mr.Jckpot (small blind) collected ($12.37)
Seat 5: PayTaxOrDie (big blind) folded before Flop



PokerStars Hand #254277978113:  Hold'em No Limit ($0.50/$1.00 USD) - 2025/01/09 14:33:00 WET [2025/01/09 9:33:00 ET]
Table 'Kasan' 6-max Seat #4 is the button
Seat 3: Samuel00335 ($10.51 in chips) 
Seat 4: mr.Jckpot ($132.60 in chips) 
Seat 5: PayTaxOrDie ($100 in chips) 
PayTaxOrDie: posts small blind $0.50
Samuel00335: posts big blind $1
*** HOLE CARDS ***
mr.Jckpot: folds 
PayTaxOrDie: raises $2 to $3
Samuel00335: calls $2
*** FLOP *** [4c 9c 3c]
PayTaxOrDie: checks 
Samuel00335: checks 
*** TURN *** [4c 9c 3c] [8c]
PayTaxOrDie: checks 
Samuel00335: checks 
*** RIVER *** [4c 9c 3c 8c] [7d]
CapoDiTutti17 joins the table at seat #6 
CapoDiTutti17 is disconnected 
AlexPinsk1 joins the table at seat #2 
PayTaxOrDie: checks 
Samuel00335: checks 
*** SHOW DOWN ***
PayTaxOrDie: shows [As Kh] (high card Ace)
Samuel00335: shows [Ac 5c] (a flush, Ace high)
Samuel00335 collected $5.70 from pot
*** SUMMARY ***
Total pot $6 | Rake $0.30 
Board [4c 9c 3c 8c 7d]
Seat 3: Samuel00335 (big blind) showed [Ac 5c] and won ($5.70) with a flush, Ace high
Seat 4: mr.Jckpot (button) folded before Flop (didn't bet)
Seat 5: PayTaxOrDie (small blind) showed [As Kh] and lost with high card Ace



PokerStars Hand #254277985237:  Hold'em No Limit ($0.50/$1.00 USD) - 2025/01/09 14:33:37 WET [2025/01/09 9:33:37 ET]
Table 'Kasan' 6-max Seat #5 is the button
Seat 2: AlexPinsk1 ($100 in chips) is sitting out
Seat 6: CapoDiTutti17 ($27.43 in chips) is sitting out
Seat 3: Samuel00335 ($13.21 in chips) 
Seat 4: mr.Jckpot ($132.60 in chips) 
Seat 5: PayTaxOrDie ($100 in chips) 
Samuel00335: posts small blind $0.50
mr.Jckpot: posts big blind $1
*** HOLE CARDS ***
PayTaxOrDie: raises $1.50 to $2.50
Samuel00335: calls $2
mr.Jckpot: folds 
*** FLOP *** [Qd 8h 5h]
Samuel00335: checks 
easy_sarcasm joins the table at seat #1 
PayTaxOrDie: bets $1.43
Samuel00335: calls $1.43
*** TURN *** [Qd 8h 5h] [2c]
Samuel00335: checks 
PayTaxOrDie: checks 
*** RIVER *** [Qd 8h 5h 2c] [2s]
Samuel00335: bets $1
PayTaxOrDie: calls $1
*** SHOW DOWN ***
Samuel00335: shows [7d 9s] (a pair of Deuces)
PayTaxOrDie: shows [7c 5c] (two pair, Fives and Deuces)
PayTaxOrDie collected $10.32 from pot
*** SUMMARY ***
Total pot $10.86 | Rake $0.54 
Board [Qd 8h 5h 2c 2s]
Seat 2: AlexPinsk1
Seat 6: CapoDiTutti17
Seat 3: Samuel00335 (small blind) showed [7d 9s] and lost with a pair of Deuces
Seat 4: mr.Jckpot (big blind) folded before Flop
Seat 5: PayTaxOrDie (button) showed [7c 5c] and won ($10.32) with two pair, Fives and Deuces



PokerStars Hand #254277992093:  Hold'em No Limit ($0.50/$1.00 USD) - 2025/01/09 14:34:14 WET [2025/01/09 9:34:14 ET]
Table 'Kasan' 6-max Seat #3 is the button
Seat 1: easy_sarcasm ($100 in chips) is sitting out
Seat 2: AlexPinsk1 ($100 in chips) is sitting out
Seat 3: Samuel00335 ($8.28 in chips) 
Seat 4: mr.Jckpot ($131.60 in chips) 
Seat 5: PayTaxOrDie ($105.39 in chips) 
Seat 6: CapoDiTutti17 ($27.43 in chips) 
mr.Jckpot: posts small blind $0.50
PayTaxOrDie: posts big blind $1
CapoDiTutti17: posts big blind $1
easy_sarcasm: sits out 
AlexPinsk1: sits out 
*** HOLE CARDS ***
CapoDiTutti17: checks 
Samuel00335: raises $1 to $2
mr.Jckpot: folds 
PayTaxOrDie: folds 
CapoDiTutti17: folds 
Uncalled bet ($1) returned to Samuel00335
Samuel00335 collected $3.50 from pot
*** SUMMARY ***
Total pot $3.50 | Rake $0 
Seat 1: easy_sarcasm
Seat 2: AlexPinsk1
Seat 3: Samuel00335 (button) collected ($3.50)
Seat 4: mr.Jckpot (small blind) folded before Flop
Seat 5: PayTaxOrDie (big blind) folded before Flop
Seat 6: CapoDiTutti17 folded before Flop (didn't bet)



PokerStars Hand #254277994989:  Hold'em No Limit ($0.50/$1.00 USD) - 2025/01/09 14:34:29 WET [2025/01/09 9:34:29 ET]
Table 'Kasan' 6-max Seat #4 is the button
Seat 1: easy_sarcasm ($100 in chips) is sitting out
Seat 2: AlexPinsk1 ($100 in chips) is sitting out
Seat 3: Samuel00335 ($10.78 in chips) 
Seat 4: mr.Jckpot ($131.10 in chips) 
Seat 5: PayTaxOrDie ($104.39 in chips) 
Seat 6: CapoDiTutti17 ($26.43 in chips) 
PayTaxOrDie: posts small blind $0.50
CapoDiTutti17: posts big blind $1
easy_sarcasm: sits out 
AlexPinsk1: sits out 
*** HOLE CARDS ***
Samuel00335: calls $1
mr.Jckpot: folds 
PayTaxOrDie: calls $0.50
CapoDiTutti17: raises $1 to $2
Samuel00335: calls $1
PayTaxOrDie: calls $1
*** FLOP *** [Qd Kh 9d]
PayTaxOrDie: checks 
CapoDiTutti17: checks 
Samuel00335: checks 
*** TURN *** [Qd Kh 9d] [5s]
PayTaxOrDie: checks 
CapoDiTutti17: bets $2.85
Samuel00335: folds 
PayTaxOrDie: calls $2.85
*** RIVER *** [Qd Kh 9d 5s] [6h]
PayTaxOrDie: checks 
CapoDiTutti17: bets $5.56
PayTaxOrDie: calls $5.56
*** SHOW DOWN ***
CapoDiTutti17: shows [7h 7c] (a pair of Sevens)
PayTaxOrDie: shows [Tc Qh] (a pair of Queens)
PayTaxOrDie collected $21.82 from pot
*** SUMMARY ***
Total pot $22.82 | Rake $1 
Board [Qd Kh 9d 5s 6h]
Seat 1: easy_sarcasm
Seat 2: AlexPinsk1
Seat 3: Samuel00335 folded on the Turn
Seat 4: mr.Jckpot (button) folded before Flop (didn't bet)
Seat 5: PayTaxOrDie (small blind) showed [Tc Qh] and won ($21.82) with a pair of Queens
Seat 6: CapoDiTutti17 (big blind) showed [7h 7c] and lost with a pair of Sevens



PokerStars Hand #254278006944:  Hold'em No Limit ($0.50/$1.00 USD) - 2025/01/09 14:35:32 WET [2025/01/09 9:35:32 ET]
Table 'Kasan' 6-max Seat #5 is the button
Seat 2: AlexPinsk1 ($100 in chips) is sitting out
Seat 1: easy_sarcasm ($100 in chips) 
Seat 3: Samuel00335 ($8.78 in chips) 
Seat 4: mr.Jckpot ($131.10 in chips) 
Seat 5: PayTaxOrDie ($115.80 in chips) 
Seat 6: CapoDiTutti17 ($16.02 in chips) 
CapoDiTutti17: posts small blind $0.50
easy_sarcasm: posts big blind $1
AlexPinsk1: sits out 
*** HOLE CARDS ***
Samuel00335: calls $1
mr.Jckpot: raises $2 to $3
PayTaxOrDie: folds 
CapoDiTutti17: calls $2.50
easy_sarcasm: folds 
Samuel00335: calls $2
*** FLOP *** [Jh Ks 2s]
CapoDiTutti17: bets $4.75
Samuel00335: raises $1.03 to $5.78 and is all-in
mr.Jckpot: folds 
CapoDiTutti17: calls $1.03
*** TURN *** [Jh Ks 2s] [Jd]
*** RIVER *** [Jh Ks 2s Jd] [5h]
*** SHOW DOWN ***
CapoDiTutti17: shows [8c Kh] (two pair, Kings and Jacks)
Samuel00335: shows [7h 4c] (a pair of Jacks)
CapoDiTutti17 collected $20.48 from pot
*** SUMMARY ***
Total pot $21.56 | Rake $1.08 
Board [Jh Ks 2s Jd 5h]
Seat 2: AlexPinsk1
Seat 1: easy_sarcasm (big blind) folded before Flop
Seat 3: Samuel00335 showed [7h 4c] and lost with a pair of Jacks
Seat 4: mr.Jckpot folded on the Flop
Seat 5: PayTaxOrDie (button) folded before Flop (didn't bet)
Seat 6: CapoDiTutti17 (small blind) showed [8c Kh] and won ($20.48) with two pair, Kings and Jacks



PokerStars Hand #254278013632:  Hold'em No Limit ($0.50/$1.00 USD) - 2025/01/09 14:36:07 WET [2025/01/09 9:36:07 ET]
Table 'Kasan' 6-max Seat #6 is the button
Seat 3: Samuel00335 ($0 in chips) is sitting out
Seat 1: easy_sarcasm ($100 in chips) 
Seat 2: AlexPinsk1 ($100 in chips) 
Seat 4: mr.Jckpot ($128.10 in chips) 
Seat 5: PayTaxOrDie ($115.80 in chips) 
Seat 6: CapoDiTutti17 ($27.72 in chips) 
easy_sarcasm: posts small blind $0.50
AlexPinsk1: posts big blind $1
*** HOLE CARDS ***
mr.Jckpot: folds 
PayTaxOrDie: folds 
CapoDiTutti17: calls $1
Samuel00335 leaves the table
easy_sarcasm: calls $0.50
AlexPinsk1: checks 
*** FLOP *** [3h Kc Qs]
riky lorenzo joins the table at seat #3 
easy_sarcasm: checks 
AlexPinsk1: checks 
CapoDiTutti17: checks 
*** TURN *** [3h Kc Qs] [2s]
easy_sarcasm: bets $1.43
AlexPinsk1: folds 
CapoDiTutti17: calls $1.43
*** RIVER *** [3h Kc Qs 2s] [7h]
easy_sarcasm: bets $2.79
CapoDiTutti17: folds 
Uncalled bet ($2.79) returned to easy_sarcasm
easy_sarcasm collected $5.57 from pot
*** SUMMARY ***
Total pot $5.86 | Rake $0.29 
Board [3h Kc Qs 2s 7h]
Seat 3: Samuel00335
Seat 1: easy_sarcasm (small blind) collected ($5.57)
Seat 2: AlexPinsk1 (big blind) folded on the Turn
Seat 4: mr.Jckpot folded before Flop (didn't bet)
Seat 5: PayTaxOrDie folded before Flop (didn't bet)
Seat 6: CapoDiTutti17 (button) folded on the River



PokerStars Hand #254278024492:  Hold'em No Limit ($0.50/$1.00 USD) - 2025/01/09 14:37:03 WET [2025/01/09 9:37:03 ET]
Table 'Kasan' 6-max Seat #1 is the button
Seat 1: easy_sarcasm ($103.14 in chips) 
Seat 2: AlexPinsk1 ($100 in chips) 
Seat 3: riky lorenzo ($74 in chips) 
Seat 4: mr.Jckpot ($128.10 in chips) 
Seat 5: PayTaxOrDie ($115.80 in chips) 
Seat 6: CapoDiTutti17 ($25.29 in chips) 
AlexPinsk1: posts small blind $0.50
riky lorenzo: posts big blind $1
*** HOLE CARDS ***
mr.Jckpot: raises $1.50 to $2.50
PayTaxOrDie: raises $5 to $7.50
CapoDiTutti17: folds 
easy_sarcasm: folds 
AlexPinsk1: folds 
riky lorenzo: folds 
mr.Jckpot: calls $5
*** FLOP *** [2d 7s 2s]
mr.Jckpot: checks 
PayTaxOrDie: bets $10.35
mr.Jckpot: calls $10.35
*** TURN *** [2d 7s 2s] [4d]
mr.Jckpot: checks 
PayTaxOrDie: checks 
*** RIVER *** [2d 7s 2s 4d] [Ts]
mr.Jckpot: checks 
PayTaxOrDie: checks 
*** SHOW DOWN ***
mr.Jckpot: shows [Js Jc] (two pair, Jacks and Deuces)
PayTaxOrDie: mucks hand 
mr.Jckpot collected $35.34 from pot
*** SUMMARY ***
Total pot $37.20 | Rake $1.86 
Board [2d 7s 2s 4d Ts]
Seat 1: easy_sarcasm (button) folded before Flop (didn't bet)
Seat 2: AlexPinsk1 (small blind) folded before Flop
Seat 3: riky lorenzo (big blind) folded before Flop
Seat 4: mr.Jckpot showed [Js Jc] and won ($35.34) with two pair, Jacks and Deuces
Seat 5: PayTaxOrDie mucked
Seat 6: CapoDiTutti17 folded before Flop (didn't bet)



PokerStars Hand #254278035924:  Hold'em No Limit ($0.50/$1.00 USD) - 2025/01/09 14:38:04 WET [2025/01/09 9:38:04 ET]
Table 'Kasan' 6-max Seat #2 is the button
Seat 1: easy_sarcasm ($103.14 in chips) 
Seat 2: AlexPinsk1 ($100 in chips) 
Seat 3: riky lorenzo ($73 in chips) 
Seat 4: mr.Jckpot ($145.59 in chips) 
Seat 5: PayTaxOrDie ($100 in chips) 
Seat 6: CapoDiTutti17 ($25.29 in chips) 
riky lorenzo: posts small blind $0.50
mr.Jckpot: posts big blind $1
*** HOLE CARDS ***
PayTaxOrDie: folds 
CapoDiTutti17: calls $1
easy_sarcasm: folds 
AlexPinsk1: folds 
riky lorenzo: folds 
mr.Jckpot: checks 
*** FLOP *** [Ac 4s Kh]
mr.Jckpot: checks 
CapoDiTutti17: checks 
*** TURN *** [Ac 4s Kh] [Ks]
mr.Jckpot: checks 
CapoDiTutti17: checks 
*** RIVER *** [Ac 4s Kh Ks] [2d]
mr.Jckpot: checks 
CapoDiTutti17: checks 
*** SHOW DOWN ***
mr.Jckpot: shows [Jc Ts] (a pair of Kings)
CapoDiTutti17: shows [7c Qc] (a pair of Kings - Ace+Queen kicker)
CapoDiTutti17 collected $2.38 from pot
*** SUMMARY ***
Total pot $2.50 | Rake $0.12 
Board [Ac 4s Kh Ks 2d]
Seat 1: easy_sarcasm folded before Flop (didn't bet)
Seat 2: AlexPinsk1 (button) folded before Flop (didn't bet)
Seat 3: riky lorenzo (small blind) folded before Flop
Seat 4: mr.Jckpot (big blind) showed [Jc Ts] and lost with a pair of Kings
Seat 5: PayTaxOrDie folded before Flop (didn't bet)
Seat 6: CapoDiTutti17 showed [7c Qc] and won ($2.38) with a pair of Kings



PokerStars Hand #254278041635:  Hold'em No Limit ($0.50/$1.00 USD) - 2025/01/09 14:38:33 WET [2025/01/09 9:38:33 ET]
Table 'Kasan' 6-max Seat #3 is the button
Seat 1: easy_sarcasm ($103.14 in chips) 
Seat 2: AlexPinsk1 ($100 in chips) 
Seat 3: riky lorenzo ($72.50 in chips) 
Seat 4: mr.Jckpot ($144.59 in chips) 
Seat 5: PayTaxOrDie ($100 in chips) 
Seat 6: CapoDiTutti17 ($26.67 in chips) 
mr.Jckpot: posts small blind $0.50
PayTaxOrDie: posts big blind $1
*** HOLE CARDS ***
CapoDiTutti17: calls $1
easy_sarcasm: folds 
AlexPinsk1: folds 
riky lorenzo: folds 
mr.Jckpot: folds 
PayTaxOrDie: raises $3.50 to $4.50
CapoDiTutti17: calls $3.50
*** FLOP *** [Js 9h 2h]
PayTaxOrDie: bets $22.55
CapoDiTutti17: calls $22.17 and is all-in
Uncalled bet ($0.38) returned to PayTaxOrDie
*** TURN *** [Js 9h 2h] [4c]
*** RIVER *** [Js 9h 2h 4c] [Tc]
*** SHOW DOWN ***
PayTaxOrDie: shows [Qs Kd] (a straight, Nine to King)
CapoDiTutti17: shows [Ks Qd] (a straight, Nine to King)
PayTaxOrDie collected $25.67 from pot
CapoDiTutti17 collected $25.67 from pot
*** SUMMARY ***
Total pot $53.84 | Rake $2.50 
Board [Js 9h 2h 4c Tc]
Seat 1: easy_sarcasm folded before Flop (didn't bet)
Seat 2: AlexPinsk1 folded before Flop (didn't bet)
Seat 3: riky lorenzo (button) folded before Flop (didn't bet)
Seat 4: mr.Jckpot (small blind) folded before Flop
Seat 5: PayTaxOrDie (big blind) showed [Qs Kd] and won ($25.67) with a straight, Nine to King
Seat 6: CapoDiTutti17 showed [Ks Qd] and won ($25.67) with a straight, Nine to King



PokerStars Hand #254278049641:  Hold'em No Limit ($0.50/$1.00 USD) - 2025/01/09 14:39:15 WET [2025/01/09 9:39:15 ET]
Table 'Kasan' 6-max Seat #4 is the button
Seat 1: easy_sarcasm ($103.14 in chips) 
Seat 2: AlexPinsk1 ($100 in chips) 
Seat 3: riky lorenzo ($72.50 in chips) 
Seat 4: mr.Jckpot ($144.09 in chips) 
Seat 5: PayTaxOrDie ($100 in chips) 
Seat 6: CapoDiTutti17 ($25.67 in chips) 
PayTaxOrDie: posts small blind $0.50
CapoDiTutti17: posts big blind $1
*** HOLE CARDS ***
easy_sarcasm: folds 
AlexPinsk1: raises $1.50 to $2.50
riky lorenzo: folds 
mr.Jckpot: folds 
PayTaxOrDie: folds 
CapoDiTutti17: folds 
Uncalled bet ($1.50) returned to AlexPinsk1
AlexPinsk1 collected $2.50 from pot
AlexPinsk1: doesn't show hand 
*** SUMMARY ***
Total pot $2.50 | Rake $0 
Seat 1: easy_sarcasm folded before Flop (didn't bet)
Seat 2: AlexPinsk1 collected ($2.50)
Seat 3: riky lorenzo folded before Flop (didn't bet)
Seat 4: mr.Jckpot (button) folded before Flop (didn't bet)
Seat 5: PayTaxOrDie (small blind) folded before Flop
Seat 6: CapoDiTutti17 (big blind) folded before Flop



PokerStars Hand #254278052246:  Hold'em No Limit ($0.50/$1.00 USD) - 2025/01/09 14:39:29 WET [2025/01/09 9:39:29 ET]
Table 'Kasan' 6-max Seat #5 is the button
Seat 1: easy_sarcasm ($103.14 in chips) 
Seat 2: AlexPinsk1 ($101.50 in chips) 
Seat 3: riky lorenzo ($72.50 in chips) 
Seat 4: mr.Jckpot ($144.09 in chips) 
Seat 5: PayTaxOrDie ($100 in chips) 
Seat 6: CapoDiTutti17 ($24.67 in chips) 
CapoDiTutti17: posts small blind $0.50
easy_sarcasm: posts big blind $1
*** HOLE CARDS ***
AlexPinsk1: folds 
riky lorenzo: folds 
mr.Jckpot: raises $1.50 to $2.50
PayTaxOrDie: folds 
CapoDiTutti17: raises $1.50 to $4
easy_sarcasm: folds 
mr.Jckpot: calls $1.50
*** FLOP *** [Kh 6c Js]
CapoDiTutti17: bets $4.28
mr.Jckpot: calls $4.28
*** TURN *** [Kh 6c Js] [9h]
CapoDiTutti17: bets $8.34
mr.Jckpot: raises $8.34 to $16.68
CapoDiTutti17: calls $8.05 and is all-in
Uncalled bet ($0.29) returned to mr.Jckpot
*** RIVER *** [Kh 6c Js 9h] [4d]
*** SHOW DOWN ***
CapoDiTutti17: shows [Ah Ac] (a pair of Aces)
mr.Jckpot: shows [Td Kd] (a pair of Kings)
CapoDiTutti17 collected $47.84 from pot
*** SUMMARY ***
Total pot $50.34 | Rake $2.50 
Board [Kh 6c Js 9h 4d]
Seat 1: easy_sarcasm (big blind) folded before Flop
Seat 2: AlexPinsk1 folded before Flop (didn't bet)
Seat 3: riky lorenzo folded before Flop (didn't bet)
Seat 4: mr.Jckpot showed [Td Kd] and lost with a pair of Kings
Seat 5: PayTaxOrDie (button) folded before Flop (didn't bet)
Seat 6: CapoDiTutti17 (small blind) showed [Ah Ac] and won ($47.84) with a pair of Aces



PokerStars Hand #254278057700:  Hold'em No Limit ($0.50/$1.00 USD) - 2025/01/09 14:39:57 WET [2025/01/09 9:39:57 ET]
Table 'Kasan' 6-max Seat #6 is the button
Seat 1: easy_sarcasm ($102.14 in chips) 
Seat 2: AlexPinsk1 ($101.50 in chips) 
Seat 3: riky lorenzo ($100 in chips) 
Seat 4: mr.Jckpot ($119.42 in chips) 
Seat 5: PayTaxOrDie ($100 in chips) 
Seat 6: CapoDiTutti17 ($47.84 in chips) 
easy_sarcasm: posts small blind $0.50
AlexPinsk1: posts big blind $1
*** HOLE CARDS ***
riky lorenzo: folds 
mr.Jckpot: folds 
PayTaxOrDie: raises $1.30 to $2.30
CapoDiTutti17: calls $2.30
easy_sarcasm: calls $1.80
AlexPinsk1: calls $1.30
*** FLOP *** [Th 6d 2c]
easy_sarcasm: checks 
AlexPinsk1: checks 
PayTaxOrDie: bets $2.88
CapoDiTutti17: calls $2.88
easy_sarcasm: calls $2.88
AlexPinsk1: folds 
*** TURN *** [Th 6d 2c] [5d]
easy_sarcasm: checks 
PayTaxOrDie: checks 
CapoDiTutti17: checks 
*** RIVER *** [Th 6d 2c 5d] [3h]
easy_sarcasm: bets $12.54
PayTaxOrDie: folds 
CapoDiTutti17: calls $12.54
*** SHOW DOWN ***
easy_sarcasm: shows [8c 9c] (high card Ten)
CapoDiTutti17: shows [9d 9s] (a pair of Nines)
CapoDiTutti17 collected $40.77 from pot
*** SUMMARY ***
Total pot $42.92 | Rake $2.15 
Board [Th 6d 2c 5d 3h]
Seat 1: easy_sarcasm (small blind) showed [8c 9c] and lost with high card Ten
Seat 2: AlexPinsk1 (big blind) folded on the Flop
Seat 3: riky lorenzo folded before Flop (didn't bet)
Seat 4: mr.Jckpot folded before Flop (didn't bet)
Seat 5: PayTaxOrDie folded on the River
Seat 6: CapoDiTutti17 (button) showed [9d 9s] and won ($40.77) with a pair of Nines



PokerStars Hand #254278070990:  Hold'em No Limit ($0.50/$1.00 USD) - 2025/01/09 14:41:06 WET [2025/01/09 9:41:06 ET]
Table 'Kasan' 6-max Seat #1 is the button
Seat 1: easy_sarcasm ($100 in chips) 
Seat 2: AlexPinsk1 ($100 in chips) 
Seat 3: riky lorenzo ($100 in chips) 
Seat 4: mr.Jckpot ($119.42 in chips) 
Seat 5: PayTaxOrDie ($100 in chips) 
Seat 6: CapoDiTutti17 ($70.89 in chips) 
AlexPinsk1: posts small blind $0.50
riky lorenzo: posts big blind $1
*** HOLE CARDS ***
mr.Jckpot: folds 
PayTaxOrDie: folds 
CapoDiTutti17: calls $1
easy_sarcasm: folds 
AlexPinsk1: raises $4.50 to $5.50
riky lorenzo: folds 
CapoDiTutti17: calls $4.50
*** FLOP *** [Qd 5h Jd]
AlexPinsk1: bets $10
CapoDiTutti17: calls $10
*** TURN *** [Qd 5h Jd] [3h]
AlexPinsk1: bets $28.50
CapoDiTutti17 has timed out
CapoDiTutti17: folds 
Uncalled bet ($28.50) returned to AlexPinsk1
AlexPinsk1 collected $30.40 from pot
AlexPinsk1: doesn't show hand 
*** SUMMARY ***
Total pot $32 | Rake $1.60 
Board [Qd 5h Jd 3h]
Seat 1: easy_sarcasm (button) folded before Flop (didn't bet)
Seat 2: AlexPinsk1 (small blind) collected ($30.40)
Seat 3: riky lorenzo (big blind) folded before Flop
Seat 4: mr.Jckpot folded before Flop (didn't bet)
Seat 5: PayTaxOrDie folded before Flop (didn't bet)
Seat 6: CapoDiTutti17 folded on the Turn



PokerStars Hand #254278088958:  Hold'em No Limit ($0.50/$1.00 USD) - 2025/01/09 14:42:40 WET [2025/01/09 9:42:40 ET]
Table 'Kasan' 6-max Seat #2 is the button
Seat 6: CapoDiTutti17 ($55.39 in chips) is sitting out
Seat 1: easy_sarcasm ($100 in chips) 
Seat 2: AlexPinsk1 ($114.90 in chips) 
Seat 3: riky lorenzo ($99 in chips) 
Seat 4: mr.Jckpot ($119.42 in chips) 
Seat 5: PayTaxOrDie ($100 in chips) 
riky lorenzo: posts small blind $0.50
mr.Jckpot: posts big blind $1
*** HOLE CARDS ***
PayTaxOrDie: raises $1 to $2
easy_sarcasm: folds 
AlexPinsk1: folds 
riky lorenzo: calls $1.50
mr.Jckpot: calls $1
*** FLOP *** [Js Th Kc]
riky lorenzo: checks 
mr.Jckpot: bets $3.14
PayTaxOrDie: calls $3.14
riky lorenzo: calls $3.14
*** TURN *** [Js Th Kc] [Ah]
riky lorenzo: checks 
mr.Jckpot: checks 
PayTaxOrDie: checks 
*** RIVER *** [Js Th Kc Ah] [5s]
riky lorenzo: bets $7
mr.Jckpot: folds 
PayTaxOrDie: raises $14 to $21
riky lorenzo: calls $14
*** SHOW DOWN ***
PayTaxOrDie: shows [Ac Qs] (a straight, Ten to Ace)
riky lorenzo: shows [Jd Qh] (a straight, Ten to Ace)
riky lorenzo collected $27.46 from pot
PayTaxOrDie collected $27.46 from pot
*** SUMMARY ***
Total pot $57.42 | Rake $2.50 
Board [Js Th Kc Ah 5s]
Seat 6: CapoDiTutti17
Seat 1: easy_sarcasm folded before Flop (didn't bet)
Seat 2: AlexPinsk1 (button) folded before Flop (didn't bet)
Seat 3: riky lorenzo (small blind) showed [Jd Qh] and won ($27.46) with a straight, Ten to Ace
Seat 4: mr.Jckpot (big blind) folded on the River
Seat 5: PayTaxOrDie showed [Ac Qs] and won ($27.46) with a straight, Ten to Ace



PokerStars Hand #254278103190:  Hold'em No Limit ($0.50/$1.00 USD) - 2025/01/09 14:43:55 WET [2025/01/09 9:43:55 ET]
Table 'Kasan' 6-max Seat #3 is the button
Seat 1: easy_sarcasm ($100 in chips) 
Seat 2: AlexPinsk1 ($114.90 in chips) 
Seat 3: riky lorenzo ($100.32 in chips) 
Seat 4: mr.Jckpot ($114.28 in chips) 
Seat 5: PayTaxOrDie ($101.32 in chips) 
Seat 6: CapoDiTutti17 ($55.39 in chips) 
mr.Jckpot: posts small blind $0.50
PayTaxOrDie: posts big blind $1
*** HOLE CARDS ***
CapoDiTutti17: calls $1
easy_sarcasm: folds 
AlexPinsk1: folds 
riky lorenzo: calls $1
mr.Jckpot: folds 
PayTaxOrDie: checks 
*** FLOP *** [5d 4c 8h]
PayTaxOrDie: checks 
CapoDiTutti17: checks 
riky lorenzo: checks 
*** TURN *** [5d 4c 8h] [5c]
PayTaxOrDie: bets $1.66
CapoDiTutti17: calls $1.66
riky lorenzo: calls $1.66
*** RIVER *** [5d 4c 8h 5c] [Qd]
PayTaxOrDie: checks 
CapoDiTutti17: checks 
riky lorenzo: checks 
*** SHOW DOWN ***
PayTaxOrDie: shows [3s 8d] (two pair, Eights and Fives)
CapoDiTutti17: mucks hand 
riky lorenzo: shows [Th 8s] (two pair, Eights and Fives)
PayTaxOrDie collected $4.03 from pot
riky lorenzo collected $4.03 from pot
*** SUMMARY ***
Total pot $8.48 | Rake $0.42 
Board [5d 4c 8h 5c Qd]
Seat 1: easy_sarcasm folded before Flop (didn't bet)
Seat 2: AlexPinsk1 folded before Flop (didn't bet)
Seat 3: riky lorenzo (button) showed [Th 8s] and won ($4.03) with two pair, Eights and Fives
Seat 4: mr.Jckpot (small blind) folded before Flop
Seat 5: PayTaxOrDie (big blind) showed [3s 8d] and won ($4.03) with two pair, Eights and Fives
Seat 6: CapoDiTutti17 mucked



PokerStars Hand #254278111455:  Hold'em No Limit ($0.50/$1.00 USD) - 2025/01/09 14:44:38 WET [2025/01/09 9:44:38 ET]
Table 'Kasan' 6-max Seat #4 is the button
Seat 1: easy_sarcasm ($100 in chips) 
Seat 2: AlexPinsk1 ($114.90 in chips) 
Seat 3: riky lorenzo ($101.69 in chips) 
Seat 4: mr.Jckpot ($113.78 in chips) 
Seat 5: PayTaxOrDie ($102.69 in chips) 
Seat 6: CapoDiTutti17 ($52.73 in chips) 
PayTaxOrDie: posts small blind $0.50
CapoDiTutti17: posts big blind $1
*** HOLE CARDS ***
easy_sarcasm: folds 
AlexPinsk1: folds 
riky lorenzo: folds 
mr.Jckpot: folds 
PayTaxOrDie: raises $2 to $3
CapoDiTutti17: folds 
Uncalled bet ($2) returned to PayTaxOrDie
PayTaxOrDie collected $2 from pot
PayTaxOrDie: doesn't show hand 
*** SUMMARY ***
Total pot $2 | Rake $0 
Seat 1: easy_sarcasm folded before Flop (didn't bet)
Seat 2: AlexPinsk1 folded before Flop (didn't bet)
Seat 3: riky lorenzo folded before Flop (didn't bet)
Seat 4: mr.Jckpot (button) folded before Flop (didn't bet)
Seat 5: PayTaxOrDie (small blind) collected ($2)
Seat 6: CapoDiTutti17 (big blind) folded before Flop



PokerStars Hand #254278114250:  Hold'em No Limit ($0.50/$1.00 USD) - 2025/01/09 14:44:52 WET [2025/01/09 9:44:52 ET]
Table 'Kasan' 6-max Seat #5 is the button
Seat 1: easy_sarcasm ($100 in chips) 
Seat 2: AlexPinsk1 ($114.90 in chips) 
Seat 3: riky lorenzo ($101.69 in chips) 
Seat 4: mr.Jckpot ($113.78 in chips) 
Seat 5: PayTaxOrDie ($103.69 in chips) 
Seat 6: CapoDiTutti17 ($51.73 in chips) 
CapoDiTutti17: posts small blind $0.50
easy_sarcasm: posts big blind $1
*** HOLE CARDS ***
AlexPinsk1: folds 
riky lorenzo: folds 
mr.Jckpot: folds 
PayTaxOrDie: raises $1.50 to $2.50
CapoDiTutti17: folds 
easy_sarcasm: folds 
Uncalled bet ($1.50) returned to PayTaxOrDie
PayTaxOrDie collected $2.50 from pot
PayTaxOrDie: doesn't show hand 
*** SUMMARY ***
Total pot $2.50 | Rake $0 
Seat 1: easy_sarcasm (big blind) folded before Flop
Seat 2: AlexPinsk1 folded before Flop (didn't bet)
Seat 3: riky lorenzo folded before Flop (didn't bet)
Seat 4: mr.Jckpot folded before Flop (didn't bet)
Seat 5: PayTaxOrDie (button) collected ($2.50)
Seat 6: CapoDiTutti17 (small blind) folded before Flop



PokerStars Hand #254278116671:  Hold'em No Limit ($0.50/$1.00 USD) - 2025/01/09 14:45:05 WET [2025/01/09 9:45:05 ET]
Table 'Kasan' 6-max Seat #6 is the button
Seat 1: easy_sarcasm ($100 in chips) 
Seat 2: AlexPinsk1 ($114.90 in chips) 
Seat 3: riky lorenzo ($101.69 in chips) 
Seat 4: mr.Jckpot ($113.78 in chips) 
Seat 5: PayTaxOrDie ($105.19 in chips) 
Seat 6: CapoDiTutti17 ($51.23 in chips) 
easy_sarcasm: posts small blind $0.50
AlexPinsk1: posts big blind $1
*** HOLE CARDS ***
riky lorenzo: folds 
mr.Jckpot: folds 
PayTaxOrDie: raises $1.30 to $2.30
CapoDiTutti17: calls $2.30
easy_sarcasm: folds 
AlexPinsk1: folds 
*** FLOP *** [5d Jh 6s]
PayTaxOrDie: bets $1.91
CapoDiTutti17: calls $1.91
*** TURN *** [5d Jh 6s] [3h]
PayTaxOrDie: checks 
CapoDiTutti17: checks 
*** RIVER *** [5d Jh 6s 3h] [Kh]
PayTaxOrDie: bets $6.22
CapoDiTutti17: folds 
Uncalled bet ($6.22) returned to PayTaxOrDie
PayTaxOrDie collected $9.42 from pot
PayTaxOrDie: doesn't show hand 
*** SUMMARY ***
Total pot $9.92 | Rake $0.50 
Board [5d Jh 6s 3h Kh]
Seat 1: easy_sarcasm (small blind) folded before Flop
Seat 2: AlexPinsk1 (big blind) folded before Flop
Seat 3: riky lorenzo folded before Flop (didn't bet)
Seat 4: mr.Jckpot folded before Flop (didn't bet)
Seat 5: PayTaxOrDie collected ($9.42)
Seat 6: CapoDiTutti17 (button) folded on the River



PokerStars Hand #254278126907:  Hold'em No Limit ($0.50/$1.00 USD) - 2025/01/09 14:45:58 WET [2025/01/09 9:45:58 ET]
Table 'Kasan' 6-max Seat #1 is the button
Seat 1: easy_sarcasm ($100 in chips) 
Seat 2: AlexPinsk1 ($113.90 in chips) 
Seat 3: riky lorenzo ($101.69 in chips) 
Seat 4: mr.Jckpot ($113.78 in chips) 
Seat 5: PayTaxOrDie ($110.40 in chips) 
Seat 6: CapoDiTutti17 ($47.02 in chips) 
AlexPinsk1: posts small blind $0.50
riky lorenzo: posts big blind $1
*** HOLE CARDS ***
mr.Jckpot: folds 
PayTaxOrDie: folds 
CapoDiTutti17: calls $1
easy_sarcasm: folds 
AlexPinsk1: folds 
riky lorenzo: checks 
*** FLOP *** [Jc 6s 4c]
riky lorenzo: checks 
CapoDiTutti17: bets $1.19
riky lorenzo: folds 
Uncalled bet ($1.19) returned to CapoDiTutti17
CapoDiTutti17 collected $2.38 from pot
*** SUMMARY ***
Total pot $2.50 | Rake $0.12 
Board [Jc 6s 4c]
Seat 1: easy_sarcasm (button) folded before Flop (didn't bet)
Seat 2: AlexPinsk1 (small blind) folded before Flop
Seat 3: riky lorenzo (big blind) folded on the Flop
Seat 4: mr.Jckpot folded before Flop (didn't bet)
Seat 5: PayTaxOrDie folded before Flop (didn't bet)
Seat 6: CapoDiTutti17 collected ($2.38)



PokerStars Hand #254278133599:  Hold'em No Limit ($0.50/$1.00 USD) - 2025/01/09 14:46:34 WET [2025/01/09 9:46:34 ET]
Table 'Kasan' 6-max Seat #2 is the button
Seat 1: easy_sarcasm ($100 in chips) 
Seat 2: AlexPinsk1 ($113.40 in chips) 
Seat 3: riky lorenzo ($100.69 in chips) 
Seat 4: mr.Jckpot ($113.78 in chips) 
Seat 5: PayTaxOrDie ($110.40 in chips) 
Seat 6: CapoDiTutti17 ($48.40 in chips) 
riky lorenzo: posts small blind $0.50
mr.Jckpot: posts big blind $1
*** HOLE CARDS ***
PayTaxOrDie: folds 
CapoDiTutti17: folds 
easy_sarcasm: raises $2 to $3
AlexPinsk1: folds 
riky lorenzo: folds 
mr.Jckpot: folds 
Uncalled bet ($2) returned to easy_sarcasm
easy_sarcasm collected $2.50 from pot
*** SUMMARY ***
Total pot $2.50 | Rake $0 
Seat 1: easy_sarcasm collected ($2.50)
Seat 2: AlexPinsk1 (button) folded before Flop (didn't bet)
Seat 3: riky lorenzo (small blind) folded before Flop
Seat 4: mr.Jckpot (big blind) folded before Flop
Seat 5: PayTaxOrDie folded before Flop (didn't bet)
Seat 6: CapoDiTutti17 folded before Flop (didn't bet)



PokerStars Hand #254278136037:  Hold'em No Limit ($0.50/$1.00 USD) - 2025/01/09 14:46:46 WET [2025/01/09 9:46:46 ET]
Table 'Kasan' 6-max Seat #3 is the button
Seat 1: easy_sarcasm ($101.50 in chips) 
Seat 2: AlexPinsk1 ($113.40 in chips) 
Seat 3: riky lorenzo ($100.19 in chips) 
Seat 4: mr.Jckpot ($112.78 in chips) 
Seat 5: PayTaxOrDie ($110.40 in chips) 
Seat 6: CapoDiTutti17 ($48.40 in chips) 
mr.Jckpot: posts small blind $0.50
PayTaxOrDie: posts big blind $1
*** HOLE CARDS ***
CapoDiTutti17: calls $1
easy_sarcasm: folds 
AlexPinsk1: raises $2 to $3
riky lorenzo: folds 
mr.Jckpot: folds 
PayTaxOrDie: calls $2
CapoDiTutti17: calls $2
*** FLOP *** [Kd Qc 9d]
PayTaxOrDie: checks 
CapoDiTutti17: checks 
AlexPinsk1: checks 
*** TURN *** [Kd Qc 9d] [Th]
PayTaxOrDie: checks 
CapoDiTutti17: checks 
AlexPinsk1: checks 
*** RIVER *** [Kd Qc 9d Th] [2h]
PayTaxOrDie: bets $9.02
CapoDiTutti17: folds 
AlexPinsk1: folds 
Uncalled bet ($9.02) returned to PayTaxOrDie
PayTaxOrDie collected $9.02 from pot
PayTaxOrDie: doesn't show hand 
*** SUMMARY ***
Total pot $9.50 | Rake $0.48 
Board [Kd Qc 9d Th 2h]
Seat 1: easy_sarcasm folded before Flop (didn't bet)
Seat 2: AlexPinsk1 folded on the River
Seat 3: riky lorenzo (button) folded before Flop (didn't bet)
Seat 4: mr.Jckpot (small blind) folded before Flop
Seat 5: PayTaxOrDie (big blind) collected ($9.02)
Seat 6: CapoDiTutti17 folded on the River



PokerStars Hand #254278152398:  Hold'em No Limit ($0.50/$1.00 USD) - 2025/01/09 14:48:10 WET [2025/01/09 9:48:10 ET]
Table 'Kasan' 6-max Seat #4 is the button
Seat 1: easy_sarcasm ($101.50 in chips) 
Seat 2: AlexPinsk1 ($110.40 in chips) 
Seat 3: riky lorenzo ($100.19 in chips) 
Seat 4: mr.Jckpot ($112.28 in chips) 
Seat 5: PayTaxOrDie ($116.42 in chips) 
Seat 6: CapoDiTutti17 ($45.40 in chips) 
PayTaxOrDie: posts small blind $0.50
CapoDiTutti17: posts big blind $1
*** HOLE CARDS ***
easy_sarcasm: folds 
AlexPinsk1: folds 
riky lorenzo: calls $1
mr.Jckpot: raises $3 to $4
PayTaxOrDie: folds 
CapoDiTutti17: folds 
riky lorenzo: calls $3
*** FLOP *** [Ac Kd 7s]
riky lorenzo: checks 
mr.Jckpot: bets $4.96
riky lorenzo: calls $4.96
*** TURN *** [Ac Kd 7s] [9s]
riky lorenzo: checks 
mr.Jckpot: bets $11.50
riky lorenzo: folds 
Uncalled bet ($11.50) returned to mr.Jckpot
mr.Jckpot collected $18.45 from pot
mr.Jckpot: doesn't show hand 
*** SUMMARY ***
Total pot $19.42 | Rake $0.97 
Board [Ac Kd 7s 9s]
Seat 1: easy_sarcasm folded before Flop (didn't bet)
Seat 2: AlexPinsk1 folded before Flop (didn't bet)
Seat 3: riky lorenzo folded on the Turn
Seat 4: mr.Jckpot (button) collected ($18.45)
Seat 5: PayTaxOrDie (small blind) folded before Flop
Seat 6: CapoDiTutti17 (big blind) folded before Flop



PokerStars Hand #254278165491:  Hold'em No Limit ($0.50/$1.00 USD) - 2025/01/09 14:49:17 WET [2025/01/09 9:49:17 ET]
Table 'Kasan' 6-max Seat #5 is the button
Seat 1: easy_sarcasm ($101.50 in chips) 
Seat 2: AlexPinsk1 ($110.40 in chips) 
Seat 3: riky lorenzo ($91.23 in chips) 
Seat 4: mr.Jckpot ($121.77 in chips) 
Seat 5: PayTaxOrDie ($115.92 in chips) 
Seat 6: CapoDiTutti17 ($44.40 in chips) 
CapoDiTutti17: posts small blind $0.50
easy_sarcasm: posts big blind $1
*** HOLE CARDS ***
AlexPinsk1: folds 
riky lorenzo: folds 
mr.Jckpot: folds 
PayTaxOrDie: raises $1.50 to $2.50
CapoDiTutti17: calls $2
easy_sarcasm: folds 
*** FLOP *** [Kd 6h 4h]
CapoDiTutti17: checks 
PayTaxOrDie: bets $2.28
CapoDiTutti17: calls $2.28
*** TURN *** [Kd 6h 4h] [4c]
CapoDiTutti17: checks 
PayTaxOrDie: bets $10.03
CapoDiTutti17: calls $10.03
*** RIVER *** [Kd 6h 4h 4c] [Qh]
CapoDiTutti17: checks 
PayTaxOrDie: checks 
*** SHOW DOWN ***
CapoDiTutti17: shows [Kc 3h] (two pair, Kings and Fours)
PayTaxOrDie: shows [Ad As] (two pair, Aces and Fours)
PayTaxOrDie collected $29.09 from pot
*** SUMMARY ***
Total pot $30.62 | Rake $1.53 
Board [Kd 6h 4h 4c Qh]
Seat 1: easy_sarcasm (big blind) folded before Flop
Seat 2: AlexPinsk1 folded before Flop (didn't bet)
Seat 3: riky lorenzo folded before Flop (didn't bet)
Seat 4: mr.Jckpot folded before Flop (didn't bet)
Seat 5: PayTaxOrDie (button) showed [Ad As] and won ($29.09) with two pair, Aces and Fours
Seat 6: CapoDiTutti17 (small blind) showed [Kc 3h] and lost with two pair, Kings and Fours



PokerStars Hand #254278174651:  Hold'em No Limit ($0.50/$1.00 USD) - 2025/01/09 14:50:03 WET [2025/01/09 9:50:03 ET]
Table 'Kasan' 6-max Seat #6 is the button
Seat 1: easy_sarcasm ($100.50 in chips) 
Seat 2: AlexPinsk1 ($110.40 in chips) 
Seat 3: riky lorenzo ($91.23 in chips) 
Seat 4: mr.Jckpot ($121.77 in chips) 
Seat 5: PayTaxOrDie ($130.20 in chips) 
Seat 6: CapoDiTutti17 ($29.59 in chips) 
easy_sarcasm: posts small blind $0.50
AlexPinsk1: posts big blind $1
*** HOLE CARDS ***
riky lorenzo: folds 
mr.Jckpot: folds 
PayTaxOrDie: raises $1.30 to $2.30
CapoDiTutti17: calls $2.30
easy_sarcasm: folds 
AlexPinsk1: folds 
*** FLOP *** [Ah 4d Ks]
PayTaxOrDie: bets $1.91
CapoDiTutti17: folds 
Uncalled bet ($1.91) returned to PayTaxOrDie
PayTaxOrDie collected $5.80 from pot
PayTaxOrDie: doesn't show hand 
*** SUMMARY ***
Total pot $6.10 | Rake $0.30 
Board [Ah 4d Ks]
Seat 1: easy_sarcasm (small blind) folded before Flop
Seat 2: AlexPinsk1 (big blind) folded before Flop
Seat 3: riky lorenzo folded before Flop (didn't bet)
Seat 4: mr.Jckpot folded before Flop (didn't bet)
Seat 5: PayTaxOrDie collected ($5.80)
Seat 6: CapoDiTutti17 (button) folded on the Flop



PokerStars Hand #254278179891:  Hold'em No Limit ($0.50/$1.00 USD) - 2025/01/09 14:50:29 WET [2025/01/09 9:50:29 ET]
Table 'Kasan' 6-max Seat #1 is the button
Seat 1: easy_sarcasm ($100 in chips) 
Seat 2: AlexPinsk1 ($109.40 in chips) 
Seat 3: riky lorenzo ($91.23 in chips) 
Seat 4: mr.Jckpot ($121.77 in chips) 
Seat 5: PayTaxOrDie ($133.70 in chips) 
Seat 6: CapoDiTutti17 ($27.29 in chips) 
AlexPinsk1: posts small blind $0.50
riky lorenzo: posts big blind $1
*** HOLE CARDS ***
mr.Jckpot: folds 
PayTaxOrDie: raises $1 to $2
CapoDiTutti17: calls $2
easy_sarcasm: folds 
AlexPinsk1: folds 
riky lorenzo: folds 
*** FLOP *** [As Jd 4h]
PayTaxOrDie: bets $1.72
CapoDiTutti17: calls $1.72
*** TURN *** [As Jd 4h] [Ac]
PayTaxOrDie: checks 
CapoDiTutti17: checks 
*** RIVER *** [As Jd 4h Ac] [4d]
PayTaxOrDie: checks 
CapoDiTutti17: bets $8.49
PayTaxOrDie: folds 
Uncalled bet ($8.49) returned to CapoDiTutti17
CapoDiTutti17 collected $8.49 from pot
*** SUMMARY ***
Total pot $8.94 | Rake $0.45 
Board [As Jd 4h Ac 4d]
Seat 1: easy_sarcasm (button) folded before Flop (didn't bet)
Seat 2: AlexPinsk1 (small blind) folded before Flop
Seat 3: riky lorenzo (big blind) folded before Flop
Seat 4: mr.Jckpot folded before Flop (didn't bet)
Seat 5: PayTaxOrDie folded on the River
Seat 6: CapoDiTutti17 collected ($8.49)



PokerStars Hand #254278192042:  Hold'em No Limit ($0.50/$1.00 USD) - 2025/01/09 14:51:29 WET [2025/01/09 9:51:29 ET]
Table 'Kasan' 6-max Seat #2 is the button
Seat 1: easy_sarcasm ($100 in chips) 
Seat 2: AlexPinsk1 ($108.90 in chips) 
Seat 3: riky lorenzo ($90.23 in chips) 
Seat 4: mr.Jckpot ($121.77 in chips) 
Seat 5: PayTaxOrDie ($129.98 in chips) 
Seat 6: CapoDiTutti17 ($32.06 in chips) 
riky lorenzo: posts small blind $0.50
mr.Jckpot: posts big blind $1
*** HOLE CARDS ***
PayTaxOrDie: folds 
CapoDiTutti17: calls $1
easy_sarcasm: raises $3.50 to $4.50
AlexPinsk1: folds 
riky lorenzo: folds 
mr.Jckpot: folds 
CapoDiTutti17: calls $3.50
*** FLOP *** [3h Qs 3s]
CapoDiTutti17: checks 
easy_sarcasm: bets $4
CapoDiTutti17: calls $4
*** TURN *** [3h Qs 3s] [7d]
CapoDiTutti17: checks 
easy_sarcasm: checks 
*** RIVER *** [3h Qs 3s 7d] [Kd]
CapoDiTutti17: bets $8.79
easy_sarcasm: calls $8.79
*** SHOW DOWN ***
CapoDiTutti17: shows [Qd Js] (two pair, Queens and Threes)
easy_sarcasm: mucks hand 
CapoDiTutti17 collected $34.28 from pot
*** SUMMARY ***
Total pot $36.08 | Rake $1.80 
Board [3h Qs 3s 7d Kd]
Seat 1: easy_sarcasm mucked
Seat 2: AlexPinsk1 (button) folded before Flop (didn't bet)
Seat 3: riky lorenzo (small blind) folded before Flop
Seat 4: mr.Jckpot (big blind) folded before Flop
Seat 5: PayTaxOrDie folded before Flop (didn't bet)
Seat 6: CapoDiTutti17 showed [Qd Js] and won ($34.28) with two pair, Queens and Threes



PokerStars Hand #254278202214:  Hold'em No Limit ($0.50/$1.00 USD) - 2025/01/09 14:52:20 WET [2025/01/09 9:52:20 ET]
Table 'Kasan' 6-max Seat #3 is the button
Seat 1: easy_sarcasm ($100 in chips) 
Seat 2: AlexPinsk1 ($108.90 in chips) 
Seat 3: riky lorenzo ($89.73 in chips) 
Seat 4: mr.Jckpot ($120.77 in chips) 
Seat 5: PayTaxOrDie ($129.98 in chips) 
Seat 6: CapoDiTutti17 ($49.05 in chips) 
mr.Jckpot: posts small blind $0.50
PayTaxOrDie: posts big blind $1
*** HOLE CARDS ***
CapoDiTutti17: calls $1
easy_sarcasm: raises $3.50 to $4.50
AlexPinsk1: folds 
riky lorenzo: calls $4.50
mr.Jckpot: folds 
PayTaxOrDie: folds 
CapoDiTutti17: calls $3.50
*** FLOP *** [Ks 5d Kh]
CapoDiTutti17: checks 
easy_sarcasm: bets $6
riky lorenzo: calls $6
CapoDiTutti17: folds 
*** TURN *** [Ks 5d Kh] [Jh]
easy_sarcasm: bets $13.50
riky lorenzo: folds 
Uncalled bet ($13.50) returned to easy_sarcasm
easy_sarcasm collected $25.65 from pot
*** SUMMARY ***
Total pot $27 | Rake $1.35 
Board [Ks 5d Kh Jh]
Seat 1: easy_sarcasm collected ($25.65)
Seat 2: AlexPinsk1 folded before Flop (didn't bet)
Seat 3: riky lorenzo (button) folded on the Turn
Seat 4: mr.Jckpot (small blind) folded before Flop
Seat 5: PayTaxOrDie (big blind) folded before Flop
Seat 6: CapoDiTutti17 folded on the Flop



PokerStars Hand #254278214059:  Hold'em No Limit ($0.50/$1.00 USD) - 2025/01/09 14:53:20 WET [2025/01/09 9:53:20 ET]
Table 'Kasan' 6-max Seat #4 is the button
Seat 1: easy_sarcasm ($115.15 in chips) 
Seat 2: AlexPinsk1 ($108.90 in chips) 
Seat 3: riky lorenzo ($79.23 in chips) 
Seat 4: mr.Jckpot ($120.27 in chips) 
Seat 5: PayTaxOrDie ($128.98 in chips) 
Seat 6: CapoDiTutti17 ($44.55 in chips) 
PayTaxOrDie: posts small blind $0.50
CapoDiTutti17: posts big blind $1
*** HOLE CARDS ***
easy_sarcasm: folds 
AlexPinsk1: raises $1.50 to $2.50
riky lorenzo: calls $2.50
mr.Jckpot: folds 
PayTaxOrDie: folds 
CapoDiTutti17: folds 
*** FLOP *** [Ts 4c 2s]
AlexPinsk1: checks 
riky lorenzo: checks 
*** TURN *** [Ts 4c 2s] [As]
AlexPinsk1: bets $2
riky lorenzo: folds 
Uncalled bet ($2) returned to AlexPinsk1
AlexPinsk1 collected $6.18 from pot
AlexPinsk1: doesn't show hand 
*** SUMMARY ***
Total pot $6.50 | Rake $0.32 
Board [Ts 4c 2s As]
Seat 1: easy_sarcasm folded before Flop (didn't bet)
Seat 2: AlexPinsk1 collected ($6.18)
Seat 3: riky lorenzo folded on the Turn
Seat 4: mr.Jckpot (button) folded before Flop (didn't bet)
Seat 5: PayTaxOrDie (small blind) folded before Flop
Seat 6: CapoDiTutti17 (big blind) folded before Flop



PokerStars Hand #254278221361:  Hold'em No Limit ($0.50/$1.00 USD) - 2025/01/09 14:53:57 WET [2025/01/09 9:53:57 ET]
Table 'Kasan' 6-max Seat #5 is the button
Seat 1: easy_sarcasm ($115.15 in chips) 
Seat 2: AlexPinsk1 ($112.58 in chips) 
Seat 3: riky lorenzo ($98.89 in chips) 
Seat 4: mr.Jckpot ($120.27 in chips) 
Seat 5: PayTaxOrDie ($128.48 in chips) 
Seat 6: CapoDiTutti17 ($43.55 in chips) 
CapoDiTutti17: posts small blind $0.50
easy_sarcasm: posts big blind $1
*** HOLE CARDS ***
AlexPinsk1: folds 
riky lorenzo: calls $1
mr.Jckpot: folds 
PayTaxOrDie: folds 
CapoDiTutti17: calls $0.50
easy_sarcasm: checks 
*** FLOP *** [2d Qc Th]
CapoDiTutti17: checks 
easy_sarcasm: checks 
riky lorenzo: checks 
*** TURN *** [2d Qc Th] [3c]
CapoDiTutti17: checks 
easy_sarcasm: checks 
riky lorenzo: checks 
*** RIVER *** [2d Qc Th 3c] [2h]
CapoDiTutti17: checks 
easy_sarcasm: checks 
riky lorenzo: checks 
*** SHOW DOWN ***
CapoDiTutti17: shows [8s Jh] (a pair of Deuces)
easy_sarcasm: mucks hand 
riky lorenzo: shows [Tc Ah] (two pair, Tens and Deuces)
riky lorenzo collected $2.85 from pot
*** SUMMARY ***
Total pot $3 | Rake $0.15 
Board [2d Qc Th 3c 2h]
Seat 1: easy_sarcasm (big blind) mucked
Seat 2: AlexPinsk1 folded before Flop (didn't bet)
Seat 3: riky lorenzo showed [Tc Ah] and won ($2.85) with two pair, Tens and Deuces
Seat 4: mr.Jckpot folded before Flop (didn't bet)
Seat 5: PayTaxOrDie (button) folded before Flop (didn't bet)
Seat 6: CapoDiTutti17 (small blind) showed [8s Jh] and lost with a pair of Deuces



PokerStars Hand #254278227694:  Hold'em No Limit ($0.50/$1.00 USD) - 2025/01/09 14:54:29 WET [2025/01/09 9:54:29 ET]
Table 'Kasan' 6-max Seat #6 is the button
Seat 1: easy_sarcasm ($114.15 in chips) 
Seat 2: AlexPinsk1 ($112.58 in chips) 
Seat 3: riky lorenzo ($100.74 in chips) 
Seat 4: mr.Jckpot ($120.27 in chips) 
Seat 5: PayTaxOrDie ($128.48 in chips) 
Seat 6: CapoDiTutti17 ($42.55 in chips) 
easy_sarcasm: posts small blind $0.50
AlexPinsk1: posts big blind $1
*** HOLE CARDS ***
riky lorenzo: folds 
mr.Jckpot: raises $1.50 to $2.50
PayTaxOrDie: folds 
CapoDiTutti17: folds 
easy_sarcasm: folds 
AlexPinsk1: calls $1.50
*** FLOP *** [Kd Kh 9d]
AlexPinsk1: checks 
mr.Jckpot: bets $3.45
AlexPinsk1: calls $3.45
*** TURN *** [Kd Kh 9d] [5d]
AlexPinsk1: checks 
mr.Jckpot: checks 
*** RIVER *** [Kd Kh 9d 5d] [4d]
AlexPinsk1: checks 
mr.Jckpot: bets $5.50
AlexPinsk1: calls $5.50
*** SHOW DOWN ***
mr.Jckpot: shows [Tc 8c] (a pair of Kings)
AlexPinsk1: shows [9s 8s] (two pair, Kings and Nines)
AlexPinsk1 collected $22.23 from pot
*** SUMMARY ***
Total pot $23.40 | Rake $1.17 
Board [Kd Kh 9d 5d 4d]
Seat 1: easy_sarcasm (small blind) folded before Flop
Seat 2: AlexPinsk1 (big blind) showed [9s 8s] and won ($22.23) with two pair, Kings and Nines
Seat 3: riky lorenzo folded before Flop (didn't bet)
Seat 4: mr.Jckpot showed [Tc 8c] and lost with a pair of Kings
Seat 5: PayTaxOrDie folded before Flop (didn't bet)
Seat 6: CapoDiTutti17 (button) folded before Flop (didn't bet)



PokerStars Hand #254278246804:  Hold'em No Limit ($0.50/$1.00 USD) - 2025/01/09 14:56:23 WET [2025/01/09 9:56:23 ET]
Table 'Kasan' 6-max Seat #1 is the button
Seat 1: easy_sarcasm ($113.65 in chips) 
Seat 2: AlexPinsk1 ($123.36 in chips) 
Seat 3: riky lorenzo ($100.74 in chips) 
Seat 4: mr.Jckpot ($108.82 in chips) 
Seat 5: PayTaxOrDie ($128.48 in chips) 
Seat 6: CapoDiTutti17 ($42.55 in chips) 
AlexPinsk1: posts small blind $0.50
riky lorenzo: posts big blind $1
*** HOLE CARDS ***
mr.Jckpot: raises $1.50 to $2.50
PayTaxOrDie: folds 
CapoDiTutti17: calls $2.50
easy_sarcasm: folds 
AlexPinsk1: folds 
riky lorenzo: folds 
*** FLOP *** [2s Qh 9h]
mr.Jckpot: bets $4.08
CapoDiTutti17: folds 
Uncalled bet ($4.08) returned to mr.Jckpot
mr.Jckpot collected $6.18 from pot
mr.Jckpot: doesn't show hand 
*** SUMMARY ***
Total pot $6.50 | Rake $0.32 
Board [2s Qh 9h]
Seat 1: easy_sarcasm (button) folded before Flop (didn't bet)
Seat 2: AlexPinsk1 (small blind) folded before Flop
Seat 3: riky lorenzo (big blind) folded before Flop
Seat 4: mr.Jckpot collected ($6.18)
Seat 5: PayTaxOrDie folded before Flop (didn't bet)
Seat 6: CapoDiTutti17 folded on the Flop



PokerStars Hand #254278250397:  Hold'em No Limit ($0.50/$1.00 USD) - 2025/01/09 14:56:45 WET [2025/01/09 9:56:45 ET]
Table 'Kasan' 6-max Seat #2 is the button
Seat 1: easy_sarcasm ($113.65 in chips) 
Seat 2: AlexPinsk1 ($122.86 in chips) 
Seat 3: riky lorenzo ($99.74 in chips) 
Seat 4: mr.Jckpot ($112.50 in chips) 
Seat 5: PayTaxOrDie ($128.48 in chips) 
Seat 6: CapoDiTutti17 ($40.05 in chips) 
riky lorenzo: posts small blind $0.50
mr.Jckpot: posts big blind $1
*** HOLE CARDS ***
PayTaxOrDie: folds 
CapoDiTutti17: calls $1
easy_sarcasm: folds 
AlexPinsk1: folds 
riky lorenzo: calls $0.50
mr.Jckpot: checks 
*** FLOP *** [Ks Th 9d]
riky lorenzo: checks 
mr.Jckpot: checks 
CapoDiTutti17: bets $1.43
riky lorenzo: calls $1.43
mr.Jckpot: calls $1.43
*** TURN *** [Ks Th 9d] [9h]
riky lorenzo: checks 
mr.Jckpot: checks 
CapoDiTutti17: bets $3.47
riky lorenzo: folds 
mr.Jckpot: calls $3.47
*** RIVER *** [Ks Th 9d 9h] [7d]
mr.Jckpot: checks 
CapoDiTutti17: bets $6.76
mr.Jckpot: folds 
Uncalled bet ($6.76) returned to CapoDiTutti17
CapoDiTutti17 collected $13.52 from pot
*** SUMMARY ***
Total pot $14.23 | Rake $0.71 
Board [Ks Th 9d 9h 7d]
Seat 1: easy_sarcasm folded before Flop (didn't bet)
Seat 2: AlexPinsk1 (button) folded before Flop (didn't bet)
Seat 3: riky lorenzo (small blind) folded on the Turn
Seat 4: mr.Jckpot (big blind) folded on the River
Seat 5: PayTaxOrDie folded before Flop (didn't bet)
Seat 6: CapoDiTutti17 collected ($13.52)



PokerStars Hand #254278320852:  Hold'em No Limit ($0.50/$1.00 USD) - 2025/01/09 15:03:38 WET [2025/01/09 10:03:38 ET]
Table 'Kasan' 6-max Seat #2 is the button
Seat 1: easy_sarcasm ($113.83 in chips) 
Seat 2: AlexPinsk1 ($120.06 in chips) 
Seat 3: riky lorenzo ($91.31 in chips) 
Seat 4: mr.Jckpot ($100 in chips) 
Seat 5: PayTaxOrDie ($199 in chips) 
Seat 6: CapoDiTutti17 ($78.64 in chips) 
riky lorenzo: posts small blind $0.50
mr.Jckpot: posts big blind $1
*** HOLE CARDS ***
PayTaxOrDie: folds 
CapoDiTutti17: folds 
easy_sarcasm: folds 
AlexPinsk1: folds 
riky lorenzo: folds 
Uncalled bet ($0.50) returned to mr.Jckpot
mr.Jckpot collected $1 from pot
mr.Jckpot: doesn't show hand 
*** SUMMARY ***
Total pot $1 | Rake $0 
Seat 1: easy_sarcasm folded before Flop (didn't bet)
Seat 2: AlexPinsk1 (button) folded before Flop (didn't bet)
Seat 3: riky lorenzo (small blind) folded before Flop
Seat 4: mr.Jckpot (big blind) collected ($1)
Seat 5: PayTaxOrDie folded before Flop (didn't bet)
Seat 6: CapoDiTutti17 folded before Flop (didn't bet)



PokerStars Hand #254278323453:  Hold'em No Limit ($0.50/$1.00 USD) - 2025/01/09 15:03:52 WET [2025/01/09 10:03:52 ET]
Table 'Kasan' 6-max Seat #3 is the button
Seat 1: easy_sarcasm ($113.83 in chips) 
Seat 2: AlexPinsk1 ($120.06 in chips) 
Seat 3: riky lorenzo ($90.81 in chips) 
Seat 4: mr.Jckpot ($100.50 in chips) 
Seat 5: PayTaxOrDie ($199 in chips) 
Seat 6: CapoDiTutti17 ($78.64 in chips) 
mr.Jckpot: posts small blind $0.50
PayTaxOrDie: posts big blind $1
*** HOLE CARDS ***
CapoDiTutti17: calls $1
easy_sarcasm: folds 
AlexPinsk1: folds 
riky lorenzo: folds 
mr.Jckpot: raises $4 to $5
PayTaxOrDie: folds 
CapoDiTutti17: folds 
Uncalled bet ($4) returned to mr.Jckpot
mr.Jckpot collected $3 from pot
mr.Jckpot: doesn't show hand 
*** SUMMARY ***
Total pot $3 | Rake $0 
Seat 1: easy_sarcasm folded before Flop (didn't bet)
Seat 2: AlexPinsk1 folded before Flop (didn't bet)
Seat 3: riky lorenzo (button) folded before Flop (didn't bet)
Seat 4: mr.Jckpot (small blind) collected ($3)
Seat 5: PayTaxOrDie (big blind) folded before Flop
Seat 6: CapoDiTutti17 folded before Flop



PokerStars Hand #254278327346:  Hold'em No Limit ($0.50/$1.00 USD) - 2025/01/09 15:04:12 WET [2025/01/09 10:04:12 ET]
Table 'Kasan' 6-max Seat #4 is the button
Seat 1: easy_sarcasm ($113.83 in chips) 
Seat 2: AlexPinsk1 ($120.06 in chips) 
Seat 3: riky lorenzo ($90.81 in chips) 
Seat 4: mr.Jckpot ($102.50 in chips) 
Seat 5: PayTaxOrDie ($198 in chips) 
Seat 6: CapoDiTutti17 ($77.64 in chips) 
PayTaxOrDie: posts small blind $0.50
CapoDiTutti17: posts big blind $1
*** HOLE CARDS ***
easy_sarcasm: folds 
AlexPinsk1: folds 
riky lorenzo: calls $1
mr.Jckpot: raises $2 to $3
PayTaxOrDie: folds 
CapoDiTutti17: calls $2
riky lorenzo: calls $2
*** FLOP *** [Qs Ts Qh]
CapoDiTutti17: checks 
riky lorenzo: bets $4
mr.Jckpot: folds 
CapoDiTutti17: folds 
Uncalled bet ($4) returned to riky lorenzo
riky lorenzo collected $9.02 from pot
*** SUMMARY ***
Total pot $9.50 | Rake $0.48 
Board [Qs Ts Qh]
Seat 1: easy_sarcasm folded before Flop (didn't bet)
Seat 2: AlexPinsk1 folded before Flop (didn't bet)
Seat 3: riky lorenzo collected ($9.02)
Seat 4: mr.Jckpot (button) folded on the Flop
Seat 5: PayTaxOrDie (small blind) folded before Flop
Seat 6: CapoDiTutti17 (big blind) folded on the Flop



PokerStars Hand #254278342185:  Hold'em No Limit ($0.50/$1.00 USD) - 2025/01/09 15:05:30 WET [2025/01/09 10:05:30 ET]
Table 'Kasan' 6-max Seat #5 is the button
Seat 1: easy_sarcasm ($113.83 in chips) 
Seat 2: AlexPinsk1 ($120.06 in chips) 
Seat 3: riky lorenzo ($96.83 in chips) 
Seat 4: mr.Jckpot ($100 in chips) 
Seat 5: PayTaxOrDie ($197.50 in chips) 
Seat 6: CapoDiTutti17 ($74.64 in chips) 
CapoDiTutti17: posts small blind $0.50
easy_sarcasm: posts big blind $1
*** HOLE CARDS ***
AlexPinsk1: raises $1.50 to $2.50
riky lorenzo: calls $2.50
mr.Jckpot: folds 
PayTaxOrDie: folds 
CapoDiTutti17: calls $2
easy_sarcasm: raises $8.50 to $11
AlexPinsk1: calls $8.50
riky lorenzo: calls $8.50
CapoDiTutti17: folds 
*** FLOP *** [2h 5s Th]
easy_sarcasm: bets $16.50
AlexPinsk1: folds 
riky lorenzo: folds 
Uncalled bet ($16.50) returned to easy_sarcasm
easy_sarcasm collected $33.72 from pot
*** SUMMARY ***
Total pot $35.50 | Rake $1.78 
Board [2h 5s Th]
Seat 1: easy_sarcasm (big blind) collected ($33.72)
Seat 2: AlexPinsk1 folded on the Flop
Seat 3: riky lorenzo folded on the Flop
Seat 4: mr.Jckpot folded before Flop (didn't bet)
Seat 5: PayTaxOrDie (button) folded before Flop (didn't bet)
Seat 6: CapoDiTutti17 (small blind) folded before Flop



PokerStars Hand #254278356128:  Hold'em No Limit ($0.50/$1.00 USD) - 2025/01/09 15:06:41 WET [2025/01/09 10:06:41 ET]
Table 'Kasan' 6-max Seat #6 is the button
Seat 1: easy_sarcasm ($136.55 in chips) 
Seat 2: AlexPinsk1 ($109.06 in chips) 
Seat 3: riky lorenzo ($85.83 in chips) 
Seat 4: mr.Jckpot ($100 in chips) 
Seat 5: PayTaxOrDie ($197.50 in chips) 
Seat 6: CapoDiTutti17 ($72.14 in chips) 
easy_sarcasm: posts small blind $0.50
AlexPinsk1: posts big blind $1
*** HOLE CARDS ***
riky lorenzo: calls $1
mr.Jckpot: folds 
PayTaxOrDie: folds 
CapoDiTutti17: calls $1
easy_sarcasm: raises $4.50 to $5.50
AlexPinsk1: folds 
riky lorenzo: calls $4.50
CapoDiTutti17: folds 
*** FLOP *** [7h 3h 8c]
easy_sarcasm: bets $4.50
riky lorenzo: folds 
Uncalled bet ($4.50) returned to easy_sarcasm
easy_sarcasm collected $12.35 from pot
*** SUMMARY ***
Total pot $13 | Rake $0.65 
Board [7h 3h 8c]
Seat 1: easy_sarcasm (small blind) collected ($12.35)
Seat 2: AlexPinsk1 (big blind) folded before Flop
Seat 3: riky lorenzo folded on the Flop
Seat 4: mr.Jckpot folded before Flop (didn't bet)
Seat 5: PayTaxOrDie folded before Flop (didn't bet)
Seat 6: CapoDiTutti17 (button) folded before Flop



PokerStars Hand #254278363313:  Hold'em No Limit ($0.50/$1.00 USD) - 2025/01/09 15:07:18 WET [2025/01/09 10:07:18 ET]
Table 'Kasan' 6-max Seat #1 is the button
Seat 1: easy_sarcasm ($143.40 in chips) 
Seat 2: AlexPinsk1 ($108.06 in chips) 
Seat 3: riky lorenzo ($80.33 in chips) 
Seat 4: mr.Jckpot ($100 in chips) 
Seat 5: PayTaxOrDie ($197.50 in chips) 
Seat 6: CapoDiTutti17 ($71.14 in chips) 
AlexPinsk1: posts small blind $0.50
riky lorenzo: posts big blind $1
*** HOLE CARDS ***
mr.Jckpot: raises $1.50 to $2.50
PayTaxOrDie: folds 
CapoDiTutti17: folds 
easy_sarcasm: folds 
AlexPinsk1: folds 
riky lorenzo: calls $1.50
*** FLOP *** [2h Kc 7h]
riky lorenzo: checks 
mr.Jckpot: bets $1.72
riky lorenzo: folds 
Uncalled bet ($1.72) returned to mr.Jckpot
mr.Jckpot collected $5.22 from pot
mr.Jckpot: doesn't show hand 
*** SUMMARY ***
Total pot $5.50 | Rake $0.28 
Board [2h Kc 7h]
Seat 1: easy_sarcasm (button) folded before Flop (didn't bet)
Seat 2: AlexPinsk1 (small blind) folded before Flop
Seat 3: riky lorenzo (big blind) folded on the Flop
Seat 4: mr.Jckpot collected ($5.22)
Seat 5: PayTaxOrDie folded before Flop (didn't bet)
Seat 6: CapoDiTutti17 folded before Flop (didn't bet)



PokerStars Hand #254278369510:  Hold'em No Limit ($0.50/$1.00 USD) - 2025/01/09 15:07:49 WET [2025/01/09 10:07:49 ET]
Table 'Kasan' 6-max Seat #2 is the button
Seat 1: easy_sarcasm ($143.40 in chips) 
Seat 2: AlexPinsk1 ($107.56 in chips) 
Seat 3: riky lorenzo ($77.83 in chips) 
Seat 4: mr.Jckpot ($102.72 in chips) 
Seat 5: PayTaxOrDie ($197.50 in chips) 
Seat 6: CapoDiTutti17 ($71.14 in chips) 
riky lorenzo: posts small blind $0.50
mr.Jckpot: posts big blind $1
*** HOLE CARDS ***
PayTaxOrDie: folds 
CapoDiTutti17: calls $1
easy_sarcasm: raises $3.50 to $4.50
AlexPinsk1: raises $8 to $12.50
riky lorenzo: folds 
mr.Jckpot: folds 
CapoDiTutti17: folds 
easy_sarcasm: folds 
Uncalled bet ($8) returned to AlexPinsk1
AlexPinsk1 collected $11.50 from pot
AlexPinsk1: doesn't show hand 
*** SUMMARY ***
Total pot $11.50 | Rake $0 
Seat 1: easy_sarcasm folded before Flop
Seat 2: AlexPinsk1 (button) collected ($11.50)
Seat 3: riky lorenzo (small blind) folded before Flop
Seat 4: mr.Jckpot (big blind) folded before Flop
Seat 5: PayTaxOrDie folded before Flop (didn't bet)
Seat 6: CapoDiTutti17 folded before Flop



PokerStars Hand #254278375151:  Hold'em No Limit ($0.50/$1.00 USD) - 2025/01/09 15:08:17 WET [2025/01/09 10:08:17 ET]
Table 'Kasan' 6-max Seat #3 is the button
Seat 1: easy_sarcasm ($138.90 in chips) 
Seat 2: AlexPinsk1 ($114.56 in chips) 
Seat 3: riky lorenzo ($77.33 in chips) 
Seat 4: mr.Jckpot ($101.72 in chips) 
Seat 5: PayTaxOrDie ($197.50 in chips) 
Seat 6: CapoDiTutti17 ($70.14 in chips) 
mr.Jckpot: posts small blind $0.50
PayTaxOrDie: posts big blind $1
*** HOLE CARDS ***
CapoDiTutti17: calls $1
easy_sarcasm: folds 
AlexPinsk1: raises $2.50 to $3.50
riky lorenzo: folds 
mr.Jckpot: folds 
PayTaxOrDie: folds 
CapoDiTutti17: calls $2.50
*** FLOP *** [6d Tc 9s]
CapoDiTutti17: checks 
AlexPinsk1: bets $6.06
CapoDiTutti17: calls $6.06
*** TURN *** [6d Tc 9s] [7h]
CapoDiTutti17: checks 
AlexPinsk1: checks 
*** RIVER *** [6d Tc 9s 7h] [As]
CapoDiTutti17: checks 
AlexPinsk1: checks 
*** SHOW DOWN ***
CapoDiTutti17: shows [Qd Jh] (high card Ace)
AlexPinsk1: shows [Kh Ts] (a pair of Tens)
AlexPinsk1 collected $19.59 from pot
*** SUMMARY ***
Total pot $20.62 | Rake $1.03 
Board [6d Tc 9s 7h As]
Seat 1: easy_sarcasm folded before Flop (didn't bet)
Seat 2: AlexPinsk1 showed [Kh Ts] and won ($19.59) with a pair of Tens
Seat 3: riky lorenzo (button) folded before Flop (didn't bet)
Seat 4: mr.Jckpot (small blind) folded before Flop
Seat 5: PayTaxOrDie (big blind) folded before Flop
Seat 6: CapoDiTutti17 showed [Qd Jh] and lost with high card Ace



PokerStars Hand #254278386901:  Hold'em No Limit ($0.50/$1.00 USD) - 2025/01/09 15:09:16 WET [2025/01/09 10:09:16 ET]
Table 'Kasan' 6-max Seat #4 is the button
Seat 1: easy_sarcasm ($138.90 in chips) 
Seat 2: AlexPinsk1 ($124.59 in chips) 
Seat 3: riky lorenzo ($77.33 in chips) 
Seat 4: mr.Jckpot ($101.22 in chips) 
Seat 5: PayTaxOrDie ($196.50 in chips) 
Seat 6: CapoDiTutti17 ($60.58 in chips) 
PayTaxOrDie: posts small blind $0.50
CapoDiTutti17: posts big blind $1
*** HOLE CARDS ***
easy_sarcasm: raises $2 to $3
AlexPinsk1: folds 
riky lorenzo: calls $3
mr.Jckpot: calls $3
PayTaxOrDie: folds 
CapoDiTutti17: calls $2
*** FLOP *** [4d 5c 7d]
CapoDiTutti17: checks 
easy_sarcasm: checks 
riky lorenzo: checks 
mr.Jckpot: checks 
*** TURN *** [4d 5c 7d] [6s]
CapoDiTutti17: checks 
easy_sarcasm: checks 
riky lorenzo: bets $4
mr.Jckpot: folds 
CapoDiTutti17: calls $4
easy_sarcasm: folds 
*** RIVER *** [4d 5c 7d 6s] [2d]
CapoDiTutti17: checks 
riky lorenzo: bets $7
CapoDiTutti17: folds 
Uncalled bet ($7) returned to riky lorenzo
riky lorenzo collected $19.48 from pot
*** SUMMARY ***
Total pot $20.50 | Rake $1.02 
Board [4d 5c 7d 6s 2d]
Seat 1: easy_sarcasm folded on the Turn
Seat 2: AlexPinsk1 folded before Flop (didn't bet)
Seat 3: riky lorenzo collected ($19.48)
Seat 4: mr.Jckpot (button) folded on the Turn
Seat 5: PayTaxOrDie (small blind) folded before Flop
Seat 6: CapoDiTutti17 (big blind) folded on the River



PokerStars Hand #254278402314:  Hold'em No Limit ($0.50/$1.00 USD) - 2025/01/09 15:10:34 WET [2025/01/09 10:10:34 ET]
Table 'Kasan' 6-max Seat #5 is the button
Seat 1: easy_sarcasm ($135.90 in chips) 
Seat 2: AlexPinsk1 ($124.59 in chips) 
Seat 3: riky lorenzo ($89.81 in chips) 
Seat 4: mr.Jckpot ($100 in chips) 
Seat 5: PayTaxOrDie ($196 in chips) 
Seat 6: CapoDiTutti17 ($53.58 in chips) 
CapoDiTutti17: posts small blind $0.50
easy_sarcasm: posts big blind $1
*** HOLE CARDS ***
AlexPinsk1: raises $1.50 to $2.50
riky lorenzo: calls $2.50
mr.Jckpot: folds 
PayTaxOrDie: folds 
CapoDiTutti17: folds 
easy_sarcasm: raises $10 to $12.50
AlexPinsk1: folds 
riky lorenzo: calls $10
*** FLOP *** [Qd Qs 3h]
easy_sarcasm: checks 
riky lorenzo: bets $10
easy_sarcasm: calls $10
*** TURN *** [Qd Qs 3h] [Ac]
easy_sarcasm: checks 
riky lorenzo: bets $15
easy_sarcasm: folds 
Uncalled bet ($15) returned to riky lorenzo
riky lorenzo collected $45.60 from pot
*** SUMMARY ***
Total pot $48 | Rake $2.40 
Board [Qd Qs 3h Ac]
Seat 1: easy_sarcasm (big blind) folded on the Turn
Seat 2: AlexPinsk1 folded before Flop
Seat 3: riky lorenzo collected ($45.60)
Seat 4: mr.Jckpot folded before Flop (didn't bet)
Seat 5: PayTaxOrDie (button) folded before Flop (didn't bet)
Seat 6: CapoDiTutti17 (small blind) folded before Flop



PokerStars Hand #254278413950:  Hold'em No Limit ($0.50/$1.00 USD) - 2025/01/09 15:11:33 WET [2025/01/09 10:11:33 ET]
Table 'Kasan' 6-max Seat #6 is the button
Seat 1: easy_sarcasm ($113.40 in chips) 
Seat 2: AlexPinsk1 ($122.09 in chips) 
Seat 3: riky lorenzo ($112.91 in chips) 
Seat 4: mr.Jckpot ($100 in chips) 
Seat 5: PayTaxOrDie ($196 in chips) 
Seat 6: CapoDiTutti17 ($53.08 in chips) 
easy_sarcasm: posts small blind $0.50
AlexPinsk1: posts big blind $1
*** HOLE CARDS ***
riky lorenzo: folds 
mr.Jckpot: raises $1.50 to $2.50
PayTaxOrDie: folds 
CapoDiTutti17: calls $2.50
easy_sarcasm: folds 
AlexPinsk1: calls $1.50
*** FLOP *** [2s Jd 9c]
AlexPinsk1: checks 
mr.Jckpot: bets $3.65
CapoDiTutti17: calls $3.65
AlexPinsk1: folds 
*** TURN *** [2s Jd 9c] [2c]
mr.Jckpot: bets $8
CapoDiTutti17: calls $8
*** RIVER *** [2s Jd 9c 2c] [4c]
mr.Jckpot: bets $14
CapoDiTutti17: calls $14
*** SHOW DOWN ***
mr.Jckpot: shows [Ks Kd] (two pair, Kings and Deuces)
CapoDiTutti17: mucks hand 
mr.Jckpot collected $56.80 from pot
*** SUMMARY ***
Total pot $59.30 | Rake $2.50 
Board [2s Jd 9c 2c 4c]
Seat 1: easy_sarcasm (small blind) folded before Flop
Seat 2: AlexPinsk1 (big blind) folded on the Flop
Seat 3: riky lorenzo folded before Flop (didn't bet)
Seat 4: mr.Jckpot showed [Ks Kd] and won ($56.80) with two pair, Kings and Deuces
Seat 5: PayTaxOrDie folded before Flop (didn't bet)
Seat 6: CapoDiTutti17 (button) mucked



PokerStars Hand #254278429808:  Hold'em No Limit ($0.50/$1.00 USD) - 2025/01/09 15:12:53 WET [2025/01/09 10:12:53 ET]
Table 'Kasan' 6-max Seat #1 is the button
Seat 1: easy_sarcasm ($112.90 in chips) 
Seat 2: AlexPinsk1 ($119.59 in chips) 
Seat 3: riky lorenzo ($112.91 in chips) 
Seat 4: mr.Jckpot ($128.65 in chips) 
Seat 5: PayTaxOrDie ($196 in chips) 
Seat 6: CapoDiTutti17 ($24.93 in chips) 
AlexPinsk1: posts small blind $0.50
riky lorenzo: posts big blind $1
*** HOLE CARDS ***
mr.Jckpot: folds 
PayTaxOrDie: raises $1 to $2
CapoDiTutti17: calls $2
easy_sarcasm: folds 
AlexPinsk1: calls $1.50
riky lorenzo: calls $1
*** FLOP *** [7d As Kh]
AlexPinsk1: checks 
riky lorenzo: checks 
PayTaxOrDie: checks 
CapoDiTutti17: checks 
*** TURN *** [7d As Kh] [Th]
AlexPinsk1: checks 
riky lorenzo: checks 
PayTaxOrDie: checks 
CapoDiTutti17: checks 
*** RIVER *** [7d As Kh Th] [Qc]
AlexPinsk1: checks 
riky lorenzo: checks 
PayTaxOrDie: bets $2.51
CapoDiTutti17: folds 
AlexPinsk1: folds 
riky lorenzo: calls $2.51
*** SHOW DOWN ***
PayTaxOrDie: shows [Tc Jh] (a straight, Ten to Ace)
riky lorenzo: mucks hand 
PayTaxOrDie collected $12.37 from pot
*** SUMMARY ***
Total pot $13.02 | Rake $0.65 
Board [7d As Kh Th Qc]
Seat 1: easy_sarcasm (button) folded before Flop (didn't bet)
Seat 2: AlexPinsk1 (small blind) folded on the River
Seat 3: riky lorenzo (big blind) mucked
Seat 4: mr.Jckpot folded before Flop (didn't bet)
Seat 5: PayTaxOrDie showed [Tc Jh] and won ($12.37) with a straight, Ten to Ace
Seat 6: CapoDiTutti17 folded on the River



PokerStars Hand #254278445942:  Hold'em No Limit ($0.50/$1.00 USD) - 2025/01/09 15:14:14 WET [2025/01/09 10:14:14 ET]
Table 'Kasan' 6-max Seat #2 is the button
Seat 1: easy_sarcasm ($112.90 in chips) 
Seat 2: AlexPinsk1 ($117.59 in chips) 
Seat 3: riky lorenzo ($108.40 in chips) 
Seat 4: mr.Jckpot ($128.65 in chips) 
Seat 5: PayTaxOrDie ($203.86 in chips) 
Seat 6: CapoDiTutti17 ($22.93 in chips) 
riky lorenzo: posts small blind $0.50
mr.Jckpot: posts big blind $1
*** HOLE CARDS ***
PayTaxOrDie: folds 
CapoDiTutti17: calls $1
easy_sarcasm: folds 
AlexPinsk1: raises $2 to $3
riky lorenzo: folds 
mr.Jckpot: calls $2
CapoDiTutti17: calls $2
*** FLOP *** [5s Jh Jd]
riky lorenzo leaves the table
mr.Jckpot: checks 
CapoDiTutti17: checks 
AlexPinsk1: bets $2.98
mr.Jckpot: folds 
GuigaMan joins the table at seat #3 
CapoDiTutti17: raises $2.98 to $5.96
AlexPinsk1: folds 
Uncalled bet ($2.98) returned to CapoDiTutti17
CapoDiTutti17 collected $14.69 from pot
*** SUMMARY ***
Total pot $15.46 | Rake $0.77 
Board [5s Jh Jd]
Seat 1: easy_sarcasm folded before Flop (didn't bet)
Seat 2: AlexPinsk1 (button) folded on the Flop
Seat 3: riky lorenzo (small blind) folded before Flop
Seat 4: mr.Jckpot (big blind) folded on the Flop
Seat 5: PayTaxOrDie folded before Flop (didn't bet)
Seat 6: CapoDiTutti17 collected ($14.69)



PokerStars Hand #254278455578:  Hold'em No Limit ($0.50/$1.00 USD) - 2025/01/09 15:15:02 WET [2025/01/09 10:15:02 ET]
Table 'Kasan' 6-max Seat #4 is the button
Seat 3: GuigaMan ($103 in chips) is sitting out
Seat 1: easy_sarcasm ($112.90 in chips) 
Seat 2: AlexPinsk1 ($111.61 in chips) 
Seat 4: mr.Jckpot ($125.65 in chips) 
Seat 5: PayTaxOrDie ($203.86 in chips) 
Seat 6: CapoDiTutti17 ($31.64 in chips) 
PayTaxOrDie: posts small blind $0.50
CapoDiTutti17: posts big blind $1
GuigaMan: sits out 
*** HOLE CARDS ***
easy_sarcasm: folds 
AlexPinsk1: folds 
mr.Jckpot: raises $1.50 to $2.50
PayTaxOrDie: folds 
CapoDiTutti17: folds 
Uncalled bet ($1.50) returned to mr.Jckpot
mr.Jckpot collected $2.50 from pot
mr.Jckpot: doesn't show hand 
*** SUMMARY ***
Total pot $2.50 | Rake $0 
Seat 3: GuigaMan
Seat 1: easy_sarcasm folded before Flop (didn't bet)
Seat 2: AlexPinsk1 folded before Flop (didn't bet)
Seat 4: mr.Jckpot (button) collected ($2.50)
Seat 5: PayTaxOrDie (small blind) folded before Flop
Seat 6: CapoDiTutti17 (big blind) folded before Flop



PokerStars Hand #254278457555:  Hold'em No Limit ($0.50/$1.00 USD) - 2025/01/09 15:15:12 WET [2025/01/09 10:15:12 ET]
Table 'Kasan' 6-max Seat #5 is the button
Seat 3: GuigaMan ($103 in chips) is sitting out
Seat 1: easy_sarcasm ($112.90 in chips) 
Seat 2: AlexPinsk1 ($111.61 in chips) 
Seat 4: mr.Jckpot ($127.15 in chips) 
Seat 5: PayTaxOrDie ($203.36 in chips) 
Seat 6: CapoDiTutti17 ($30.64 in chips) 
CapoDiTutti17: posts small blind $0.50
easy_sarcasm: posts big blind $1
GuigaMan: sits out 
*** HOLE CARDS ***
AlexPinsk1: raises $1.50 to $2.50
mr.Jckpot: raises $5 to $7.50
PayTaxOrDie: folds 
CapoDiTutti17: calls $7
easy_sarcasm: folds 
AlexPinsk1: folds 
*** FLOP *** [Ac 2d 5c]
CapoDiTutti17: checks 
mr.Jckpot: bets $5.80
CapoDiTutti17: calls $5.80
*** TURN *** [Ac 2d 5c] [7h]
CapoDiTutti17: checks 
mr.Jckpot: bets $13.50
CapoDiTutti17: raises $3.84 to $17.34 and is all-in
mr.Jckpot: calls $3.84
*** RIVER *** [Ac 2d 5c 7h] [9c]
*** SHOW DOWN ***
CapoDiTutti17: shows [3d Ah] (a pair of Aces)
mr.Jckpot: shows [Ks As] (a pair of Aces - King kicker)
mr.Jckpot collected $62.28 from pot
*** SUMMARY ***
Total pot $64.78 | Rake $2.50 
Board [Ac 2d 5c 7h 9c]
Seat 3: GuigaMan
Seat 1: easy_sarcasm (big blind) folded before Flop
Seat 2: AlexPinsk1 folded before Flop
Seat 4: mr.Jckpot showed [Ks As] and won ($62.28) with a pair of Aces
Seat 5: PayTaxOrDie (button) folded before Flop (didn't bet)
Seat 6: CapoDiTutti17 (small blind) showed [3d Ah] and lost with a pair of Aces



PokerStars Hand #254278467146:  Hold'em No Limit ($0.50/$1.00 USD) - 2025/01/09 15:15:59 WET [2025/01/09 10:15:59 ET]
Table 'Kasan' 6-max Seat #1 is the button
Seat 6: CapoDiTutti17 ($0 in chips) is sitting out
Seat 1: easy_sarcasm ($111.90 in chips) 
Seat 2: AlexPinsk1 ($109.11 in chips) 
Seat 3: GuigaMan ($103 in chips) 
Seat 4: mr.Jckpot ($158.79 in chips) 
Seat 5: PayTaxOrDie ($203.36 in chips) 
AlexPinsk1: posts small blind $0.50
GuigaMan: posts big blind $1
*** HOLE CARDS ***
mr.Jckpot: folds 
PayTaxOrDie: folds 
easy_sarcasm: folds 
AlexPinsk1: raises $2 to $3
GuigaMan: calls $2
*** FLOP *** [6d Js 9c]
CapoDiTutti17 leaves the table
AlexPinsk1: checks 
GuigaMan: bets $4.28
AlexPinsk1: calls $4.28
*** TURN *** [6d Js 9c] [Ks]
AlexPinsk1: checks 
GuigaMan: checks 
*** RIVER *** [6d Js 9c Ks] [Qc]
AlexPinsk1: bets $10.37
GuigaMan: folds 
Uncalled bet ($10.37) returned to AlexPinsk1
AlexPinsk1 collected $13.83 from pot
AlexPinsk1: doesn't show hand 
PayTaxOrDie leaves the table
*** SUMMARY ***
Total pot $14.56 | Rake $0.73 
Board [6d Js 9c Ks Qc]
Seat 6: CapoDiTutti17
Seat 1: easy_sarcasm (button) folded before Flop (didn't bet)
Seat 2: AlexPinsk1 (small blind) collected ($13.83)
Seat 3: GuigaMan (big blind) folded on the River
Seat 4: mr.Jckpot folded before Flop (didn't bet)
Seat 5: PayTaxOrDie folded before Flop (didn't bet)



