PokerStars Hand #254285353230:  Hold'em No Limit ($0.50/$1.00 USD) - 2025/01/09 22:02:28 WET [2025/01/09 17:02:28 ET]
Table 'Irmela III' 6-max Seat #4 is the button
Seat 1: YeeesMan ($101.50 in chips) 
Seat 2: easy_sarcasm ($100 in chips) 
Seat 3: IREQO ($136.88 in chips) 
Seat 4: nikalas22 ($100 in chips) 
Seat 5: SouthMan314 ($47.32 in chips) 
Seat 6: pipza05 ($72.78 in chips) 
SouthMan314: posts small blind $0.50
pipza05: posts big blind $1
*** HOLE CARDS ***
YeeesMan: folds 
easy_sarcasm: folds 
IREQO: folds 
nikalas22: raises $1.50 to $2.50
SouthMan314: folds 
pipza05: folds 
Uncalled bet ($1.50) returned to nikalas22
nikalas22 collected $2.50 from pot
nikalas22: doesn't show hand 
*** SUMMARY ***
Total pot $2.50 | Rake $0 
Seat 1: YeeesMan folded before Flop (didn't bet)
Seat 2: easy_sarcasm folded before Flop (didn't bet)
Seat 3: IREQO folded before Flop (didn't bet)
Seat 4: nikalas22 (button) collected ($2.50)
Seat 5: SouthMan314 (small blind) folded before Flop
Seat 6: pipza05 (big blind) folded before Flop



PokerStars Hand #254285360017:  Hold'em No Limit ($0.50/$1.00 USD) - 2025/01/09 22:02:47 WET [2025/01/09 17:02:47 ET]
Table 'Irmela III' 6-max Seat #5 is the button
Seat 1: YeeesMan ($101.50 in chips) 
Seat 2: easy_sarcasm ($100 in chips) 
Seat 3: IREQO ($136.88 in chips) 
Seat 4: nikalas22 ($101.50 in chips) 
Seat 5: SouthMan314 ($46.82 in chips) 
Seat 6: pipza05 ($71.78 in chips) 
pipza05: posts small blind $0.50
YeeesMan: posts big blind $1
*** HOLE CARDS ***
easy_sarcasm: folds 
IREQO: folds 
nikalas22: folds 
SouthMan314: folds 
pipza05: folds 
Uncalled bet ($0.50) returned to YeeesMan
YeeesMan collected $1 from pot
YeeesMan: doesn't show hand 
*** SUMMARY ***
Total pot $1 | Rake $0 
Seat 1: YeeesMan (big blind) collected ($1)
Seat 2: easy_sarcasm folded before Flop (didn't bet)
Seat 3: IREQO folded before Flop (didn't bet)
Seat 4: nikalas22 folded before Flop (didn't bet)
Seat 5: SouthMan314 (button) folded before Flop (didn't bet)
Seat 6: pipza05 (small blind) folded before Flop



PokerStars Hand #254285364836:  Hold'em No Limit ($0.50/$1.00 USD) - 2025/01/09 22:03:02 WET [2025/01/09 17:03:02 ET]
Table 'Irmela III' 6-max Seat #6 is the button
Seat 1: YeeesMan ($102 in chips) 
Seat 2: easy_sarcasm ($100 in chips) 
Seat 3: IREQO ($136.88 in chips) 
Seat 4: nikalas22 ($101.50 in chips) 
Seat 5: SouthMan314 ($46.82 in chips) 
Seat 6: pipza05 ($71.28 in chips) 
YeeesMan: posts small blind $0.50
easy_sarcasm: posts big blind $1
*** HOLE CARDS ***
IREQO: raises $1.50 to $2.50
nikalas22: folds 
SouthMan314: raises $1.50 to $4
pipza05: folds 
YeeesMan: folds 
easy_sarcasm: folds 
IREQO: calls $1.50
*** FLOP *** [8h 9d Js]
IREQO: checks 
SouthMan314: bets $4.51
IREQO: calls $4.51
*** TURN *** [8h 9d Js] [As]
IREQO: checks 
SouthMan314: bets $8.80
IREQO: raises $8.80 to $17.60
SouthMan314: raises $20.71 to $38.31 and is all-in
IREQO: calls $20.71
*** RIVER *** [8h 9d Js As] [Kc]
*** SHOW DOWN ***
IREQO: shows [Ts Qs] (a straight, Ten to Ace)
SouthMan314: shows [Ks Qh] (a pair of Kings)
IREQO collected $92.64 from pot
SouthMan314 cashed out the hand for $6.18 | Cash Out Fee $0.13
*** SUMMARY ***
Total pot $95.14 | Rake $2.50 
Board [8h 9d Js As Kc]
Seat 1: YeeesMan (small blind) folded before Flop
Seat 2: easy_sarcasm (big blind) folded before Flop
Seat 3: IREQO showed [Ts Qs] and won ($92.64) with a straight, Ten to Ace
Seat 4: nikalas22 folded before Flop (didn't bet)
Seat 5: SouthMan314 showed [Ks Qh] and lost with a pair of Kings (cashed out).
Seat 6: pipza05 (button) folded before Flop (didn't bet)



PokerStars Hand #254285410390:  Hold'em No Limit ($0.50/$1.00 USD) - 2025/01/09 22:05:17 WET [2025/01/09 17:05:17 ET]
Table 'Irmela III' 6-max Seat #1 is the button
Seat 1: YeeesMan ($101.50 in chips) 
Seat 2: easy_sarcasm ($100 in chips) 
Seat 3: IREQO ($182.70 in chips) 
Seat 4: nikalas22 ($101.50 in chips) 
Seat 5: SouthMan314 ($6.18 in chips) 
Seat 6: pipza05 ($71.28 in chips) 
easy_sarcasm: posts small blind $0.50
IREQO: posts big blind $1
*** HOLE CARDS ***
nikalas22: folds 
SouthMan314: folds 
pipza05: folds 
YeeesMan is disconnected 
YeeesMan has timed out while disconnected
YeeesMan: folds 
easy_sarcasm: raises $2 to $3
SouthMan314 leaves the table
IREQO: raises $7 to $10
easy_sarcasm: folds 
Uncalled bet ($7) returned to IREQO
IREQO collected $6 from pot
IREQO: doesn't show hand 
*** SUMMARY ***
Total pot $6 | Rake $0 
Seat 1: YeeesMan (button) folded before Flop (didn't bet)
Seat 2: easy_sarcasm (small blind) folded before Flop
Seat 3: IREQO (big blind) collected ($6)
Seat 4: nikalas22 folded before Flop (didn't bet)
Seat 5: SouthMan314 folded before Flop (didn't bet)
Seat 6: pipza05 folded before Flop (didn't bet)



PokerStars Hand #254285429966:  Hold'em No Limit ($0.50/$1.00 USD) - 2025/01/09 22:06:14 WET [2025/01/09 17:06:14 ET]
Table 'Irmela III' 6-max Seat #2 is the button
Seat 1: YeeesMan ($101.50 in chips) is sitting out
Seat 2: easy_sarcasm ($100 in chips) 
Seat 3: IREQO ($185.70 in chips) 
Seat 4: nikalas22 ($101.50 in chips) 
Seat 6: pipza05 ($71.28 in chips) 
IREQO: posts small blind $0.50
nikalas22: posts big blind $1
*** HOLE CARDS ***
pipza05: calls $1
shyyd joins the table at seat #5 
shyyd is disconnected 
easy_sarcasm: raises $3.50 to $4.50
IREQO: folds 
nikalas22: calls $3.50
pipza05: folds 
*** FLOP *** [8c 9c 9s]
nikalas22: checks 
easy_sarcasm: bets $5.50
nikalas22: folds 
Uncalled bet ($5.50) returned to easy_sarcasm
easy_sarcasm collected $9.98 from pot
*** SUMMARY ***
Total pot $10.50 | Rake $0.52 
Board [8c 9c 9s]
Seat 1: YeeesMan
Seat 2: easy_sarcasm (button) collected ($9.98)
Seat 3: IREQO (small blind) folded before Flop
Seat 4: nikalas22 (big blind) folded on the Flop
Seat 6: pipza05 folded before Flop



PokerStars Hand #254285440108:  Hold'em No Limit ($0.50/$1.00 USD) - 2025/01/09 22:06:44 WET [2025/01/09 17:06:44 ET]
Table 'Irmela III' 6-max Seat #3 is the button
Seat 1: YeeesMan ($101.50 in chips) 
Seat 2: easy_sarcasm ($105.48 in chips) 
Seat 3: IREQO ($185.20 in chips) 
Seat 4: nikalas22 ($100 in chips) 
Seat 5: shyyd ($43.97 in chips) 
Seat 6: pipza05 ($70.28 in chips) 
nikalas22: posts small blind $0.50
shyyd: posts big blind $1
*** HOLE CARDS ***
pipza05: folds 
YeeesMan: folds 
easy_sarcasm: raises $2 to $3
IREQO: folds 
nikalas22: folds 
shyyd: folds 
Uncalled bet ($2) returned to easy_sarcasm
easy_sarcasm collected $2.50 from pot
*** SUMMARY ***
Total pot $2.50 | Rake $0 
Seat 1: YeeesMan folded before Flop (didn't bet)
Seat 2: easy_sarcasm collected ($2.50)
Seat 3: IREQO (button) folded before Flop (didn't bet)
Seat 4: nikalas22 (small blind) folded before Flop
Seat 5: shyyd (big blind) folded before Flop
Seat 6: pipza05 folded before Flop (didn't bet)



PokerStars Hand #254285446487:  Hold'em No Limit ($0.50/$1.00 USD) - 2025/01/09 22:07:03 WET [2025/01/09 17:07:03 ET]
Table 'Irmela III' 6-max Seat #4 is the button
Seat 1: YeeesMan ($101.50 in chips) 
Seat 2: easy_sarcasm ($106.98 in chips) 
Seat 3: IREQO ($185.20 in chips) 
Seat 4: nikalas22 ($100 in chips) 
Seat 5: shyyd ($42.97 in chips) 
Seat 6: pipza05 ($70.28 in chips) 
shyyd: posts small blind $0.50
pipza05: posts big blind $1
*** HOLE CARDS ***
YeeesMan: folds 
easy_sarcasm: folds 
IREQO: folds 
nikalas22: folds 
shyyd: calls $0.50
pipza05: checks 
*** FLOP *** [6d Jd 6c]
shyyd: checks 
pipza05: checks 
*** TURN *** [6d Jd 6c] [5d]
shyyd: bets $1
pipza05: raises $1 to $2
shyyd: calls $1
*** RIVER *** [6d Jd 6c 5d] [2d]
shyyd: bets $4
pipza05: folds 
Uncalled bet ($4) returned to shyyd
shyyd collected $5.70 from pot
*** SUMMARY ***
Total pot $6 | Rake $0.30 
Board [6d Jd 6c 5d 2d]
Seat 1: YeeesMan folded before Flop (didn't bet)
Seat 2: easy_sarcasm folded before Flop (didn't bet)
Seat 3: IREQO folded before Flop (didn't bet)
Seat 4: nikalas22 (button) folded before Flop (didn't bet)
Seat 5: shyyd (small blind) collected ($5.70)
Seat 6: pipza05 (big blind) folded on the River



PokerStars Hand #254285457017:  Hold'em No Limit ($0.50/$1.00 USD) - 2025/01/09 22:07:35 WET [2025/01/09 17:07:35 ET]
Table 'Irmela III' 6-max Seat #5 is the button
Seat 1: YeeesMan ($101.50 in chips) 
Seat 2: easy_sarcasm ($106.98 in chips) 
Seat 3: IREQO ($185.20 in chips) 
Seat 4: nikalas22 ($100 in chips) 
Seat 5: shyyd ($45.67 in chips) 
Seat 6: pipza05 ($67.28 in chips) 
pipza05: posts small blind $0.50
YeeesMan: posts big blind $1
*** HOLE CARDS ***
easy_sarcasm: folds 
IREQO: folds 
nikalas22: folds 
shyyd: calls $1
pipza05: calls $0.50
YeeesMan: checks 
*** FLOP *** [Qd 2s 9d]
pipza05: bets $1
YeeesMan: folds 
shyyd: folds 
Uncalled bet ($1) returned to pipza05
pipza05 collected $2.81 from pot
*** SUMMARY ***
Total pot $3 | Rake $0.19 
Board [Qd 2s 9d]
Seat 1: YeeesMan (big blind) folded on the Flop
Seat 2: easy_sarcasm folded before Flop (didn't bet)
Seat 3: IREQO folded before Flop (didn't bet)
Seat 4: nikalas22 folded before Flop (didn't bet)
Seat 5: shyyd (button) folded on the Flop
Seat 6: pipza05 (small blind) collected ($2.81)



PokerStars Hand #254285464911:  Hold'em No Limit ($0.50/$1.00 USD) - 2025/01/09 22:07:58 WET [2025/01/09 17:07:58 ET]
Table 'Irmela III' 6-max Seat #6 is the button
Seat 1: YeeesMan ($100.50 in chips) 
Seat 2: easy_sarcasm ($106.98 in chips) 
Seat 3: IREQO ($185.20 in chips) 
Seat 4: nikalas22 ($100 in chips) 
Seat 5: shyyd ($44.67 in chips) 
Seat 6: pipza05 ($69.09 in chips) 
YeeesMan: posts small blind $0.50
easy_sarcasm: posts big blind $1
*** HOLE CARDS ***
IREQO: folds 
nikalas22: raises $1.50 to $2.50
shyyd: folds 
pipza05: folds 
YeeesMan: folds 
shyyd leaves the table
easy_sarcasm: folds 
Uncalled bet ($1.50) returned to nikalas22
nikalas22 collected $2.50 from pot
nikalas22: doesn't show hand 
*** SUMMARY ***
Total pot $2.50 | Rake $0 
Seat 1: YeeesMan (small blind) folded before Flop
Seat 2: easy_sarcasm (big blind) folded before Flop
Seat 3: IREQO folded before Flop (didn't bet)
Seat 4: nikalas22 collected ($2.50)
Seat 5: shyyd folded before Flop (didn't bet)
Seat 6: pipza05 (button) folded before Flop (didn't bet)



PokerStars Hand #254285471195:  Hold'em No Limit ($0.50/$1.00 USD) - 2025/01/09 22:08:17 WET [2025/01/09 17:08:17 ET]
Table 'Irmela III' 6-max Seat #1 is the button
Seat 1: YeeesMan ($100 in chips) 
Seat 2: easy_sarcasm ($105.98 in chips) 
Seat 3: IREQO ($185.20 in chips) 
Seat 4: nikalas22 ($101.50 in chips) 
Seat 6: pipza05 ($69.09 in chips) 
easy_sarcasm: posts small blind $0.50
IREQO: posts big blind $1
*** HOLE CARDS ***
nikalas22: folds 
pipza05: folds 
YeeesMan: folds 
easy_sarcasm: raises $2 to $3
IREQO: folds 
Uncalled bet ($2) returned to easy_sarcasm
easy_sarcasm collected $2 from pot
*** SUMMARY ***
Total pot $2 | Rake $0 
Seat 1: YeeesMan (button) folded before Flop (didn't bet)
Seat 2: easy_sarcasm (small blind) collected ($2)
Seat 3: IREQO (big blind) folded before Flop
Seat 4: nikalas22 folded before Flop (didn't bet)
Seat 6: pipza05 folded before Flop (didn't bet)



PokerStars Hand #254285478722:  Hold'em No Limit ($0.50/$1.00 USD) - 2025/01/09 22:08:39 WET [2025/01/09 17:08:39 ET]
Table 'Irmela III' 6-max Seat #2 is the button
Seat 1: YeeesMan ($100 in chips) 
Seat 2: easy_sarcasm ($106.98 in chips) 
Seat 3: IREQO ($184.20 in chips) 
Seat 4: nikalas22 ($101.50 in chips) 
Seat 6: pipza05 ($69.09 in chips) 
IREQO: posts small blind $0.50
nikalas22: posts big blind $1
*** HOLE CARDS ***
pipza05: folds 
YeeesMan: folds 
easy_sarcasm: folds 
IREQO: raises $1.50 to $2.50
nikalas22: calls $1.50
*** FLOP *** [Qd 4s Js]
IREQO: bets $2.38
nikalas22: raises $4.76 to $7.14
IREQO: calls $4.76
*** TURN *** [Qd 4s Js] [Td]
IREQO: checks 
nikalas22: checks 
*** RIVER *** [Qd 4s Js Td] [4c]
IREQO: checks 
nikalas22: checks 
*** SHOW DOWN ***
IREQO: shows [Ah Ks] (a straight, Ten to Ace)
nikalas22: mucks hand 
IREQO collected $18.32 from pot
*** SUMMARY ***
Total pot $19.28 | Rake $0.96 
Board [Qd 4s Js Td 4c]
Seat 1: YeeesMan folded before Flop (didn't bet)
Seat 2: easy_sarcasm (button) folded before Flop (didn't bet)
Seat 3: IREQO (small blind) showed [Ah Ks] and won ($18.32) with a straight, Ten to Ace
Seat 4: nikalas22 (big blind) mucked
Seat 6: pipza05 folded before Flop (didn't bet)



PokerStars Hand #254285511607:  Hold'em No Limit ($0.50/$1.00 USD) - 2025/01/09 22:10:18 WET [2025/01/09 17:10:18 ET]
Table 'Irmela III' 6-max Seat #3 is the button
Seat 1: YeeesMan ($100 in chips) 
Seat 2: easy_sarcasm ($106.98 in chips) 
Seat 3: IREQO ($192.88 in chips) 
Seat 4: nikalas22 ($100 in chips) 
Seat 6: pipza05 ($69.09 in chips) 
nikalas22: posts small blind $0.50
pipza05: posts big blind $1
*** HOLE CARDS ***
YeeesMan: folds 
easy_sarcasm: folds 
IREQO: raises $1.50 to $2.50
nikalas22: folds 
pipza05: folds 
Uncalled bet ($1.50) returned to IREQO
IREQO collected $2.50 from pot
IREQO: doesn't show hand 
*** SUMMARY ***
Total pot $2.50 | Rake $0 
Seat 1: YeeesMan folded before Flop (didn't bet)
Seat 2: easy_sarcasm folded before Flop (didn't bet)
Seat 3: IREQO (button) collected ($2.50)
Seat 4: nikalas22 (small blind) folded before Flop
Seat 6: pipza05 (big blind) folded before Flop



PokerStars Hand #254285517888:  Hold'em No Limit ($0.50/$1.00 USD) - 2025/01/09 22:10:36 WET [2025/01/09 17:10:36 ET]
Table 'Irmela III' 6-max Seat #4 is the button
Seat 1: YeeesMan ($100 in chips) is sitting out
Seat 2: easy_sarcasm ($106.98 in chips) 
Seat 3: IREQO ($194.38 in chips) 
Seat 4: nikalas22 ($100 in chips) 
Seat 6: pipza05 ($68.09 in chips) 
pipza05: posts small blind $0.50
YeeesMan: is sitting out 
easy_sarcasm: posts big blind $1
*** HOLE CARDS ***
IREQO: folds 
YeeesMan leaves the table
Powerpoint66 joins the table at seat #1 
Pigness80 joins the table at seat #5 
nikalas22: folds 
pipza05: calls $0.50
easy_sarcasm: checks 
*** FLOP *** [3h Qc 9d]
pipza05: checks 
easy_sarcasm: checks 
*** TURN *** [3h Qc 9d] [Ks]
pipza05: checks 
easy_sarcasm: checks 
*** RIVER *** [3h Qc 9d Ks] [Ah]
Pigness80 leaves the table
pipza05: bets $1.90
easy_sarcasm: folds 
Uncalled bet ($1.90) returned to pipza05
pipza05 collected $1.88 from pot
*** SUMMARY ***
Total pot $2 | Rake $0.12 
Board [3h Qc 9d Ks Ah]
Seat 1: YeeesMan
Seat 2: easy_sarcasm (big blind) folded on the River
Seat 3: IREQO folded before Flop (didn't bet)
Seat 4: nikalas22 (button) folded before Flop (didn't bet)
Seat 6: pipza05 (small blind) collected ($1.88)



PokerStars Hand #254285528863:  Hold'em No Limit ($0.50/$1.00 USD) - 2025/01/09 22:11:09 WET [2025/01/09 17:11:09 ET]
Table 'Irmela III' 6-max Seat #6 is the button
Seat 1: Powerpoint66 ($80 in chips) is sitting out
Seat 3: IREQO ($194.38 in chips) is sitting out
Seat 2: easy_sarcasm ($105.98 in chips) 
Seat 4: nikalas22 ($100 in chips) 
Seat 6: pipza05 ($68.97 in chips) 
easy_sarcasm: posts small blind $0.50
IREQO: is sitting out 
nikalas22: posts big blind $1
*** HOLE CARDS ***
pipza05: raises $1 to $2
IREQO leaves the table
easy_sarcasm: folds 
nikalas22: folds 
Uncalled bet ($1) returned to pipza05
pipza05 collected $2.50 from pot
*** SUMMARY ***
Total pot $2.50 | Rake $0 
Seat 1: Powerpoint66
Seat 3: IREQO
Seat 2: easy_sarcasm (small blind) folded before Flop
Seat 4: nikalas22 (big blind) folded before Flop
Seat 6: pipza05 (button) collected ($2.50)



PokerStars Hand #254285533960:  Hold'em No Limit ($0.50/$1.00 USD) - 2025/01/09 22:11:25 WET [2025/01/09 17:11:25 ET]
Table 'Irmela III' 6-max Seat #2 is the button
Seat 1: Powerpoint66 ($80 in chips) is sitting out
Seat 2: easy_sarcasm ($105.48 in chips) 
Seat 4: nikalas22 ($100 in chips) 
Seat 6: pipza05 ($70.47 in chips) 
nikalas22: posts small blind $0.50
pipza05: posts big blind $1
Powerpoint66: sits out 
*** HOLE CARDS ***
easy_sarcasm: raises $1.20 to $2.20
nikalas22: folds 
pipza05: folds 
Uncalled bet ($1.20) returned to easy_sarcasm
easy_sarcasm collected $2.50 from pot
*** SUMMARY ***
Total pot $2.50 | Rake $0 
Seat 1: Powerpoint66
Seat 2: easy_sarcasm (button) collected ($2.50)
Seat 4: nikalas22 (small blind) folded before Flop
Seat 6: pipza05 (big blind) folded before Flop



PokerStars Hand #254285539750:  Hold'em No Limit ($0.50/$1.00 USD) - 2025/01/09 22:11:43 WET [2025/01/09 17:11:43 ET]
Table 'Irmela III' 6-max Seat #4 is the button
Seat 1: Powerpoint66 ($80 in chips) 
Seat 2: easy_sarcasm ($106.98 in chips) 
Seat 4: nikalas22 ($100 in chips) 
Seat 6: pipza05 ($69.47 in chips) 
pipza05: posts small blind $0.50
Powerpoint66: posts big blind $1
*** HOLE CARDS ***
easy_sarcasm: folds 
nikalas22: folds 
pipza05: folds 
Uncalled bet ($0.50) returned to Powerpoint66
Powerpoint66 collected $1 from pot
*** SUMMARY ***
Total pot $1 | Rake $0 
Seat 1: Powerpoint66 (big blind) collected ($1)
Seat 2: easy_sarcasm folded before Flop (didn't bet)
Seat 4: nikalas22 (button) folded before Flop (didn't bet)
Seat 6: pipza05 (small blind) folded before Flop



PokerStars Hand #254285542581:  Hold'em No Limit ($0.50/$1.00 USD) - 2025/01/09 22:11:51 WET [2025/01/09 17:11:51 ET]
Table 'Irmela III' 6-max Seat #6 is the button
Seat 1: Powerpoint66 ($80.50 in chips) 
Seat 2: easy_sarcasm ($106.98 in chips) 
Seat 4: nikalas22 ($100 in chips) 
Seat 6: pipza05 ($68.97 in chips) 
Powerpoint66: posts small blind $0.50
easy_sarcasm: posts big blind $1
*** HOLE CARDS ***
nikalas22: raises $1.50 to $2.50
pipza05: folds 
Powerpoint66: folds 
easy_sarcasm: folds 
Uncalled bet ($1.50) returned to nikalas22
nikalas22 collected $2.50 from pot
nikalas22: doesn't show hand 
Maximysss85 joins the table at seat #3 
*** SUMMARY ***
Total pot $2.50 | Rake $0 
Seat 1: Powerpoint66 (small blind) folded before Flop
Seat 2: easy_sarcasm (big blind) folded before Flop
Seat 4: nikalas22 collected ($2.50)
Seat 6: pipza05 (button) folded before Flop (didn't bet)



PokerStars Hand #254285545908:  Hold'em No Limit ($0.50/$1.00 USD) - 2025/01/09 22:12:01 WET [2025/01/09 17:12:01 ET]
Table 'Irmela III' 6-max Seat #1 is the button
Seat 1: Powerpoint66 ($80 in chips) 
Seat 2: easy_sarcasm ($105.98 in chips) 
Seat 3: Maximysss85 ($100 in chips) 
Seat 4: nikalas22 ($101.50 in chips) 
Seat 6: pipza05 ($68.97 in chips) 
easy_sarcasm: posts small blind $0.50
Maximysss85: posts big blind $1
*** HOLE CARDS ***
nikalas22: folds 
pipza05: raises $1 to $2
Powerpoint66: folds 
easy_sarcasm: folds 
Maximysss85: folds 
Uncalled bet ($1) returned to pipza05
pipza05 collected $2.50 from pot
*** SUMMARY ***
Total pot $2.50 | Rake $0 
Seat 1: Powerpoint66 (button) folded before Flop (didn't bet)
Seat 2: easy_sarcasm (small blind) folded before Flop
Seat 3: Maximysss85 (big blind) folded before Flop
Seat 4: nikalas22 folded before Flop (didn't bet)
Seat 6: pipza05 collected ($2.50)



PokerStars Hand #254285550825:  Hold'em No Limit ($0.50/$1.00 USD) - 2025/01/09 22:12:16 WET [2025/01/09 17:12:16 ET]
Table 'Irmela III' 6-max Seat #2 is the button
Seat 1: Powerpoint66 ($80 in chips) 
Seat 2: easy_sarcasm ($105.48 in chips) 
Seat 3: Maximysss85 ($100 in chips) 
Seat 4: nikalas22 ($101.50 in chips) 
Seat 6: pipza05 ($70.47 in chips) 
Maximysss85: posts small blind $0.50
nikalas22: posts big blind $1
*** HOLE CARDS ***
pipza05: folds 
Powerpoint66: folds 
easy_sarcasm: folds 
Maximysss85: folds 
Uncalled bet ($0.50) returned to nikalas22
nikalas22 collected $1 from pot
nikalas22: doesn't show hand 
*** SUMMARY ***
Total pot $1 | Rake $0 
Seat 1: Powerpoint66 folded before Flop (didn't bet)
Seat 2: easy_sarcasm (button) folded before Flop (didn't bet)
Seat 3: Maximysss85 (small blind) folded before Flop
Seat 4: nikalas22 (big blind) collected ($1)
Seat 6: pipza05 folded before Flop (didn't bet)



PokerStars Hand #254285554165:  Hold'em No Limit ($0.50/$1.00 USD) - 2025/01/09 22:12:26 WET [2025/01/09 17:12:26 ET]
Table 'Irmela III' 6-max Seat #3 is the button
Seat 1: Powerpoint66 ($80 in chips) 
Seat 2: easy_sarcasm ($105.48 in chips) 
Seat 3: Maximysss85 ($100 in chips) 
Seat 4: nikalas22 ($102 in chips) 
Seat 6: pipza05 ($70.47 in chips) 
nikalas22: posts small blind $0.50
pipza05: posts big blind $1
*** HOLE CARDS ***
BGS013 joins the table at seat #5 
Powerpoint66: calls $1
easy_sarcasm: folds 
Maximysss85: folds 
nikalas22: folds 
pipza05: checks 
*** FLOP *** [8d Jc Js]
pipza05: checks 
Powerpoint66: checks 
*** TURN *** [8d Jc Js] [2c]
pipza05: checks 
Powerpoint66: checks 
*** RIVER *** [8d Jc Js 2c] [Tc]
pipza05: checks 
Powerpoint66: checks 
*** SHOW DOWN ***
pipza05: shows [Qd 6h] (a pair of Jacks)
Powerpoint66: shows [Td Ac] (two pair, Jacks and Tens)
Powerpoint66 collected $2.35 from pot
*** SUMMARY ***
Total pot $2.50 | Rake $0.15 
Board [8d Jc Js 2c Tc]
Seat 1: Powerpoint66 showed [Td Ac] and won ($2.35) with two pair, Jacks and Tens
Seat 2: easy_sarcasm folded before Flop (didn't bet)
Seat 3: Maximysss85 (button) folded before Flop (didn't bet)
Seat 4: nikalas22 (small blind) folded before Flop
Seat 6: pipza05 (big blind) showed [Qd 6h] and lost with a pair of Jacks



PokerStars Hand #254285561412:  Hold'em No Limit ($0.50/$1.00 USD) - 2025/01/09 22:12:48 WET [2025/01/09 17:12:48 ET]
Table 'Irmela III' 6-max Seat #4 is the button
Seat 5: BGS013 ($100 in chips) is sitting out
Seat 1: Powerpoint66 ($81.35 in chips) 
Seat 2: easy_sarcasm ($105.48 in chips) 
Seat 3: Maximysss85 ($100 in chips) 
Seat 4: nikalas22 ($101.50 in chips) 
Seat 6: pipza05 ($69.47 in chips) 
pipza05: posts small blind $0.50
Powerpoint66: posts big blind $1
*** HOLE CARDS ***
easy_sarcasm: folds 
Maximysss85: folds 
nikalas22: folds 
pipza05: calls $0.50
Powerpoint66: checks 
*** FLOP *** [Qc 3d Qh]
pipza05: checks 
Powerpoint66: checks 
*** TURN *** [Qc 3d Qh] [2s]
pipza05: checks 
Powerpoint66: checks 
*** RIVER *** [Qc 3d Qh 2s] [4h]
pipza05: bets $25
Powerpoint66: folds 
Uncalled bet ($25) returned to pipza05
pipza05 collected $1.88 from pot
*** SUMMARY ***
Total pot $2 | Rake $0.12 
Board [Qc 3d Qh 2s 4h]
Seat 5: BGS013
Seat 1: Powerpoint66 (big blind) folded on the River
Seat 2: easy_sarcasm folded before Flop (didn't bet)
Seat 3: Maximysss85 folded before Flop (didn't bet)
Seat 4: nikalas22 (button) folded before Flop (didn't bet)
Seat 6: pipza05 (small blind) collected ($1.88)



PokerStars Hand #254285572847:  Hold'em No Limit ($0.50/$1.00 USD) - 2025/01/09 22:13:23 WET [2025/01/09 17:13:23 ET]
Table 'Irmela III' 6-max Seat #6 is the button
Seat 5: BGS013 ($100 in chips) is sitting out
Seat 1: Powerpoint66 ($80.35 in chips) 
Seat 2: easy_sarcasm ($105.48 in chips) 
Seat 3: Maximysss85 ($100 in chips) 
Seat 4: nikalas22 ($101.50 in chips) 
Seat 6: pipza05 ($70.35 in chips) 
Powerpoint66: posts small blind $0.50
easy_sarcasm: posts big blind $1
BGS013: sits out 
*** HOLE CARDS ***
Maximysss85: folds 
nikalas22: raises $1.50 to $2.50
pipza05: calls $2.50
Powerpoint66: folds 
easy_sarcasm: folds 
*** FLOP *** [7s Ts Ks]
nikalas22: bets $1.85
pipza05: calls $1.85
*** TURN *** [7s Ts Ks] [Tc]
nikalas22: checks 
pipza05: bets $3
nikalas22: folds 
Uncalled bet ($3) returned to pipza05
pipza05 collected $9.56 from pot
*** SUMMARY ***
Total pot $10.20 | Rake $0.64 
Board [7s Ts Ks Tc]
Seat 5: BGS013
Seat 1: Powerpoint66 (small blind) folded before Flop
Seat 2: easy_sarcasm (big blind) folded before Flop
Seat 3: Maximysss85 folded before Flop (didn't bet)
Seat 4: nikalas22 folded on the Turn
Seat 6: pipza05 (button) collected ($9.56)



PokerStars Hand #254285582094:  Hold'em No Limit ($0.50/$1.00 USD) - 2025/01/09 22:13:51 WET [2025/01/09 17:13:51 ET]
Table 'Irmela III' 6-max Seat #1 is the button
Seat 5: BGS013 ($100 in chips) is sitting out
Seat 1: Powerpoint66 ($79.85 in chips) 
Seat 2: easy_sarcasm ($104.48 in chips) 
Seat 3: Maximysss85 ($100 in chips) 
Seat 4: nikalas22 ($100 in chips) 
Seat 6: pipza05 ($75.56 in chips) 
easy_sarcasm: posts small blind $0.50
Maximysss85: posts big blind $1
BGS013: sits out 
*** HOLE CARDS ***
nikalas22: raises $1.50 to $2.50
pipza05: calls $2.50
Powerpoint66: folds 
easy_sarcasm: folds 
Maximysss85: folds 
*** FLOP *** [Qh Kd Qd]
nikalas22: checks 
pipza05: checks 
*** TURN *** [Qh Kd Qd] [2d]
nikalas22: checks 
pipza05: checks 
*** RIVER *** [Qh Kd Qd 2d] [Td]
nikalas22: bets $4.64
pipza05: calls $4.64
*** SHOW DOWN ***
nikalas22: shows [Ts Tc] (a full house, Tens full of Queens)
pipza05: mucks hand 
nikalas22 collected $14.99 from pot
*** SUMMARY ***
Total pot $15.78 | Rake $0.79 
Board [Qh Kd Qd 2d Td]
Seat 5: BGS013
Seat 1: Powerpoint66 (button) folded before Flop (didn't bet)
Seat 2: easy_sarcasm (small blind) folded before Flop
Seat 3: Maximysss85 (big blind) folded before Flop
Seat 4: nikalas22 showed [Ts Tc] and won ($14.99) with a full house, Tens full of Queens
Seat 6: pipza05 mucked



PokerStars Hand #254285595305:  Hold'em No Limit ($0.50/$1.00 USD) - 2025/01/09 22:14:32 WET [2025/01/09 17:14:32 ET]
Table 'Irmela III' 6-max Seat #2 is the button
Seat 5: BGS013 ($100 in chips) is sitting out
Seat 1: Powerpoint66 ($79.85 in chips) 
Seat 2: easy_sarcasm ($103.98 in chips) 
Seat 3: Maximysss85 ($100 in chips) 
Seat 4: nikalas22 ($107.85 in chips) 
Seat 6: pipza05 ($68.42 in chips) 
Maximysss85: posts small blind $0.50
nikalas22: posts big blind $1
BGS013: sits out 
*** HOLE CARDS ***
pipza05: folds 
Powerpoint66: folds 
easy_sarcasm: folds 
Maximysss85: raises $2 to $3
nikalas22: calls $2
*** FLOP *** [3d Td 9c]
Maximysss85: bets $2.28
nikalas22: calls $2.28
*** TURN *** [3d Td 9c] [4h]
Maximysss85: checks 
nikalas22: checks 
*** RIVER *** [3d Td 9c 4h] [Kc]
Maximysss85: checks 
nikalas22: checks 
*** SHOW DOWN ***
Maximysss85: shows [6c 4c] (a pair of Fours)
nikalas22: shows [Jc 9s] (a pair of Nines)
nikalas22 collected $10.03 from pot
*** SUMMARY ***
Total pot $10.56 | Rake $0.53 
Board [3d Td 9c 4h Kc]
Seat 5: BGS013
Seat 1: Powerpoint66 folded before Flop (didn't bet)
Seat 2: easy_sarcasm (button) folded before Flop (didn't bet)
Seat 3: Maximysss85 (small blind) showed [6c 4c] and lost with a pair of Fours
Seat 4: nikalas22 (big blind) showed [Jc 9s] and won ($10.03) with a pair of Nines
Seat 6: pipza05 folded before Flop (didn't bet)



PokerStars Hand #254285604864:  Hold'em No Limit ($0.50/$1.00 USD) - 2025/01/09 22:15:01 WET [2025/01/09 17:15:01 ET]
Table 'Irmela III' 6-max Seat #3 is the button
Seat 1: Powerpoint66 ($79.85 in chips) 
Seat 2: easy_sarcasm ($103.98 in chips) 
Seat 3: Maximysss85 ($100 in chips) 
Seat 4: nikalas22 ($112.60 in chips) 
Seat 5: BGS013 ($100 in chips) 
Seat 6: pipza05 ($68.42 in chips) 
nikalas22: posts small blind $0.50
BGS013: posts big blind $1
*** HOLE CARDS ***
pipza05: folds 
Powerpoint66 has timed out
Powerpoint66: folds 
easy_sarcasm: folds 
Maximysss85: folds 
nikalas22: raises $2 to $3
BGS013: folds 
Uncalled bet ($2) returned to nikalas22
nikalas22 collected $2 from pot
nikalas22: doesn't show hand 
*** SUMMARY ***
Total pot $2 | Rake $0 
Seat 1: Powerpoint66 folded before Flop (didn't bet)
Seat 2: easy_sarcasm folded before Flop (didn't bet)
Seat 3: Maximysss85 (button) folded before Flop (didn't bet)
Seat 4: nikalas22 (small blind) collected ($2)
Seat 5: BGS013 (big blind) folded before Flop
Seat 6: pipza05 folded before Flop (didn't bet)



PokerStars Hand #254285615812:  Hold'em No Limit ($0.50/$1.00 USD) - 2025/01/09 22:15:34 WET [2025/01/09 17:15:34 ET]
Table 'Irmela III' 6-max Seat #4 is the button
Seat 1: Powerpoint66 ($79.85 in chips) 
Seat 2: easy_sarcasm ($103.98 in chips) 
Seat 3: Maximysss85 ($100 in chips) 
Seat 4: nikalas22 ($113.60 in chips) 
Seat 5: BGS013 ($100 in chips) 
Seat 6: pipza05 ($68.42 in chips) 
BGS013: posts small blind $0.50
pipza05: posts big blind $1
*** HOLE CARDS ***
Powerpoint66: folds 
easy_sarcasm: folds 
Maximysss85: folds 
nikalas22: raises $1.50 to $2.50
BGS013: folds 
pipza05: folds 
Uncalled bet ($1.50) returned to nikalas22
nikalas22 collected $2.50 from pot
nikalas22: doesn't show hand 
*** SUMMARY ***
Total pot $2.50 | Rake $0 
Seat 1: Powerpoint66 folded before Flop (didn't bet)
Seat 2: easy_sarcasm folded before Flop (didn't bet)
Seat 3: Maximysss85 folded before Flop (didn't bet)
Seat 4: nikalas22 (button) collected ($2.50)
Seat 5: BGS013 (small blind) folded before Flop
Seat 6: pipza05 (big blind) folded before Flop



PokerStars Hand #254285620978:  Hold'em No Limit ($0.50/$1.00 USD) - 2025/01/09 22:15:50 WET [2025/01/09 17:15:50 ET]
Table 'Irmela III' 6-max Seat #5 is the button
Seat 1: Powerpoint66 ($79.85 in chips) 
Seat 2: easy_sarcasm ($103.98 in chips) 
Seat 3: Maximysss85 ($100 in chips) 
Seat 4: nikalas22 ($115.10 in chips) 
Seat 5: BGS013 ($100 in chips) 
Seat 6: pipza05 ($67.42 in chips) 
pipza05: posts small blind $0.50
Powerpoint66: posts big blind $1
*** HOLE CARDS ***
easy_sarcasm: folds 
Maximysss85: folds 
nikalas22: raises $1.50 to $2.50
BGS013: folds 
pipza05: folds 
Powerpoint66: folds 
Uncalled bet ($1.50) returned to nikalas22
nikalas22 collected $2.50 from pot
nikalas22: doesn't show hand 
*** SUMMARY ***
Total pot $2.50 | Rake $0 
Seat 1: Powerpoint66 (big blind) folded before Flop
Seat 2: easy_sarcasm folded before Flop (didn't bet)
Seat 3: Maximysss85 folded before Flop (didn't bet)
Seat 4: nikalas22 collected ($2.50)
Seat 5: BGS013 (button) folded before Flop (didn't bet)
Seat 6: pipza05 (small blind) folded before Flop



PokerStars Hand #254285625155:  Hold'em No Limit ($0.50/$1.00 USD) - 2025/01/09 22:16:03 WET [2025/01/09 17:16:03 ET]
Table 'Irmela III' 6-max Seat #6 is the button
Seat 1: Powerpoint66 ($78.85 in chips) 
Seat 2: easy_sarcasm ($103.98 in chips) 
Seat 3: Maximysss85 ($100 in chips) 
Seat 4: nikalas22 ($116.60 in chips) 
Seat 5: BGS013 ($100 in chips) 
Seat 6: pipza05 ($66.92 in chips) 
Powerpoint66: posts small blind $0.50
easy_sarcasm: posts big blind $1
*** HOLE CARDS ***
Maximysss85: folds 
Maximysss85 leaves the table
nikalas22: folds 
BGS013: raises $1.50 to $2.50
pipza05: folds 
Powerpoint66: calls $2
easy_sarcasm: folds 
*** FLOP *** [Ts 3d 2s]
Powerpoint66: checks 
BGS013: bets $1.48
Powerpoint66: raises $3.52 to $5
BGS013: calls $3.52
*** TURN *** [Ts 3d 2s] [5c]
Powerpoint66: bets $11
BGS013: folds 
Uncalled bet ($11) returned to Powerpoint66
Powerpoint66 collected $15 from pot
*** SUMMARY ***
Total pot $16 | Rake $1 
Board [Ts 3d 2s 5c]
Seat 1: Powerpoint66 (small blind) collected ($15)
Seat 2: easy_sarcasm (big blind) folded before Flop
Seat 3: Maximysss85 folded before Flop (didn't bet)
Seat 4: nikalas22 folded before Flop (didn't bet)
Seat 5: BGS013 folded on the Turn
Seat 6: pipza05 (button) folded before Flop (didn't bet)



PokerStars Hand #254285643754:  Hold'em No Limit ($0.50/$1.00 USD) - 2025/01/09 22:16:58 WET [2025/01/09 17:16:58 ET]
Table 'Irmela III' 6-max Seat #1 is the button
Seat 1: Powerpoint66 ($86.35 in chips) 
Seat 2: easy_sarcasm ($102.98 in chips) 
Seat 4: nikalas22 ($116.60 in chips) 
Seat 5: BGS013 ($100 in chips) 
Seat 6: pipza05 ($66.92 in chips) 
easy_sarcasm: posts small blind $0.50
nikalas22: posts big blind $1
*** HOLE CARDS ***
BGS013: folds 
pipza05: folds 
Powerpoint66: folds 
easy_sarcasm: raises $2 to $3
Christianzt1 joins the table at seat #3 
nikalas22: calls $2
*** FLOP *** [Td Jc 2d]
easy_sarcasm: bets $2
nikalas22: calls $2
*** TURN *** [Td Jc 2d] [9h]
easy_sarcasm: bets $6.50
nikalas22: calls $6.50
*** RIVER *** [Td Jc 2d 9h] [9c]
easy_sarcasm: bets $14.50
nikalas22: folds 
Uncalled bet ($14.50) returned to easy_sarcasm
easy_sarcasm collected $21.85 from pot
*** SUMMARY ***
Total pot $23 | Rake $1.15 
Board [Td Jc 2d 9h 9c]
Seat 1: Powerpoint66 (button) folded before Flop (didn't bet)
Seat 2: easy_sarcasm (small blind) collected ($21.85)
Seat 4: nikalas22 (big blind) folded on the River
Seat 5: BGS013 folded before Flop (didn't bet)
Seat 6: pipza05 folded before Flop (didn't bet)



PokerStars Hand #254285658758:  Hold'em No Limit ($0.50/$1.00 USD) - 2025/01/09 22:17:44 WET [2025/01/09 17:17:44 ET]
Table 'Irmela III' 6-max Seat #2 is the button
Seat 3: Christianzt1 ($100 in chips) is sitting out
Seat 1: Powerpoint66 ($86.35 in chips) 
Seat 2: easy_sarcasm ($113.33 in chips) 
Seat 4: nikalas22 ($105.10 in chips) 
Seat 5: BGS013 ($100 in chips) 
Seat 6: pipza05 ($66.92 in chips) 
nikalas22: posts small blind $0.50
BGS013: posts big blind $1
*** HOLE CARDS ***
pipza05: folds 
Powerpoint66: calls $1
easy_sarcasm: raises $3.50 to $4.50
nikalas22: folds 
BGS013: raises $9.50 to $14
Powerpoint66: folds 
easy_sarcasm: folds 
Uncalled bet ($9.50) returned to BGS013
BGS013 collected $10.50 from pot
BGS013: doesn't show hand 
*** SUMMARY ***
Total pot $10.50 | Rake $0 
Seat 3: Christianzt1
Seat 1: Powerpoint66 folded before Flop
Seat 2: easy_sarcasm (button) folded before Flop
Seat 4: nikalas22 (small blind) folded before Flop
Seat 5: BGS013 (big blind) collected ($10.50)
Seat 6: pipza05 folded before Flop (didn't bet)



PokerStars Hand #254285667173:  Hold'em No Limit ($0.50/$1.00 USD) - 2025/01/09 22:18:10 WET [2025/01/09 17:18:10 ET]
Table 'Irmela III' 6-max Seat #4 is the button
Seat 3: Christianzt1 ($100 in chips) is sitting out
Seat 1: Powerpoint66 ($85.35 in chips) 
Seat 2: easy_sarcasm ($108.83 in chips) 
Seat 4: nikalas22 ($104.60 in chips) 
Seat 5: BGS013 ($106 in chips) 
Seat 6: pipza05 ($66.92 in chips) 
BGS013: posts small blind $0.50
pipza05: posts big blind $1
Christianzt1: sits out 
*** HOLE CARDS ***
Powerpoint66 has timed out
Powerpoint66: folds 
easy_sarcasm: folds 
nikalas22: folds 
BGS013: raises $2 to $3
pipza05: folds 
Uncalled bet ($2) returned to BGS013
BGS013 collected $2 from pot
BGS013: doesn't show hand 
*** SUMMARY ***
Total pot $2 | Rake $0 
Seat 3: Christianzt1
Seat 1: Powerpoint66 folded before Flop (didn't bet)
Seat 2: easy_sarcasm folded before Flop (didn't bet)
Seat 4: nikalas22 (button) folded before Flop (didn't bet)
Seat 5: BGS013 (small blind) collected ($2)
Seat 6: pipza05 (big blind) folded before Flop



PokerStars Hand #254285675389:  Hold'em No Limit ($0.50/$1.00 USD) - 2025/01/09 22:18:35 WET [2025/01/09 17:18:35 ET]
Table 'Irmela III' 6-max Seat #5 is the button
Seat 3: Christianzt1 ($100 in chips) is sitting out
Seat 1: Powerpoint66 ($85.35 in chips) 
Seat 2: easy_sarcasm ($108.83 in chips) 
Seat 4: nikalas22 ($104.60 in chips) 
Seat 5: BGS013 ($107 in chips) 
Seat 6: pipza05 ($65.92 in chips) 
pipza05: posts small blind $0.50
Powerpoint66: posts big blind $1
Christianzt1: sits out 
*** HOLE CARDS ***
easy_sarcasm: folds 
nikalas22: folds 
BGS013: raises $1.50 to $2.50
pipza05: folds 
Powerpoint66: folds 
Uncalled bet ($1.50) returned to BGS013
BGS013 collected $2.50 from pot
BGS013: doesn't show hand 
*** SUMMARY ***
Total pot $2.50 | Rake $0 
Seat 3: Christianzt1
Seat 1: Powerpoint66 (big blind) folded before Flop
Seat 2: easy_sarcasm folded before Flop (didn't bet)
Seat 4: nikalas22 folded before Flop (didn't bet)
Seat 5: BGS013 (button) collected ($2.50)
Seat 6: pipza05 (small blind) folded before Flop



PokerStars Hand #254285679022:  Hold'em No Limit ($0.50/$1.00 USD) - 2025/01/09 22:18:45 WET [2025/01/09 17:18:45 ET]
Table 'Irmela III' 6-max Seat #6 is the button
Seat 3: Christianzt1 ($100 in chips) is sitting out
Seat 1: Powerpoint66 ($84.35 in chips) 
Seat 2: easy_sarcasm ($108.83 in chips) 
Seat 4: nikalas22 ($104.60 in chips) 
Seat 5: BGS013 ($108.50 in chips) 
Seat 6: pipza05 ($65.42 in chips) 
Powerpoint66: posts small blind $0.50
easy_sarcasm: posts big blind $1
Christianzt1: sits out 
*** HOLE CARDS ***
nikalas22: folds 
BGS013: folds 
pipza05: calls $1
Powerpoint66: calls $0.50
easy_sarcasm: checks 
*** FLOP *** [Th 7h 3c]
Powerpoint66: checks 
easy_sarcasm: checks 
pipza05: bets $1
Powerpoint66: calls $1
easy_sarcasm: calls $1
*** TURN *** [Th 7h 3c] [7s]
Powerpoint66: checks 
easy_sarcasm: checks 
pipza05: bets $2
Powerpoint66: calls $2
easy_sarcasm: calls $2
*** RIVER *** [Th 7h 3c 7s] [Qd]
Powerpoint66: checks 
easy_sarcasm: checks 
pipza05: bets $5
Powerpoint66: folds 
easy_sarcasm: folds 
Uncalled bet ($5) returned to pipza05
pipza05 collected $11.25 from pot
*** SUMMARY ***
Total pot $12 | Rake $0.75 
Board [Th 7h 3c 7s Qd]
Seat 3: Christianzt1
Seat 1: Powerpoint66 (small blind) folded on the River
Seat 2: easy_sarcasm (big blind) folded on the River
Seat 4: nikalas22 folded before Flop (didn't bet)
Seat 5: BGS013 folded before Flop (didn't bet)
Seat 6: pipza05 (button) collected ($11.25)



PokerStars Hand #254285698525:  Hold'em No Limit ($0.50/$1.00 USD) - 2025/01/09 22:19:45 WET [2025/01/09 17:19:45 ET]
Table 'Irmela III' 6-max Seat #1 is the button
Seat 1: Powerpoint66 ($80.35 in chips) 
Seat 2: easy_sarcasm ($104.83 in chips) 
Seat 3: Christianzt1 ($100 in chips) 
Seat 4: nikalas22 ($104.60 in chips) 
Seat 5: BGS013 ($108.50 in chips) 
Seat 6: pipza05 ($72.67 in chips) 
easy_sarcasm: posts small blind $0.50
Christianzt1: posts big blind $1
*** HOLE CARDS ***
nikalas22: folds 
BGS013: folds 
pipza05: folds 
Powerpoint66: folds 
easy_sarcasm: folds 
Uncalled bet ($0.50) returned to Christianzt1
Christianzt1 collected $1 from pot
*** SUMMARY ***
Total pot $1 | Rake $0 
Seat 1: Powerpoint66 (button) folded before Flop (didn't bet)
Seat 2: easy_sarcasm (small blind) folded before Flop
Seat 3: Christianzt1 (big blind) collected ($1)
Seat 4: nikalas22 folded before Flop (didn't bet)
Seat 5: BGS013 folded before Flop (didn't bet)
Seat 6: pipza05 folded before Flop (didn't bet)



PokerStars Hand #254285703312:  Hold'em No Limit ($0.50/$1.00 USD) - 2025/01/09 22:20:00 WET [2025/01/09 17:20:00 ET]
Table 'Irmela III' 6-max Seat #2 is the button
Seat 1: Powerpoint66 ($80.35 in chips) 
Seat 2: easy_sarcasm ($104.33 in chips) 
Seat 3: Christianzt1 ($100.50 in chips) 
Seat 4: nikalas22 ($104.60 in chips) 
Seat 5: BGS013 ($108.50 in chips) 
Seat 6: pipza05 ($72.67 in chips) 
Christianzt1: posts small blind $0.50
nikalas22: posts big blind $1
*** HOLE CARDS ***
BGS013: folds 
pipza05: raises $1 to $2
Powerpoint66: folds 
easy_sarcasm: folds 
Christianzt1: folds 
nikalas22: folds 
Uncalled bet ($1) returned to pipza05
pipza05 collected $2.50 from pot
*** SUMMARY ***
Total pot $2.50 | Rake $0 
Seat 1: Powerpoint66 folded before Flop (didn't bet)
Seat 2: easy_sarcasm (button) folded before Flop (didn't bet)
Seat 3: Christianzt1 (small blind) folded before Flop
Seat 4: nikalas22 (big blind) folded before Flop
Seat 5: BGS013 folded before Flop (didn't bet)
Seat 6: pipza05 collected ($2.50)



PokerStars Hand #254285709485:  Hold'em No Limit ($0.50/$1.00 USD) - 2025/01/09 22:20:19 WET [2025/01/09 17:20:19 ET]
Table 'Irmela III' 6-max Seat #3 is the button
Seat 1: Powerpoint66 ($80.35 in chips) 
Seat 2: easy_sarcasm ($104.33 in chips) 
Seat 3: Christianzt1 ($100 in chips) 
Seat 4: nikalas22 ($103.60 in chips) 
Seat 5: BGS013 ($108.50 in chips) 
Seat 6: pipza05 ($74.17 in chips) 
nikalas22: posts small blind $0.50
BGS013: posts big blind $1
*** HOLE CARDS ***
pipza05: folds 
Powerpoint66: calls $1
easy_sarcasm: raises $3.50 to $4.50
Christianzt1: folds 
nikalas22: folds 
BGS013: folds 
Powerpoint66: folds 
Uncalled bet ($3.50) returned to easy_sarcasm
easy_sarcasm collected $3.50 from pot
*** SUMMARY ***
Total pot $3.50 | Rake $0 
Seat 1: Powerpoint66 folded before Flop
Seat 2: easy_sarcasm collected ($3.50)
Seat 3: Christianzt1 (button) folded before Flop (didn't bet)
Seat 4: nikalas22 (small blind) folded before Flop
Seat 5: BGS013 (big blind) folded before Flop
Seat 6: pipza05 folded before Flop (didn't bet)



PokerStars Hand #254285716290:  Hold'em No Limit ($0.50/$1.00 USD) - 2025/01/09 22:20:40 WET [2025/01/09 17:20:40 ET]
Table 'Irmela III' 6-max Seat #4 is the button
Seat 1: Powerpoint66 ($79.35 in chips) 
Seat 2: easy_sarcasm ($106.83 in chips) 
Seat 3: Christianzt1 ($100 in chips) 
Seat 4: nikalas22 ($103.10 in chips) 
Seat 5: BGS013 ($107.50 in chips) 
Seat 6: pipza05 ($74.17 in chips) 
BGS013: posts small blind $0.50
pipza05: posts big blind $1
*** HOLE CARDS ***
Powerpoint66: calls $1
easy_sarcasm: folds 
Christianzt1: folds 
nikalas22: folds 
BGS013: folds 
pipza05: checks 
*** FLOP *** [3c Ks Tc]
pipza05: checks 
Powerpoint66: checks 
*** TURN *** [3c Ks Tc] [Ac]
pipza05: checks 
Powerpoint66: checks 
*** RIVER *** [3c Ks Tc Ac] [5c]
pipza05: checks 
Powerpoint66: checks 
*** SHOW DOWN ***
pipza05: shows [Js 8s] (high card Ace)
Powerpoint66: shows [2d 2c] (a flush, Ace high)
Powerpoint66 collected $2.35 from pot
*** SUMMARY ***
Total pot $2.50 | Rake $0.15 
Board [3c Ks Tc Ac 5c]
Seat 1: Powerpoint66 showed [2d 2c] and won ($2.35) with a flush, Ace high
Seat 2: easy_sarcasm folded before Flop (didn't bet)
Seat 3: Christianzt1 folded before Flop (didn't bet)
Seat 4: nikalas22 (button) folded before Flop (didn't bet)
Seat 5: BGS013 (small blind) folded before Flop
Seat 6: pipza05 (big blind) showed [Js 8s] and lost with high card Ace



PokerStars Hand #254285729671:  Hold'em No Limit ($0.50/$1.00 USD) - 2025/01/09 22:21:21 WET [2025/01/09 17:21:21 ET]
Table 'Irmela III' 6-max Seat #5 is the button
Seat 1: Powerpoint66 ($80.70 in chips) 
Seat 2: easy_sarcasm ($106.83 in chips) 
Seat 3: Christianzt1 ($100 in chips) 
Seat 4: nikalas22 ($103.10 in chips) 
Seat 5: BGS013 ($107 in chips) 
Seat 6: pipza05 ($73.17 in chips) 
pipza05: posts small blind $0.50
Powerpoint66: posts big blind $1
*** HOLE CARDS ***
easy_sarcasm: folds 
Christianzt1: raises $1.40 to $2.40
nikalas22: folds 
BGS013: folds 
pipza05: folds 
Powerpoint66: folds 
Uncalled bet ($1.40) returned to Christianzt1
Christianzt1 collected $2.50 from pot
*** SUMMARY ***
Total pot $2.50 | Rake $0 
Seat 1: Powerpoint66 (big blind) folded before Flop
Seat 2: easy_sarcasm folded before Flop (didn't bet)
Seat 3: Christianzt1 collected ($2.50)
Seat 4: nikalas22 folded before Flop (didn't bet)
Seat 5: BGS013 (button) folded before Flop (didn't bet)
Seat 6: pipza05 (small blind) folded before Flop



PokerStars Hand #254285736135:  Hold'em No Limit ($0.50/$1.00 USD) - 2025/01/09 22:21:40 WET [2025/01/09 17:21:40 ET]
Table 'Irmela III' 6-max Seat #6 is the button
Seat 1: Powerpoint66 ($79.70 in chips) 
Seat 2: easy_sarcasm ($106.83 in chips) 
Seat 3: Christianzt1 ($101.50 in chips) 
Seat 4: nikalas22 ($103.10 in chips) 
Seat 5: BGS013 ($107 in chips) 
Seat 6: pipza05 ($72.67 in chips) 
Powerpoint66: posts small blind $0.50
easy_sarcasm: posts big blind $1
*** HOLE CARDS ***
Christianzt1: folds 
nikalas22: raises $1.50 to $2.50
BGS013: folds 
pipza05: folds 
Powerpoint66: folds 
easy_sarcasm: folds 
Uncalled bet ($1.50) returned to nikalas22
nikalas22 collected $2.50 from pot
nikalas22: doesn't show hand 
*** SUMMARY ***
Total pot $2.50 | Rake $0 
Seat 1: Powerpoint66 (small blind) folded before Flop
Seat 2: easy_sarcasm (big blind) folded before Flop
Seat 3: Christianzt1 folded before Flop (didn't bet)
Seat 4: nikalas22 collected ($2.50)
Seat 5: BGS013 folded before Flop (didn't bet)
Seat 6: pipza05 (button) folded before Flop (didn't bet)



PokerStars Hand #254285740730:  Hold'em No Limit ($0.50/$1.00 USD) - 2025/01/09 22:21:54 WET [2025/01/09 17:21:54 ET]
Table 'Irmela III' 6-max Seat #1 is the button
Seat 1: Powerpoint66 ($79.20 in chips) 
Seat 2: easy_sarcasm ($105.83 in chips) 
Seat 3: Christianzt1 ($101.50 in chips) 
Seat 4: nikalas22 ($104.60 in chips) 
Seat 5: BGS013 ($107 in chips) 
Seat 6: pipza05 ($72.67 in chips) 
easy_sarcasm: posts small blind $0.50
Christianzt1: posts big blind $1
*** HOLE CARDS ***
nikalas22: folds 
BGS013: raises $1 to $2
pipza05: calls $2
Powerpoint66: folds 
easy_sarcasm: raises $10 to $12
Christianzt1: folds 
BGS013: raises $12 to $24
pipza05: folds 
easy_sarcasm: raises $81.83 to $105.83 and is all-in
BGS013: calls $81.83
*** FLOP *** [5d 9h 9d]
*** TURN *** [5d 9h 9d] [5h]
*** RIVER *** [5d 9h 9d 5h] [8d]
*** SHOW DOWN ***
easy_sarcasm: shows [Kh Ah] (two pair, Nines and Fives)
BGS013: shows [Ad Ac] (two pair, Aces and Nines)
BGS013 collected $212.16 from pot
*** SUMMARY ***
Total pot $214.66 | Rake $2.50 
Board [5d 9h 9d 5h 8d]
Seat 1: Powerpoint66 (button) folded before Flop (didn't bet)
Seat 2: easy_sarcasm (small blind) showed [Kh Ah] and lost with two pair, Nines and Fives
Seat 3: Christianzt1 (big blind) folded before Flop
Seat 4: nikalas22 folded before Flop (didn't bet)
Seat 5: BGS013 showed [Ad Ac] and won ($212.16) with two pair, Aces and Nines
Seat 6: pipza05 folded before Flop



PokerStars Hand #254285755499:  Hold'em No Limit ($0.50/$1.00 USD) - 2025/01/09 22:22:39 WET [2025/01/09 17:22:39 ET]
Table 'Irmela III' 6-max Seat #2 is the button
Seat 1: Powerpoint66 ($79.20 in chips) 
Seat 2: easy_sarcasm ($100 in chips) 
Seat 3: Christianzt1 ($100.50 in chips) 
Seat 4: nikalas22 ($104.60 in chips) 
Seat 5: BGS013 ($213.33 in chips) 
Seat 6: pipza05 ($70.67 in chips) 
Christianzt1: posts small blind $0.50
nikalas22: posts big blind $1
*** HOLE CARDS ***
BGS013: raises $1 to $2
pipza05: folds 
Powerpoint66: folds 
easy_sarcasm: folds 
Christianzt1: folds 
nikalas22: folds 
Uncalled bet ($1) returned to BGS013
BGS013 collected $2.50 from pot
BGS013: doesn't show hand 
*** SUMMARY ***
Total pot $2.50 | Rake $0 
Seat 1: Powerpoint66 folded before Flop (didn't bet)
Seat 2: easy_sarcasm (button) folded before Flop (didn't bet)
Seat 3: Christianzt1 (small blind) folded before Flop
Seat 4: nikalas22 (big blind) folded before Flop
Seat 5: BGS013 collected ($2.50)
Seat 6: pipza05 folded before Flop (didn't bet)



PokerStars Hand #254285763059:  Hold'em No Limit ($0.50/$1.00 USD) - 2025/01/09 22:23:02 WET [2025/01/09 17:23:02 ET]
Table 'Irmela III' 6-max Seat #3 is the button
Seat 1: Powerpoint66 ($79.20 in chips) 
Seat 2: easy_sarcasm ($100 in chips) 
Seat 3: Christianzt1 ($100 in chips) 
Seat 4: nikalas22 ($103.60 in chips) 
Seat 5: BGS013 ($214.83 in chips) 
Seat 6: pipza05 ($70.67 in chips) 
nikalas22: posts small blind $0.50
BGS013: posts big blind $1
*** HOLE CARDS ***
pipza05: calls $1
Powerpoint66: folds 
easy_sarcasm: raises $3.50 to $4.50
Christianzt1: folds 
nikalas22: folds 
BGS013: raises $10 to $14.50
pipza05: folds 
easy_sarcasm: calls $10
*** FLOP *** [5h 6d 3s]
BGS013: bets $14.94
easy_sarcasm: folds 
Uncalled bet ($14.94) returned to BGS013
BGS013 collected $28.98 from pot
BGS013: doesn't show hand 
*** SUMMARY ***
Total pot $30.50 | Rake $1.52 
Board [5h 6d 3s]
Seat 1: Powerpoint66 folded before Flop (didn't bet)
Seat 2: easy_sarcasm folded on the Flop
Seat 3: Christianzt1 (button) folded before Flop (didn't bet)
Seat 4: nikalas22 (small blind) folded before Flop
Seat 5: BGS013 (big blind) collected ($28.98)
Seat 6: pipza05 folded before Flop



PokerStars Hand #254285784840:  Hold'em No Limit ($0.50/$1.00 USD) - 2025/01/09 22:24:09 WET [2025/01/09 17:24:09 ET]
Table 'Irmela III' 6-max Seat #4 is the button
Seat 1: Powerpoint66 ($79.20 in chips) 
Seat 2: easy_sarcasm ($100 in chips) 
Seat 3: Christianzt1 ($100 in chips) 
Seat 4: nikalas22 ($103.10 in chips) 
Seat 5: BGS013 ($229.31 in chips) 
Seat 6: pipza05 ($69.67 in chips) 
BGS013: posts small blind $0.50
pipza05: posts big blind $1
*** HOLE CARDS ***
Powerpoint66: folds 
easy_sarcasm: folds 
Christianzt1: raises $1.40 to $2.40
nikalas22: folds 
BGS013: folds 
pipza05: calls $1.40
*** FLOP *** [3s 8s 4d]
pipza05: checks 
Christianzt1: bets $2.52
pipza05: folds 
Uncalled bet ($2.52) returned to Christianzt1
Christianzt1 collected $5.04 from pot
*** SUMMARY ***
Total pot $5.30 | Rake $0.26 
Board [3s 8s 4d]
Seat 1: Powerpoint66 folded before Flop (didn't bet)
Seat 2: easy_sarcasm folded before Flop (didn't bet)
Seat 3: Christianzt1 collected ($5.04)
Seat 4: nikalas22 (button) folded before Flop (didn't bet)
Seat 5: BGS013 (small blind) folded before Flop
Seat 6: pipza05 (big blind) folded on the Flop



PokerStars Hand #254285798372:  Hold'em No Limit ($0.50/$1.00 USD) - 2025/01/09 22:24:51 WET [2025/01/09 17:24:51 ET]
Table 'Irmela III' 6-max Seat #5 is the button
Seat 1: Powerpoint66 ($79.20 in chips) 
Seat 2: easy_sarcasm ($100 in chips) 
Seat 3: Christianzt1 ($102.64 in chips) 
Seat 4: nikalas22 ($103.10 in chips) 
Seat 5: BGS013 ($228.81 in chips) 
Seat 6: pipza05 ($67.27 in chips) 
pipza05: posts small blind $0.50
Powerpoint66: posts big blind $1
*** HOLE CARDS ***
easy_sarcasm: folds 
Christianzt1: folds 
nikalas22: folds 
BGS013: folds 
pipza05: folds 
Uncalled bet ($0.50) returned to Powerpoint66
Powerpoint66 collected $1 from pot
*** SUMMARY ***
Total pot $1 | Rake $0 
Seat 1: Powerpoint66 (big blind) collected ($1)
Seat 2: easy_sarcasm folded before Flop (didn't bet)
Seat 3: Christianzt1 folded before Flop (didn't bet)
Seat 4: nikalas22 folded before Flop (didn't bet)
Seat 5: BGS013 (button) folded before Flop (didn't bet)
Seat 6: pipza05 (small blind) folded before Flop



PokerStars Hand #254285801928:  Hold'em No Limit ($0.50/$1.00 USD) - 2025/01/09 22:25:02 WET [2025/01/09 17:25:02 ET]
Table 'Irmela III' 6-max Seat #6 is the button
Seat 1: Powerpoint66 ($79.70 in chips) 
Seat 2: easy_sarcasm ($100 in chips) 
Seat 3: Christianzt1 ($102.64 in chips) 
Seat 4: nikalas22 ($103.10 in chips) 
Seat 5: BGS013 ($228.81 in chips) 
Seat 6: pipza05 ($66.77 in chips) 
Powerpoint66: posts small blind $0.50
easy_sarcasm: posts big blind $1
*** HOLE CARDS ***
Christianzt1: folds 
nikalas22: folds 
BGS013: folds 
pipza05: calls $1
Powerpoint66: folds 
easy_sarcasm: raises $3.50 to $4.50
pipza05: calls $3.50
*** FLOP *** [2c 9d Ts]
easy_sarcasm: checks 
pipza05: bets $4
easy_sarcasm: calls $4
*** TURN *** [2c 9d Ts] [4d]
easy_sarcasm: checks 
pipza05: bets $8
easy_sarcasm: calls $8
*** RIVER *** [2c 9d Ts 4d] [6s]
easy_sarcasm: checks 
pipza05: bets $31.82
easy_sarcasm: folds 
Uncalled bet ($31.82) returned to pipza05
pipza05 collected $31.40 from pot
*** SUMMARY ***
Total pot $33.50 | Rake $2.10 
Board [2c 9d Ts 4d 6s]
Seat 1: Powerpoint66 (small blind) folded before Flop
Seat 2: easy_sarcasm (big blind) folded on the River
Seat 3: Christianzt1 folded before Flop (didn't bet)
Seat 4: nikalas22 folded before Flop (didn't bet)
Seat 5: BGS013 folded before Flop (didn't bet)
Seat 6: pipza05 (button) collected ($31.40)



PokerStars Hand #254285819944:  Hold'em No Limit ($0.50/$1.00 USD) - 2025/01/09 22:25:57 WET [2025/01/09 17:25:57 ET]
Table 'Irmela III' 6-max Seat #1 is the button
Seat 1: Powerpoint66 ($79.20 in chips) 
Seat 2: easy_sarcasm ($100 in chips) 
Seat 3: Christianzt1 ($102.64 in chips) 
Seat 4: nikalas22 ($103.10 in chips) 
Seat 5: BGS013 ($228.81 in chips) 
Seat 6: pipza05 ($81.67 in chips) 
easy_sarcasm: posts small blind $0.50
Christianzt1: posts big blind $1
*** HOLE CARDS ***
nikalas22: folds 
BGS013: folds 
pipza05: folds 
Powerpoint66: folds 
easy_sarcasm: raises $2 to $3
Christianzt1: folds 
Uncalled bet ($2) returned to easy_sarcasm
easy_sarcasm collected $2 from pot
*** SUMMARY ***
Total pot $2 | Rake $0 
Seat 1: Powerpoint66 (button) folded before Flop (didn't bet)
Seat 2: easy_sarcasm (small blind) collected ($2)
Seat 3: Christianzt1 (big blind) folded before Flop
Seat 4: nikalas22 folded before Flop (didn't bet)
Seat 5: BGS013 folded before Flop (didn't bet)
Seat 6: pipza05 folded before Flop (didn't bet)



PokerStars Hand #254285825846:  Hold'em No Limit ($0.50/$1.00 USD) - 2025/01/09 22:26:15 WET [2025/01/09 17:26:15 ET]
Table 'Irmela III' 6-max Seat #2 is the button
Seat 1: Powerpoint66 ($79.20 in chips) 
Seat 2: easy_sarcasm ($101 in chips) 
Seat 3: Christianzt1 ($101.64 in chips) 
Seat 4: nikalas22 ($103.10 in chips) 
Seat 5: BGS013 ($228.81 in chips) 
Seat 6: pipza05 ($81.67 in chips) 
Christianzt1: posts small blind $0.50
nikalas22: posts big blind $1
*** HOLE CARDS ***
BGS013: folds 
pipza05: folds 
Powerpoint66: folds 
easy_sarcasm: folds 
Christianzt1: folds 
Uncalled bet ($0.50) returned to nikalas22
nikalas22 collected $1 from pot
nikalas22: doesn't show hand 
*** SUMMARY ***
Total pot $1 | Rake $0 
Seat 1: Powerpoint66 folded before Flop (didn't bet)
Seat 2: easy_sarcasm (button) folded before Flop (didn't bet)
Seat 3: Christianzt1 (small blind) folded before Flop
Seat 4: nikalas22 (big blind) collected ($1)
Seat 5: BGS013 folded before Flop (didn't bet)
Seat 6: pipza05 folded before Flop (didn't bet)



PokerStars Hand #254285829892:  Hold'em No Limit ($0.50/$1.00 USD) - 2025/01/09 22:26:27 WET [2025/01/09 17:26:27 ET]
Table 'Irmela III' 6-max Seat #3 is the button
Seat 1: Powerpoint66 ($79.20 in chips) 
Seat 2: easy_sarcasm ($101 in chips) 
Seat 3: Christianzt1 ($101.14 in chips) 
Seat 4: nikalas22 ($103.60 in chips) 
Seat 5: BGS013 ($228.81 in chips) 
Seat 6: pipza05 ($81.67 in chips) 
nikalas22: posts small blind $0.50
BGS013: posts big blind $1
*** HOLE CARDS ***
pipza05: raises $1 to $2
Powerpoint66: folds 
easy_sarcasm: folds 
Christianzt1: folds 
nikalas22: folds 
BGS013: folds 
Uncalled bet ($1) returned to pipza05
pipza05 collected $2.50 from pot
*** SUMMARY ***
Total pot $2.50 | Rake $0 
Seat 1: Powerpoint66 folded before Flop (didn't bet)
Seat 2: easy_sarcasm folded before Flop (didn't bet)
Seat 3: Christianzt1 (button) folded before Flop (didn't bet)
Seat 4: nikalas22 (small blind) folded before Flop
Seat 5: BGS013 (big blind) folded before Flop
Seat 6: pipza05 collected ($2.50)



PokerStars Hand #254285835143:  Hold'em No Limit ($0.50/$1.00 USD) - 2025/01/09 22:26:43 WET [2025/01/09 17:26:43 ET]
Table 'Irmela III' 6-max Seat #4 is the button
Seat 1: Powerpoint66 ($79.20 in chips) 
Seat 2: easy_sarcasm ($101 in chips) 
Seat 3: Christianzt1 ($101.14 in chips) 
Seat 4: nikalas22 ($103.10 in chips) 
Seat 5: BGS013 ($227.81 in chips) 
Seat 6: pipza05 ($83.17 in chips) 
BGS013: posts small blind $0.50
pipza05: posts big blind $1
*** HOLE CARDS ***
Powerpoint66: calls $1
easy_sarcasm: folds 
Christianzt1: folds 
nikalas22: folds 
BGS013: folds 
pipza05: checks 
*** FLOP *** [Ac 6h 7s]
pipza05: checks 
Powerpoint66: checks 
*** TURN *** [Ac 6h 7s] [4s]
pipza05: checks 
Powerpoint66: checks 
*** RIVER *** [Ac 6h 7s 4s] [8c]
pipza05: checks 
Powerpoint66: checks 
*** SHOW DOWN ***
pipza05: shows [3h 2c] (high card Ace)
Powerpoint66: shows [Ts 8s] (a pair of Eights)
Powerpoint66 collected $2.35 from pot
*** SUMMARY ***
Total pot $2.50 | Rake $0.15 
Board [Ac 6h 7s 4s 8c]
Seat 1: Powerpoint66 showed [Ts 8s] and won ($2.35) with a pair of Eights
Seat 2: easy_sarcasm folded before Flop (didn't bet)
Seat 3: Christianzt1 folded before Flop (didn't bet)
Seat 4: nikalas22 (button) folded before Flop (didn't bet)
Seat 5: BGS013 (small blind) folded before Flop
Seat 6: pipza05 (big blind) showed [3h 2c] and lost with high card Ace



PokerStars Hand #254285844882:  Hold'em No Limit ($0.50/$1.00 USD) - 2025/01/09 22:27:13 WET [2025/01/09 17:27:13 ET]
Table 'Irmela III' 6-max Seat #5 is the button
Seat 1: Powerpoint66 ($80.55 in chips) 
Seat 2: easy_sarcasm ($101 in chips) 
Seat 3: Christianzt1 ($101.14 in chips) 
Seat 4: nikalas22 ($103.10 in chips) 
Seat 5: BGS013 ($227.31 in chips) 
Seat 6: pipza05 ($82.17 in chips) 
pipza05: posts small blind $0.50
Powerpoint66: posts big blind $1
*** HOLE CARDS ***
easy_sarcasm: folds 
Christianzt1: folds 
nikalas22: raises $1.50 to $2.50
BGS013: folds 
pipza05: folds 
Powerpoint66: folds 
Uncalled bet ($1.50) returned to nikalas22
nikalas22 collected $2.50 from pot
nikalas22: doesn't show hand 
*** SUMMARY ***
Total pot $2.50 | Rake $0 
Seat 1: Powerpoint66 (big blind) folded before Flop
Seat 2: easy_sarcasm folded before Flop (didn't bet)
Seat 3: Christianzt1 folded before Flop (didn't bet)
Seat 4: nikalas22 collected ($2.50)
Seat 5: BGS013 (button) folded before Flop (didn't bet)
Seat 6: pipza05 (small blind) folded before Flop



PokerStars Hand #254285855106:  Hold'em No Limit ($0.50/$1.00 USD) - 2025/01/09 22:27:45 WET [2025/01/09 17:27:45 ET]
Table 'Irmela III' 6-max Seat #6 is the button
Seat 1: Powerpoint66 ($79.55 in chips) 
Seat 2: easy_sarcasm ($101 in chips) 
Seat 3: Christianzt1 ($101.14 in chips) 
Seat 4: nikalas22 ($104.60 in chips) 
Seat 5: BGS013 ($227.31 in chips) 
Seat 6: pipza05 ($81.67 in chips) 
Powerpoint66: posts small blind $0.50
easy_sarcasm: posts big blind $1
*** HOLE CARDS ***
Christianzt1: folds 
nikalas22: raises $1.50 to $2.50
BGS013: folds 
pipza05: folds 
Powerpoint66: folds 
easy_sarcasm: folds 
Uncalled bet ($1.50) returned to nikalas22
nikalas22 collected $2.50 from pot
nikalas22: doesn't show hand 
*** SUMMARY ***
Total pot $2.50 | Rake $0 
Seat 1: Powerpoint66 (small blind) folded before Flop
Seat 2: easy_sarcasm (big blind) folded before Flop
Seat 3: Christianzt1 folded before Flop (didn't bet)
Seat 4: nikalas22 collected ($2.50)
Seat 5: BGS013 folded before Flop (didn't bet)
Seat 6: pipza05 (button) folded before Flop (didn't bet)



PokerStars Hand #254285862066:  Hold'em No Limit ($0.50/$1.00 USD) - 2025/01/09 22:28:06 WET [2025/01/09 17:28:06 ET]
Table 'Irmela III' 6-max Seat #1 is the button
Seat 1: Powerpoint66 ($79.05 in chips) 
Seat 2: easy_sarcasm ($100 in chips) 
Seat 3: Christianzt1 ($101.14 in chips) 
Seat 4: nikalas22 ($106.10 in chips) 
Seat 5: BGS013 ($227.31 in chips) 
Seat 6: pipza05 ($81.67 in chips) 
easy_sarcasm: posts small blind $0.50
Christianzt1: posts big blind $1
*** HOLE CARDS ***
nikalas22: folds 
BGS013: folds 
pipza05: folds 
Powerpoint66: folds 
easy_sarcasm: raises $2 to $3
Christianzt1: calls $2
*** FLOP *** [2d Qs 9c]
easy_sarcasm: checks 
Powerpoint66 leaves the table
Christianzt1: bets $1.88
easy_sarcasm: calls $1.88
*** TURN *** [2d Qs 9c] [4h]
easy_sarcasm: checks 
Nazareno1999 joins the table at seat #1 
Christianzt1: bets $18.54
easy_sarcasm: folds 
Uncalled bet ($18.54) returned to Christianzt1
Christianzt1 collected $9.27 from pot
*** SUMMARY ***
Total pot $9.76 | Rake $0.49 
Board [2d Qs 9c 4h]
Seat 1: Powerpoint66 (button) folded before Flop (didn't bet)
Seat 2: easy_sarcasm (small blind) folded on the Turn
Seat 3: Christianzt1 (big blind) collected ($9.27)
Seat 4: nikalas22 folded before Flop (didn't bet)
Seat 5: BGS013 folded before Flop (didn't bet)
Seat 6: pipza05 folded before Flop (didn't bet)



PokerStars Hand #254285879906:  Hold'em No Limit ($0.50/$1.00 USD) - 2025/01/09 22:29:01 WET [2025/01/09 17:29:01 ET]
Table 'Irmela III' 6-max Seat #2 is the button
Seat 1: Nazareno1999 ($100 in chips) is sitting out
Seat 2: easy_sarcasm ($100 in chips) 
Seat 3: Christianzt1 ($105.53 in chips) 
Seat 4: nikalas22 ($106.10 in chips) 
Seat 5: BGS013 ($227.31 in chips) 
Seat 6: pipza05 ($81.67 in chips) 
Christianzt1: posts small blind $0.50
nikalas22: posts big blind $1
Nazareno1999: sits out 
*** HOLE CARDS ***
BGS013: raises $1 to $2
pipza05: folds 
easy_sarcasm: folds 
Christianzt1: folds 
nikalas22: folds 
Uncalled bet ($1) returned to BGS013
BGS013 collected $2.50 from pot
BGS013: doesn't show hand 
*** SUMMARY ***
Total pot $2.50 | Rake $0 
Seat 1: Nazareno1999
Seat 2: easy_sarcasm (button) folded before Flop (didn't bet)
Seat 3: Christianzt1 (small blind) folded before Flop
Seat 4: nikalas22 (big blind) folded before Flop
Seat 5: BGS013 collected ($2.50)
Seat 6: pipza05 folded before Flop (didn't bet)



PokerStars Hand #254285883529:  Hold'em No Limit ($0.50/$1.00 USD) - 2025/01/09 22:29:12 WET [2025/01/09 17:29:12 ET]
Table 'Irmela III' 6-max Seat #3 is the button
Seat 1: Nazareno1999 ($100 in chips) is sitting out
Seat 2: easy_sarcasm ($100 in chips) 
Seat 3: Christianzt1 ($105.03 in chips) 
Seat 4: nikalas22 ($105.10 in chips) 
Seat 5: BGS013 ($228.81 in chips) 
Seat 6: pipza05 ($81.67 in chips) 
nikalas22: posts small blind $0.50
BGS013: posts big blind $1
Nazareno1999: sits out 
*** HOLE CARDS ***
pipza05: folds 
easy_sarcasm: folds 
Christianzt1: raises $1.40 to $2.40
nikalas22: folds 
BGS013: calls $1.40
*** FLOP *** [Jc Ad 9s]
BGS013: checks 
Christianzt1: checks 
*** TURN *** [Jc Ad 9s] [9h]
BGS013: checks 
Christianzt1: checks 
*** RIVER *** [Jc Ad 9s 9h] [6s]
BGS013: checks 
Christianzt1: bets $7.56
BGS013: folds 
Uncalled bet ($7.56) returned to Christianzt1
Christianzt1 collected $5.04 from pot
*** SUMMARY ***
Total pot $5.30 | Rake $0.26 
Board [Jc Ad 9s 9h 6s]
Seat 1: Nazareno1999
Seat 2: easy_sarcasm folded before Flop (didn't bet)
Seat 3: Christianzt1 (button) collected ($5.04)
Seat 4: nikalas22 (small blind) folded before Flop
Seat 5: BGS013 (big blind) folded on the River
Seat 6: pipza05 folded before Flop (didn't bet)



PokerStars Hand #254285895985:  Hold'em No Limit ($0.50/$1.00 USD) - 2025/01/09 22:29:51 WET [2025/01/09 17:29:51 ET]
Table 'Irmela III' 6-max Seat #4 is the button
Seat 1: Nazareno1999 ($100 in chips) is sitting out
Seat 2: easy_sarcasm ($100 in chips) 
Seat 3: Christianzt1 ($107.67 in chips) 
Seat 4: nikalas22 ($104.60 in chips) 
Seat 5: BGS013 ($226.41 in chips) 
Seat 6: pipza05 ($81.67 in chips) 
BGS013: posts small blind $0.50
pipza05: posts big blind $1
Nazareno1999: sits out 
*** HOLE CARDS ***
easy_sarcasm: folds 
Christianzt1: raises $1.40 to $2.40
nikalas22: folds 
BGS013: folds 
pipza05: calls $1.40
*** FLOP *** [Ac 4s Jc]
pipza05: checks 
Christianzt1: checks 
*** TURN *** [Ac 4s Jc] [Qc]
pipza05: bets $1
Christianzt1: calls $1
*** RIVER *** [Ac 4s Jc Qc] [As]
pipza05: checks 
Christianzt1: checks 
*** SHOW DOWN ***
pipza05: shows [Th 9c] (a pair of Aces)
Christianzt1: shows [Jd Kc] (two pair, Aces and Jacks)
Christianzt1 collected $6.94 from pot
*** SUMMARY ***
Total pot $7.30 | Rake $0.36 
Board [Ac 4s Jc Qc As]
Seat 1: Nazareno1999
Seat 2: easy_sarcasm folded before Flop (didn't bet)
Seat 3: Christianzt1 showed [Jd Kc] and won ($6.94) with two pair, Aces and Jacks
Seat 4: nikalas22 (button) folded before Flop (didn't bet)
Seat 5: BGS013 (small blind) folded before Flop
Seat 6: pipza05 (big blind) showed [Th 9c] and lost with a pair of Aces



PokerStars Hand #254285909268:  Hold'em No Limit ($0.50/$1.00 USD) - 2025/01/09 22:30:33 WET [2025/01/09 17:30:33 ET]
Table 'Irmela III' 6-max Seat #5 is the button
Seat 1: Nazareno1999 ($100 in chips) 
Seat 2: easy_sarcasm ($100 in chips) 
Seat 3: Christianzt1 ($111.21 in chips) 
Seat 4: nikalas22 ($104.60 in chips) 
Seat 5: BGS013 ($225.91 in chips) 
Seat 6: pipza05 ($78.27 in chips) 
pipza05: posts small blind $0.50
Nazareno1999: posts big blind $1
*** HOLE CARDS ***
easy_sarcasm: folds 
Christianzt1: raises $1.40 to $2.40
nikalas22: folds 
BGS013: folds 
pipza05: folds 
Nazareno1999: folds 
Uncalled bet ($1.40) returned to Christianzt1
Christianzt1 collected $2.50 from pot
*** SUMMARY ***
Total pot $2.50 | Rake $0 
Seat 1: Nazareno1999 (big blind) folded before Flop
Seat 2: easy_sarcasm folded before Flop (didn't bet)
Seat 3: Christianzt1 collected ($2.50)
Seat 4: nikalas22 folded before Flop (didn't bet)
Seat 5: BGS013 (button) folded before Flop (didn't bet)
Seat 6: pipza05 (small blind) folded before Flop



PokerStars Hand #254285912738:  Hold'em No Limit ($0.50/$1.00 USD) - 2025/01/09 22:30:43 WET [2025/01/09 17:30:43 ET]
Table 'Irmela III' 6-max Seat #6 is the button
Seat 1: Nazareno1999 ($100 in chips) 
Seat 2: easy_sarcasm ($100 in chips) 
Seat 3: Christianzt1 ($112.71 in chips) 
Seat 4: nikalas22 ($104.60 in chips) 
Seat 5: BGS013 ($225.91 in chips) 
Seat 6: pipza05 ($77.77 in chips) 
Nazareno1999: posts small blind $0.50
easy_sarcasm: posts big blind $1
*** HOLE CARDS ***
Christianzt1: folds 
nikalas22: folds 
BGS013: folds 
pipza05: calls $1
Nazareno1999: calls $0.50
easy_sarcasm: raises $4.50 to $5.50
pipza05: calls $4.50
Nazareno1999: folds 
*** FLOP *** [6s 5c 3s]
easy_sarcasm: bets $5.50
pipza05: folds 
Uncalled bet ($5.50) returned to easy_sarcasm
easy_sarcasm collected $11.40 from pot
*** SUMMARY ***
Total pot $12 | Rake $0.60 
Board [6s 5c 3s]
Seat 1: Nazareno1999 (small blind) folded before Flop
Seat 2: easy_sarcasm (big blind) collected ($11.40)
Seat 3: Christianzt1 folded before Flop (didn't bet)
Seat 4: nikalas22 folded before Flop (didn't bet)
Seat 5: BGS013 folded before Flop (didn't bet)
Seat 6: pipza05 (button) folded on the Flop



PokerStars Hand #254285926572:  Hold'em No Limit ($0.50/$1.00 USD) - 2025/01/09 22:31:27 WET [2025/01/09 17:31:27 ET]
Table 'Irmela III' 6-max Seat #1 is the button
Seat 3: Christianzt1 ($112.71 in chips) is sitting out
Seat 1: Nazareno1999 ($100 in chips) 
Seat 2: easy_sarcasm ($105.90 in chips) 
Seat 4: nikalas22 ($104.60 in chips) 
Seat 5: BGS013 ($225.91 in chips) 
Seat 6: pipza05 ($72.27 in chips) 
easy_sarcasm: posts small blind $0.50
Christianzt1: is sitting out 
nikalas22: posts big blind $1
*** HOLE CARDS ***
Christianzt1 leaves the table
BGS013: folds 
pipza05: folds 
Nazareno1999: folds 
easy_sarcasm: folds 
Uncalled bet ($0.50) returned to nikalas22
nikalas22 collected $1 from pot
nikalas22: doesn't show hand 
*** SUMMARY ***
Total pot $1 | Rake $0 
Seat 3: Christianzt1
Seat 1: Nazareno1999 (button) folded before Flop (didn't bet)
Seat 2: easy_sarcasm (small blind) folded before Flop
Seat 4: nikalas22 (big blind) collected ($1)
Seat 5: BGS013 folded before Flop (didn't bet)
Seat 6: pipza05 folded before Flop (didn't bet)



PokerStars Hand #254285930116:  Hold'em No Limit ($0.50/$1.00 USD) - 2025/01/09 22:31:38 WET [2025/01/09 17:31:38 ET]
Table 'Irmela III' 6-max Seat #2 is the button
Seat 1: Nazareno1999 ($100 in chips) 
Seat 2: easy_sarcasm ($105.40 in chips) 
Seat 4: nikalas22 ($105.10 in chips) 
Seat 5: BGS013 ($225.91 in chips) 
Seat 6: pipza05 ($72.27 in chips) 
nikalas22: posts small blind $0.50
BGS013: posts big blind $1
*** HOLE CARDS ***
pipza05: folds 
Nazareno1999: folds 
easy_sarcasm: folds 
nikalas22: raises $2 to $3
BGS013: folds 
Uncalled bet ($2) returned to nikalas22
nikalas22 collected $2 from pot
nikalas22: doesn't show hand 
*** SUMMARY ***
Total pot $2 | Rake $0 
Seat 1: Nazareno1999 folded before Flop (didn't bet)
Seat 2: easy_sarcasm (button) folded before Flop (didn't bet)
Seat 4: nikalas22 (small blind) collected ($2)
Seat 5: BGS013 (big blind) folded before Flop
Seat 6: pipza05 folded before Flop (didn't bet)



PokerStars Hand #254285936788:  Hold'em No Limit ($0.50/$1.00 USD) - 2025/01/09 22:31:59 WET [2025/01/09 17:31:59 ET]
Table 'Irmela III' 6-max Seat #4 is the button
Seat 1: Nazareno1999 ($100 in chips) 
Seat 2: easy_sarcasm ($105.40 in chips) 
Seat 4: nikalas22 ($106.10 in chips) 
Seat 5: BGS013 ($224.91 in chips) 
Seat 6: pipza05 ($72.27 in chips) 
BGS013: posts small blind $0.50
pipza05: posts big blind $1
*** HOLE CARDS ***
Nazareno1999: raises $1.20 to $2.20
easy_sarcasm: folds 
nikalas22: folds 
BGS013: folds 
pipza05: calls $1.20
*** FLOP *** [Ad Ts 6d]
pipza05: checks 
Nazareno1999: bets $1.54
pipza05: calls $1.54
*** TURN *** [Ad Ts 6d] [8s]
pipza05: checks 
Nazareno1999: checks 
*** RIVER *** [Ad Ts 6d 8s] [Td]
pipza05: bets $1
Nazareno1999: folds 
Uncalled bet ($1) returned to pipza05
pipza05 collected $7.48 from pot
*** SUMMARY ***
Total pot $7.98 | Rake $0.50 
Board [Ad Ts 6d 8s Td]
Seat 1: Nazareno1999 folded on the River
Seat 2: easy_sarcasm folded before Flop (didn't bet)
Seat 4: nikalas22 (button) folded before Flop (didn't bet)
Seat 5: BGS013 (small blind) folded before Flop
Seat 6: pipza05 (big blind) collected ($7.48)



PokerStars Hand #254285951067:  Hold'em No Limit ($0.50/$1.00 USD) - 2025/01/09 22:32:44 WET [2025/01/09 17:32:44 ET]
Table 'Irmela III' 6-max Seat #5 is the button
Seat 1: Nazareno1999 ($100 in chips) 
Seat 2: easy_sarcasm ($105.40 in chips) 
Seat 4: nikalas22 ($106.10 in chips) 
Seat 5: BGS013 ($224.41 in chips) 
Seat 6: pipza05 ($76.01 in chips) 
pipza05: posts small blind $0.50
Nazareno1999: posts big blind $1
*** HOLE CARDS ***
easy_sarcasm: folds 
nikalas22: raises $1.50 to $2.50
BGS013: folds 
Caiovhb joins the table at seat #3 
pipza05: folds 
Nazareno1999: folds 
Uncalled bet ($1.50) returned to nikalas22
nikalas22 collected $2.50 from pot
nikalas22: doesn't show hand 
*** SUMMARY ***
Total pot $2.50 | Rake $0 
Seat 1: Nazareno1999 (big blind) folded before Flop
Seat 2: easy_sarcasm folded before Flop (didn't bet)
Seat 4: nikalas22 collected ($2.50)
Seat 5: BGS013 (button) folded before Flop (didn't bet)
Seat 6: pipza05 (small blind) folded before Flop



PokerStars Hand #254285956448:  Hold'em No Limit ($0.50/$1.00 USD) - 2025/01/09 22:33:01 WET [2025/01/09 17:33:01 ET]
Table 'Irmela III' 6-max Seat #6 is the button
Seat 3: Caiovhb ($100 in chips) is sitting out
Seat 1: Nazareno1999 ($100 in chips) 
Seat 2: easy_sarcasm ($105.40 in chips) 
Seat 4: nikalas22 ($107.60 in chips) 
Seat 5: BGS013 ($224.41 in chips) 
Seat 6: pipza05 ($75.51 in chips) 
Nazareno1999: posts small blind $0.50
easy_sarcasm: posts big blind $1
Caiovhb: sits out 
*** HOLE CARDS ***
nikalas22: raises $1.50 to $2.50
BGS013: folds 
pipza05: folds 
Nazareno1999: folds 
easy_sarcasm: folds 
Uncalled bet ($1.50) returned to nikalas22
nikalas22 collected $2.50 from pot
nikalas22: doesn't show hand 
*** SUMMARY ***
Total pot $2.50 | Rake $0 
Seat 3: Caiovhb
Seat 1: Nazareno1999 (small blind) folded before Flop
Seat 2: easy_sarcasm (big blind) folded before Flop
Seat 4: nikalas22 collected ($2.50)
Seat 5: BGS013 folded before Flop (didn't bet)
Seat 6: pipza05 (button) folded before Flop (didn't bet)



PokerStars Hand #254285961596:  Hold'em No Limit ($0.50/$1.00 USD) - 2025/01/09 22:33:17 WET [2025/01/09 17:33:17 ET]
Table 'Irmela III' 6-max Seat #1 is the button
Seat 1: Nazareno1999 ($100 in chips) 
Seat 2: easy_sarcasm ($104.40 in chips) 
Seat 3: Caiovhb ($100 in chips) 
Seat 4: nikalas22 ($109.10 in chips) 
Seat 5: BGS013 ($224.41 in chips) 
Seat 6: pipza05 ($75.51 in chips) 
easy_sarcasm: posts small blind $0.50
Caiovhb: posts big blind $1
*** HOLE CARDS ***
nikalas22: folds 
BGS013: folds 
pipza05: folds 
Nazareno1999: folds 
easy_sarcasm: raises $2 to $3
Caiovhb: calls $2
*** FLOP *** [Kh 5d 5c]
easy_sarcasm: bets $2
Caiovhb: calls $2
*** TURN *** [Kh 5d 5c] [Qh]
easy_sarcasm: checks 
Caiovhb: checks 
*** RIVER *** [Kh 5d 5c Qh] [Ks]
easy_sarcasm: checks 
Caiovhb: bets $11.88
easy_sarcasm: calls $11.88
*** SHOW DOWN ***
Caiovhb: shows [6c 6h] (two pair, Kings and Sixes)
easy_sarcasm: shows [Th Ts] (two pair, Kings and Tens)
easy_sarcasm collected $32.07 from pot
*** SUMMARY ***
Total pot $33.76 | Rake $1.69 
Board [Kh 5d 5c Qh Ks]
Seat 1: Nazareno1999 (button) folded before Flop (didn't bet)
Seat 2: easy_sarcasm (small blind) showed [Th Ts] and won ($32.07) with two pair, Kings and Tens
Seat 3: Caiovhb (big blind) showed [6c 6h] and lost with two pair, Kings and Sixes
Seat 4: nikalas22 folded before Flop (didn't bet)
Seat 5: BGS013 folded before Flop (didn't bet)
Seat 6: pipza05 folded before Flop (didn't bet)



PokerStars Hand #254285982069:  Hold'em No Limit ($0.50/$1.00 USD) - 2025/01/09 22:34:22 WET [2025/01/09 17:34:22 ET]
Table 'Irmela III' 6-max Seat #2 is the button
Seat 1: Nazareno1999 ($100 in chips) 
Seat 2: easy_sarcasm ($119.59 in chips) 
Seat 3: Caiovhb ($100 in chips) 
Seat 4: nikalas22 ($109.10 in chips) 
Seat 5: BGS013 ($224.41 in chips) 
Seat 6: pipza05 ($75.51 in chips) 
Caiovhb: posts small blind $0.50
nikalas22: posts big blind $1
*** HOLE CARDS ***
BGS013: folds 
pipza05: calls $1
Nazareno1999: folds 
easy_sarcasm: folds 
Caiovhb: raises $3.50 to $4.50
nikalas22: folds 
pipza05: calls $3.50
*** FLOP *** [Td 5h 6s]
Caiovhb: bets $2.38
pipza05: calls $2.38
*** TURN *** [Td 5h 6s] [Qc]
Caiovhb: bets $9.25
pipza05: calls $9.25
*** RIVER *** [Td 5h 6s Qc] [4c]
Caiovhb: checks 
pipza05: checks 
*** SHOW DOWN ***
Caiovhb: shows [Jd Ac] (high card Ace)
pipza05: shows [Jh Qh] (a pair of Queens)
pipza05 collected $31.18 from pot
*** SUMMARY ***
Total pot $33.26 | Rake $2.08 
Board [Td 5h 6s Qc 4c]
Seat 1: Nazareno1999 folded before Flop (didn't bet)
Seat 2: easy_sarcasm (button) folded before Flop (didn't bet)
Seat 3: Caiovhb (small blind) showed [Jd Ac] and lost with high card Ace
Seat 4: nikalas22 (big blind) folded before Flop
Seat 5: BGS013 folded before Flop (didn't bet)
Seat 6: pipza05 showed [Jh Qh] and won ($31.18) with a pair of Queens



PokerStars Hand #254285994974:  Hold'em No Limit ($0.50/$1.00 USD) - 2025/01/09 22:35:04 WET [2025/01/09 17:35:04 ET]
Table 'Irmela III' 6-max Seat #3 is the button
Seat 1: Nazareno1999 ($100 in chips) 
Seat 2: easy_sarcasm ($119.59 in chips) 
Seat 3: Caiovhb ($100 in chips) 
Seat 4: nikalas22 ($108.10 in chips) 
Seat 5: BGS013 ($224.41 in chips) 
Seat 6: pipza05 ($90.56 in chips) 
nikalas22: posts small blind $0.50
BGS013: posts big blind $1
*** HOLE CARDS ***
pipza05: folds 
Nazareno1999: raises $1.20 to $2.20
easy_sarcasm: folds 
Caiovhb: raises $4.80 to $7
nikalas22: folds 
BGS013: folds 
Nazareno1999: folds 
Uncalled bet ($4.80) returned to Caiovhb
Caiovhb collected $5.90 from pot
Caiovhb: doesn't show hand 
*** SUMMARY ***
Total pot $5.90 | Rake $0 
Seat 1: Nazareno1999 folded before Flop
Seat 2: easy_sarcasm folded before Flop (didn't bet)
Seat 3: Caiovhb (button) collected ($5.90)
Seat 4: nikalas22 (small blind) folded before Flop
Seat 5: BGS013 (big blind) folded before Flop
Seat 6: pipza05 folded before Flop (didn't bet)



PokerStars Hand #254286002093:  Hold'em No Limit ($0.50/$1.00 USD) - 2025/01/09 22:35:26 WET [2025/01/09 17:35:26 ET]
Table 'Irmela III' 6-max Seat #4 is the button
Seat 1: Nazareno1999 ($100 in chips) 
Seat 2: easy_sarcasm ($119.59 in chips) 
Seat 3: Caiovhb ($103.70 in chips) 
Seat 4: nikalas22 ($107.60 in chips) 
Seat 5: BGS013 ($223.41 in chips) 
Seat 6: pipza05 ($90.56 in chips) 
BGS013: posts small blind $0.50
pipza05: posts big blind $1
*** HOLE CARDS ***
Nazareno1999: folds 
easy_sarcasm: folds 
Caiovhb: raises $1.50 to $2.50
nikalas22: folds 
BGS013: folds 
pipza05: folds 
Uncalled bet ($1.50) returned to Caiovhb
Caiovhb collected $2.50 from pot
Caiovhb: doesn't show hand 
*** SUMMARY ***
Total pot $2.50 | Rake $0 
Seat 1: Nazareno1999 folded before Flop (didn't bet)
Seat 2: easy_sarcasm folded before Flop (didn't bet)
Seat 3: Caiovhb collected ($2.50)
Seat 4: nikalas22 (button) folded before Flop (didn't bet)
Seat 5: BGS013 (small blind) folded before Flop
Seat 6: pipza05 (big blind) folded before Flop



PokerStars Hand #254286009403:  Hold'em No Limit ($0.50/$1.00 USD) - 2025/01/09 22:35:50 WET [2025/01/09 17:35:50 ET]
Table 'Irmela III' 6-max Seat #5 is the button
Seat 1: Nazareno1999 ($100 in chips) 
Seat 2: easy_sarcasm ($119.59 in chips) 
Seat 3: Caiovhb ($105.20 in chips) 
Seat 4: nikalas22 ($107.60 in chips) 
Seat 5: BGS013 ($222.91 in chips) 
Seat 6: pipza05 ($89.56 in chips) 
pipza05: posts small blind $0.50
Nazareno1999: posts big blind $1
*** HOLE CARDS ***
easy_sarcasm: folds 
Caiovhb: folds 
nikalas22: raises $1.50 to $2.50
BGS013: folds 
pipza05: folds 
Nazareno1999: calls $1.50
*** FLOP *** [8s Jc Qc]
Nazareno1999: checks 
nikalas22: bets $3.92
Nazareno1999: calls $3.92
*** TURN *** [8s Jc Qc] [3d]
Nazareno1999: checks 
nikalas22: checks 
*** RIVER *** [8s Jc Qc 3d] [8h]
Nazareno1999: bets $19.50
nikalas22: folds 
Uncalled bet ($19.50) returned to Nazareno1999
Nazareno1999 collected $12.67 from pot
Nazareno1999: doesn't show hand 
*** SUMMARY ***
Total pot $13.34 | Rake $0.67 
Board [8s Jc Qc 3d 8h]
Seat 1: Nazareno1999 (big blind) collected ($12.67)
Seat 2: easy_sarcasm folded before Flop (didn't bet)
Seat 3: Caiovhb folded before Flop (didn't bet)
Seat 4: nikalas22 folded on the River
Seat 5: BGS013 (button) folded before Flop (didn't bet)
Seat 6: pipza05 (small blind) folded before Flop



PokerStars Hand #254286025366:  Hold'em No Limit ($0.50/$1.00 USD) - 2025/01/09 22:36:40 WET [2025/01/09 17:36:40 ET]
Table 'Irmela III' 6-max Seat #6 is the button
Seat 1: Nazareno1999 ($106.25 in chips) 
Seat 2: easy_sarcasm ($119.59 in chips) 
Seat 3: Caiovhb ($105.20 in chips) 
Seat 4: nikalas22 ($101.18 in chips) 
Seat 5: BGS013 ($222.91 in chips) 
Seat 6: pipza05 ($89.06 in chips) 
Nazareno1999: posts small blind $0.50
easy_sarcasm: posts big blind $1
*** HOLE CARDS ***
Caiovhb: raises $1.50 to $2.50
nikalas22: folds 
BGS013: folds 
pipza05: folds 
Nazareno1999: folds 
easy_sarcasm: folds 
Uncalled bet ($1.50) returned to Caiovhb
Caiovhb collected $2.50 from pot
Caiovhb: doesn't show hand 
*** SUMMARY ***
Total pot $2.50 | Rake $0 
Seat 1: Nazareno1999 (small blind) folded before Flop
Seat 2: easy_sarcasm (big blind) folded before Flop
Seat 3: Caiovhb collected ($2.50)
Seat 4: nikalas22 folded before Flop (didn't bet)
Seat 5: BGS013 folded before Flop (didn't bet)
Seat 6: pipza05 (button) folded before Flop (didn't bet)



PokerStars Hand #254286031139:  Hold'em No Limit ($0.50/$1.00 USD) - 2025/01/09 22:36:59 WET [2025/01/09 17:36:59 ET]
Table 'Irmela III' 6-max Seat #1 is the button
Seat 1: Nazareno1999 ($105.75 in chips) 
Seat 2: easy_sarcasm ($118.59 in chips) 
Seat 3: Caiovhb ($106.70 in chips) 
Seat 4: nikalas22 ($101.18 in chips) 
Seat 5: BGS013 ($222.91 in chips) 
Seat 6: pipza05 ($89.06 in chips) 
easy_sarcasm: posts small blind $0.50
Caiovhb: posts big blind $1
*** HOLE CARDS ***
nikalas22: folds 
BGS013: folds 
pipza05: folds 
Nazareno1999: folds 
easy_sarcasm: raises $2 to $3
Caiovhb: calls $2
*** FLOP *** [Js As 4c]
easy_sarcasm: bets $2
Caiovhb: raises $9.70 to $11.70
easy_sarcasm: calls $9.70
*** TURN *** [Js As 4c] [Qc]
easy_sarcasm: checks 
Caiovhb: checks 
*** RIVER *** [Js As 4c Qc] [5c]
easy_sarcasm: checks 
Caiovhb: bets $18.43
easy_sarcasm: calls $18.43
*** SHOW DOWN ***
Caiovhb: shows [Ts 9d] (high card Ace)
easy_sarcasm: shows [8s Ad] (a pair of Aces)
easy_sarcasm collected $63.76 from pot
*** SUMMARY ***
Total pot $66.26 | Rake $2.50 
Board [Js As 4c Qc 5c]
Seat 1: Nazareno1999 (button) folded before Flop (didn't bet)
Seat 2: easy_sarcasm (small blind) showed [8s Ad] and won ($63.76) with a pair of Aces
Seat 3: Caiovhb (big blind) showed [Ts 9d] and lost with high card Ace
Seat 4: nikalas22 folded before Flop (didn't bet)
Seat 5: BGS013 folded before Flop (didn't bet)
Seat 6: pipza05 folded before Flop (didn't bet)



PokerStars Hand #254286050270:  Hold'em No Limit ($0.50/$1.00 USD) - 2025/01/09 22:38:00 WET [2025/01/09 17:38:00 ET]
Table 'Irmela III' 6-max Seat #2 is the button
Seat 1: Nazareno1999 ($105.75 in chips) 
Seat 2: easy_sarcasm ($149.22 in chips) 
Seat 3: Caiovhb ($100 in chips) 
Seat 4: nikalas22 ($101.18 in chips) 
Seat 5: BGS013 ($222.91 in chips) 
Seat 6: pipza05 ($89.06 in chips) 
Caiovhb: posts small blind $0.50
nikalas22: posts big blind $1
*** HOLE CARDS ***
BGS013: folds 
pipza05: folds 
Nazareno1999: folds 
easy_sarcasm: raises $1.20 to $2.20
Caiovhb: raises $9.30 to $11.50
nikalas22: folds 
easy_sarcasm: folds 
Uncalled bet ($9.30) returned to Caiovhb
Caiovhb collected $5.40 from pot
Caiovhb: doesn't show hand 
*** SUMMARY ***
Total pot $5.40 | Rake $0 
Seat 1: Nazareno1999 folded before Flop (didn't bet)
Seat 2: easy_sarcasm (button) folded before Flop
Seat 3: Caiovhb (small blind) collected ($5.40)
Seat 4: nikalas22 (big blind) folded before Flop
Seat 5: BGS013 folded before Flop (didn't bet)
Seat 6: pipza05 folded before Flop (didn't bet)



PokerStars Hand #254286060001:  Hold'em No Limit ($0.50/$1.00 USD) - 2025/01/09 22:38:31 WET [2025/01/09 17:38:31 ET]
Table 'Irmela III' 6-max Seat #3 is the button
Seat 1: Nazareno1999 ($105.75 in chips) 
Seat 2: easy_sarcasm ($147.02 in chips) 
Seat 3: Caiovhb ($103.20 in chips) 
Seat 4: nikalas22 ($100.18 in chips) 
Seat 5: BGS013 ($222.91 in chips) 
Seat 6: pipza05 ($89.06 in chips) 
nikalas22: posts small blind $0.50
BGS013: posts big blind $1
*** HOLE CARDS ***
pipza05: folds 
Nazareno1999: folds 
easy_sarcasm: folds 
Caiovhb: raises $2 to $3
nikalas22: raises $10 to $13
BGS013: folds 
Caiovhb: folds 
Uncalled bet ($10) returned to nikalas22
nikalas22 collected $7 from pot
nikalas22: doesn't show hand 
*** SUMMARY ***
Total pot $7 | Rake $0 
Seat 1: Nazareno1999 folded before Flop (didn't bet)
Seat 2: easy_sarcasm folded before Flop (didn't bet)
Seat 3: Caiovhb (button) folded before Flop
Seat 4: nikalas22 (small blind) collected ($7)
Seat 5: BGS013 (big blind) folded before Flop
Seat 6: pipza05 folded before Flop (didn't bet)



PokerStars Hand #254286067270:  Hold'em No Limit ($0.50/$1.00 USD) - 2025/01/09 22:38:54 WET [2025/01/09 17:38:54 ET]
Table 'Irmela III' 6-max Seat #4 is the button
Seat 1: Nazareno1999 ($105.75 in chips) 
Seat 2: easy_sarcasm ($147.02 in chips) 
Seat 3: Caiovhb ($100.20 in chips) 
Seat 4: nikalas22 ($104.18 in chips) 
Seat 5: BGS013 ($221.91 in chips) 
Seat 6: pipza05 ($89.06 in chips) 
BGS013: posts small blind $0.50
pipza05: posts big blind $1
*** HOLE CARDS ***
Nazareno1999: raises $1.20 to $2.20
easy_sarcasm: folds 
Caiovhb: folds 
nikalas22: folds 
BGS013: folds 
pipza05: folds 
Uncalled bet ($1.20) returned to Nazareno1999
Nazareno1999 collected $2.50 from pot
Nazareno1999: doesn't show hand 
*** SUMMARY ***
Total pot $2.50 | Rake $0 
Seat 1: Nazareno1999 collected ($2.50)
Seat 2: easy_sarcasm folded before Flop (didn't bet)
Seat 3: Caiovhb folded before Flop (didn't bet)
Seat 4: nikalas22 (button) folded before Flop (didn't bet)
Seat 5: BGS013 (small blind) folded before Flop
Seat 6: pipza05 (big blind) folded before Flop



PokerStars Hand #254286072099:  Hold'em No Limit ($0.50/$1.00 USD) - 2025/01/09 22:39:10 WET [2025/01/09 17:39:10 ET]
Table 'Irmela III' 6-max Seat #5 is the button
Seat 1: Nazareno1999 ($107.25 in chips) 
Seat 2: easy_sarcasm ($147.02 in chips) 
Seat 3: Caiovhb ($100.20 in chips) 
Seat 4: nikalas22 ($104.18 in chips) 
Seat 5: BGS013 ($221.41 in chips) 
Seat 6: pipza05 ($88.06 in chips) 
pipza05: posts small blind $0.50
Nazareno1999: posts big blind $1
*** HOLE CARDS ***
easy_sarcasm: folds 
Caiovhb: folds 
nikalas22: folds 
BGS013: folds 
pipza05: folds 
Uncalled bet ($0.50) returned to Nazareno1999
Nazareno1999 collected $1 from pot
Nazareno1999: doesn't show hand 
*** SUMMARY ***
Total pot $1 | Rake $0 
Seat 1: Nazareno1999 (big blind) collected ($1)
Seat 2: easy_sarcasm folded before Flop (didn't bet)
Seat 3: Caiovhb folded before Flop (didn't bet)
Seat 4: nikalas22 folded before Flop (didn't bet)
Seat 5: BGS013 (button) folded before Flop (didn't bet)
Seat 6: pipza05 (small blind) folded before Flop



PokerStars Hand #254286075631:  Hold'em No Limit ($0.50/$1.00 USD) - 2025/01/09 22:39:21 WET [2025/01/09 17:39:21 ET]
Table 'Irmela III' 6-max Seat #6 is the button
Seat 2: easy_sarcasm ($147.02 in chips) is sitting out
Seat 1: Nazareno1999 ($107.75 in chips) 
Seat 3: Caiovhb ($100.20 in chips) 
Seat 4: nikalas22 ($104.18 in chips) 
Seat 5: BGS013 ($221.41 in chips) 
Seat 6: pipza05 ($87.56 in chips) 
Nazareno1999: posts small blind $0.50
easy_sarcasm: is sitting out 
Caiovhb: posts big blind $1
*** HOLE CARDS ***
easy_sarcasm leaves the table
nikalas22: raises $1.50 to $2.50
BGS013: folds 
pipza05: calls $2.50
Nazareno1999: folds 
Caiovhb: folds 
*** FLOP *** [As Ad Kd]
AndreaBsAs joins the table at seat #2 
nikalas22: bets $1.85
pipza05: folds 
Uncalled bet ($1.85) returned to nikalas22
nikalas22 collected $6.18 from pot
nikalas22: doesn't show hand 
*** SUMMARY ***
Total pot $6.50 | Rake $0.32 
Board [As Ad Kd]
Seat 2: easy_sarcasm
Seat 1: Nazareno1999 (small blind) folded before Flop
Seat 3: Caiovhb (big blind) folded before Flop
Seat 4: nikalas22 collected ($6.18)
Seat 5: BGS013 folded before Flop (didn't bet)
Seat 6: pipza05 (button) folded on the Flop



PokerStars Hand #254286083289:  Hold'em No Limit ($0.50/$1.00 USD) - 2025/01/09 22:39:45 WET [2025/01/09 17:39:45 ET]
Table 'Irmela III' 6-max Seat #1 is the button
Seat 2: AndreaBsAs ($100 in chips) is sitting out
Seat 1: Nazareno1999 ($107.25 in chips) 
Seat 3: Caiovhb ($100 in chips) 
Seat 4: nikalas22 ($107.86 in chips) 
Seat 5: BGS013 ($221.41 in chips) 
Seat 6: pipza05 ($85.06 in chips) 
Caiovhb: posts small blind $0.50
nikalas22: posts big blind $1
*** HOLE CARDS ***
BGS013: folds 
pipza05: calls $1
Nazareno1999: folds 
Caiovhb: folds 
nikalas22: checks 
*** FLOP *** [Qc 9h 6c]
nikalas22: checks 
pipza05: bets $1
nikalas22: raises $3.29 to $4.29
pipza05: calls $3.29
*** TURN *** [Qc 9h 6c] [5s]
nikalas22: bets $15.80
pipza05: folds 
Uncalled bet ($15.80) returned to nikalas22
nikalas22 collected $10.53 from pot
nikalas22: doesn't show hand 
*** SUMMARY ***
Total pot $11.08 | Rake $0.55 
Board [Qc 9h 6c 5s]
Seat 2: AndreaBsAs
Seat 1: Nazareno1999 (button) folded before Flop (didn't bet)
Seat 3: Caiovhb (small blind) folded before Flop
Seat 4: nikalas22 (big blind) collected ($10.53)
Seat 5: BGS013 folded before Flop (didn't bet)
Seat 6: pipza05 folded on the Turn



PokerStars Hand #254286092828:  Hold'em No Limit ($0.50/$1.00 USD) - 2025/01/09 22:40:15 WET [2025/01/09 17:40:15 ET]
Table 'Irmela III' 6-max Seat #3 is the button
Seat 2: AndreaBsAs ($100 in chips) is sitting out
Seat 1: Nazareno1999 ($107.25 in chips) 
Seat 3: Caiovhb ($100 in chips) 
Seat 4: nikalas22 ($113.10 in chips) 
Seat 5: BGS013 ($221.41 in chips) 
Seat 6: pipza05 ($79.77 in chips) 
nikalas22: posts small blind $0.50
BGS013: posts big blind $1
AndreaBsAs: sits out 
*** HOLE CARDS ***
pipza05: calls $1
Nazareno1999: folds 
Caiovhb: raises $2.50 to $3.50
nikalas22: folds 
BGS013: folds 
pipza05: calls $2.50
*** FLOP *** [2d 2s 9d]
pipza05: checks 
Caiovhb: bets $2.02
pipza05: calls $2.02
*** TURN *** [2d 2s 9d] [Qh]
pipza05: checks 
Caiovhb: checks 
*** RIVER *** [2d 2s 9d Qh] [Kc]
pipza05: bets $1
Caiovhb: raises $6.96 to $7.96
pipza05: folds 
Uncalled bet ($6.96) returned to Caiovhb
Caiovhb collected $13.81 from pot
Caiovhb: doesn't show hand 
*** SUMMARY ***
Total pot $14.54 | Rake $0.73 
Board [2d 2s 9d Qh Kc]
Seat 2: AndreaBsAs
Seat 1: Nazareno1999 folded before Flop (didn't bet)
Seat 3: Caiovhb (button) collected ($13.81)
Seat 4: nikalas22 (small blind) folded before Flop
Seat 5: BGS013 (big blind) folded before Flop
Seat 6: pipza05 folded on the River



PokerStars Hand #254286102999:  Hold'em No Limit ($0.50/$1.00 USD) - 2025/01/09 22:40:48 WET [2025/01/09 17:40:48 ET]
Table 'Irmela III' 6-max Seat #4 is the button
Seat 2: AndreaBsAs ($100 in chips) is sitting out
Seat 1: Nazareno1999 ($107.25 in chips) 
Seat 3: Caiovhb ($107.29 in chips) 
Seat 4: nikalas22 ($112.60 in chips) 
Seat 5: BGS013 ($220.41 in chips) 
Seat 6: pipza05 ($73.25 in chips) 
BGS013: posts small blind $0.50
pipza05: posts big blind $1
AndreaBsAs: sits out 
*** HOLE CARDS ***
Nazareno1999: folds 
Caiovhb: folds 
nikalas22: folds 
BGS013: raises $2 to $3
pipza05: calls $2
*** FLOP *** [3c Jh 7d]
BGS013: checks 
pipza05: checks 
*** TURN *** [3c Jh 7d] [9h]
BGS013: bets $3.14
pipza05: raises $4.14 to $7.28
BGS013: folds 
Uncalled bet ($4.14) returned to pipza05
pipza05 collected $11.52 from pot
*** SUMMARY ***
Total pot $12.28 | Rake $0.76 
Board [3c Jh 7d 9h]
Seat 2: AndreaBsAs
Seat 1: Nazareno1999 folded before Flop (didn't bet)
Seat 3: Caiovhb folded before Flop (didn't bet)
Seat 4: nikalas22 (button) folded before Flop (didn't bet)
Seat 5: BGS013 (small blind) folded on the Turn
Seat 6: pipza05 (big blind) collected ($11.52)



PokerStars Hand #254286110757:  Hold'em No Limit ($0.50/$1.00 USD) - 2025/01/09 22:41:13 WET [2025/01/09 17:41:13 ET]
Table 'Irmela III' 6-max Seat #5 is the button
Seat 2: AndreaBsAs ($100 in chips) is sitting out
Seat 1: Nazareno1999 ($107.25 in chips) 
Seat 3: Caiovhb ($107.29 in chips) 
Seat 4: nikalas22 ($112.60 in chips) 
Seat 5: BGS013 ($214.27 in chips) 
Seat 6: pipza05 ($78.63 in chips) 
pipza05: posts small blind $0.50
Nazareno1999: posts big blind $1
AndreaBsAs: sits out 
*** HOLE CARDS ***
Caiovhb: folds 
nikalas22: folds 
BGS013: folds 
pipza05: calls $0.50
Nazareno1999: checks 
*** FLOP *** [Td Kh 5c]
pipza05: checks 
Nazareno1999: checks 
*** TURN *** [Td Kh 5c] [7s]
pipza05: checks 
Nazareno1999: checks 
*** RIVER *** [Td Kh 5c 7s] [2h]
pipza05: bets $1
Nazareno1999: folds 
Uncalled bet ($1) returned to pipza05
pipza05 collected $1.88 from pot
*** SUMMARY ***
Total pot $2 | Rake $0.12 
Board [Td Kh 5c 7s 2h]
Seat 2: AndreaBsAs
Seat 1: Nazareno1999 (big blind) folded on the River
Seat 3: Caiovhb folded before Flop (didn't bet)
Seat 4: nikalas22 folded before Flop (didn't bet)
Seat 5: BGS013 (button) folded before Flop (didn't bet)
Seat 6: pipza05 (small blind) collected ($1.88)



PokerStars Hand #254286118977:  Hold'em No Limit ($0.50/$1.00 USD) - 2025/01/09 22:41:39 WET [2025/01/09 17:41:39 ET]
Table 'Irmela III' 6-max Seat #6 is the button
Seat 1: Nazareno1999 ($106.25 in chips) 
Seat 2: AndreaBsAs ($100 in chips) 
Seat 3: Caiovhb ($107.29 in chips) 
Seat 4: nikalas22 ($112.60 in chips) 
Seat 5: BGS013 ($214.27 in chips) 
Seat 6: pipza05 ($79.51 in chips) 
Nazareno1999: posts small blind $0.50
AndreaBsAs: posts big blind $1
*** HOLE CARDS ***
Caiovhb: folds 
nikalas22: raises $1.50 to $2.50
BGS013: folds 
pipza05: calls $2.50
Nazareno1999: folds 
AndreaBsAs: calls $1.50
*** FLOP *** [5s 5d 2h]
AndreaBsAs: checks 
nikalas22: checks 
pipza05: checks 
*** TURN *** [5s 5d 2h] [9s]
AndreaBsAs: bets $5.85
nikalas22: folds 
pipza05: calls $5.85
*** RIVER *** [5s 5d 2h 9s] [Th]
AndreaBsAs: checks 
pipza05: bets $9.36
AndreaBsAs: calls $9.36
*** SHOW DOWN ***
pipza05: shows [Td 9d] (two pair, Tens and Nines)
AndreaBsAs: mucks hand 
pipza05 collected $36.02 from pot
*** SUMMARY ***
Total pot $38.42 | Rake $2.40 
Board [5s 5d 2h 9s Th]
Seat 1: Nazareno1999 (small blind) folded before Flop
Seat 2: AndreaBsAs (big blind) mucked
Seat 3: Caiovhb folded before Flop (didn't bet)
Seat 4: nikalas22 folded on the Turn
Seat 5: BGS013 folded before Flop (didn't bet)
Seat 6: pipza05 (button) showed [Td 9d] and won ($36.02) with two pair, Tens and Nines



PokerStars Hand #254286136675:  Hold'em No Limit ($0.50/$1.00 USD) - 2025/01/09 22:42:36 WET [2025/01/09 17:42:36 ET]
Table 'Irmela III' 6-max Seat #1 is the button
Seat 1: Nazareno1999 ($105.75 in chips) 
Seat 2: AndreaBsAs ($100 in chips) 
Seat 3: Caiovhb ($107.29 in chips) 
Seat 4: nikalas22 ($110.10 in chips) 
Seat 5: BGS013 ($214.27 in chips) 
Seat 6: pipza05 ($97.82 in chips) 
AndreaBsAs: posts small blind $0.50
Caiovhb: posts big blind $1
*** HOLE CARDS ***
nikalas22: folds 
BGS013: folds 
pipza05: folds 
Nazareno1999: folds 
AndreaBsAs: raises $2 to $3
Caiovhb: folds 
Uncalled bet ($2) returned to AndreaBsAs
AndreaBsAs collected $2 from pot
*** SUMMARY ***
Total pot $2 | Rake $0 
Seat 1: Nazareno1999 (button) folded before Flop (didn't bet)
Seat 2: AndreaBsAs (small blind) collected ($2)
Seat 3: Caiovhb (big blind) folded before Flop
Seat 4: nikalas22 folded before Flop (didn't bet)
Seat 5: BGS013 folded before Flop (didn't bet)
Seat 6: pipza05 folded before Flop (didn't bet)



PokerStars Hand #254286143112:  Hold'em No Limit ($0.50/$1.00 USD) - 2025/01/09 22:42:57 WET [2025/01/09 17:42:57 ET]
Table 'Irmela III' 6-max Seat #2 is the button
Seat 1: Nazareno1999 ($105.75 in chips) 
Seat 2: AndreaBsAs ($101 in chips) 
Seat 3: Caiovhb ($106.29 in chips) 
Seat 4: nikalas22 ($110.10 in chips) 
Seat 5: BGS013 ($214.27 in chips) 
Seat 6: pipza05 ($97.82 in chips) 
Caiovhb: posts small blind $0.50
nikalas22: posts big blind $1
*** HOLE CARDS ***
BGS013: folds 
pipza05: folds 
Nazareno1999: folds 
AndreaBsAs: folds 
Caiovhb: folds 
Uncalled bet ($0.50) returned to nikalas22
nikalas22 collected $1 from pot
nikalas22: doesn't show hand 
*** SUMMARY ***
Total pot $1 | Rake $0 
Seat 1: Nazareno1999 folded before Flop (didn't bet)
Seat 2: AndreaBsAs (button) folded before Flop (didn't bet)
Seat 3: Caiovhb (small blind) folded before Flop
Seat 4: nikalas22 (big blind) collected ($1)
Seat 5: BGS013 folded before Flop (didn't bet)
Seat 6: pipza05 folded before Flop (didn't bet)



PokerStars Hand #254286147022:  Hold'em No Limit ($0.50/$1.00 USD) - 2025/01/09 22:43:09 WET [2025/01/09 17:43:09 ET]
Table 'Irmela III' 6-max Seat #3 is the button
Seat 1: Nazareno1999 ($105.75 in chips) 
Seat 2: AndreaBsAs ($101 in chips) 
Seat 3: Caiovhb ($105.79 in chips) 
Seat 4: nikalas22 ($110.60 in chips) 
Seat 5: BGS013 ($214.27 in chips) 
Seat 6: pipza05 ($97.82 in chips) 
nikalas22: posts small blind $0.50
BGS013: posts big blind $1
*** HOLE CARDS ***
pipza05: calls $1
Nazareno1999: folds 
AndreaBsAs: folds 
Caiovhb: folds 
nikalas22: folds 
BGS013: checks 
*** FLOP *** [3s 9s Jc]
BGS013: checks 
pipza05: bets $2
BGS013: calls $2
*** TURN *** [3s 9s Jc] [Qc]
BGS013: checks 
pipza05: bets $3
BGS013: folds 
Uncalled bet ($3) returned to pipza05
pipza05 collected $6.10 from pot
*** SUMMARY ***
Total pot $6.50 | Rake $0.40 
Board [3s 9s Jc Qc]
Seat 1: Nazareno1999 folded before Flop (didn't bet)
Seat 2: AndreaBsAs folded before Flop (didn't bet)
Seat 3: Caiovhb (button) folded before Flop (didn't bet)
Seat 4: nikalas22 (small blind) folded before Flop
Seat 5: BGS013 (big blind) folded on the Turn
Seat 6: pipza05 collected ($6.10)



PokerStars Hand #254286159974:  Hold'em No Limit ($0.50/$1.00 USD) - 2025/01/09 22:43:51 WET [2025/01/09 17:43:51 ET]
Table 'Irmela III' 6-max Seat #4 is the button
Seat 1: Nazareno1999 ($105.75 in chips) 
Seat 2: AndreaBsAs ($101 in chips) 
Seat 3: Caiovhb ($105.79 in chips) 
Seat 4: nikalas22 ($110.10 in chips) 
Seat 5: BGS013 ($211.27 in chips) 
Seat 6: pipza05 ($100.92 in chips) 
BGS013: posts small blind $0.50
pipza05: posts big blind $1
*** HOLE CARDS ***
Nazareno1999: folds 
AndreaBsAs: folds 
Caiovhb: folds 
nikalas22: folds 
BGS013: raises $2 to $3
pipza05: folds 
Uncalled bet ($2) returned to BGS013
BGS013 collected $2 from pot
BGS013: doesn't show hand 
*** SUMMARY ***
Total pot $2 | Rake $0 
Seat 1: Nazareno1999 folded before Flop (didn't bet)
Seat 2: AndreaBsAs folded before Flop (didn't bet)
Seat 3: Caiovhb folded before Flop (didn't bet)
Seat 4: nikalas22 (button) folded before Flop (didn't bet)
Seat 5: BGS013 (small blind) collected ($2)
Seat 6: pipza05 (big blind) folded before Flop



PokerStars Hand #254286166475:  Hold'em No Limit ($0.50/$1.00 USD) - 2025/01/09 22:44:12 WET [2025/01/09 17:44:12 ET]
Table 'Irmela III' 6-max Seat #5 is the button
Seat 1: Nazareno1999 ($105.75 in chips) 
Seat 2: AndreaBsAs ($101 in chips) 
Seat 3: Caiovhb ($105.79 in chips) 
Seat 4: nikalas22 ($110.10 in chips) 
Seat 5: BGS013 ($212.27 in chips) 
Seat 6: pipza05 ($99.92 in chips) 
pipza05: posts small blind $0.50
Nazareno1999: posts big blind $1
*** HOLE CARDS ***
AndreaBsAs: folds 
Caiovhb: folds 
nikalas22: folds 
BGS013: raises $1.50 to $2.50
pipza05: folds 
Nazareno1999: folds 
Uncalled bet ($1.50) returned to BGS013
BGS013 collected $2.50 from pot
BGS013: doesn't show hand 
*** SUMMARY ***
Total pot $2.50 | Rake $0 
Seat 1: Nazareno1999 (big blind) folded before Flop
Seat 2: AndreaBsAs folded before Flop (didn't bet)
Seat 3: Caiovhb folded before Flop (didn't bet)
Seat 4: nikalas22 folded before Flop (didn't bet)
Seat 5: BGS013 (button) collected ($2.50)
Seat 6: pipza05 (small blind) folded before Flop



PokerStars Hand #254286172402:  Hold'em No Limit ($0.50/$1.00 USD) - 2025/01/09 22:44:32 WET [2025/01/09 17:44:32 ET]
Table 'Irmela III' 6-max Seat #6 is the button
Seat 1: Nazareno1999 ($104.75 in chips) 
Seat 2: AndreaBsAs ($101 in chips) 
Seat 3: Caiovhb ($105.79 in chips) 
Seat 4: nikalas22 ($110.10 in chips) 
Seat 5: BGS013 ($213.77 in chips) 
Seat 6: pipza05 ($99.42 in chips) 
Nazareno1999: posts small blind $0.50
AndreaBsAs: posts big blind $1
*** HOLE CARDS ***
Caiovhb: folds 
nikalas22: folds 
BGS013: folds 
pipza05: folds 
Nazareno1999: raises $1.50 to $2.50
AndreaBsAs: folds 
Uncalled bet ($1.50) returned to Nazareno1999
Nazareno1999 collected $2 from pot
Nazareno1999: doesn't show hand 
*** SUMMARY ***
Total pot $2 | Rake $0 
Seat 1: Nazareno1999 (small blind) collected ($2)
Seat 2: AndreaBsAs (big blind) folded before Flop
Seat 3: Caiovhb folded before Flop (didn't bet)
Seat 4: nikalas22 folded before Flop (didn't bet)
Seat 5: BGS013 folded before Flop (didn't bet)
Seat 6: pipza05 (button) folded before Flop (didn't bet)



PokerStars Hand #254286181204:  Hold'em No Limit ($0.50/$1.00 USD) - 2025/01/09 22:45:00 WET [2025/01/09 17:45:00 ET]
Table 'Irmela III' 6-max Seat #1 is the button
Seat 1: Nazareno1999 ($105.75 in chips) 
Seat 2: AndreaBsAs ($100 in chips) 
Seat 3: Caiovhb ($105.79 in chips) 
Seat 4: nikalas22 ($110.10 in chips) 
Seat 5: BGS013 ($213.77 in chips) 
Seat 6: pipza05 ($99.42 in chips) 
AndreaBsAs: posts small blind $0.50
Caiovhb: posts big blind $1
*** HOLE CARDS ***
nikalas22: folds 
BGS013: folds 
pipza05: folds 
Nazareno1999: folds 
AndreaBsAs: folds 
Uncalled bet ($0.50) returned to Caiovhb
Caiovhb collected $1 from pot
Caiovhb: doesn't show hand 
*** SUMMARY ***
Total pot $1 | Rake $0 
Seat 1: Nazareno1999 (button) folded before Flop (didn't bet)
Seat 2: AndreaBsAs (small blind) folded before Flop
Seat 3: Caiovhb (big blind) collected ($1)
Seat 4: nikalas22 folded before Flop (didn't bet)
Seat 5: BGS013 folded before Flop (didn't bet)
Seat 6: pipza05 folded before Flop (didn't bet)



PokerStars Hand #254286185079:  Hold'em No Limit ($0.50/$1.00 USD) - 2025/01/09 22:45:12 WET [2025/01/09 17:45:12 ET]
Table 'Irmela III' 6-max Seat #2 is the button
Seat 1: Nazareno1999 ($105.75 in chips) 
Seat 2: AndreaBsAs ($100 in chips) 
Seat 3: Caiovhb ($106.29 in chips) 
Seat 4: nikalas22 ($110.10 in chips) 
Seat 5: BGS013 ($213.77 in chips) 
Seat 6: pipza05 ($99.42 in chips) 
Caiovhb: posts small blind $0.50
nikalas22: posts big blind $1
*** HOLE CARDS ***
BGS013: folds 
pipza05: folds 
Nazareno1999: raises $1.20 to $2.20
AndreaBsAs: folds 
Caiovhb: folds 
nikalas22: folds 
Uncalled bet ($1.20) returned to Nazareno1999
Nazareno1999 collected $2.50 from pot
Nazareno1999: doesn't show hand 
*** SUMMARY ***
Total pot $2.50 | Rake $0 
Seat 1: Nazareno1999 collected ($2.50)
Seat 2: AndreaBsAs (button) folded before Flop (didn't bet)
Seat 3: Caiovhb (small blind) folded before Flop
Seat 4: nikalas22 (big blind) folded before Flop
Seat 5: BGS013 folded before Flop (didn't bet)
Seat 6: pipza05 folded before Flop (didn't bet)



PokerStars Hand #254286197479:  Hold'em No Limit ($0.50/$1.00 USD) - 2025/01/09 22:45:52 WET [2025/01/09 17:45:52 ET]
Table 'Irmela III' 6-max Seat #3 is the button
Seat 1: Nazareno1999 ($107.25 in chips) 
Seat 2: AndreaBsAs ($100 in chips) 
Seat 3: Caiovhb ($105.79 in chips) 
Seat 4: nikalas22 ($109.10 in chips) 
Seat 5: BGS013 ($213.77 in chips) 
Seat 6: pipza05 ($99.42 in chips) 
nikalas22: posts small blind $0.50
BGS013: posts big blind $1
*** HOLE CARDS ***
pipza05: calls $1
Nazareno1999: folds 
AndreaBsAs: folds 
Caiovhb: folds 
nikalas22: folds 
BGS013: raises $4 to $5
pipza05: folds 
Uncalled bet ($4) returned to BGS013
BGS013 collected $2.50 from pot
BGS013: doesn't show hand 
*** SUMMARY ***
Total pot $2.50 | Rake $0 
Seat 1: Nazareno1999 folded before Flop (didn't bet)
Seat 2: AndreaBsAs folded before Flop (didn't bet)
Seat 3: Caiovhb (button) folded before Flop (didn't bet)
Seat 4: nikalas22 (small blind) folded before Flop
Seat 5: BGS013 (big blind) collected ($2.50)
Seat 6: pipza05 folded before Flop



PokerStars Hand #254286203480:  Hold'em No Limit ($0.50/$1.00 USD) - 2025/01/09 22:46:12 WET [2025/01/09 17:46:12 ET]
Table 'Irmela III' 6-max Seat #4 is the button
Seat 1: Nazareno1999 ($107.25 in chips) 
Seat 2: AndreaBsAs ($100 in chips) 
Seat 3: Caiovhb ($105.79 in chips) 
Seat 4: nikalas22 ($108.60 in chips) 
Seat 5: BGS013 ($215.27 in chips) 
Seat 6: pipza05 ($98.42 in chips) 
BGS013: posts small blind $0.50
pipza05: posts big blind $1
*** HOLE CARDS ***
Nazareno1999: folds 
AndreaBsAs: folds 
Caiovhb: folds 
nikalas22: raises $1.50 to $2.50
BGS013: folds 
pipza05: folds 
Uncalled bet ($1.50) returned to nikalas22
nikalas22 collected $2.50 from pot
nikalas22: doesn't show hand 
*** SUMMARY ***
Total pot $2.50 | Rake $0 
Seat 1: Nazareno1999 folded before Flop (didn't bet)
Seat 2: AndreaBsAs folded before Flop (didn't bet)
Seat 3: Caiovhb folded before Flop (didn't bet)
Seat 4: nikalas22 (button) collected ($2.50)
Seat 5: BGS013 (small blind) folded before Flop
Seat 6: pipza05 (big blind) folded before Flop



PokerStars Hand #254286208487:  Hold'em No Limit ($0.50/$1.00 USD) - 2025/01/09 22:46:28 WET [2025/01/09 17:46:28 ET]
Table 'Irmela III' 6-max Seat #5 is the button
Seat 1: Nazareno1999 ($107.25 in chips) 
Seat 2: AndreaBsAs ($100 in chips) 
Seat 3: Caiovhb ($105.79 in chips) 
Seat 4: nikalas22 ($110.10 in chips) 
Seat 5: BGS013 ($214.77 in chips) 
Seat 6: pipza05 ($97.42 in chips) 
pipza05: posts small blind $0.50
Nazareno1999: posts big blind $1
*** HOLE CARDS ***
AndreaBsAs: folds 
Caiovhb: folds 
nikalas22: folds 
BGS013: raises $1.50 to $2.50
pipza05: calls $2
Nazareno1999: calls $1.50
*** FLOP *** [2s 6d Js]
pipza05: checks 
Nazareno1999: checks 
BGS013: bets $1.85
pipza05: calls $1.85
Nazareno1999: folds 
*** TURN *** [2s 6d Js] [Kh]
pipza05: checks 
BGS013: checks 
*** RIVER *** [2s 6d Js Kh] [5h]
pipza05: bets $3
BGS013: calls $3
*** SHOW DOWN ***
pipza05: shows [Jd Th] (a pair of Jacks)
BGS013: mucks hand 
pipza05 collected $16.12 from pot
*** SUMMARY ***
Total pot $17.20 | Rake $1.08 
Board [2s 6d Js Kh 5h]
Seat 1: Nazareno1999 (big blind) folded on the Flop
Seat 2: AndreaBsAs folded before Flop (didn't bet)
Seat 3: Caiovhb folded before Flop (didn't bet)
Seat 4: nikalas22 folded before Flop (didn't bet)
Seat 5: BGS013 (button) mucked
Seat 6: pipza05 (small blind) showed [Jd Th] and won ($16.12) with a pair of Jacks



PokerStars Hand #254286221081:  Hold'em No Limit ($0.50/$1.00 USD) - 2025/01/09 22:47:09 WET [2025/01/09 17:47:09 ET]
Table 'Irmela III' 6-max Seat #6 is the button
Seat 1: Nazareno1999 ($104.75 in chips) 
Seat 2: AndreaBsAs ($100 in chips) 
Seat 3: Caiovhb ($105.79 in chips) 
Seat 4: nikalas22 ($110.10 in chips) 
Seat 5: BGS013 ($207.42 in chips) 
Seat 6: pipza05 ($106.19 in chips) 
Nazareno1999: posts small blind $0.50
AndreaBsAs: posts big blind $1
*** HOLE CARDS ***
Caiovhb: folds 
nikalas22: folds 
BGS013: raises $1.50 to $2.50
pipza05: folds 
Nazareno1999: folds 
AndreaBsAs: folds 
Uncalled bet ($1.50) returned to BGS013
BGS013 collected $2.50 from pot
BGS013: doesn't show hand 
*** SUMMARY ***
Total pot $2.50 | Rake $0 
Seat 1: Nazareno1999 (small blind) folded before Flop
Seat 2: AndreaBsAs (big blind) folded before Flop
Seat 3: Caiovhb folded before Flop (didn't bet)
Seat 4: nikalas22 folded before Flop (didn't bet)
Seat 5: BGS013 collected ($2.50)
Seat 6: pipza05 (button) folded before Flop (didn't bet)



PokerStars Hand #254286227257:  Hold'em No Limit ($0.50/$1.00 USD) - 2025/01/09 22:47:28 WET [2025/01/09 17:47:28 ET]
Table 'Irmela III' 6-max Seat #1 is the button
Seat 1: Nazareno1999 ($104.25 in chips) 
Seat 2: AndreaBsAs ($100 in chips) 
Seat 3: Caiovhb ($105.79 in chips) 
Seat 4: nikalas22 ($110.10 in chips) 
Seat 5: BGS013 ($208.92 in chips) 
Seat 6: pipza05 ($106.19 in chips) 
AndreaBsAs: posts small blind $0.50
Caiovhb: posts big blind $1
*** HOLE CARDS ***
nikalas22: raises $1.50 to $2.50
BGS013: folds 
pipza05: folds 
Nazareno1999: folds 
AndreaBsAs: folds 
Caiovhb: folds 
Uncalled bet ($1.50) returned to nikalas22
nikalas22 collected $2.50 from pot
nikalas22: doesn't show hand 
*** SUMMARY ***
Total pot $2.50 | Rake $0 
Seat 1: Nazareno1999 (button) folded before Flop (didn't bet)
Seat 2: AndreaBsAs (small blind) folded before Flop
Seat 3: Caiovhb (big blind) folded before Flop
Seat 4: nikalas22 collected ($2.50)
Seat 5: BGS013 folded before Flop (didn't bet)
Seat 6: pipza05 folded before Flop (didn't bet)



PokerStars Hand #254286235998:  Hold'em No Limit ($0.50/$1.00 USD) - 2025/01/09 22:47:57 WET [2025/01/09 17:47:57 ET]
Table 'Irmela III' 6-max Seat #2 is the button
Seat 1: Nazareno1999 ($104.25 in chips) 
Seat 2: AndreaBsAs ($100 in chips) 
Seat 3: Caiovhb ($104.79 in chips) 
Seat 4: nikalas22 ($111.60 in chips) 
Seat 5: BGS013 ($208.92 in chips) 
Seat 6: pipza05 ($106.19 in chips) 
Caiovhb: posts small blind $0.50
nikalas22: posts big blind $1
*** HOLE CARDS ***
BGS013: raises $1 to $2
pipza05: folds 
Nazareno1999: folds 
AndreaBsAs: folds 
Caiovhb: folds 
nikalas22: folds 
Uncalled bet ($1) returned to BGS013
BGS013 collected $2.50 from pot
BGS013: doesn't show hand 
*** SUMMARY ***
Total pot $2.50 | Rake $0 
Seat 1: Nazareno1999 folded before Flop (didn't bet)
Seat 2: AndreaBsAs (button) folded before Flop (didn't bet)
Seat 3: Caiovhb (small blind) folded before Flop
Seat 4: nikalas22 (big blind) folded before Flop
Seat 5: BGS013 collected ($2.50)
Seat 6: pipza05 folded before Flop (didn't bet)



PokerStars Hand #254286242960:  Hold'em No Limit ($0.50/$1.00 USD) - 2025/01/09 22:48:19 WET [2025/01/09 17:48:19 ET]
Table 'Irmela III' 6-max Seat #3 is the button
Seat 1: Nazareno1999 ($104.25 in chips) 
Seat 2: AndreaBsAs ($100 in chips) 
Seat 3: Caiovhb ($104.29 in chips) 
Seat 4: nikalas22 ($110.60 in chips) 
Seat 5: BGS013 ($210.42 in chips) 
Seat 6: pipza05 ($106.19 in chips) 
nikalas22: posts small blind $0.50
BGS013: posts big blind $1
*** HOLE CARDS ***
pipza05: folds 
Nazareno1999: folds 
AndreaBsAs: folds 
Caiovhb: folds 
nikalas22: raises $2 to $3
BGS013: raises $6.50 to $9.50
nikalas22: folds 
Uncalled bet ($6.50) returned to BGS013
BGS013 collected $6 from pot
BGS013: doesn't show hand 
*** SUMMARY ***
Total pot $6 | Rake $0 
Seat 1: Nazareno1999 folded before Flop (didn't bet)
Seat 2: AndreaBsAs folded before Flop (didn't bet)
Seat 3: Caiovhb (button) folded before Flop (didn't bet)
Seat 4: nikalas22 (small blind) folded before Flop
Seat 5: BGS013 (big blind) collected ($6)
Seat 6: pipza05 folded before Flop (didn't bet)



PokerStars Hand #254286253700:  Hold'em No Limit ($0.50/$1.00 USD) - 2025/01/09 22:48:54 WET [2025/01/09 17:48:54 ET]
Table 'Irmela III' 6-max Seat #4 is the button
Seat 6: pipza05 ($106.19 in chips) is sitting out
Seat 1: Nazareno1999 ($104.25 in chips) 
Seat 2: AndreaBsAs ($100 in chips) 
Seat 3: Caiovhb ($104.29 in chips) 
Seat 4: nikalas22 ($107.60 in chips) 
Seat 5: BGS013 ($213.42 in chips) 
BGS013: posts small blind $0.50
Nazareno1999: posts big blind $1
*** HOLE CARDS ***
AndreaBsAs: folds 
Caiovhb: raises $1.50 to $2.50
nikalas22: folds 
BGS013: folds 
Nazareno1999: folds 
Uncalled bet ($1.50) returned to Caiovhb
Caiovhb collected $2.50 from pot
Caiovhb: doesn't show hand 
*** SUMMARY ***
Total pot $2.50 | Rake $0 
Seat 6: pipza05
Seat 1: Nazareno1999 (big blind) folded before Flop
Seat 2: AndreaBsAs folded before Flop (didn't bet)
Seat 3: Caiovhb collected ($2.50)
Seat 4: nikalas22 (button) folded before Flop (didn't bet)
Seat 5: BGS013 (small blind) folded before Flop



PokerStars Hand #254286258293:  Hold'em No Limit ($0.50/$1.00 USD) - 2025/01/09 22:49:09 WET [2025/01/09 17:49:09 ET]
Table 'Irmela III' 6-max Seat #5 is the button
Seat 6: pipza05 ($106.19 in chips) is sitting out
Seat 1: Nazareno1999 ($103.25 in chips) 
Seat 2: AndreaBsAs ($100 in chips) 
Seat 3: Caiovhb ($105.79 in chips) 
Seat 4: nikalas22 ($107.60 in chips) 
Seat 5: BGS013 ($212.92 in chips) 
Nazareno1999: posts small blind $0.50
AndreaBsAs: posts big blind $1
*** HOLE CARDS ***
Caiovhb: raises $1.50 to $2.50
pipza05 is disconnected 
nikalas22: folds 
BGS013: folds 
Nazareno1999: folds 
AndreaBsAs: folds 
Uncalled bet ($1.50) returned to Caiovhb
Caiovhb collected $2.50 from pot
Caiovhb: doesn't show hand 
*** SUMMARY ***
Total pot $2.50 | Rake $0 
Seat 6: pipza05
Seat 1: Nazareno1999 (small blind) folded before Flop
Seat 2: AndreaBsAs (big blind) folded before Flop
Seat 3: Caiovhb collected ($2.50)
Seat 4: nikalas22 folded before Flop (didn't bet)
Seat 5: BGS013 (button) folded before Flop (didn't bet)



PokerStars Hand #254286266024:  Hold'em No Limit ($0.50/$1.00 USD) - 2025/01/09 22:49:35 WET [2025/01/09 17:49:35 ET]
Table 'Irmela III' 6-max Seat #1 is the button
Seat 6: pipza05 ($106.19 in chips) is sitting out
Seat 1: Nazareno1999 ($102.75 in chips) 
Seat 2: AndreaBsAs ($100 in chips) 
Seat 3: Caiovhb ($107.29 in chips) 
Seat 4: nikalas22 ($107.60 in chips) 
Seat 5: BGS013 ($212.92 in chips) 
AndreaBsAs: posts small blind $0.50
Caiovhb: posts big blind $1
*** HOLE CARDS ***
nikalas22: raises $1.50 to $2.50
BGS013: folds 
Nazareno1999: folds 
AndreaBsAs: folds 
Caiovhb: raises $9.50 to $12
nikalas22: folds 
Uncalled bet ($9.50) returned to Caiovhb
Caiovhb collected $5.50 from pot
Caiovhb: doesn't show hand 
*** SUMMARY ***
Total pot $5.50 | Rake $0 
Seat 6: pipza05
Seat 1: Nazareno1999 (button) folded before Flop (didn't bet)
Seat 2: AndreaBsAs (small blind) folded before Flop
Seat 3: Caiovhb (big blind) collected ($5.50)
Seat 4: nikalas22 folded before Flop
Seat 5: BGS013 folded before Flop (didn't bet)



PokerStars Hand #254286281877:  Hold'em No Limit ($0.50/$1.00 USD) - 2025/01/09 22:50:26 WET [2025/01/09 17:50:26 ET]
Table 'Irmela III' 6-max Seat #2 is the button
Seat 6: pipza05 ($106.19 in chips) is sitting out
Seat 1: Nazareno1999 ($102.75 in chips) 
Seat 2: AndreaBsAs ($100 in chips) 
Seat 3: Caiovhb ($110.29 in chips) 
Seat 4: nikalas22 ($105.10 in chips) 
Seat 5: BGS013 ($212.92 in chips) 
Caiovhb: posts small blind $0.50
nikalas22: posts big blind $1
*** HOLE CARDS ***
BGS013: folds 
Nazareno1999: folds 
AndreaBsAs: folds 
Caiovhb: folds 
Uncalled bet ($0.50) returned to nikalas22
nikalas22 collected $1 from pot
nikalas22: doesn't show hand 
*** SUMMARY ***
Total pot $1 | Rake $0 
Seat 6: pipza05
Seat 1: Nazareno1999 folded before Flop (didn't bet)
Seat 2: AndreaBsAs (button) folded before Flop (didn't bet)
Seat 3: Caiovhb (small blind) folded before Flop
Seat 4: nikalas22 (big blind) collected ($1)
Seat 5: BGS013 folded before Flop (didn't bet)



PokerStars Hand #254286287530:  Hold'em No Limit ($0.50/$1.00 USD) - 2025/01/09 22:50:45 WET [2025/01/09 17:50:45 ET]
Table 'Irmela III' 6-max Seat #3 is the button
Seat 6: pipza05 ($106.19 in chips) is sitting out
Seat 1: Nazareno1999 ($102.75 in chips) 
Seat 2: AndreaBsAs ($100 in chips) 
Seat 3: Caiovhb ($109.79 in chips) 
Seat 4: nikalas22 ($105.60 in chips) 
Seat 5: BGS013 ($212.92 in chips) 
nikalas22: posts small blind $0.50
BGS013: posts big blind $1
*** HOLE CARDS ***
Nazareno1999: folds 
AndreaBsAs: folds 
Caiovhb: raises $2 to $3
nikalas22: folds 
BGS013: folds 
Uncalled bet ($2) returned to Caiovhb
Caiovhb collected $2.50 from pot
Caiovhb: doesn't show hand 
*** SUMMARY ***
Total pot $2.50 | Rake $0 
Seat 6: pipza05
Seat 1: Nazareno1999 folded before Flop (didn't bet)
Seat 2: AndreaBsAs folded before Flop (didn't bet)
Seat 3: Caiovhb (button) collected ($2.50)
Seat 4: nikalas22 (small blind) folded before Flop
Seat 5: BGS013 (big blind) folded before Flop



PokerStars Hand #254286293105:  Hold'em No Limit ($0.50/$1.00 USD) - 2025/01/09 22:51:03 WET [2025/01/09 17:51:03 ET]
Table 'Irmela III' 6-max Seat #4 is the button
Seat 6: pipza05 ($106.19 in chips) is sitting out
Seat 1: Nazareno1999 ($102.75 in chips) 
Seat 2: AndreaBsAs ($100 in chips) 
Seat 3: Caiovhb ($111.29 in chips) 
Seat 4: nikalas22 ($105.10 in chips) 
Seat 5: BGS013 ($211.92 in chips) 
BGS013: posts small blind $0.50
Nazareno1999: posts big blind $1
*** HOLE CARDS ***
AndreaBsAs: folds 
Caiovhb: raises $1.50 to $2.50
nikalas22: raises $5 to $7.50
BGS013: folds 
Nazareno1999: folds 
Caiovhb: folds 
Uncalled bet ($5) returned to nikalas22
nikalas22 collected $6.50 from pot
nikalas22: doesn't show hand 
*** SUMMARY ***
Total pot $6.50 | Rake $0 
Seat 6: pipza05
Seat 1: Nazareno1999 (big blind) folded before Flop
Seat 2: AndreaBsAs folded before Flop (didn't bet)
Seat 3: Caiovhb folded before Flop
Seat 4: nikalas22 (button) collected ($6.50)
Seat 5: BGS013 (small blind) folded before Flop



PokerStars Hand #254286304259:  Hold'em No Limit ($0.50/$1.00 USD) - 2025/01/09 22:51:40 WET [2025/01/09 17:51:40 ET]
Table 'Irmela III' 6-max Seat #5 is the button
Seat 2: AndreaBsAs ($100 in chips) is sitting out
Seat 6: pipza05 ($106.19 in chips) is sitting out
Seat 1: Nazareno1999 ($101.75 in chips) 
Seat 3: Caiovhb ($108.79 in chips) 
Seat 4: nikalas22 ($109.10 in chips) 
Seat 5: BGS013 ($211.42 in chips) 
Nazareno1999: posts small blind $0.50
AndreaBsAs: is sitting out 
Caiovhb: posts big blind $1
*** HOLE CARDS ***
nikalas22: folds 
BGS013: raises $1.50 to $2.50
Nazareno1999: raises $9 to $11.50
Caiovhb: folds 
BGS013: folds 
Uncalled bet ($9) returned to Nazareno1999
Nazareno1999 collected $6 from pot
Nazareno1999: doesn't show hand 
*** SUMMARY ***
Total pot $6 | Rake $0 
Seat 2: AndreaBsAs
Seat 6: pipza05
Seat 1: Nazareno1999 (small blind) collected ($6)
Seat 3: Caiovhb (big blind) folded before Flop
Seat 4: nikalas22 folded before Flop (didn't bet)
Seat 5: BGS013 (button) folded before Flop



PokerStars Hand #254286310786:  Hold'em No Limit ($0.50/$1.00 USD) - 2025/01/09 22:52:02 WET [2025/01/09 17:52:02 ET]
Table 'Irmela III' 6-max Seat #1 is the button
Seat 2: AndreaBsAs ($100 in chips) is sitting out
Seat 6: pipza05 ($106.19 in chips) is sitting out
Seat 1: Nazareno1999 ($105.25 in chips) 
Seat 3: Caiovhb ($107.79 in chips) 
Seat 4: nikalas22 ($109.10 in chips) 
Seat 5: BGS013 ($208.92 in chips) 
Caiovhb: posts small blind $0.50
nikalas22: posts big blind $1
*** HOLE CARDS ***
BGS013: folds 
Nazareno1999: raises $1.20 to $2.20
Caiovhb: folds 
nikalas22: calls $1.20
*** FLOP *** [7c 5d 3c]
nikalas22: checks 
Nazareno1999: checks 
*** TURN *** [7c 5d 3c] [Kh]
nikalas22: checks 
Nazareno1999: bets $3.50
nikalas22: folds 
Uncalled bet ($3.50) returned to Nazareno1999
Nazareno1999 collected $4.66 from pot
Nazareno1999: doesn't show hand 
*** SUMMARY ***
Total pot $4.90 | Rake $0.24 
Board [7c 5d 3c Kh]
Seat 2: AndreaBsAs
Seat 6: pipza05
Seat 1: Nazareno1999 (button) collected ($4.66)
Seat 3: Caiovhb (small blind) folded before Flop
Seat 4: nikalas22 (big blind) folded on the Turn
Seat 5: BGS013 folded before Flop (didn't bet)



PokerStars Hand #254286320629:  Hold'em No Limit ($0.50/$1.00 USD) - 2025/01/09 22:52:35 WET [2025/01/09 17:52:35 ET]
Table 'Irmela III' 6-max Seat #3 is the button
Seat 2: AndreaBsAs ($100 in chips) is sitting out
Seat 6: pipza05 ($106.19 in chips) is sitting out
Seat 1: Nazareno1999 ($107.71 in chips) 
Seat 3: Caiovhb ($107.29 in chips) 
Seat 4: nikalas22 ($106.90 in chips) 
Seat 5: BGS013 ($208.92 in chips) 
nikalas22: posts small blind $0.50
BGS013: posts big blind $1
*** HOLE CARDS ***
Nazareno1999: folds 
Caiovhb: raises $2 to $3
nikalas22: folds 
BGS013: folds 
Uncalled bet ($2) returned to Caiovhb
Caiovhb collected $2.50 from pot
Caiovhb: doesn't show hand 
*** SUMMARY ***
Total pot $2.50 | Rake $0 
Seat 2: AndreaBsAs
Seat 6: pipza05
Seat 1: Nazareno1999 folded before Flop (didn't bet)
Seat 3: Caiovhb (button) collected ($2.50)
Seat 4: nikalas22 (small blind) folded before Flop
Seat 5: BGS013 (big blind) folded before Flop



PokerStars Hand #254286324805:  Hold'em No Limit ($0.50/$1.00 USD) - 2025/01/09 22:52:48 WET [2025/01/09 17:52:48 ET]
Table 'Irmela III' 6-max Seat #4 is the button
Seat 1: Nazareno1999 ($107.71 in chips) is sitting out
Seat 2: AndreaBsAs ($100 in chips) is sitting out
Seat 6: pipza05 ($106.19 in chips) is sitting out
Seat 3: Caiovhb ($108.79 in chips) 
Seat 4: nikalas22 ($106.40 in chips) 
Seat 5: BGS013 ($207.92 in chips) 
BGS013: posts small blind $0.50
Nazareno1999: is sitting out 
Caiovhb: posts big blind $1
*** HOLE CARDS ***
nikalas22: folds 
BGS013: folds 
Uncalled bet ($0.50) returned to Caiovhb
Caiovhb collected $1 from pot
Caiovhb: doesn't show hand 
*** SUMMARY ***
Total pot $1 | Rake $0 
Seat 1: Nazareno1999
Seat 2: AndreaBsAs
Seat 6: pipza05
Seat 3: Caiovhb (big blind) collected ($1)
Seat 4: nikalas22 (button) folded before Flop (didn't bet)
Seat 5: BGS013 (small blind) folded before Flop



PokerStars Hand #254286326956:  Hold'em No Limit ($0.50/$1.00 USD) - 2025/01/09 22:52:56 WET [2025/01/09 17:52:56 ET]
Table 'Irmela III' 6-max Seat #5 is the button
Seat 1: Nazareno1999 ($107.71 in chips) is sitting out
Seat 2: AndreaBsAs ($100 in chips) is sitting out
Seat 6: pipza05 ($106.19 in chips) is sitting out
Seat 3: Caiovhb ($109.29 in chips) 
Seat 4: nikalas22 ($106.40 in chips) 
Seat 5: BGS013 ($207.42 in chips) 
Caiovhb: posts small blind $0.50
nikalas22: posts big blind $1
*** HOLE CARDS ***
Nazareno1999 leaves the table
BGS013: folds 
Caiovhb: raises $2 to $3
nikalas22: calls $2
*** FLOP *** [Kc Jd Qs]
BGS013 leaves the table
Caiovhb: checks 
nikalas22: bets $4.28
Caiovhb: calls $4.28
*** TURN *** [Kc Jd Qs] [Js]
AndreaBsAs leaves the table
LuckyShikari joins the table at seat #1 
Caiovhb: checks 
nikalas22: checks 
*** RIVER *** [Kc Jd Qs Js] [Qc]
Caiovhb: bets $4.56
nikalas22: folds 
Uncalled bet ($4.56) returned to Caiovhb
Caiovhb collected $13.83 from pot
Caiovhb: doesn't show hand 
*** SUMMARY ***
Total pot $14.56 | Rake $0.73 
Board [Kc Jd Qs Js Qc]
Seat 1: Nazareno1999
Seat 2: AndreaBsAs
Seat 6: pipza05
Seat 3: Caiovhb (small blind) collected ($13.83)
Seat 4: nikalas22 (big blind) folded on the River
Seat 5: BGS013 (button) folded before Flop (didn't bet)



PokerStars Hand #254286336543:  Hold'em No Limit ($0.50/$1.00 USD) - 2025/01/09 22:53:28 WET [2025/01/09 17:53:28 ET]
Table 'Irmela III' 6-max Seat #3 is the button
Seat 6: pipza05 ($106.19 in chips) is sitting out
Seat 1: LuckyShikari ($100 in chips) 
Seat 3: Caiovhb ($115.84 in chips) 
Seat 4: nikalas22 ($100 in chips) 
nikalas22: posts small blind $0.50
LuckyShikari: posts big blind $1
*** HOLE CARDS ***
Caiovhb: raises $2 to $3
nikalas22: folds 
LuckyShikari: folds 
Uncalled bet ($2) returned to Caiovhb
Caiovhb collected $2.50 from pot
pipza05 leaves the table
Caiovhb: doesn't show hand 
*** SUMMARY ***
Total pot $2.50 | Rake $0 
Seat 6: pipza05
Seat 1: LuckyShikari (big blind) folded before Flop
Seat 3: Caiovhb (button) collected ($2.50)
Seat 4: nikalas22 (small blind) folded before Flop



PokerStars Hand #254286339189:  Hold'em No Limit ($0.50/$1.00 USD) - 2025/01/09 22:53:36 WET [2025/01/09 17:53:36 ET]
Table 'Irmela III' 6-max Seat #4 is the button
Seat 1: LuckyShikari ($100 in chips) 
Seat 3: Caiovhb ($117.34 in chips) 
Seat 4: nikalas22 ($100 in chips) 
LuckyShikari: posts small blind $0.50
Caiovhb: posts big blind $1
*** HOLE CARDS ***
nikalas22: raises $1.50 to $2.50
LuckyShikari: folds 
Caiovhb: folds 
Uncalled bet ($1.50) returned to nikalas22
nikalas22 collected $2.50 from pot
nikalas22: doesn't show hand 
*** SUMMARY ***
Total pot $2.50 | Rake $0 
Seat 1: LuckyShikari (small blind) folded before Flop
Seat 3: Caiovhb (big blind) folded before Flop
Seat 4: nikalas22 (button) collected ($2.50)



PokerStars Hand #254286343948:  Hold'em No Limit ($0.50/$1.00 USD) - 2025/01/09 22:53:52 WET [2025/01/09 17:53:52 ET]
Table 'Irmela III' 6-max Seat #1 is the button
Seat 1: LuckyShikari ($100 in chips) 
Seat 3: Caiovhb ($116.34 in chips) 
Seat 4: nikalas22 ($101.50 in chips) 
Caiovhb: posts small blind $0.50
nikalas22: posts big blind $1
*** HOLE CARDS ***
LuckyShikari: folds 
Caiovhb: folds 
Uncalled bet ($0.50) returned to nikalas22
nikalas22 collected $1 from pot
nikalas22: doesn't show hand 
*** SUMMARY ***
Total pot $1 | Rake $0 
Seat 1: LuckyShikari (button) folded before Flop (didn't bet)
Seat 3: Caiovhb (small blind) folded before Flop
Seat 4: nikalas22 (big blind) collected ($1)



PokerStars Hand #254286346806:  Hold'em No Limit ($0.50/$1.00 USD) - 2025/01/09 22:54:02 WET [2025/01/09 17:54:02 ET]
Table 'Irmela III' 6-max Seat #3 is the button
Seat 1: LuckyShikari ($100 in chips) 
Seat 3: Caiovhb ($115.84 in chips) 
Seat 4: nikalas22 ($102 in chips) 
nikalas22: posts small blind $0.50
LuckyShikari: posts big blind $1
*** HOLE CARDS ***
Caiovhb: folds 
nikalas22: folds 
Uncalled bet ($0.50) returned to LuckyShikari
LuckyShikari collected $1 from pot
LuckyShikari: doesn't show hand 
*** SUMMARY ***
Total pot $1 | Rake $0 
Seat 1: LuckyShikari (big blind) collected ($1)
Seat 3: Caiovhb (button) folded before Flop (didn't bet)
Seat 4: nikalas22 (small blind) folded before Flop



PokerStars Hand #254286350781:  Hold'em No Limit ($0.50/$1.00 USD) - 2025/01/09 22:54:15 WET [2025/01/09 17:54:15 ET]
Table 'Irmela III' 6-max Seat #1 is the button
Seat 3: Caiovhb ($115.84 in chips) is sitting out
Seat 1: LuckyShikari ($100.50 in chips) 
Seat 4: nikalas22 ($101.50 in chips) 
LuckyShikari: posts small blind $0.50
Caiovhb: is sitting out 
nikalas22: posts big blind $1
*** HOLE CARDS ***
LuckyShikari: raises $1.25 to $2.25
nikalas22: calls $1.25
*** FLOP *** [Qd 6s 5s]
nikalas22: checks 
LuckyShikari: checks 
*** TURN *** [Qd 6s 5s] [Jc]
nikalas22: bets $1.28
LuckyShikari: folds 
Uncalled bet ($1.28) returned to nikalas22
nikalas22 collected $4.28 from pot
nikalas22: doesn't show hand 
*** SUMMARY ***
Total pot $4.50 | Rake $0.22 
Board [Qd 6s 5s Jc]
Seat 3: Caiovhb
Seat 1: LuckyShikari (button) (small blind) folded on the Turn
Seat 4: nikalas22 (big blind) collected ($4.28)



PokerStars Hand #254286357477:  Hold'em No Limit ($0.50/$1.00 USD) - 2025/01/09 22:54:37 WET [2025/01/09 17:54:37 ET]
Table 'Irmela III' 6-max Seat #4 is the button
Seat 3: Caiovhb ($115.84 in chips) is sitting out
Seat 1: LuckyShikari ($100 in chips) 
Seat 4: nikalas22 ($103.53 in chips) 
nikalas22: posts small blind $0.50
LuckyShikari: posts big blind $1
*** HOLE CARDS ***
nikalas22: folds 
Uncalled bet ($0.50) returned to LuckyShikari
LuckyShikari collected $1 from pot
LuckyShikari: doesn't show hand 
*** SUMMARY ***
Total pot $1 | Rake $0 
Seat 3: Caiovhb
Seat 1: LuckyShikari (big blind) collected ($1)
Seat 4: nikalas22 (button) (small blind) folded before Flop



