PokerStars Hand #254279249705:  Hold'em No Limit ($0.50/$1.00 USD) - 2025/01/09 16:16:20 WET [2025/01/09 11:16:20 ET]
Table 'Menkar II' 6-max Seat #5 is the button
Seat 1: Rezzonner ($100 in chips) 
Seat 2: AlexPinsk1 ($100 in chips) 
Seat 3: lymo1951 ($100 in chips) 
Seat 4: blackclan7 ($105 in chips) 
Seat 5: easy_sarcasm ($100 in chips) 
Seat 6: steepfell ($100 in chips) 
steepfell: posts small blind $0.50
Rezzonner: posts big blind $1
*** HOLE CARDS ***
AlexPinsk1: folds 
lymo1951: raises $2.50 to $3.50
blackclan7: folds 
easy_sarcasm: raises $6 to $9.50
steepfell: folds 
Rezzonner: folds 
lymo1951: calls $6
*** FLOP *** [As 5s 7d]
lymo1951: checks 
easy_sarcasm: checks 
*** TURN *** [As 5s 7d] [Tc]
lymo1951: checks 
easy_sarcasm: checks 
*** RIVER *** [As 5s 7d Tc] [4c]
lymo1951: checks 
easy_sarcasm: checks 
*** SHOW DOWN ***
lymo1951: shows [5c Jc] (a pair of Fives)
easy_sarcasm: mucks hand 
lymo1951 collected $19.48 from pot
*** SUMMARY ***
Total pot $20.50 | Rake $1.02 
Board [As 5s 7d Tc 4c]
Seat 1: Rezzonner (big blind) folded before Flop
Seat 2: AlexPinsk1 folded before Flop (didn't bet)
Seat 3: lymo1951 showed [5c Jc] and won ($19.48) with a pair of Fives
Seat 4: blackclan7 folded before Flop (didn't bet)
Seat 5: easy_sarcasm (button) mucked
Seat 6: steepfell (small blind) folded before Flop



PokerStars Hand #254279258816:  Hold'em No Limit ($0.50/$1.00 USD) - 2025/01/09 16:16:59 WET [2025/01/09 11:16:59 ET]
Table 'Menkar II' 6-max Seat #6 is the button
Seat 1: Rezzonner ($100 in chips) 
Seat 2: AlexPinsk1 ($100 in chips) 
Seat 3: lymo1951 ($109.98 in chips) 
Seat 4: blackclan7 ($105 in chips) 
Seat 5: easy_sarcasm ($100 in chips) 
Seat 6: steepfell ($100 in chips) 
Rezzonner: posts small blind $0.50
AlexPinsk1: posts big blind $1
*** HOLE CARDS ***
lymo1951: folds 
blackclan7: folds 
easy_sarcasm: folds 
steepfell: folds 
Rezzonner: raises $2 to $3
AlexPinsk1: folds 
Uncalled bet ($2) returned to Rezzonner
Rezzonner collected $2 from pot
Rezzonner: doesn't show hand 
*** SUMMARY ***
Total pot $2 | Rake $0 
Seat 1: Rezzonner (small blind) collected ($2)
Seat 2: AlexPinsk1 (big blind) folded before Flop
Seat 3: lymo1951 folded before Flop (didn't bet)
Seat 4: blackclan7 folded before Flop (didn't bet)
Seat 5: easy_sarcasm folded before Flop (didn't bet)
Seat 6: steepfell (button) folded before Flop (didn't bet)



PokerStars Hand #254279263100:  Hold'em No Limit ($0.50/$1.00 USD) - 2025/01/09 16:17:17 WET [2025/01/09 11:17:17 ET]
Table 'Menkar II' 6-max Seat #1 is the button
Seat 1: Rezzonner ($101 in chips) 
Seat 2: AlexPinsk1 ($100 in chips) 
Seat 3: lymo1951 ($109.98 in chips) 
Seat 4: blackclan7 ($105 in chips) 
Seat 5: easy_sarcasm ($100 in chips) 
Seat 6: steepfell ($100 in chips) 
AlexPinsk1: posts small blind $0.50
lymo1951: posts big blind $1
*** HOLE CARDS ***
blackclan7: folds 
easy_sarcasm: raises $2 to $3
steepfell: folds 
Rezzonner: folds 
AlexPinsk1: folds 
lymo1951: raises $8 to $11
easy_sarcasm: calls $8
*** FLOP *** [Th 6d Tc]
lymo1951: bets $22
easy_sarcasm: folds 
Uncalled bet ($22) returned to lymo1951
lymo1951 collected $21.38 from pot
lymo1951: doesn't show hand 
*** SUMMARY ***
Total pot $22.50 | Rake $1.12 
Board [Th 6d Tc]
Seat 1: Rezzonner (button) folded before Flop (didn't bet)
Seat 2: AlexPinsk1 (small blind) folded before Flop
Seat 3: lymo1951 (big blind) collected ($21.38)
Seat 4: blackclan7 folded before Flop (didn't bet)
Seat 5: easy_sarcasm folded on the Flop
Seat 6: steepfell folded before Flop (didn't bet)



PokerStars Hand #254279270458:  Hold'em No Limit ($0.50/$1.00 USD) - 2025/01/09 16:17:49 WET [2025/01/09 11:17:49 ET]
Table 'Menkar II' 6-max Seat #2 is the button
Seat 1: Rezzonner ($101 in chips) 
Seat 2: AlexPinsk1 ($100 in chips) 
Seat 3: lymo1951 ($120.36 in chips) 
Seat 4: blackclan7 ($105 in chips) 
Seat 5: easy_sarcasm ($100 in chips) 
Seat 6: steepfell ($100 in chips) 
lymo1951: posts small blind $0.50
blackclan7: posts big blind $1
*** HOLE CARDS ***
easy_sarcasm: folds 
steepfell: folds 
Rezzonner: folds 
AlexPinsk1: folds 
lymo1951: folds 
Uncalled bet ($0.50) returned to blackclan7
blackclan7 collected $1 from pot
blackclan7: doesn't show hand 
*** SUMMARY ***
Total pot $1 | Rake $0 
Seat 1: Rezzonner folded before Flop (didn't bet)
Seat 2: AlexPinsk1 (button) folded before Flop (didn't bet)
Seat 3: lymo1951 (small blind) folded before Flop
Seat 4: blackclan7 (big blind) collected ($1)
Seat 5: easy_sarcasm folded before Flop (didn't bet)
Seat 6: steepfell folded before Flop (didn't bet)



PokerStars Hand #254279272862:  Hold'em No Limit ($0.50/$1.00 USD) - 2025/01/09 16:18:00 WET [2025/01/09 11:18:00 ET]
Table 'Menkar II' 6-max Seat #3 is the button
Seat 1: Rezzonner ($101 in chips) 
Seat 2: AlexPinsk1 ($100 in chips) 
Seat 3: lymo1951 ($119.86 in chips) 
Seat 4: blackclan7 ($105.50 in chips) 
Seat 5: easy_sarcasm ($100 in chips) 
Seat 6: steepfell ($100 in chips) 
blackclan7: posts small blind $0.50
easy_sarcasm: posts big blind $1
*** HOLE CARDS ***
steepfell: raises $1.50 to $2.50
Rezzonner: folds 
AlexPinsk1: folds 
lymo1951: folds 
blackclan7: folds 
easy_sarcasm: folds 
Uncalled bet ($1.50) returned to steepfell
steepfell collected $2.50 from pot
steepfell: doesn't show hand 
*** SUMMARY ***
Total pot $2.50 | Rake $0 
Seat 1: Rezzonner folded before Flop (didn't bet)
Seat 2: AlexPinsk1 folded before Flop (didn't bet)
Seat 3: lymo1951 (button) folded before Flop (didn't bet)
Seat 4: blackclan7 (small blind) folded before Flop
Seat 5: easy_sarcasm (big blind) folded before Flop
Seat 6: steepfell collected ($2.50)



PokerStars Hand #254279275887:  Hold'em No Limit ($0.50/$1.00 USD) - 2025/01/09 16:18:13 WET [2025/01/09 11:18:13 ET]
Table 'Menkar II' 6-max Seat #4 is the button
Seat 1: Rezzonner ($101 in chips) 
Seat 2: AlexPinsk1 ($100 in chips) 
Seat 3: lymo1951 ($119.86 in chips) 
Seat 4: blackclan7 ($105 in chips) 
Seat 5: easy_sarcasm ($100 in chips) 
Seat 6: steepfell ($101.50 in chips) 
easy_sarcasm: posts small blind $0.50
steepfell: posts big blind $1
*** HOLE CARDS ***
Rezzonner: folds 
AlexPinsk1: folds 
lymo1951: folds 
blackclan7: folds 
easy_sarcasm: raises $2 to $3
steepfell: calls $2
*** FLOP *** [8s 6c Th]
easy_sarcasm: checks 
steepfell: checks 
*** TURN *** [8s 6c Th] [7c]
easy_sarcasm: checks 
steepfell: checks 
*** RIVER *** [8s 6c Th 7c] [5c]
easy_sarcasm: checks 
steepfell: checks 
*** SHOW DOWN ***
easy_sarcasm: shows [Ac Jh] (high card Ace)
steepfell: shows [Qs 8d] (a pair of Eights)
steepfell collected $5.70 from pot
*** SUMMARY ***
Total pot $6 | Rake $0.30 
Board [8s 6c Th 7c 5c]
Seat 1: Rezzonner folded before Flop (didn't bet)
Seat 2: AlexPinsk1 folded before Flop (didn't bet)
Seat 3: lymo1951 folded before Flop (didn't bet)
Seat 4: blackclan7 (button) folded before Flop (didn't bet)
Seat 5: easy_sarcasm (small blind) showed [Ac Jh] and lost with high card Ace
Seat 6: steepfell (big blind) showed [Qs 8d] and won ($5.70) with a pair of Eights



PokerStars Hand #254279285902:  Hold'em No Limit ($0.50/$1.00 USD) - 2025/01/09 16:18:56 WET [2025/01/09 11:18:56 ET]
Table 'Menkar II' 6-max Seat #5 is the button
Seat 1: Rezzonner ($101 in chips) 
Seat 2: AlexPinsk1 ($100 in chips) 
Seat 3: lymo1951 ($119.86 in chips) 
Seat 4: blackclan7 ($105 in chips) 
Seat 5: easy_sarcasm ($100 in chips) 
Seat 6: steepfell ($104.20 in chips) 
steepfell: posts small blind $0.50
Rezzonner: posts big blind $1
*** HOLE CARDS ***
AlexPinsk1: folds 
lymo1951: folds 
blackclan7: folds 
easy_sarcasm: folds 
steepfell: raises $2 to $3
Rezzonner: folds 
Uncalled bet ($2) returned to steepfell
steepfell collected $2 from pot
steepfell: doesn't show hand 
*** SUMMARY ***
Total pot $2 | Rake $0 
Seat 1: Rezzonner (big blind) folded before Flop
Seat 2: AlexPinsk1 folded before Flop (didn't bet)
Seat 3: lymo1951 folded before Flop (didn't bet)
Seat 4: blackclan7 folded before Flop (didn't bet)
Seat 5: easy_sarcasm (button) folded before Flop (didn't bet)
Seat 6: steepfell (small blind) collected ($2)



PokerStars Hand #254279289724:  Hold'em No Limit ($0.50/$1.00 USD) - 2025/01/09 16:19:12 WET [2025/01/09 11:19:12 ET]
Table 'Menkar II' 6-max Seat #6 is the button
Seat 1: Rezzonner ($100 in chips) 
Seat 2: AlexPinsk1 ($100 in chips) 
Seat 3: lymo1951 ($119.86 in chips) 
Seat 4: blackclan7 ($105 in chips) 
Seat 5: easy_sarcasm ($100 in chips) 
Seat 6: steepfell ($105.20 in chips) 
Rezzonner: posts small blind $0.50
AlexPinsk1: posts big blind $1
*** HOLE CARDS ***
lymo1951: folds 
blackclan7: folds 
easy_sarcasm: folds 
steepfell: raises $1.50 to $2.50
Rezzonner: folds 
AlexPinsk1: folds 
Uncalled bet ($1.50) returned to steepfell
steepfell collected $2.50 from pot
steepfell: doesn't show hand 
*** SUMMARY ***
Total pot $2.50 | Rake $0 
Seat 1: Rezzonner (small blind) folded before Flop
Seat 2: AlexPinsk1 (big blind) folded before Flop
Seat 3: lymo1951 folded before Flop (didn't bet)
Seat 4: blackclan7 folded before Flop (didn't bet)
Seat 5: easy_sarcasm folded before Flop (didn't bet)
Seat 6: steepfell (button) collected ($2.50)



PokerStars Hand #254279293271:  Hold'em No Limit ($0.50/$1.00 USD) - 2025/01/09 16:19:27 WET [2025/01/09 11:19:27 ET]
Table 'Menkar II' 6-max Seat #1 is the button
Seat 1: Rezzonner ($100 in chips) 
Seat 2: AlexPinsk1 ($100 in chips) 
Seat 3: lymo1951 ($119.86 in chips) 
Seat 4: blackclan7 ($105 in chips) 
Seat 5: easy_sarcasm ($100 in chips) 
Seat 6: steepfell ($106.70 in chips) 
AlexPinsk1: posts small blind $0.50
lymo1951: posts big blind $1
*** HOLE CARDS ***
blackclan7: folds 
easy_sarcasm: folds 
steepfell: folds 
Rezzonner: raises $1.50 to $2.50
AlexPinsk1: folds 
lymo1951: folds 
Uncalled bet ($1.50) returned to Rezzonner
Rezzonner collected $2.50 from pot
Rezzonner: doesn't show hand 
*** SUMMARY ***
Total pot $2.50 | Rake $0 
Seat 1: Rezzonner (button) collected ($2.50)
Seat 2: AlexPinsk1 (small blind) folded before Flop
Seat 3: lymo1951 (big blind) folded before Flop
Seat 4: blackclan7 folded before Flop (didn't bet)
Seat 5: easy_sarcasm folded before Flop (didn't bet)
Seat 6: steepfell folded before Flop (didn't bet)



PokerStars Hand #254279297827:  Hold'em No Limit ($0.50/$1.00 USD) - 2025/01/09 16:19:47 WET [2025/01/09 11:19:47 ET]
Table 'Menkar II' 6-max Seat #2 is the button
Seat 1: Rezzonner ($101.50 in chips) 
Seat 2: AlexPinsk1 ($100 in chips) 
Seat 3: lymo1951 ($118.86 in chips) 
Seat 4: blackclan7 ($105 in chips) 
Seat 5: easy_sarcasm ($100 in chips) 
Seat 6: steepfell ($106.70 in chips) 
lymo1951: posts small blind $0.50
blackclan7: posts big blind $1
*** HOLE CARDS ***
easy_sarcasm: folds 
steepfell: folds 
Rezzonner: folds 
AlexPinsk1: folds 
lymo1951: folds 
Uncalled bet ($0.50) returned to blackclan7
blackclan7 collected $1 from pot
blackclan7: doesn't show hand 
*** SUMMARY ***
Total pot $1 | Rake $0 
Seat 1: Rezzonner folded before Flop (didn't bet)
Seat 2: AlexPinsk1 (button) folded before Flop (didn't bet)
Seat 3: lymo1951 (small blind) folded before Flop
Seat 4: blackclan7 (big blind) collected ($1)
Seat 5: easy_sarcasm folded before Flop (didn't bet)
Seat 6: steepfell folded before Flop (didn't bet)



PokerStars Hand #254279302623:  Hold'em No Limit ($0.50/$1.00 USD) - 2025/01/09 16:20:07 WET [2025/01/09 11:20:07 ET]
Table 'Menkar II' 6-max Seat #3 is the button
Seat 1: Rezzonner ($101.50 in chips) 
Seat 2: AlexPinsk1 ($100 in chips) 
Seat 3: lymo1951 ($118.36 in chips) 
Seat 4: blackclan7 ($105.50 in chips) 
Seat 5: easy_sarcasm ($100 in chips) 
Seat 6: steepfell ($106.70 in chips) 
blackclan7: posts small blind $0.50
easy_sarcasm: posts big blind $1
*** HOLE CARDS ***
steepfell: raises $1.50 to $2.50
Rezzonner: folds 
AlexPinsk1: folds 
lymo1951: raises $6.50 to $9
blackclan7: folds 
easy_sarcasm: folds 
steepfell: calls $6.50
*** FLOP *** [6c 9c 6d]
steepfell: checks 
lymo1951: bets $9
steepfell: folds 
Uncalled bet ($9) returned to lymo1951
lymo1951 collected $18.52 from pot
lymo1951: doesn't show hand 
*** SUMMARY ***
Total pot $19.50 | Rake $0.98 
Board [6c 9c 6d]
Seat 1: Rezzonner folded before Flop (didn't bet)
Seat 2: AlexPinsk1 folded before Flop (didn't bet)
Seat 3: lymo1951 (button) collected ($18.52)
Seat 4: blackclan7 (small blind) folded before Flop
Seat 5: easy_sarcasm (big blind) folded before Flop
Seat 6: steepfell folded on the Flop



PokerStars Hand #254279314489:  Hold'em No Limit ($0.50/$1.00 USD) - 2025/01/09 16:20:58 WET [2025/01/09 11:20:58 ET]
Table 'Menkar II' 6-max Seat #4 is the button
Seat 1: Rezzonner ($101.50 in chips) 
Seat 2: AlexPinsk1 ($100 in chips) 
Seat 3: lymo1951 ($127.88 in chips) 
Seat 4: blackclan7 ($105 in chips) 
Seat 5: easy_sarcasm ($100 in chips) 
Seat 6: steepfell ($100 in chips) 
easy_sarcasm: posts small blind $0.50
steepfell: posts big blind $1
*** HOLE CARDS ***
Rezzonner: folds 
AlexPinsk1: folds 
lymo1951: calls $1
blackclan7: raises $3 to $4
easy_sarcasm: folds 
steepfell: folds 
lymo1951: calls $3
*** FLOP *** [9s 6d Jc]
lymo1951: checks 
blackclan7: checks 
*** TURN *** [9s 6d Jc] [Tc]
lymo1951: checks 
blackclan7: checks 
*** RIVER *** [9s 6d Jc Tc] [Ad]
lymo1951: checks 
blackclan7: bets $5.95
lymo1951: folds [Ts]
Uncalled bet ($5.95) returned to blackclan7
blackclan7 collected $9.02 from pot
blackclan7: doesn't show hand 
*** SUMMARY ***
Total pot $9.50 | Rake $0.48 
Board [9s 6d Jc Tc Ad]
Seat 1: Rezzonner folded before Flop (didn't bet)
Seat 2: AlexPinsk1 folded before Flop (didn't bet)
Seat 3: lymo1951 folded on the River
Seat 4: blackclan7 (button) collected ($9.02)
Seat 5: easy_sarcasm (small blind) folded before Flop
Seat 6: steepfell (big blind) folded before Flop



PokerStars Hand #254279327867:  Hold'em No Limit ($0.50/$1.00 USD) - 2025/01/09 16:21:55 WET [2025/01/09 11:21:55 ET]
Table 'Menkar II' 6-max Seat #5 is the button
Seat 1: Rezzonner ($101.50 in chips) 
Seat 2: AlexPinsk1 ($100 in chips) 
Seat 3: lymo1951 ($123.88 in chips) 
Seat 4: blackclan7 ($110.02 in chips) 
Seat 5: easy_sarcasm ($100 in chips) 
Seat 6: steepfell ($100 in chips) 
steepfell: posts small blind $0.50
Rezzonner: posts big blind $1
*** HOLE CARDS ***
AlexPinsk1: folds 
lymo1951: folds 
blackclan7: raises $1.30 to $2.30
easy_sarcasm: folds 
steepfell: folds 
Rezzonner: folds 
Uncalled bet ($1.30) returned to blackclan7
blackclan7 collected $2.50 from pot
blackclan7: doesn't show hand 
*** SUMMARY ***
Total pot $2.50 | Rake $0 
Seat 1: Rezzonner (big blind) folded before Flop
Seat 2: AlexPinsk1 folded before Flop (didn't bet)
Seat 3: lymo1951 folded before Flop (didn't bet)
Seat 4: blackclan7 collected ($2.50)
Seat 5: easy_sarcasm (button) folded before Flop (didn't bet)
Seat 6: steepfell (small blind) folded before Flop



PokerStars Hand #254279333591:  Hold'em No Limit ($0.50/$1.00 USD) - 2025/01/09 16:22:20 WET [2025/01/09 11:22:20 ET]
Table 'Menkar II' 6-max Seat #6 is the button
Seat 1: Rezzonner ($100.50 in chips) 
Seat 2: AlexPinsk1 ($100 in chips) 
Seat 3: lymo1951 ($123.88 in chips) 
Seat 4: blackclan7 ($111.52 in chips) 
Seat 5: easy_sarcasm ($100 in chips) 
Seat 6: steepfell ($100 in chips) 
Rezzonner: posts small blind $0.50
AlexPinsk1: posts big blind $1
*** HOLE CARDS ***
lymo1951: raises $2 to $3
blackclan7: folds 
easy_sarcasm: folds 
steepfell: folds 
Rezzonner: folds 
AlexPinsk1: folds 
Uncalled bet ($2) returned to lymo1951
lymo1951 collected $2.50 from pot
lymo1951: doesn't show hand 
*** SUMMARY ***
Total pot $2.50 | Rake $0 
Seat 1: Rezzonner (small blind) folded before Flop
Seat 2: AlexPinsk1 (big blind) folded before Flop
Seat 3: lymo1951 collected ($2.50)
Seat 4: blackclan7 folded before Flop (didn't bet)
Seat 5: easy_sarcasm folded before Flop (didn't bet)
Seat 6: steepfell (button) folded before Flop (didn't bet)



PokerStars Hand #254279336813:  Hold'em No Limit ($0.50/$1.00 USD) - 2025/01/09 16:22:33 WET [2025/01/09 11:22:33 ET]
Table 'Menkar II' 6-max Seat #1 is the button
Seat 1: Rezzonner ($100 in chips) 
Seat 2: AlexPinsk1 ($100 in chips) 
Seat 3: lymo1951 ($125.38 in chips) 
Seat 4: blackclan7 ($111.52 in chips) 
Seat 5: easy_sarcasm ($100 in chips) 
Seat 6: steepfell ($100 in chips) 
AlexPinsk1: posts small blind $0.50
lymo1951: posts big blind $1
*** HOLE CARDS ***
blackclan7: folds 
easy_sarcasm: folds 
steepfell: folds 
Rezzonner: folds 
AlexPinsk1: raises $2 to $3
lymo1951: folds 
Uncalled bet ($2) returned to AlexPinsk1
AlexPinsk1 collected $2 from pot
AlexPinsk1: doesn't show hand 
*** SUMMARY ***
Total pot $2 | Rake $0 
Seat 1: Rezzonner (button) folded before Flop (didn't bet)
Seat 2: AlexPinsk1 (small blind) collected ($2)
Seat 3: lymo1951 (big blind) folded before Flop
Seat 4: blackclan7 folded before Flop (didn't bet)
Seat 5: easy_sarcasm folded before Flop (didn't bet)
Seat 6: steepfell folded before Flop (didn't bet)



PokerStars Hand #254279367559:  Hold'em No Limit ($0.50/$1.00 USD) - 2025/01/09 16:24:45 WET [2025/01/09 11:24:45 ET]
Table 'Menkar II' 6-max Seat #5 is the button
Seat 1: Rezzonner ($100 in chips) 
Seat 2: AlexPinsk1 ($100 in chips) 
Seat 3: lymo1951 ($134.78 in chips) 
Seat 4: blackclan7 ($110.02 in chips) 
Seat 5: easy_sarcasm ($105.42 in chips) 
Seat 6: steepfell ($100 in chips) 
steepfell: posts small blind $0.50
Rezzonner: posts big blind $1
*** HOLE CARDS ***
AlexPinsk1: folds 
lymo1951: folds 
blackclan7: raises $1.30 to $2.30
easy_sarcasm: folds 
steepfell: folds 
Rezzonner: calls $1.30
*** FLOP *** [3s 5s 9d]
Rezzonner: checks 
blackclan7: checks 
*** TURN *** [3s 5s 9d] [4c]
Rezzonner: bets $3.63
blackclan7: calls $3.63
*** RIVER *** [3s 5s 9d 4c] [7c]
Rezzonner: checks 
blackclan7: checks 
*** SHOW DOWN ***
Rezzonner: shows [Ts Jh] (high card Jack)
blackclan7: shows [Qd 5d] (a pair of Fives)
blackclan7 collected $11.74 from pot
*** SUMMARY ***
Total pot $12.36 | Rake $0.62 
Board [3s 5s 9d 4c 7c]
Seat 1: Rezzonner (big blind) showed [Ts Jh] and lost with high card Jack
Seat 2: AlexPinsk1 folded before Flop (didn't bet)
Seat 3: lymo1951 folded before Flop (didn't bet)
Seat 4: blackclan7 showed [Qd 5d] and won ($11.74) with a pair of Fives
Seat 5: easy_sarcasm (button) folded before Flop (didn't bet)
Seat 6: steepfell (small blind) folded before Flop



PokerStars Hand #254279392689:  Hold'em No Limit ($0.50/$1.00 USD) - 2025/01/09 16:26:31 WET [2025/01/09 11:26:31 ET]
Table 'Menkar II' 6-max Seat #6 is the button
Seat 1: Rezzonner ($100 in chips) 
Seat 2: AlexPinsk1 ($100 in chips) 
Seat 3: lymo1951 ($134.78 in chips) 
Seat 4: blackclan7 ($115.83 in chips) 
Seat 5: easy_sarcasm ($105.42 in chips) 
Seat 6: steepfell ($100 in chips) 
Rezzonner: posts small blind $0.50
AlexPinsk1: posts big blind $1
*** HOLE CARDS ***
lymo1951: raises $2 to $3
blackclan7: folds 
easy_sarcasm: folds 
steepfell: folds 
Rezzonner: folds 
AlexPinsk1: folds 
Uncalled bet ($2) returned to lymo1951
lymo1951 collected $2.50 from pot
lymo1951: doesn't show hand 
*** SUMMARY ***
Total pot $2.50 | Rake $0 
Seat 1: Rezzonner (small blind) folded before Flop
Seat 2: AlexPinsk1 (big blind) folded before Flop
Seat 3: lymo1951 collected ($2.50)
Seat 4: blackclan7 folded before Flop (didn't bet)
Seat 5: easy_sarcasm folded before Flop (didn't bet)
Seat 6: steepfell (button) folded before Flop (didn't bet)



PokerStars Hand #254279396663:  Hold'em No Limit ($0.50/$1.00 USD) - 2025/01/09 16:26:48 WET [2025/01/09 11:26:48 ET]
Table 'Menkar II' 6-max Seat #1 is the button
Seat 1: Rezzonner ($100 in chips) 
Seat 2: AlexPinsk1 ($100 in chips) 
Seat 3: lymo1951 ($136.28 in chips) 
Seat 4: blackclan7 ($115.83 in chips) 
Seat 5: easy_sarcasm ($105.42 in chips) 
Seat 6: steepfell ($100 in chips) 
AlexPinsk1: posts small blind $0.50
lymo1951: posts big blind $1
*** HOLE CARDS ***
blackclan7: folds 
easy_sarcasm: folds 
steepfell: folds 
Rezzonner: folds 
AlexPinsk1: raises $2 to $3
lymo1951: folds 
Uncalled bet ($2) returned to AlexPinsk1
AlexPinsk1 collected $2 from pot
AlexPinsk1: doesn't show hand 
*** SUMMARY ***
Total pot $2 | Rake $0 
Seat 1: Rezzonner (button) folded before Flop (didn't bet)
Seat 2: AlexPinsk1 (small blind) collected ($2)
Seat 3: lymo1951 (big blind) folded before Flop
Seat 4: blackclan7 folded before Flop (didn't bet)
Seat 5: easy_sarcasm folded before Flop (didn't bet)
Seat 6: steepfell folded before Flop (didn't bet)



PokerStars Hand #254279400410:  Hold'em No Limit ($0.50/$1.00 USD) - 2025/01/09 16:27:04 WET [2025/01/09 11:27:04 ET]
Table 'Menkar II' 6-max Seat #2 is the button
Seat 1: Rezzonner ($100 in chips) 
Seat 2: AlexPinsk1 ($101 in chips) 
Seat 3: lymo1951 ($135.28 in chips) 
Seat 4: blackclan7 ($115.83 in chips) 
Seat 5: easy_sarcasm ($105.42 in chips) 
Seat 6: steepfell ($100 in chips) 
lymo1951: posts small blind $0.50
blackclan7: posts big blind $1
*** HOLE CARDS ***
easy_sarcasm: folds 
steepfell: raises $1.50 to $2.50
Rezzonner: folds 
AlexPinsk1: folds 
lymo1951: calls $2
blackclan7: folds 
*** FLOP *** [2s 4c 2h]
lymo1951: checks 
steepfell: bets $1.88
lymo1951: calls $1.88
*** TURN *** [2s 4c 2h] [5d]
lymo1951: checks 
steepfell: checks 
*** RIVER *** [2s 4c 2h 5d] [Tc]
lymo1951: checks 
steepfell: checks 
*** SHOW DOWN ***
lymo1951: shows [9d Ad] (a pair of Deuces)
steepfell: mucks hand 
lymo1951 collected $9.27 from pot
*** SUMMARY ***
Total pot $9.76 | Rake $0.49 
Board [2s 4c 2h 5d Tc]
Seat 1: Rezzonner folded before Flop (didn't bet)
Seat 2: AlexPinsk1 (button) folded before Flop (didn't bet)
Seat 3: lymo1951 (small blind) showed [9d Ad] and won ($9.27) with a pair of Deuces
Seat 4: blackclan7 (big blind) folded before Flop
Seat 5: easy_sarcasm folded before Flop (didn't bet)
Seat 6: steepfell mucked



PokerStars Hand #254279411602:  Hold'em No Limit ($0.50/$1.00 USD) - 2025/01/09 16:27:52 WET [2025/01/09 11:27:52 ET]
Table 'Menkar II' 6-max Seat #3 is the button
Seat 1: Rezzonner ($100 in chips) 
Seat 2: AlexPinsk1 ($101 in chips) 
Seat 3: lymo1951 ($140.17 in chips) 
Seat 4: blackclan7 ($114.83 in chips) 
Seat 5: easy_sarcasm ($105.42 in chips) 
Seat 6: steepfell ($100 in chips) 
blackclan7: posts small blind $0.50
easy_sarcasm: posts big blind $1
*** HOLE CARDS ***
steepfell: folds 
Rezzonner: folds 
AlexPinsk1: folds 
lymo1951: folds 
blackclan7: folds 
Uncalled bet ($0.50) returned to easy_sarcasm
easy_sarcasm collected $1 from pot
*** SUMMARY ***
Total pot $1 | Rake $0 
Seat 1: Rezzonner folded before Flop (didn't bet)
Seat 2: AlexPinsk1 folded before Flop (didn't bet)
Seat 3: lymo1951 (button) folded before Flop (didn't bet)
Seat 4: blackclan7 (small blind) folded before Flop
Seat 5: easy_sarcasm (big blind) collected ($1)
Seat 6: steepfell folded before Flop (didn't bet)



PokerStars Hand #254279414259:  Hold'em No Limit ($0.50/$1.00 USD) - 2025/01/09 16:28:04 WET [2025/01/09 11:28:04 ET]
Table 'Menkar II' 6-max Seat #4 is the button
Seat 1: Rezzonner ($100 in chips) 
Seat 2: AlexPinsk1 ($101 in chips) 
Seat 3: lymo1951 ($140.17 in chips) 
Seat 4: blackclan7 ($114.33 in chips) 
Seat 5: easy_sarcasm ($105.92 in chips) 
Seat 6: steepfell ($100 in chips) 
easy_sarcasm: posts small blind $0.50
steepfell: posts big blind $1
*** HOLE CARDS ***
Rezzonner: folds 
AlexPinsk1: raises $1.50 to $2.50
lymo1951: calls $2.50
blackclan7: folds 
easy_sarcasm: calls $2
steepfell: folds 
*** FLOP *** [7s 5s 5h]
easy_sarcasm: checks 
AlexPinsk1: checks 
lymo1951: checks 
*** TURN *** [7s 5s 5h] [Td]
easy_sarcasm: checks 
AlexPinsk1: checks 
lymo1951: bets $9
easy_sarcasm: folds 
AlexPinsk1: folds 
Uncalled bet ($9) returned to lymo1951
lymo1951 collected $8.08 from pot
lymo1951: doesn't show hand 
*** SUMMARY ***
Total pot $8.50 | Rake $0.42 
Board [7s 5s 5h Td]
Seat 1: Rezzonner folded before Flop (didn't bet)
Seat 2: AlexPinsk1 folded on the Turn
Seat 3: lymo1951 collected ($8.08)
Seat 4: blackclan7 (button) folded before Flop (didn't bet)
Seat 5: easy_sarcasm (small blind) folded on the Turn
Seat 6: steepfell (big blind) folded before Flop



PokerStars Hand #254279433587:  Hold'em No Limit ($0.50/$1.00 USD) - 2025/01/09 16:29:28 WET [2025/01/09 11:29:28 ET]
Table 'Menkar II' 6-max Seat #5 is the button
Seat 1: Rezzonner ($100 in chips) 
Seat 2: AlexPinsk1 ($100 in chips) 
Seat 3: lymo1951 ($145.75 in chips) 
Seat 4: blackclan7 ($114.33 in chips) 
Seat 5: easy_sarcasm ($103.42 in chips) 
Seat 6: steepfell ($100 in chips) 
steepfell: posts small blind $0.50
Rezzonner: posts big blind $1
*** HOLE CARDS ***
AlexPinsk1: raises $1.50 to $2.50
lymo1951: calls $2.50
blackclan7: folds 
easy_sarcasm: raises $6.50 to $9
steepfell: folds 
Rezzonner: folds 
AlexPinsk1: folds 
lymo1951: folds 
Uncalled bet ($6.50) returned to easy_sarcasm
easy_sarcasm collected $9 from pot
*** SUMMARY ***
Total pot $9 | Rake $0 
Seat 1: Rezzonner (big blind) folded before Flop
Seat 2: AlexPinsk1 folded before Flop
Seat 3: lymo1951 folded before Flop
Seat 4: blackclan7 folded before Flop (didn't bet)
Seat 5: easy_sarcasm (button) collected ($9)
Seat 6: steepfell (small blind) folded before Flop



PokerStars Hand #254279438771:  Hold'em No Limit ($0.50/$1.00 USD) - 2025/01/09 16:29:50 WET [2025/01/09 11:29:50 ET]
Table 'Menkar II' 6-max Seat #6 is the button
Seat 1: Rezzonner ($100 in chips) 
Seat 2: AlexPinsk1 ($100 in chips) 
Seat 3: lymo1951 ($143.25 in chips) 
Seat 4: blackclan7 ($114.33 in chips) 
Seat 5: easy_sarcasm ($109.92 in chips) 
Seat 6: steepfell ($100 in chips) 
Rezzonner: posts small blind $0.50
AlexPinsk1: posts big blind $1
*** HOLE CARDS ***
lymo1951: folds 
blackclan7: folds 
easy_sarcasm: folds 
steepfell: folds 
Rezzonner: folds 
Uncalled bet ($0.50) returned to AlexPinsk1
AlexPinsk1 collected $1 from pot
AlexPinsk1: doesn't show hand 
*** SUMMARY ***
Total pot $1 | Rake $0 
Seat 1: Rezzonner (small blind) folded before Flop
Seat 2: AlexPinsk1 (big blind) collected ($1)
Seat 3: lymo1951 folded before Flop (didn't bet)
Seat 4: blackclan7 folded before Flop (didn't bet)
Seat 5: easy_sarcasm folded before Flop (didn't bet)
Seat 6: steepfell (button) folded before Flop (didn't bet)



PokerStars Hand #254279443174:  Hold'em No Limit ($0.50/$1.00 USD) - 2025/01/09 16:30:08 WET [2025/01/09 11:30:08 ET]
Table 'Menkar II' 6-max Seat #1 is the button
Seat 1: Rezzonner ($100 in chips) 
Seat 2: AlexPinsk1 ($100.50 in chips) 
Seat 3: lymo1951 ($143.25 in chips) 
Seat 4: blackclan7 ($114.33 in chips) 
Seat 5: easy_sarcasm ($109.92 in chips) 
Seat 6: steepfell ($100 in chips) 
AlexPinsk1: posts small blind $0.50
lymo1951: posts big blind $1
*** HOLE CARDS ***
blackclan7: folds 
easy_sarcasm: raises $2 to $3
steepfell: folds 
Rezzonner: folds 
AlexPinsk1: folds 
lymo1951: calls $2
*** FLOP *** [9d 9h 5h]
lymo1951: checks 
easy_sarcasm: bets $2.04
lymo1951: folds 
Uncalled bet ($2.04) returned to easy_sarcasm
easy_sarcasm collected $6.18 from pot
*** SUMMARY ***
Total pot $6.50 | Rake $0.32 
Board [9d 9h 5h]
Seat 1: Rezzonner (button) folded before Flop (didn't bet)
Seat 2: AlexPinsk1 (small blind) folded before Flop
Seat 3: lymo1951 (big blind) folded on the Flop
Seat 4: blackclan7 folded before Flop (didn't bet)
Seat 5: easy_sarcasm collected ($6.18)
Seat 6: steepfell folded before Flop (didn't bet)



PokerStars Hand #254279450138:  Hold'em No Limit ($0.50/$1.00 USD) - 2025/01/09 16:30:38 WET [2025/01/09 11:30:38 ET]
Table 'Menkar II' 6-max Seat #2 is the button
Seat 1: Rezzonner ($100 in chips) 
Seat 2: AlexPinsk1 ($100 in chips) 
Seat 3: lymo1951 ($140.25 in chips) 
Seat 4: blackclan7 ($114.33 in chips) 
Seat 5: easy_sarcasm ($113.10 in chips) 
Seat 6: steepfell ($100 in chips) 
lymo1951: posts small blind $0.50
blackclan7: posts big blind $1
*** HOLE CARDS ***
easy_sarcasm: folds 
steepfell: folds 
Rezzonner: raises $1.50 to $2.50
AlexPinsk1: folds 
lymo1951: calls $2
blackclan7: calls $1.50
*** FLOP *** [Kh 3c 3d]
lymo1951: checks 
blackclan7: checks 
Rezzonner: bets $2.35
lymo1951: folds 
blackclan7: folds 
Uncalled bet ($2.35) returned to Rezzonner
Rezzonner collected $7.12 from pot
Rezzonner: doesn't show hand 
*** SUMMARY ***
Total pot $7.50 | Rake $0.38 
Board [Kh 3c 3d]
Seat 1: Rezzonner collected ($7.12)
Seat 2: AlexPinsk1 (button) folded before Flop (didn't bet)
Seat 3: lymo1951 (small blind) folded on the Flop
Seat 4: blackclan7 (big blind) folded on the Flop
Seat 5: easy_sarcasm folded before Flop (didn't bet)
Seat 6: steepfell folded before Flop (didn't bet)



PokerStars Hand #254279457866:  Hold'em No Limit ($0.50/$1.00 USD) - 2025/01/09 16:31:11 WET [2025/01/09 11:31:11 ET]
Table 'Menkar II' 6-max Seat #3 is the button
Seat 1: Rezzonner ($104.62 in chips) 
Seat 2: AlexPinsk1 ($100 in chips) 
Seat 3: lymo1951 ($137.75 in chips) 
Seat 4: blackclan7 ($111.83 in chips) 
Seat 5: easy_sarcasm ($113.10 in chips) 
Seat 6: steepfell ($100 in chips) 
blackclan7: posts small blind $0.50
easy_sarcasm: posts big blind $1
*** HOLE CARDS ***
steepfell: folds 
Rezzonner: folds 
AlexPinsk1: folds 
lymo1951: raises $3 to $4
blackclan7: folds 
easy_sarcasm: raises $8 to $12
lymo1951: calls $8
*** FLOP *** [5h 7d 4c]
easy_sarcasm: bets $7.50
lymo1951: calls $7.50
*** TURN *** [5h 7d 4c] [6h]
easy_sarcasm: checks 
lymo1951: checks 
*** RIVER *** [5h 7d 4c 6h] [3d]
easy_sarcasm: checks 
lymo1951: checks 
*** SHOW DOWN ***
easy_sarcasm: shows [Kd Kc] (a straight, Three to Seven)
lymo1951: shows [As Js] (a straight, Three to Seven)
easy_sarcasm collected $18.76 from pot
lymo1951 collected $18.76 from pot
*** SUMMARY ***
Total pot $39.50 | Rake $1.98 
Board [5h 7d 4c 6h 3d]
Seat 1: Rezzonner folded before Flop (didn't bet)
Seat 2: AlexPinsk1 folded before Flop (didn't bet)
Seat 3: lymo1951 (button) showed [As Js] and won ($18.76) with a straight, Three to Seven
Seat 4: blackclan7 (small blind) folded before Flop
Seat 5: easy_sarcasm (big blind) showed [Kd Kc] and won ($18.76) with a straight, Three to Seven
Seat 6: steepfell folded before Flop (didn't bet)



PokerStars Hand #254279466531:  Hold'em No Limit ($0.50/$1.00 USD) - 2025/01/09 16:31:48 WET [2025/01/09 11:31:48 ET]
Table 'Menkar II' 6-max Seat #4 is the button
Seat 1: Rezzonner ($104.62 in chips) 
Seat 2: AlexPinsk1 ($100 in chips) 
Seat 3: lymo1951 ($137.01 in chips) 
Seat 4: blackclan7 ($111.33 in chips) 
Seat 5: easy_sarcasm ($112.36 in chips) 
Seat 6: steepfell ($100 in chips) 
easy_sarcasm: posts small blind $0.50
steepfell: posts big blind $1
*** HOLE CARDS ***
Rezzonner: folds 
AlexPinsk1: folds 
lymo1951: folds 
blackclan7: folds 
easy_sarcasm: folds 
Uncalled bet ($0.50) returned to steepfell
steepfell collected $1 from pot
steepfell: doesn't show hand 
*** SUMMARY ***
Total pot $1 | Rake $0 
Seat 1: Rezzonner folded before Flop (didn't bet)
Seat 2: AlexPinsk1 folded before Flop (didn't bet)
Seat 3: lymo1951 folded before Flop (didn't bet)
Seat 4: blackclan7 (button) folded before Flop (didn't bet)
Seat 5: easy_sarcasm (small blind) folded before Flop
Seat 6: steepfell (big blind) collected ($1)



PokerStars Hand #254279469636:  Hold'em No Limit ($0.50/$1.00 USD) - 2025/01/09 16:32:01 WET [2025/01/09 11:32:01 ET]
Table 'Menkar II' 6-max Seat #5 is the button
Seat 1: Rezzonner ($104.62 in chips) 
Seat 2: AlexPinsk1 ($100 in chips) 
Seat 3: lymo1951 ($137.01 in chips) 
Seat 4: blackclan7 ($111.33 in chips) 
Seat 5: easy_sarcasm ($111.86 in chips) 
Seat 6: steepfell ($100.50 in chips) 
steepfell: posts small blind $0.50
Rezzonner: posts big blind $1
*** HOLE CARDS ***
AlexPinsk1: folds 
lymo1951: raises $2.50 to $3.50
blackclan7: folds 
easy_sarcasm: folds 
steepfell: folds 
Rezzonner: folds 
Uncalled bet ($2.50) returned to lymo1951
lymo1951 collected $2.50 from pot
lymo1951: doesn't show hand 
*** SUMMARY ***
Total pot $2.50 | Rake $0 
Seat 1: Rezzonner (big blind) folded before Flop
Seat 2: AlexPinsk1 folded before Flop (didn't bet)
Seat 3: lymo1951 collected ($2.50)
Seat 4: blackclan7 folded before Flop (didn't bet)
Seat 5: easy_sarcasm (button) folded before Flop (didn't bet)
Seat 6: steepfell (small blind) folded before Flop



PokerStars Hand #254279474039:  Hold'em No Limit ($0.50/$1.00 USD) - 2025/01/09 16:32:19 WET [2025/01/09 11:32:19 ET]
Table 'Menkar II' 6-max Seat #6 is the button
Seat 1: Rezzonner ($103.62 in chips) 
Seat 2: AlexPinsk1 ($100 in chips) 
Seat 3: lymo1951 ($138.51 in chips) 
Seat 4: blackclan7 ($111.33 in chips) 
Seat 5: easy_sarcasm ($111.86 in chips) 
Seat 6: steepfell ($100 in chips) 
Rezzonner: posts small blind $0.50
AlexPinsk1: posts big blind $1
*** HOLE CARDS ***
lymo1951: folds 
blackclan7: folds 
easy_sarcasm: raises $2 to $3
steepfell: folds 
Rezzonner: folds 
AlexPinsk1: folds 
Uncalled bet ($2) returned to easy_sarcasm
easy_sarcasm collected $2.50 from pot
*** SUMMARY ***
Total pot $2.50 | Rake $0 
Seat 1: Rezzonner (small blind) folded before Flop
Seat 2: AlexPinsk1 (big blind) folded before Flop
Seat 3: lymo1951 folded before Flop (didn't bet)
Seat 4: blackclan7 folded before Flop (didn't bet)
Seat 5: easy_sarcasm collected ($2.50)
Seat 6: steepfell (button) folded before Flop (didn't bet)



PokerStars Hand #254279479349:  Hold'em No Limit ($0.50/$1.00 USD) - 2025/01/09 16:32:42 WET [2025/01/09 11:32:42 ET]
Table 'Menkar II' 6-max Seat #1 is the button
Seat 1: Rezzonner ($103.12 in chips) 
Seat 2: AlexPinsk1 ($100 in chips) 
Seat 3: lymo1951 ($138.51 in chips) 
Seat 4: blackclan7 ($111.33 in chips) 
Seat 5: easy_sarcasm ($113.36 in chips) 
Seat 6: steepfell ($100 in chips) 
AlexPinsk1: posts small blind $0.50
lymo1951: posts big blind $1
*** HOLE CARDS ***
blackclan7: folds 
easy_sarcasm: folds 
steepfell: folds 
Rezzonner: folds 
AlexPinsk1: raises $2 to $3
lymo1951: calls $2
*** FLOP *** [2c 2d 8c]
AlexPinsk1: bets $2.85
lymo1951: calls $2.85
*** TURN *** [2c 2d 8c] [4s]
AlexPinsk1: bets $8.34
lymo1951: calls $8.34
*** RIVER *** [2c 2d 8c 4s] [Ac]
AlexPinsk1: checks 
lymo1951: checks 
*** SHOW DOWN ***
AlexPinsk1: shows [9d 7s] (a pair of Deuces)
lymo1951: shows [3c 3h] (two pair, Threes and Deuces)
lymo1951 collected $26.96 from pot
*** SUMMARY ***
Total pot $28.38 | Rake $1.42 
Board [2c 2d 8c 4s Ac]
Seat 1: Rezzonner (button) folded before Flop (didn't bet)
Seat 2: AlexPinsk1 (small blind) showed [9d 7s] and lost with a pair of Deuces
Seat 3: lymo1951 (big blind) showed [3c 3h] and won ($26.96) with two pair, Threes and Deuces
Seat 4: blackclan7 folded before Flop (didn't bet)
Seat 5: easy_sarcasm folded before Flop (didn't bet)
Seat 6: steepfell folded before Flop (didn't bet)



PokerStars Hand #254279492222:  Hold'em No Limit ($0.50/$1.00 USD) - 2025/01/09 16:33:36 WET [2025/01/09 11:33:36 ET]
Table 'Menkar II' 6-max Seat #2 is the button
Seat 1: Rezzonner ($103.12 in chips) 
Seat 2: AlexPinsk1 ($100 in chips) 
Seat 3: lymo1951 ($151.28 in chips) 
Seat 4: blackclan7 ($111.33 in chips) 
Seat 5: easy_sarcasm ($113.36 in chips) 
Seat 6: steepfell ($100 in chips) 
lymo1951: posts small blind $0.50
blackclan7: posts big blind $1
*** HOLE CARDS ***
easy_sarcasm: folds 
steepfell: raises $1.50 to $2.50
Rezzonner: folds 
AlexPinsk1: folds 
lymo1951: calls $2
blackclan7: folds 
*** FLOP *** [7c Js 8h]
lymo1951: checks 
steepfell: bets $2.85
lymo1951: calls $2.85
*** TURN *** [7c Js 8h] [As]
lymo1951: checks 
steepfell: bets $8.34
lymo1951: calls $8.34
*** RIVER *** [7c Js 8h As] [Th]
lymo1951: checks 
steepfell: checks 
*** SHOW DOWN ***
lymo1951: shows [6s 5s] (high card Ace)
steepfell: shows [Jd Ad] (two pair, Aces and Jacks)
steepfell collected $26.96 from pot
*** SUMMARY ***
Total pot $28.38 | Rake $1.42 
Board [7c Js 8h As Th]
Seat 1: Rezzonner folded before Flop (didn't bet)
Seat 2: AlexPinsk1 (button) folded before Flop (didn't bet)
Seat 3: lymo1951 (small blind) showed [6s 5s] and lost with high card Ace
Seat 4: blackclan7 (big blind) folded before Flop
Seat 5: easy_sarcasm folded before Flop (didn't bet)
Seat 6: steepfell showed [Jd Ad] and won ($26.96) with two pair, Aces and Jacks



PokerStars Hand #254279502765:  Hold'em No Limit ($0.50/$1.00 USD) - 2025/01/09 16:34:20 WET [2025/01/09 11:34:20 ET]
Table 'Menkar II' 6-max Seat #3 is the button
Seat 1: Rezzonner ($103.12 in chips) 
Seat 2: AlexPinsk1 ($100 in chips) 
Seat 3: lymo1951 ($137.59 in chips) 
Seat 4: blackclan7 ($110.33 in chips) 
Seat 5: easy_sarcasm ($113.36 in chips) 
Seat 6: steepfell ($113.27 in chips) 
blackclan7: posts small blind $0.50
easy_sarcasm: posts big blind $1
*** HOLE CARDS ***
steepfell: folds 
Rezzonner: folds 
AlexPinsk1: folds 
lymo1951: folds 
blackclan7: raises $2 to $3
easy_sarcasm: folds 
Uncalled bet ($2) returned to blackclan7
blackclan7 collected $2 from pot
blackclan7: doesn't show hand 
*** SUMMARY ***
Total pot $2 | Rake $0 
Seat 1: Rezzonner folded before Flop (didn't bet)
Seat 2: AlexPinsk1 folded before Flop (didn't bet)
Seat 3: lymo1951 (button) folded before Flop (didn't bet)
Seat 4: blackclan7 (small blind) collected ($2)
Seat 5: easy_sarcasm (big blind) folded before Flop
Seat 6: steepfell folded before Flop (didn't bet)



PokerStars Hand #254279507143:  Hold'em No Limit ($0.50/$1.00 USD) - 2025/01/09 16:34:38 WET [2025/01/09 11:34:38 ET]
Table 'Menkar II' 6-max Seat #4 is the button
Seat 1: Rezzonner ($103.12 in chips) 
Seat 2: AlexPinsk1 ($100 in chips) 
Seat 3: lymo1951 ($137.59 in chips) 
Seat 4: blackclan7 ($111.33 in chips) 
Seat 5: easy_sarcasm ($112.36 in chips) 
Seat 6: steepfell ($113.27 in chips) 
easy_sarcasm: posts small blind $0.50
steepfell: posts big blind $1
*** HOLE CARDS ***
Rezzonner: raises $1.50 to $2.50
AlexPinsk1: folds 
lymo1951: folds 
blackclan7: folds 
easy_sarcasm: folds 
steepfell: folds 
Uncalled bet ($1.50) returned to Rezzonner
Rezzonner collected $2.50 from pot
Rezzonner: doesn't show hand 
*** SUMMARY ***
Total pot $2.50 | Rake $0 
Seat 1: Rezzonner collected ($2.50)
Seat 2: AlexPinsk1 folded before Flop (didn't bet)
Seat 3: lymo1951 folded before Flop (didn't bet)
Seat 4: blackclan7 (button) folded before Flop (didn't bet)
Seat 5: easy_sarcasm (small blind) folded before Flop
Seat 6: steepfell (big blind) folded before Flop



PokerStars Hand #254279510794:  Hold'em No Limit ($0.50/$1.00 USD) - 2025/01/09 16:34:54 WET [2025/01/09 11:34:54 ET]
Table 'Menkar II' 6-max Seat #5 is the button
Seat 1: Rezzonner ($104.62 in chips) 
Seat 2: AlexPinsk1 ($100 in chips) 
Seat 3: lymo1951 ($137.59 in chips) 
Seat 4: blackclan7 ($111.33 in chips) 
Seat 5: easy_sarcasm ($111.86 in chips) 
Seat 6: steepfell ($112.27 in chips) 
steepfell: posts small blind $0.50
Rezzonner: posts big blind $1
*** HOLE CARDS ***
AlexPinsk1: folds 
lymo1951: raises $2.50 to $3.50
blackclan7: folds 
easy_sarcasm: calls $3.50
steepfell: folds 
Rezzonner: calls $2.50
*** FLOP *** [6h 8s Jh]
Rezzonner: checks 
lymo1951: checks 
easy_sarcasm: bets $5.50
Rezzonner: raises $10.50 to $16
lymo1951: folds 
easy_sarcasm: raises $92.36 to $108.36 and is all-in
Rezzonner: folds 
Uncalled bet ($92.36) returned to easy_sarcasm
easy_sarcasm collected $40.85 from pot
*** SUMMARY ***
Total pot $43 | Rake $2.15 
Board [6h 8s Jh]
Seat 1: Rezzonner (big blind) folded on the Flop
Seat 2: AlexPinsk1 folded before Flop (didn't bet)
Seat 3: lymo1951 folded on the Flop
Seat 4: blackclan7 folded before Flop (didn't bet)
Seat 5: easy_sarcasm (button) collected ($40.85)
Seat 6: steepfell (small blind) folded before Flop



PokerStars Hand #254279524913:  Hold'em No Limit ($0.50/$1.00 USD) - 2025/01/09 16:35:53 WET [2025/01/09 11:35:53 ET]
Table 'Menkar II' 6-max Seat #6 is the button
Seat 1: Rezzonner ($100 in chips) 
Seat 2: AlexPinsk1 ($100 in chips) 
Seat 3: lymo1951 ($134.09 in chips) 
Seat 4: blackclan7 ($111.33 in chips) 
Seat 5: easy_sarcasm ($133.21 in chips) 
Seat 6: steepfell ($111.77 in chips) 
Rezzonner: posts small blind $0.50
AlexPinsk1: posts big blind $1
*** HOLE CARDS ***
lymo1951: raises $2.50 to $3.50
blackclan7: folds 
easy_sarcasm: folds 
steepfell: folds 
Rezzonner: folds 
AlexPinsk1: folds 
Uncalled bet ($2.50) returned to lymo1951
lymo1951 collected $2.50 from pot
lymo1951: doesn't show hand 
*** SUMMARY ***
Total pot $2.50 | Rake $0 
Seat 1: Rezzonner (small blind) folded before Flop
Seat 2: AlexPinsk1 (big blind) folded before Flop
Seat 3: lymo1951 collected ($2.50)
Seat 4: blackclan7 folded before Flop (didn't bet)
Seat 5: easy_sarcasm folded before Flop (didn't bet)
Seat 6: steepfell (button) folded before Flop (didn't bet)



PokerStars Hand #254279528635:  Hold'em No Limit ($0.50/$1.00 USD) - 2025/01/09 16:36:08 WET [2025/01/09 11:36:08 ET]
Table 'Menkar II' 6-max Seat #1 is the button
Seat 1: Rezzonner ($100 in chips) 
Seat 2: AlexPinsk1 ($100 in chips) 
Seat 3: lymo1951 ($135.59 in chips) 
Seat 4: blackclan7 ($111.33 in chips) 
Seat 5: easy_sarcasm ($133.21 in chips) 
Seat 6: steepfell ($111.77 in chips) 
AlexPinsk1: posts small blind $0.50
lymo1951: posts big blind $1
*** HOLE CARDS ***
blackclan7: folds 
easy_sarcasm: folds 
steepfell: raises $1.50 to $2.50
Rezzonner: folds 
AlexPinsk1: folds 
lymo1951: calls $1.50
*** FLOP *** [Kd Qd Th]
lymo1951: checks 
steepfell: bets $3.92
lymo1951: folds 
Uncalled bet ($3.92) returned to steepfell
steepfell collected $5.22 from pot
steepfell: doesn't show hand 
*** SUMMARY ***
Total pot $5.50 | Rake $0.28 
Board [Kd Qd Th]
Seat 1: Rezzonner (button) folded before Flop (didn't bet)
Seat 2: AlexPinsk1 (small blind) folded before Flop
Seat 3: lymo1951 (big blind) folded on the Flop
Seat 4: blackclan7 folded before Flop (didn't bet)
Seat 5: easy_sarcasm folded before Flop (didn't bet)
Seat 6: steepfell collected ($5.22)



PokerStars Hand #254279536295:  Hold'em No Limit ($0.50/$1.00 USD) - 2025/01/09 16:36:40 WET [2025/01/09 11:36:40 ET]
Table 'Menkar II' 6-max Seat #2 is the button
Seat 1: Rezzonner ($100 in chips) 
Seat 2: AlexPinsk1 ($100 in chips) 
Seat 3: lymo1951 ($133.09 in chips) 
Seat 4: blackclan7 ($111.33 in chips) 
Seat 5: easy_sarcasm ($133.21 in chips) 
Seat 6: steepfell ($114.49 in chips) 
lymo1951: posts small blind $0.50
blackclan7: posts big blind $1
*** HOLE CARDS ***
easy_sarcasm: folds 
steepfell: folds 
Rezzonner: raises $1.50 to $2.50
AlexPinsk1: folds 
lymo1951: raises $6.50 to $9
blackclan7: folds 
Rezzonner: calls $6.50
*** FLOP *** [5s 7c 5c]
lymo1951: bets $10
Rezzonner: folds 
Uncalled bet ($10) returned to lymo1951
lymo1951 collected $18.05 from pot
lymo1951: doesn't show hand 
*** SUMMARY ***
Total pot $19 | Rake $0.95 
Board [5s 7c 5c]
Seat 1: Rezzonner folded on the Flop
Seat 2: AlexPinsk1 (button) folded before Flop (didn't bet)
Seat 3: lymo1951 (small blind) collected ($18.05)
Seat 4: blackclan7 (big blind) folded before Flop
Seat 5: easy_sarcasm folded before Flop (didn't bet)
Seat 6: steepfell folded before Flop (didn't bet)



PokerStars Hand #254279549838:  Hold'em No Limit ($0.50/$1.00 USD) - 2025/01/09 16:37:36 WET [2025/01/09 11:37:36 ET]
Table 'Menkar II' 6-max Seat #3 is the button
Seat 1: Rezzonner ($100 in chips) 
Seat 2: AlexPinsk1 ($100 in chips) 
Seat 3: lymo1951 ($142.14 in chips) 
Seat 4: blackclan7 ($110.33 in chips) 
Seat 5: easy_sarcasm ($133.21 in chips) 
Seat 6: steepfell ($114.49 in chips) 
blackclan7: posts small blind $0.50
easy_sarcasm: posts big blind $1
*** HOLE CARDS ***
steepfell: folds 
Rezzonner: folds 
AlexPinsk1: raises $1.50 to $2.50
lymo1951: calls $2.50
blackclan7: folds 
easy_sarcasm: calls $1.50
*** FLOP *** [Ac 6s 3c]
easy_sarcasm: checks 
AlexPinsk1: checks 
lymo1951: bets $8
easy_sarcasm: folds 
AlexPinsk1: folds 
Uncalled bet ($8) returned to lymo1951
lymo1951 collected $7.60 from pot
lymo1951: doesn't show hand 
*** SUMMARY ***
Total pot $8 | Rake $0.40 
Board [Ac 6s 3c]
Seat 1: Rezzonner folded before Flop (didn't bet)
Seat 2: AlexPinsk1 folded on the Flop
Seat 3: lymo1951 (button) collected ($7.60)
Seat 4: blackclan7 (small blind) folded before Flop
Seat 5: easy_sarcasm (big blind) folded on the Flop
Seat 6: steepfell folded before Flop (didn't bet)



PokerStars Hand #254279558745:  Hold'em No Limit ($0.50/$1.00 USD) - 2025/01/09 16:38:14 WET [2025/01/09 11:38:14 ET]
Table 'Menkar II' 6-max Seat #4 is the button
Seat 1: Rezzonner ($100 in chips) 
Seat 2: AlexPinsk1 ($100 in chips) 
Seat 3: lymo1951 ($147.24 in chips) 
Seat 4: blackclan7 ($109.83 in chips) 
Seat 5: easy_sarcasm ($130.71 in chips) 
Seat 6: steepfell ($114.49 in chips) 
easy_sarcasm: posts small blind $0.50
steepfell: posts big blind $1
*** HOLE CARDS ***
Rezzonner: folds 
AlexPinsk1: folds 
lymo1951: folds 
blackclan7: raises $1.50 to $2.50
easy_sarcasm: calls $2
steepfell: calls $1.50
*** FLOP *** [6s 3s 9s]
easy_sarcasm: checks 
steepfell: checks 
blackclan7: checks 
*** TURN *** [6s 3s 9s] [3h]
easy_sarcasm: bets $3.50
steepfell: folds 
blackclan7: folds 
Uncalled bet ($3.50) returned to easy_sarcasm
easy_sarcasm collected $7.12 from pot
*** SUMMARY ***
Total pot $7.50 | Rake $0.38 
Board [6s 3s 9s 3h]
Seat 1: Rezzonner folded before Flop (didn't bet)
Seat 2: AlexPinsk1 folded before Flop (didn't bet)
Seat 3: lymo1951 folded before Flop (didn't bet)
Seat 4: blackclan7 (button) folded on the Turn
Seat 5: easy_sarcasm (small blind) collected ($7.12)
Seat 6: steepfell (big blind) folded on the Turn



PokerStars Hand #254279569977:  Hold'em No Limit ($0.50/$1.00 USD) - 2025/01/09 16:39:00 WET [2025/01/09 11:39:00 ET]
Table 'Menkar II' 6-max Seat #5 is the button
Seat 1: Rezzonner ($100 in chips) 
Seat 2: AlexPinsk1 ($100 in chips) 
Seat 3: lymo1951 ($147.24 in chips) 
Seat 4: blackclan7 ($107.33 in chips) 
Seat 5: easy_sarcasm ($135.33 in chips) 
Seat 6: steepfell ($111.99 in chips) 
steepfell: posts small blind $0.50
Rezzonner: posts big blind $1
*** HOLE CARDS ***
AlexPinsk1: folds 
lymo1951: raises $2 to $3
blackclan7: folds 
easy_sarcasm: folds 
steepfell: folds 
Rezzonner: calls $2
*** FLOP *** [7d 4h Ac]
Rezzonner: bets $2.04
lymo1951: folds 
Uncalled bet ($2.04) returned to Rezzonner
Rezzonner collected $6.18 from pot
Rezzonner: doesn't show hand 
*** SUMMARY ***
Total pot $6.50 | Rake $0.32 
Board [7d 4h Ac]
Seat 1: Rezzonner (big blind) collected ($6.18)
Seat 2: AlexPinsk1 folded before Flop (didn't bet)
Seat 3: lymo1951 folded on the Flop
Seat 4: blackclan7 folded before Flop (didn't bet)
Seat 5: easy_sarcasm (button) folded before Flop (didn't bet)
Seat 6: steepfell (small blind) folded before Flop



PokerStars Hand #254279580263:  Hold'em No Limit ($0.50/$1.00 USD) - 2025/01/09 16:39:43 WET [2025/01/09 11:39:43 ET]
Table 'Menkar II' 6-max Seat #6 is the button
Seat 1: Rezzonner ($103.18 in chips) 
Seat 2: AlexPinsk1 ($100 in chips) 
Seat 3: lymo1951 ($144.24 in chips) 
Seat 4: blackclan7 ($107.33 in chips) 
Seat 5: easy_sarcasm ($135.33 in chips) 
Seat 6: steepfell ($111.49 in chips) 
Rezzonner: posts small blind $0.50
AlexPinsk1: posts big blind $1
*** HOLE CARDS ***
lymo1951: raises $2 to $3
blackclan7: folds 
easy_sarcasm: folds 
steepfell: folds 
Rezzonner: folds 
AlexPinsk1: raises $9.50 to $12.50
lymo1951: raises $14.50 to $27
AlexPinsk1: raises $73 to $100 and is all-in
lymo1951: calls $73
*** FLOP *** [Qd 4h 6h]
*** TURN *** [Qd 4h 6h] [Jc]
*** RIVER *** [Qd 4h 6h Jc] [Td]
*** SHOW DOWN ***
AlexPinsk1: shows [Jh Jd] (three of a kind, Jacks)
lymo1951: shows [Kc Ks] (a pair of Kings)
AlexPinsk1 collected $198 from pot
*** SUMMARY ***
Total pot $200.50 | Rake $2.50 
Board [Qd 4h 6h Jc Td]
Seat 1: Rezzonner (small blind) folded before Flop
Seat 2: AlexPinsk1 (big blind) showed [Jh Jd] and won ($198) with three of a kind, Jacks
Seat 3: lymo1951 showed [Kc Ks] and lost with a pair of Kings
Seat 4: blackclan7 folded before Flop (didn't bet)
Seat 5: easy_sarcasm folded before Flop (didn't bet)
Seat 6: steepfell (button) folded before Flop (didn't bet)



PokerStars Hand #254279598332:  Hold'em No Limit ($0.50/$1.00 USD) - 2025/01/09 16:40:58 WET [2025/01/09 11:40:58 ET]
Table 'Menkar II' 6-max Seat #1 is the button
Seat 1: Rezzonner ($102.68 in chips) 
Seat 2: AlexPinsk1 ($198 in chips) 
Seat 3: lymo1951 ($44.24 in chips) 
Seat 4: blackclan7 ($107.33 in chips) 
Seat 5: easy_sarcasm ($135.33 in chips) 
Seat 6: steepfell ($111.49 in chips) 
AlexPinsk1: posts small blind $0.50
lymo1951: posts big blind $1
*** HOLE CARDS ***
blackclan7: folds 
easy_sarcasm: raises $2 to $3
steepfell: folds 
Rezzonner: folds 
AlexPinsk1: folds 
lymo1951: calls $2
*** FLOP *** [9c Kd 4h]
lymo1951: checks 
easy_sarcasm: bets $3.15
lymo1951: calls $3.15
*** TURN *** [9c Kd 4h] [4d]
lymo1951: checks 
easy_sarcasm: bets $7.50
lymo1951: calls $7.50
*** RIVER *** [9c Kd 4h 4d] [5h]
lymo1951: checks 
easy_sarcasm: checks 
*** SHOW DOWN ***
lymo1951: shows [Th Js] (a pair of Fours)
easy_sarcasm: shows [7d 9d] (two pair, Nines and Fours)
easy_sarcasm collected $26.41 from pot
*** SUMMARY ***
Total pot $27.80 | Rake $1.39 
Board [9c Kd 4h 4d 5h]
Seat 1: Rezzonner (button) folded before Flop (didn't bet)
Seat 2: AlexPinsk1 (small blind) folded before Flop
Seat 3: lymo1951 (big blind) showed [Th Js] and lost with a pair of Fours
Seat 4: blackclan7 folded before Flop (didn't bet)
Seat 5: easy_sarcasm showed [7d 9d] and won ($26.41) with two pair, Nines and Fours
Seat 6: steepfell folded before Flop (didn't bet)



PokerStars Hand #254279608310:  Hold'em No Limit ($0.50/$1.00 USD) - 2025/01/09 16:41:39 WET [2025/01/09 11:41:39 ET]
Table 'Menkar II' 6-max Seat #2 is the button
Seat 1: Rezzonner ($102.68 in chips) 
Seat 2: AlexPinsk1 ($197.50 in chips) 
Seat 3: lymo1951 ($87.35 in chips) 
Seat 4: blackclan7 ($107.33 in chips) 
Seat 5: easy_sarcasm ($148.09 in chips) 
Seat 6: steepfell ($111.49 in chips) 
lymo1951: posts small blind $0.50
blackclan7: posts big blind $1
*** HOLE CARDS ***
easy_sarcasm: folds 
steepfell: folds 
Rezzonner: folds 
AlexPinsk1: folds 
lymo1951: folds 
Uncalled bet ($0.50) returned to blackclan7
blackclan7 collected $1 from pot
blackclan7: doesn't show hand 
*** SUMMARY ***
Total pot $1 | Rake $0 
Seat 1: Rezzonner folded before Flop (didn't bet)
Seat 2: AlexPinsk1 (button) folded before Flop (didn't bet)
Seat 3: lymo1951 (small blind) folded before Flop
Seat 4: blackclan7 (big blind) collected ($1)
Seat 5: easy_sarcasm folded before Flop (didn't bet)
Seat 6: steepfell folded before Flop (didn't bet)



PokerStars Hand #254279612088:  Hold'em No Limit ($0.50/$1.00 USD) - 2025/01/09 16:41:55 WET [2025/01/09 11:41:55 ET]
Table 'Menkar II' 6-max Seat #3 is the button
Seat 1: Rezzonner ($102.68 in chips) 
Seat 2: AlexPinsk1 ($197.50 in chips) 
Seat 3: lymo1951 ($100 in chips) 
Seat 4: blackclan7 ($107.83 in chips) 
Seat 5: easy_sarcasm ($148.09 in chips) 
Seat 6: steepfell ($111.49 in chips) 
blackclan7: posts small blind $0.50
easy_sarcasm: posts big blind $1
*** HOLE CARDS ***
steepfell: folds 
Rezzonner: folds 
AlexPinsk1: folds 
lymo1951: raises $2.50 to $3.50
blackclan7: folds 
easy_sarcasm: calls $2.50
*** FLOP *** [Qd Ac 2c]
easy_sarcasm: checks 
lymo1951: bets $8
easy_sarcasm: folds 
Uncalled bet ($8) returned to lymo1951
lymo1951 collected $7.12 from pot
lymo1951: doesn't show hand 
*** SUMMARY ***
Total pot $7.50 | Rake $0.38 
Board [Qd Ac 2c]
Seat 1: Rezzonner folded before Flop (didn't bet)
Seat 2: AlexPinsk1 folded before Flop (didn't bet)
Seat 3: lymo1951 (button) collected ($7.12)
Seat 4: blackclan7 (small blind) folded before Flop
Seat 5: easy_sarcasm (big blind) folded on the Flop
Seat 6: steepfell folded before Flop (didn't bet)



PokerStars Hand #254279619501:  Hold'em No Limit ($0.50/$1.00 USD) - 2025/01/09 16:42:27 WET [2025/01/09 11:42:27 ET]
Table 'Menkar II' 6-max Seat #4 is the button
Seat 1: Rezzonner ($102.68 in chips) 
Seat 2: AlexPinsk1 ($197.50 in chips) 
Seat 3: lymo1951 ($103.62 in chips) 
Seat 4: blackclan7 ($107.33 in chips) 
Seat 5: easy_sarcasm ($144.59 in chips) 
Seat 6: steepfell ($111.49 in chips) 
easy_sarcasm: posts small blind $0.50
steepfell: posts big blind $1
*** HOLE CARDS ***
Rezzonner: folds 
AlexPinsk1: raises $1.50 to $2.50
lymo1951: calls $2.50
blackclan7: folds 
easy_sarcasm: folds 
steepfell: folds 
*** FLOP *** [9s Td 2c]
AlexPinsk1: checks 
lymo1951: checks 
*** TURN *** [9s Td 2c] [5h]
AlexPinsk1: bets $4.64
lymo1951: raises $6.36 to $11
AlexPinsk1: calls $6.36
*** RIVER *** [9s Td 2c 5h] [Kd]
AlexPinsk1: checks 
lymo1951: bets $28
AlexPinsk1: folds 
Uncalled bet ($28) returned to lymo1951
lymo1951 collected $27.08 from pot
lymo1951: doesn't show hand 
*** SUMMARY ***
Total pot $28.50 | Rake $1.42 
Board [9s Td 2c 5h Kd]
Seat 1: Rezzonner folded before Flop (didn't bet)
Seat 2: AlexPinsk1 folded on the River
Seat 3: lymo1951 collected ($27.08)
Seat 4: blackclan7 (button) folded before Flop (didn't bet)
Seat 5: easy_sarcasm (small blind) folded before Flop
Seat 6: steepfell (big blind) folded before Flop



PokerStars Hand #254279340724:  Hold'em No Limit ($0.50/$1.00 USD) - 2025/01/09 16:22:50 WET [2025/01/09 11:22:50 ET]
Table 'Menkar II' 6-max Seat #2 is the button
Seat 1: Rezzonner ($100 in chips) 
Seat 2: AlexPinsk1 ($101 in chips) 
Seat 3: lymo1951 ($124.38 in chips) 
Seat 4: blackclan7 ($111.52 in chips) 
Seat 5: easy_sarcasm ($100 in chips) 
Seat 6: steepfell ($100 in chips) 
lymo1951: posts small blind $0.50
blackclan7: posts big blind $1
*** HOLE CARDS ***
easy_sarcasm: folds 
steepfell: raises $1.50 to $2.50
Rezzonner: folds 
AlexPinsk1: folds 
lymo1951: calls $2
blackclan7: folds 
*** FLOP *** [3s 5c 5h]
lymo1951: checks 
steepfell: checks 
*** TURN *** [3s 5c 5h] [2d]
lymo1951: checks 
steepfell: checks 
*** RIVER *** [3s 5c 5h 2d] [As]
lymo1951: bets $8
steepfell: calls $8
*** SHOW DOWN ***
lymo1951: shows [7d 4d] (a straight, Ace to Five)
steepfell: mucks hand 
lymo1951 collected $20.90 from pot
*** SUMMARY ***
Total pot $22 | Rake $1.10 
Board [3s 5c 5h 2d As]
Seat 1: Rezzonner folded before Flop (didn't bet)
Seat 2: AlexPinsk1 (button) folded before Flop (didn't bet)
Seat 3: lymo1951 (small blind) showed [7d 4d] and won ($20.90) with a straight, Ace to Five
Seat 4: blackclan7 (big blind) folded before Flop
Seat 5: easy_sarcasm folded before Flop (didn't bet)
Seat 6: steepfell mucked



PokerStars Hand #254279353984:  Hold'em No Limit ($0.50/$1.00 USD) - 2025/01/09 16:23:47 WET [2025/01/09 11:23:47 ET]
Table 'Menkar II' 6-max Seat #3 is the button
Seat 1: Rezzonner ($100 in chips) 
Seat 2: AlexPinsk1 ($101 in chips) 
Seat 3: lymo1951 ($134.78 in chips) 
Seat 4: blackclan7 ($110.52 in chips) 
Seat 5: easy_sarcasm ($100 in chips) 
Seat 6: steepfell ($100 in chips) 
blackclan7: posts small blind $0.50
easy_sarcasm: posts big blind $1
*** HOLE CARDS ***
steepfell: folds 
Rezzonner: folds 
AlexPinsk1: raises $1.50 to $2.50
lymo1951: folds 
blackclan7: folds 
easy_sarcasm: calls $1.50
*** FLOP *** [Jh Jd 4h]
easy_sarcasm: checks 
AlexPinsk1: checks 
*** TURN *** [Jh Jd 4h] [8d]
easy_sarcasm: bets $2.50
AlexPinsk1: folds 
Uncalled bet ($2.50) returned to easy_sarcasm
easy_sarcasm collected $5.22 from pot
*** SUMMARY ***
Total pot $5.50 | Rake $0.28 
Board [Jh Jd 4h 8d]
Seat 1: Rezzonner folded before Flop (didn't bet)
Seat 2: AlexPinsk1 folded on the Turn
Seat 3: lymo1951 (button) folded before Flop (didn't bet)
Seat 4: blackclan7 (small blind) folded before Flop
Seat 5: easy_sarcasm (big blind) collected ($5.22)
Seat 6: steepfell folded before Flop (didn't bet)



PokerStars Hand #254279362681:  Hold'em No Limit ($0.50/$1.00 USD) - 2025/01/09 16:24:24 WET [2025/01/09 11:24:24 ET]
Table 'Menkar II' 6-max Seat #4 is the button
Seat 1: Rezzonner ($100 in chips) 
Seat 2: AlexPinsk1 ($100 in chips) 
Seat 3: lymo1951 ($134.78 in chips) 
Seat 4: blackclan7 ($110.02 in chips) 
Seat 5: easy_sarcasm ($102.72 in chips) 
Seat 6: steepfell ($100 in chips) 
easy_sarcasm: posts small blind $0.50
steepfell: posts big blind $1
*** HOLE CARDS ***
Rezzonner: folds 
AlexPinsk1: folds 
lymo1951: folds 
blackclan7: folds 
easy_sarcasm: raises $2 to $3
steepfell: calls $2
*** FLOP *** [6h 7h Jh]
easy_sarcasm: bets $2
steepfell: folds 
Uncalled bet ($2) returned to easy_sarcasm
easy_sarcasm collected $5.70 from pot
*** SUMMARY ***
Total pot $6 | Rake $0.30 
Board [6h 7h Jh]
Seat 1: Rezzonner folded before Flop (didn't bet)
Seat 2: AlexPinsk1 folded before Flop (didn't bet)
Seat 3: lymo1951 folded before Flop (didn't bet)
Seat 4: blackclan7 (button) folded before Flop (didn't bet)
Seat 5: easy_sarcasm (small blind) collected ($5.70)
Seat 6: steepfell (big blind) folded on the Flop



PokerStars Hand #254279735520:  Hold'em No Limit ($0.50/$1.00 USD) - 2025/01/09 16:50:21 WET [2025/01/09 11:50:21 ET]
Table 'Menkar II' 6-max Seat #4 is the button
Seat 3: lymo1951 ($139.15 in chips) is sitting out
Seat 1: Rezzonner ($100.11 in chips) 
Seat 2: AlexPinsk1 ($175.06 in chips) 
Seat 4: blackclan7 ($109.44 in chips) 
Seat 5: easy_sarcasm ($239.59 in chips) 
Seat 6: steepfell ($131.21 in chips) 
easy_sarcasm: posts small blind $0.50
steepfell: posts big blind $1
*** HOLE CARDS ***
Rezzonner: folds 
AlexPinsk1: folds 
blackclan7: folds 
easy_sarcasm: folds 
Uncalled bet ($0.50) returned to steepfell
steepfell collected $1 from pot
steepfell: doesn't show hand 
*** SUMMARY ***
Total pot $1 | Rake $0 
Seat 3: lymo1951
Seat 1: Rezzonner folded before Flop (didn't bet)
Seat 2: AlexPinsk1 folded before Flop (didn't bet)
Seat 4: blackclan7 (button) folded before Flop (didn't bet)
Seat 5: easy_sarcasm (small blind) folded before Flop
Seat 6: steepfell (big blind) collected ($1)



PokerStars Hand #254279737696:  Hold'em No Limit ($0.50/$1.00 USD) - 2025/01/09 16:50:30 WET [2025/01/09 11:50:30 ET]
Table 'Menkar II' 6-max Seat #5 is the button
Seat 3: lymo1951 ($139.15 in chips) is sitting out
Seat 1: Rezzonner ($100.11 in chips) 
Seat 2: AlexPinsk1 ($175.06 in chips) 
Seat 4: blackclan7 ($109.44 in chips) 
Seat 5: easy_sarcasm ($239.09 in chips) 
Seat 6: steepfell ($131.71 in chips) 
steepfell: posts small blind $0.50
Rezzonner: posts big blind $1
*** HOLE CARDS ***
AlexPinsk1: raises $1.50 to $2.50
blackclan7: folds 
easy_sarcasm: folds 
steepfell: folds 
Rezzonner: calls $1.50
*** FLOP *** [3s 2c As]
Rezzonner: checks 
AlexPinsk1: checks 
*** TURN *** [3s 2c As] [9h]
Rezzonner: bets $10.50
AlexPinsk1: folds 
Uncalled bet ($10.50) returned to Rezzonner
Rezzonner collected $5.22 from pot
Rezzonner: doesn't show hand 
*** SUMMARY ***
Total pot $5.50 | Rake $0.28 
Board [3s 2c As 9h]
Seat 3: lymo1951
Seat 1: Rezzonner (big blind) collected ($5.22)
Seat 2: AlexPinsk1 folded on the Turn
Seat 4: blackclan7 folded before Flop (didn't bet)
Seat 5: easy_sarcasm (button) folded before Flop (didn't bet)
Seat 6: steepfell (small blind) folded before Flop



PokerStars Hand #254279748674:  Hold'em No Limit ($0.50/$1.00 USD) - 2025/01/09 16:51:14 WET [2025/01/09 11:51:14 ET]
Table 'Menkar II' 6-max Seat #6 is the button
Seat 3: lymo1951 ($139.15 in chips) is sitting out
Seat 1: Rezzonner ($102.83 in chips) 
Seat 2: AlexPinsk1 ($172.56 in chips) 
Seat 4: blackclan7 ($109.44 in chips) 
Seat 5: easy_sarcasm ($239.09 in chips) 
Seat 6: steepfell ($131.21 in chips) 
Rezzonner: posts small blind $0.50
AlexPinsk1: posts big blind $1
*** HOLE CARDS ***
blackclan7: folds 
easy_sarcasm: folds 
steepfell: folds 
Rezzonner: raises $2 to $3
AlexPinsk1: raises $6 to $9
Rezzonner: calls $6
*** FLOP *** [Th 6s 4h]
Rezzonner: checks 
AlexPinsk1: checks 
*** TURN *** [Th 6s 4h] [5s]
Rezzonner: bets $10.26
AlexPinsk1: folds 
Uncalled bet ($10.26) returned to Rezzonner
Rezzonner collected $17.10 from pot
Rezzonner: doesn't show hand 
*** SUMMARY ***
Total pot $18 | Rake $0.90 
Board [Th 6s 4h 5s]
Seat 3: lymo1951
Seat 1: Rezzonner (small blind) collected ($17.10)
Seat 2: AlexPinsk1 (big blind) folded on the Turn
Seat 4: blackclan7 folded before Flop (didn't bet)
Seat 5: easy_sarcasm folded before Flop (didn't bet)
Seat 6: steepfell (button) folded before Flop (didn't bet)



PokerStars Hand #254279766871:  Hold'em No Limit ($0.50/$1.00 USD) - 2025/01/09 16:52:29 WET [2025/01/09 11:52:29 ET]
Table 'Menkar II' 6-max Seat #1 is the button
Seat 3: lymo1951 ($139.15 in chips) is sitting out
Seat 1: Rezzonner ($110.93 in chips) 
Seat 2: AlexPinsk1 ($163.56 in chips) 
Seat 4: blackclan7 ($109.44 in chips) 
Seat 5: easy_sarcasm ($239.09 in chips) 
Seat 6: steepfell ($131.21 in chips) 
AlexPinsk1: posts small blind $0.50
blackclan7: posts big blind $1
*** HOLE CARDS ***
easy_sarcasm: folds 
steepfell: folds 
Rezzonner: folds 
AlexPinsk1: folds 
Uncalled bet ($0.50) returned to blackclan7
blackclan7 collected $1 from pot
blackclan7: doesn't show hand 
*** SUMMARY ***
Total pot $1 | Rake $0 
Seat 3: lymo1951
Seat 1: Rezzonner (button) folded before Flop (didn't bet)
Seat 2: AlexPinsk1 (small blind) folded before Flop
Seat 4: blackclan7 (big blind) collected ($1)
Seat 5: easy_sarcasm folded before Flop (didn't bet)
Seat 6: steepfell folded before Flop (didn't bet)



PokerStars Hand #254279769362:  Hold'em No Limit ($0.50/$1.00 USD) - 2025/01/09 16:52:39 WET [2025/01/09 11:52:39 ET]
Table 'Menkar II' 6-max Seat #2 is the button
Seat 3: lymo1951 ($139.15 in chips) is sitting out
Seat 1: Rezzonner ($110.93 in chips) 
Seat 2: AlexPinsk1 ($163.06 in chips) 
Seat 4: blackclan7 ($109.94 in chips) 
Seat 5: easy_sarcasm ($239.09 in chips) 
Seat 6: steepfell ($131.21 in chips) 
blackclan7: posts small blind $0.50
easy_sarcasm: posts big blind $1
*** HOLE CARDS ***
steepfell: folds 
Rezzonner: folds 
AlexPinsk1: raises $1.50 to $2.50
blackclan7: folds 
easy_sarcasm: folds 
Uncalled bet ($1.50) returned to AlexPinsk1
AlexPinsk1 collected $2.50 from pot
AlexPinsk1: doesn't show hand 
*** SUMMARY ***
Total pot $2.50 | Rake $0 
Seat 3: lymo1951
Seat 1: Rezzonner folded before Flop (didn't bet)
Seat 2: AlexPinsk1 (button) collected ($2.50)
Seat 4: blackclan7 (small blind) folded before Flop
Seat 5: easy_sarcasm (big blind) folded before Flop
Seat 6: steepfell folded before Flop (didn't bet)



PokerStars Hand #254279774997:  Hold'em No Limit ($0.50/$1.00 USD) - 2025/01/09 16:53:02 WET [2025/01/09 11:53:02 ET]
Table 'Menkar II' 6-max Seat #4 is the button
Seat 3: lymo1951 ($139.15 in chips) is sitting out
Seat 1: Rezzonner ($110.93 in chips) 
Seat 2: AlexPinsk1 ($164.56 in chips) 
Seat 4: blackclan7 ($109.44 in chips) 
Seat 5: easy_sarcasm ($238.09 in chips) 
Seat 6: steepfell ($131.21 in chips) 
easy_sarcasm: posts small blind $0.50
steepfell: posts big blind $1
*** HOLE CARDS ***
Rezzonner: raises $1.50 to $2.50
AlexPinsk1: folds 
blackclan7: folds 
easy_sarcasm: folds 
steepfell: folds 
Uncalled bet ($1.50) returned to Rezzonner
Rezzonner collected $2.50 from pot
Rezzonner: doesn't show hand 
*** SUMMARY ***
Total pot $2.50 | Rake $0 
Seat 3: lymo1951
Seat 1: Rezzonner collected ($2.50)
Seat 2: AlexPinsk1 folded before Flop (didn't bet)
Seat 4: blackclan7 (button) folded before Flop (didn't bet)
Seat 5: easy_sarcasm (small blind) folded before Flop
Seat 6: steepfell (big blind) folded before Flop



PokerStars Hand #254279779350:  Hold'em No Limit ($0.50/$1.00 USD) - 2025/01/09 16:53:20 WET [2025/01/09 11:53:20 ET]
Table 'Menkar II' 6-max Seat #5 is the button
Seat 3: lymo1951 ($139.15 in chips) is sitting out
Seat 1: Rezzonner ($112.43 in chips) 
Seat 2: AlexPinsk1 ($164.56 in chips) 
Seat 4: blackclan7 ($109.44 in chips) 
Seat 5: easy_sarcasm ($237.59 in chips) 
Seat 6: steepfell ($130.21 in chips) 
steepfell: posts small blind $0.50
Rezzonner: posts big blind $1
*** HOLE CARDS ***
AlexPinsk1: raises $1.50 to $2.50
blackclan7: raises $4.87 to $7.37
easy_sarcasm: folds 
steepfell: folds 
Rezzonner: folds 
AlexPinsk1: folds 
Uncalled bet ($4.87) returned to blackclan7
blackclan7 collected $6.50 from pot
blackclan7: doesn't show hand 
*** SUMMARY ***
Total pot $6.50 | Rake $0 
Seat 3: lymo1951
Seat 1: Rezzonner (big blind) folded before Flop
Seat 2: AlexPinsk1 folded before Flop
Seat 4: blackclan7 collected ($6.50)
Seat 5: easy_sarcasm (button) folded before Flop (didn't bet)
Seat 6: steepfell (small blind) folded before Flop



PokerStars Hand #254279785691:  Hold'em No Limit ($0.50/$1.00 USD) - 2025/01/09 16:53:45 WET [2025/01/09 11:53:45 ET]
Table 'Menkar II' 6-max Seat #6 is the button
Seat 3: lymo1951 ($139.15 in chips) is sitting out
Seat 1: Rezzonner ($111.43 in chips) 
Seat 2: AlexPinsk1 ($162.06 in chips) 
Seat 4: blackclan7 ($113.44 in chips) 
Seat 5: easy_sarcasm ($237.59 in chips) 
Seat 6: steepfell ($129.71 in chips) 
Rezzonner: posts small blind $0.50
AlexPinsk1: posts big blind $1
*** HOLE CARDS ***
blackclan7: folds 
easy_sarcasm: folds 
steepfell: folds 
Rezzonner: folds 
Uncalled bet ($0.50) returned to AlexPinsk1
AlexPinsk1 collected $1 from pot
AlexPinsk1: doesn't show hand 
*** SUMMARY ***
Total pot $1 | Rake $0 
Seat 3: lymo1951
Seat 1: Rezzonner (small blind) folded before Flop
Seat 2: AlexPinsk1 (big blind) collected ($1)
Seat 4: blackclan7 folded before Flop (didn't bet)
Seat 5: easy_sarcasm folded before Flop (didn't bet)
Seat 6: steepfell (button) folded before Flop (didn't bet)



PokerStars Hand #254279787721:  Hold'em No Limit ($0.50/$1.00 USD) - 2025/01/09 16:53:54 WET [2025/01/09 11:53:54 ET]
Table 'Menkar II' 6-max Seat #1 is the button
Seat 3: lymo1951 ($139.15 in chips) is sitting out
Seat 1: Rezzonner ($110.93 in chips) 
Seat 2: AlexPinsk1 ($162.56 in chips) 
Seat 4: blackclan7 ($113.44 in chips) 
Seat 5: easy_sarcasm ($237.59 in chips) 
Seat 6: steepfell ($129.71 in chips) 
AlexPinsk1: posts small blind $0.50
blackclan7: posts big blind $1
*** HOLE CARDS ***
easy_sarcasm: folds 
steepfell: folds 
Rezzonner: folds 
AlexPinsk1: raises $2 to $3
blackclan7: calls $2
*** FLOP *** [6c 5d 8s]
AlexPinsk1: checks 
blackclan7: checks 
*** TURN *** [6c 5d 8s] [8h]
AlexPinsk1: bets $1.88
blackclan7: calls $1.88
*** RIVER *** [6c 5d 8s 8h] [2h]
AlexPinsk1: bets $12.50
blackclan7: folds 
Uncalled bet ($12.50) returned to AlexPinsk1
AlexPinsk1 collected $9.27 from pot
lymo1951 leaves the table
AlexPinsk1: doesn't show hand 
*** SUMMARY ***
Total pot $9.76 | Rake $0.49 
Board [6c 5d 8s 8h 2h]
Seat 3: lymo1951
Seat 1: Rezzonner (button) folded before Flop (didn't bet)
Seat 2: AlexPinsk1 (small blind) collected ($9.27)
Seat 4: blackclan7 (big blind) folded on the River
Seat 5: easy_sarcasm folded before Flop (didn't bet)
Seat 6: steepfell folded before Flop (didn't bet)



PokerStars Hand #254279803685:  Hold'em No Limit ($0.50/$1.00 USD) - 2025/01/09 16:55:00 WET [2025/01/09 11:55:00 ET]
Table 'Menkar II' 6-max Seat #2 is the button
Seat 1: Rezzonner ($110.93 in chips) 
Seat 2: AlexPinsk1 ($166.95 in chips) 
Seat 4: blackclan7 ($108.56 in chips) 
Seat 5: easy_sarcasm ($237.59 in chips) 
Seat 6: steepfell ($129.71 in chips) 
blackclan7: posts small blind $0.50
easy_sarcasm: posts big blind $1
*** HOLE CARDS ***
steepfell: folds 
Rezzonner: folds 
AlexPinsk1: folds 
blackclan7: folds 
Uncalled bet ($0.50) returned to easy_sarcasm
easy_sarcasm collected $1 from pot
*** SUMMARY ***
Total pot $1 | Rake $0 
Seat 1: Rezzonner folded before Flop (didn't bet)
Seat 2: AlexPinsk1 (button) folded before Flop (didn't bet)
Seat 4: blackclan7 (small blind) folded before Flop
Seat 5: easy_sarcasm (big blind) collected ($1)
Seat 6: steepfell folded before Flop (didn't bet)



PokerStars Hand #254279805312:  Hold'em No Limit ($0.50/$1.00 USD) - 2025/01/09 16:55:06 WET [2025/01/09 11:55:06 ET]
Table 'Menkar II' 6-max Seat #4 is the button
Seat 1: Rezzonner ($110.93 in chips) 
Seat 2: AlexPinsk1 ($166.95 in chips) 
Seat 4: blackclan7 ($108.06 in chips) 
Seat 5: easy_sarcasm ($238.09 in chips) 
Seat 6: steepfell ($129.71 in chips) 
easy_sarcasm: posts small blind $0.50
steepfell: posts big blind $1
*** HOLE CARDS ***
Rezzonner: folds 
AlexPinsk1: folds 
Aescul@pius joins the table at seat #3 
blackclan7: raises $1.50 to $2.50
easy_sarcasm: folds 
steepfell: folds 
Uncalled bet ($1.50) returned to blackclan7
blackclan7 collected $2.50 from pot
blackclan7: doesn't show hand 
*** SUMMARY ***
Total pot $2.50 | Rake $0 
Seat 1: Rezzonner folded before Flop (didn't bet)
Seat 2: AlexPinsk1 folded before Flop (didn't bet)
Seat 4: blackclan7 (button) collected ($2.50)
Seat 5: easy_sarcasm (small blind) folded before Flop
Seat 6: steepfell (big blind) folded before Flop



PokerStars Hand #254279808814:  Hold'em No Limit ($0.50/$1.00 USD) - 2025/01/09 16:55:26 WET [2025/01/09 11:55:26 ET]
Table 'Menkar II' 6-max Seat #5 is the button
Seat 3: Aescul@pius ($100 in chips) is sitting out
Seat 1: Rezzonner ($110.93 in chips) 
Seat 2: AlexPinsk1 ($166.95 in chips) 
Seat 4: blackclan7 ($109.56 in chips) 
Seat 5: easy_sarcasm ($237.59 in chips) 
Seat 6: steepfell ($128.71 in chips) 
steepfell: posts small blind $0.50
Rezzonner: posts big blind $1
Aescul@pius: sits out 
*** HOLE CARDS ***
AlexPinsk1: folds 
blackclan7: folds 
easy_sarcasm: folds 
steepfell: raises $2 to $3
Rezzonner: raises $6 to $9
steepfell: folds 
Uncalled bet ($6) returned to Rezzonner
Rezzonner collected $6 from pot
Rezzonner: doesn't show hand 
*** SUMMARY ***
Total pot $6 | Rake $0 
Seat 3: Aescul@pius
Seat 1: Rezzonner (big blind) collected ($6)
Seat 2: AlexPinsk1 folded before Flop (didn't bet)
Seat 4: blackclan7 folded before Flop (didn't bet)
Seat 5: easy_sarcasm (button) folded before Flop (didn't bet)
Seat 6: steepfell (small blind) folded before Flop



PokerStars Hand #254279812852:  Hold'em No Limit ($0.50/$1.00 USD) - 2025/01/09 16:55:47 WET [2025/01/09 11:55:47 ET]
Table 'Menkar II' 6-max Seat #6 is the button
Seat 2: AlexPinsk1 ($166.95 in chips) is sitting out
Seat 1: Rezzonner ($113.93 in chips) 
Seat 3: Aescul@pius ($100 in chips) 
Seat 4: blackclan7 ($109.56 in chips) 
Seat 5: easy_sarcasm ($237.59 in chips) 
Seat 6: steepfell ($125.71 in chips) 
Rezzonner: posts small blind $0.50
AlexPinsk1: is sitting out 
Aescul@pius: posts big blind $1
*** HOLE CARDS ***
blackclan7: folds 
easy_sarcasm: raises $2 to $3
blackclan7 leaves the table
BigAlTay joins the table at seat #4 
BigAlTay is disconnected 
steepfell: folds 
Rezzonner: folds 
Aescul@pius: folds 
Uncalled bet ($2) returned to easy_sarcasm
easy_sarcasm collected $2.50 from pot
*** SUMMARY ***
Total pot $2.50 | Rake $0 
Seat 2: AlexPinsk1
Seat 1: Rezzonner (small blind) folded before Flop
Seat 3: Aescul@pius (big blind) folded before Flop
Seat 4: blackclan7 folded before Flop (didn't bet)
Seat 5: easy_sarcasm collected ($2.50)
Seat 6: steepfell (button) folded before Flop (didn't bet)



PokerStars Hand #254279816408:  Hold'em No Limit ($0.50/$1.00 USD) - 2025/01/09 16:56:06 WET [2025/01/09 11:56:06 ET]
Table 'Menkar II' 6-max Seat #1 is the button
Seat 2: AlexPinsk1 ($166.95 in chips) is sitting out
Seat 1: Rezzonner ($113.43 in chips) 
Seat 3: Aescul@pius ($100 in chips) 
Seat 4: BigAlTay ($79.73 in chips) 
Seat 5: easy_sarcasm ($239.09 in chips) 
Seat 6: steepfell ($125.71 in chips) 
Aescul@pius: posts small blind $0.50
BigAlTay: posts big blind $1
*** HOLE CARDS ***
easy_sarcasm: folds 
steepfell: folds 
Rezzonner: raises $1.50 to $2.50
AlexPinsk1 leaves the table
tintin641 joins the table at seat #2 
Aescul@pius: raises $8.50 to $11
BigAlTay: folds 
Rezzonner: calls $8.50
*** FLOP *** [2d 2h Td]
Aescul@pius: bets $7.21
Rezzonner: calls $7.21
*** TURN *** [2d 2h Td] [6s]
Aescul@pius: checks 
Rezzonner: bets $10.67
Aescul@pius: raises $22.63 to $33.30
Rezzonner: folds 
Uncalled bet ($22.63) returned to Aescul@pius
Aescul@pius collected $56.26 from pot
Aescul@pius: doesn't show hand 
*** SUMMARY ***
Total pot $58.76 | Rake $2.50 
Board [2d 2h Td 6s]
Seat 2: AlexPinsk1
Seat 1: Rezzonner (button) folded on the Turn
Seat 3: Aescul@pius (small blind) collected ($56.26)
Seat 4: BigAlTay (big blind) folded before Flop
Seat 5: easy_sarcasm folded before Flop (didn't bet)
Seat 6: steepfell folded before Flop (didn't bet)



PokerStars Hand #254279839852:  Hold'em No Limit ($0.50/$1.00 USD) - 2025/01/09 16:58:12 WET [2025/01/09 11:58:12 ET]
Table 'Menkar II' 6-max Seat #3 is the button
Seat 2: tintin641 ($100 in chips) is sitting out
Seat 1: Rezzonner ($100 in chips) 
Seat 3: Aescul@pius ($127.38 in chips) 
Seat 4: BigAlTay ($78.73 in chips) 
Seat 5: easy_sarcasm ($239.09 in chips) 
Seat 6: steepfell ($125.71 in chips) 
BigAlTay: posts small blind $0.50
easy_sarcasm: posts big blind $1
tintin641: sits out 
*** HOLE CARDS ***
steepfell: raises $1.50 to $2.50
Rezzonner: folds 
Aescul@pius: folds 
BigAlTay: calls $2
easy_sarcasm: calls $1.50
*** FLOP *** [4s 5h Ad]
BigAlTay: checks 
easy_sarcasm: checks 
steepfell: checks 
*** TURN *** [4s 5h Ad] [Qh]
BigAlTay: bets $3.56
easy_sarcasm: raises $8.44 to $12
steepfell: folds 
BigAlTay: calls $8.44
*** RIVER *** [4s 5h Ad Qh] [Js]
BigAlTay: checks 
easy_sarcasm: checks 
*** SHOW DOWN ***
BigAlTay: shows [Ks Ac] (a pair of Aces)
easy_sarcasm: mucks hand 
BigAlTay collected $29.92 from pot
*** SUMMARY ***
Total pot $31.50 | Rake $1.58 
Board [4s 5h Ad Qh Js]
Seat 2: tintin641
Seat 1: Rezzonner folded before Flop (didn't bet)
Seat 3: Aescul@pius (button) folded before Flop (didn't bet)
Seat 4: BigAlTay (small blind) showed [Ks Ac] and won ($29.92) with a pair of Aces
Seat 5: easy_sarcasm (big blind) mucked
Seat 6: steepfell folded on the Turn



PokerStars Hand #254279853690:  Hold'em No Limit ($0.50/$1.00 USD) - 2025/01/09 16:59:27 WET [2025/01/09 11:59:27 ET]
Table 'Menkar II' 6-max Seat #4 is the button
Seat 2: tintin641 ($100 in chips) is sitting out
Seat 6: steepfell ($123.21 in chips) is sitting out
Seat 1: Rezzonner ($100 in chips) 
Seat 3: Aescul@pius ($127.38 in chips) 
Seat 4: BigAlTay ($94.15 in chips) 
Seat 5: easy_sarcasm ($224.59 in chips) 
easy_sarcasm: posts small blind $0.50
steepfell: is sitting out 
Rezzonner: posts big blind $1
tintin641: sits out 
*** HOLE CARDS ***
steepfell leaves the table
Aescul@pius: folds 
BigAlTay: calls $1
easy_sarcasm: raises $3.50 to $4.50
gig.gyty joins the table at seat #6 
Rezzonner: calls $3.50
BigAlTay: calls $3.50
*** FLOP *** [5s 9h Qc]
easy_sarcasm: checks 
Rezzonner: checks 
BigAlTay: checks 
*** TURN *** [5s 9h Qc] [4d]
easy_sarcasm: checks 
Rezzonner: bets $9.62
BigAlTay: folds 
easy_sarcasm: folds 
Uncalled bet ($9.62) returned to Rezzonner
Rezzonner collected $12.82 from pot
Rezzonner: doesn't show hand 
*** SUMMARY ***
Total pot $13.50 | Rake $0.68 
Board [5s 9h Qc 4d]
Seat 2: tintin641
Seat 6: steepfell
Seat 1: Rezzonner (big blind) collected ($12.82)
Seat 3: Aescul@pius folded before Flop (didn't bet)
Seat 4: BigAlTay (button) folded on the Turn
Seat 5: easy_sarcasm (small blind) folded on the Turn



PokerStars Hand #254279865283:  Hold'em No Limit ($0.50/$1.00 USD) - 2025/01/09 17:00:28 WET [2025/01/09 12:00:28 ET]
Table 'Menkar II' 6-max Seat #5 is the button
Seat 6: gig.gyty ($100 in chips) is sitting out
Seat 1: Rezzonner ($108.32 in chips) 
Seat 2: tintin641 ($100 in chips) 
Seat 3: Aescul@pius ($127.38 in chips) 
Seat 4: BigAlTay ($89.65 in chips) 
Seat 5: easy_sarcasm ($220.09 in chips) 
Rezzonner: posts small blind $0.50
tintin641: posts big blind $1
*** HOLE CARDS ***
Aescul@pius: folds 
BigAlTay: calls $1
easy_sarcasm: folds 
Rezzonner: folds 
tintin641: raises $4 to $5
BigAlTay: calls $4
*** FLOP *** [Ac 3c 4c]
tintin641: checks 
BigAlTay: bets $9.98
tintin641: calls $9.98
*** TURN *** [Ac 3c 4c] [Th]
tintin641: checks 
BigAlTay: checks 
*** RIVER *** [Ac 3c 4c Th] [9h]
tintin641: checks 
BigAlTay: checks 
*** SHOW DOWN ***
tintin641: shows [As Ts] (two pair, Aces and Tens)
BigAlTay: mucks hand 
tintin641 collected $28.94 from pot
*** SUMMARY ***
Total pot $30.46 | Rake $1.52 
Board [Ac 3c 4c Th 9h]
Seat 6: gig.gyty
Seat 1: Rezzonner (small blind) folded before Flop
Seat 2: tintin641 (big blind) showed [As Ts] and won ($28.94) with two pair, Aces and Tens
Seat 3: Aescul@pius folded before Flop (didn't bet)
Seat 4: BigAlTay mucked
Seat 5: easy_sarcasm (button) folded before Flop (didn't bet)



PokerStars Hand #254279887582:  Hold'em No Limit ($0.50/$1.00 USD) - 2025/01/09 17:02:08 WET [2025/01/09 12:02:08 ET]
Table 'Menkar II' 6-max Seat #1 is the button
Seat 6: gig.gyty ($100 in chips) is sitting out
Seat 1: Rezzonner ($107.82 in chips) 
Seat 2: tintin641 ($113.96 in chips) 
Seat 3: Aescul@pius ($127.38 in chips) 
Seat 4: BigAlTay ($74.67 in chips) 
Seat 5: easy_sarcasm ($220.09 in chips) 
tintin641: posts small blind $0.50
Aescul@pius: posts big blind $1
gig.gyty: sits out 
*** HOLE CARDS ***
BigAlTay: folds 
easy_sarcasm: raises $2 to $3
Rezzonner: folds 
tintin641: folds 
Aescul@pius: folds 
Uncalled bet ($2) returned to easy_sarcasm
easy_sarcasm collected $2.50 from pot
*** SUMMARY ***
Total pot $2.50 | Rake $0 
Seat 6: gig.gyty
Seat 1: Rezzonner (button) folded before Flop (didn't bet)
Seat 2: tintin641 (small blind) folded before Flop
Seat 3: Aescul@pius (big blind) folded before Flop
Seat 4: BigAlTay folded before Flop (didn't bet)
Seat 5: easy_sarcasm collected ($2.50)



PokerStars Hand #254279895136:  Hold'em No Limit ($0.50/$1.00 USD) - 2025/01/09 17:02:40 WET [2025/01/09 12:02:40 ET]
Table 'Menkar II' 6-max Seat #2 is the button
Seat 6: gig.gyty ($100 in chips) is sitting out
Seat 1: Rezzonner ($107.82 in chips) 
Seat 2: tintin641 ($113.46 in chips) 
Seat 3: Aescul@pius ($126.38 in chips) 
Seat 4: BigAlTay ($74.67 in chips) 
Seat 5: easy_sarcasm ($221.59 in chips) 
Aescul@pius: posts small blind $0.50
BigAlTay: posts big blind $1
gig.gyty: sits out 
*** HOLE CARDS ***
easy_sarcasm: raises $2 to $3
Rezzonner: folds 
tintin641: folds 
Aescul@pius: folds 
BigAlTay: folds 
Uncalled bet ($2) returned to easy_sarcasm
easy_sarcasm collected $2.50 from pot
*** SUMMARY ***
Total pot $2.50 | Rake $0 
Seat 6: gig.gyty
Seat 1: Rezzonner folded before Flop (didn't bet)
Seat 2: tintin641 (button) folded before Flop (didn't bet)
Seat 3: Aescul@pius (small blind) folded before Flop
Seat 4: BigAlTay (big blind) folded before Flop
Seat 5: easy_sarcasm collected ($2.50)



PokerStars Hand #254279902982:  Hold'em No Limit ($0.50/$1.00 USD) - 2025/01/09 17:03:13 WET [2025/01/09 12:03:13 ET]
Table 'Menkar II' 6-max Seat #3 is the button
Seat 6: gig.gyty ($100 in chips) is sitting out
Seat 1: Rezzonner ($107.82 in chips) 
Seat 2: tintin641 ($113.46 in chips) 
Seat 3: Aescul@pius ($125.88 in chips) 
Seat 4: BigAlTay ($73.67 in chips) 
Seat 5: easy_sarcasm ($223.09 in chips) 
BigAlTay: posts small blind $0.50
easy_sarcasm: posts big blind $1
gig.gyty: sits out 
*** HOLE CARDS ***
Rezzonner: folds 
tintin641: folds 
Aescul@pius: folds 
BigAlTay: folds 
Uncalled bet ($0.50) returned to easy_sarcasm
easy_sarcasm collected $1 from pot
*** SUMMARY ***
Total pot $1 | Rake $0 
Seat 6: gig.gyty
Seat 1: Rezzonner folded before Flop (didn't bet)
Seat 2: tintin641 folded before Flop (didn't bet)
Seat 3: Aescul@pius (button) folded before Flop (didn't bet)
Seat 4: BigAlTay (small blind) folded before Flop
Seat 5: easy_sarcasm (big blind) collected ($1)



PokerStars Hand #254279908120:  Hold'em No Limit ($0.50/$1.00 USD) - 2025/01/09 17:03:35 WET [2025/01/09 12:03:35 ET]
Table 'Menkar II' 6-max Seat #4 is the button
Seat 1: Rezzonner ($107.82 in chips) 
Seat 2: tintin641 ($113.46 in chips) 
Seat 3: Aescul@pius ($125.88 in chips) 
Seat 4: BigAlTay ($73.17 in chips) 
Seat 5: easy_sarcasm ($223.59 in chips) 
Seat 6: gig.gyty ($100 in chips) 
easy_sarcasm: posts small blind $0.50
gig.gyty: posts big blind $1
*** HOLE CARDS ***
Rezzonner: folds 
tintin641: raises $1.50 to $2.50
Aescul@pius: folds 
BigAlTay: folds 
easy_sarcasm: folds 
gig.gyty: folds 
Uncalled bet ($1.50) returned to tintin641
tintin641 collected $2.50 from pot
tintin641: doesn't show hand 
*** SUMMARY ***
Total pot $2.50 | Rake $0 
Seat 1: Rezzonner folded before Flop (didn't bet)
Seat 2: tintin641 collected ($2.50)
Seat 3: Aescul@pius folded before Flop (didn't bet)
Seat 4: BigAlTay (button) folded before Flop (didn't bet)
Seat 5: easy_sarcasm (small blind) folded before Flop
Seat 6: gig.gyty (big blind) folded before Flop



PokerStars Hand #254279913943:  Hold'em No Limit ($0.50/$1.00 USD) - 2025/01/09 17:03:58 WET [2025/01/09 12:03:58 ET]
Table 'Menkar II' 6-max Seat #5 is the button
Seat 1: Rezzonner ($107.82 in chips) 
Seat 2: tintin641 ($114.96 in chips) 
Seat 3: Aescul@pius ($125.88 in chips) 
Seat 4: BigAlTay ($73.17 in chips) 
Seat 5: easy_sarcasm ($223.09 in chips) 
Seat 6: gig.gyty ($100 in chips) 
gig.gyty: posts small blind $0.50
Rezzonner: posts big blind $1
*** HOLE CARDS ***
tintin641: folds 
Aescul@pius: folds 
BigAlTay: folds 
easy_sarcasm: folds 
gig.gyty: folds 
Uncalled bet ($0.50) returned to Rezzonner
Rezzonner collected $1 from pot
Rezzonner: doesn't show hand 
*** SUMMARY ***
Total pot $1 | Rake $0 
Seat 1: Rezzonner (big blind) collected ($1)
Seat 2: tintin641 folded before Flop (didn't bet)
Seat 3: Aescul@pius folded before Flop (didn't bet)
Seat 4: BigAlTay folded before Flop (didn't bet)
Seat 5: easy_sarcasm (button) folded before Flop (didn't bet)
Seat 6: gig.gyty (small blind) folded before Flop



PokerStars Hand #254279918846:  Hold'em No Limit ($0.50/$1.00 USD) - 2025/01/09 17:04:18 WET [2025/01/09 12:04:18 ET]
Table 'Menkar II' 6-max Seat #6 is the button
Seat 1: Rezzonner ($108.32 in chips) 
Seat 2: tintin641 ($114.96 in chips) 
Seat 3: Aescul@pius ($125.88 in chips) 
Seat 4: BigAlTay ($73.17 in chips) 
Seat 5: easy_sarcasm ($223.09 in chips) 
Seat 6: gig.gyty ($100 in chips) 
Rezzonner: posts small blind $0.50
tintin641: posts big blind $1
*** HOLE CARDS ***
Aescul@pius: raises $1 to $2
BigAlTay: calls $2
easy_sarcasm: folds 
gig.gyty: folds 
Rezzonner: folds 
tintin641: folds 
*** FLOP *** [6h 4c 5c]
Aescul@pius: checks 
BigAlTay: checks 
*** TURN *** [6h 4c 5c] [Jd]
Aescul@pius: checks 
BigAlTay: bets $5.22
Aescul@pius: calls $5.22
*** RIVER *** [6h 4c 5c Jd] [5h]
Aescul@pius: checks 
BigAlTay: checks 
*** SHOW DOWN ***
Aescul@pius: shows [Qc Qd] (two pair, Queens and Fives)
BigAlTay: mucks hand 
Aescul@pius collected $15.14 from pot
*** SUMMARY ***
Total pot $15.94 | Rake $0.80 
Board [6h 4c 5c Jd 5h]
Seat 1: Rezzonner (small blind) folded before Flop
Seat 2: tintin641 (big blind) folded before Flop
Seat 3: Aescul@pius showed [Qc Qd] and won ($15.14) with two pair, Queens and Fives
Seat 4: BigAlTay mucked
Seat 5: easy_sarcasm folded before Flop (didn't bet)
Seat 6: gig.gyty (button) folded before Flop (didn't bet)



PokerStars Hand #254279940428:  Hold'em No Limit ($0.50/$1.00 USD) - 2025/01/09 17:05:46 WET [2025/01/09 12:05:46 ET]
Table 'Menkar II' 6-max Seat #1 is the button
Seat 1: Rezzonner ($107.82 in chips) 
Seat 2: tintin641 ($113.96 in chips) 
Seat 3: Aescul@pius ($133.80 in chips) 
Seat 4: BigAlTay ($65.95 in chips) 
Seat 5: easy_sarcasm ($223.09 in chips) 
Seat 6: gig.gyty ($100 in chips) 
tintin641: posts small blind $0.50
Aescul@pius: posts big blind $1
*** HOLE CARDS ***
BigAlTay: folds 
easy_sarcasm: raises $2 to $3
gig.gyty: folds 
Rezzonner: folds 
tintin641: folds 
Aescul@pius: folds 
Uncalled bet ($2) returned to easy_sarcasm
easy_sarcasm collected $2.50 from pot
*** SUMMARY ***
Total pot $2.50 | Rake $0 
Seat 1: Rezzonner (button) folded before Flop (didn't bet)
Seat 2: tintin641 (small blind) folded before Flop
Seat 3: Aescul@pius (big blind) folded before Flop
Seat 4: BigAlTay folded before Flop (didn't bet)
Seat 5: easy_sarcasm collected ($2.50)
Seat 6: gig.gyty folded before Flop (didn't bet)



PokerStars Hand #254279945657:  Hold'em No Limit ($0.50/$1.00 USD) - 2025/01/09 17:06:07 WET [2025/01/09 12:06:07 ET]
Table 'Menkar II' 6-max Seat #2 is the button
Seat 1: Rezzonner ($107.82 in chips) 
Seat 2: tintin641 ($113.46 in chips) 
Seat 3: Aescul@pius ($132.80 in chips) 
Seat 4: BigAlTay ($65.95 in chips) 
Seat 5: easy_sarcasm ($224.59 in chips) 
Seat 6: gig.gyty ($100 in chips) 
Aescul@pius: posts small blind $0.50
BigAlTay: posts big blind $1
*** HOLE CARDS ***
easy_sarcasm: folds 
gig.gyty: raises $1.25 to $2.25
Rezzonner: folds 
tintin641: folds 
Aescul@pius: folds 
BigAlTay: folds 
Uncalled bet ($1.25) returned to gig.gyty
gig.gyty collected $2.50 from pot
gig.gyty: doesn't show hand 
*** SUMMARY ***
Total pot $2.50 | Rake $0 
Seat 1: Rezzonner folded before Flop (didn't bet)
Seat 2: tintin641 (button) folded before Flop (didn't bet)
Seat 3: Aescul@pius (small blind) folded before Flop
Seat 4: BigAlTay (big blind) folded before Flop
Seat 5: easy_sarcasm folded before Flop (didn't bet)
Seat 6: gig.gyty collected ($2.50)



PokerStars Hand #254279952268:  Hold'em No Limit ($0.50/$1.00 USD) - 2025/01/09 17:06:34 WET [2025/01/09 12:06:34 ET]
Table 'Menkar II' 6-max Seat #3 is the button
Seat 5: easy_sarcasm ($224.59 in chips) is sitting out
Seat 1: Rezzonner ($107.82 in chips) 
Seat 2: tintin641 ($113.46 in chips) 
Seat 3: Aescul@pius ($132.30 in chips) 
Seat 4: BigAlTay ($64.95 in chips) 
Seat 6: gig.gyty ($101.50 in chips) 
BigAlTay: posts small blind $0.50
easy_sarcasm: is sitting out 
gig.gyty: posts big blind $1
*** HOLE CARDS ***
easy_sarcasm leaves the table
Rezzonner: folds 
tintin641: folds 
tintin641 leaves the table
shootingGRID joins the table at seat #5 
Aescul@pius: folds 
BigAlTay: calls $0.50
gig.gyty: checks 
*** FLOP *** [Js Tc 4d]
yzuk joins the table at seat #2 
BigAlTay: checks 
gig.gyty: bets $1
BigAlTay: calls $1
*** TURN *** [Js Tc 4d] [9h]
BigAlTay: checks 
gig.gyty: bets $3.80
BigAlTay: folds 
Uncalled bet ($3.80) returned to gig.gyty
gig.gyty collected $3.80 from pot
gig.gyty: doesn't show hand 
*** SUMMARY ***
Total pot $4 | Rake $0.20 
Board [Js Tc 4d 9h]
Seat 5: easy_sarcasm
Seat 1: Rezzonner folded before Flop (didn't bet)
Seat 2: tintin641 folded before Flop (didn't bet)
Seat 3: Aescul@pius (button) folded before Flop (didn't bet)
Seat 4: BigAlTay (small blind) folded on the Turn
Seat 6: gig.gyty (big blind) collected ($3.80)



PokerStars Hand #254279966034:  Hold'em No Limit ($0.50/$1.00 USD) - 2025/01/09 17:07:29 WET [2025/01/09 12:07:29 ET]
Table 'Menkar II' 6-max Seat #4 is the button
Seat 2: yzuk ($100 in chips) is sitting out
Seat 5: shootingGRID ($100 in chips) is sitting out
Seat 1: Rezzonner ($107.82 in chips) 
Seat 3: Aescul@pius ($132.30 in chips) 
Seat 4: BigAlTay ($62.95 in chips) 
Seat 6: gig.gyty ($103.30 in chips) 
gig.gyty: posts small blind $0.50
Rezzonner: posts big blind $1
yzuk: sits out 
*** HOLE CARDS ***
Aescul@pius: folds 
BigAlTay: folds 
gig.gyty: raises $2 to $3
Rezzonner: folds 
Uncalled bet ($2) returned to gig.gyty
gig.gyty collected $2 from pot
gig.gyty: doesn't show hand 
*** SUMMARY ***
Total pot $2 | Rake $0 
Seat 2: yzuk
Seat 5: shootingGRID
Seat 1: Rezzonner (big blind) folded before Flop
Seat 3: Aescul@pius folded before Flop (didn't bet)
Seat 4: BigAlTay (button) folded before Flop (didn't bet)
Seat 6: gig.gyty (small blind) collected ($2)



PokerStars Hand #254279972456:  Hold'em No Limit ($0.50/$1.00 USD) - 2025/01/09 17:07:54 WET [2025/01/09 12:07:54 ET]
Table 'Menkar II' 6-max Seat #6 is the button
Seat 5: shootingGRID ($100 in chips) is sitting out
Seat 1: Rezzonner ($106.82 in chips) 
Seat 2: yzuk ($100 in chips) 
Seat 3: Aescul@pius ($132.30 in chips) 
Seat 4: BigAlTay ($62.95 in chips) 
Seat 6: gig.gyty ($104.30 in chips) 
Rezzonner: posts small blind $0.50
yzuk: posts big blind $1
shootingGRID: sits out 
*** HOLE CARDS ***
Aescul@pius: folds 
BigAlTay: calls $1
gig.gyty: raises $2.50 to $3.50
Rezzonner: folds 
yzuk: raises $10 to $13.50
BigAlTay: folds 
gig.gyty: folds 
Uncalled bet ($10) returned to yzuk
yzuk collected $8.50 from pot
yzuk: doesn't show hand 
*** SUMMARY ***
Total pot $8.50 | Rake $0 
Seat 5: shootingGRID
Seat 1: Rezzonner (small blind) folded before Flop
Seat 2: yzuk (big blind) collected ($8.50)
Seat 3: Aescul@pius folded before Flop (didn't bet)
Seat 4: BigAlTay folded before Flop
Seat 6: gig.gyty (button) folded before Flop



PokerStars Hand #254279983334:  Hold'em No Limit ($0.50/$1.00 USD) - 2025/01/09 17:08:38 WET [2025/01/09 12:08:38 ET]
Table 'Menkar II' 6-max Seat #1 is the button
Seat 5: shootingGRID ($100 in chips) is sitting out
Seat 1: Rezzonner ($106.32 in chips) 
Seat 2: yzuk ($105 in chips) 
Seat 3: Aescul@pius ($132.30 in chips) 
Seat 4: BigAlTay ($61.95 in chips) 
Seat 6: gig.gyty ($100.80 in chips) 
yzuk: posts small blind $0.50
Aescul@pius: posts big blind $1
shootingGRID: sits out 
*** HOLE CARDS ***
BigAlTay: folds 
gig.gyty: folds 
Rezzonner: raises $1.50 to $2.50
yzuk: folds 
Aescul@pius: folds 
Uncalled bet ($1.50) returned to Rezzonner
Rezzonner collected $2.50 from pot
Rezzonner: doesn't show hand 
*** SUMMARY ***
Total pot $2.50 | Rake $0 
Seat 5: shootingGRID
Seat 1: Rezzonner (button) collected ($2.50)
Seat 2: yzuk (small blind) folded before Flop
Seat 3: Aescul@pius (big blind) folded before Flop
Seat 4: BigAlTay folded before Flop (didn't bet)
Seat 6: gig.gyty folded before Flop (didn't bet)



PokerStars Hand #254279988229:  Hold'em No Limit ($0.50/$1.00 USD) - 2025/01/09 17:08:58 WET [2025/01/09 12:08:58 ET]
Table 'Menkar II' 6-max Seat #2 is the button
Seat 5: shootingGRID ($100 in chips) is sitting out
Seat 1: Rezzonner ($107.82 in chips) 
Seat 2: yzuk ($104.50 in chips) 
Seat 3: Aescul@pius ($131.30 in chips) 
Seat 4: BigAlTay ($61.95 in chips) 
Seat 6: gig.gyty ($100.80 in chips) 
Aescul@pius: posts small blind $0.50
BigAlTay: posts big blind $1
shootingGRID: sits out 
*** HOLE CARDS ***
gig.gyty: folds 
Rezzonner: raises $1.50 to $2.50
yzuk: folds 
Aescul@pius: raises $8.50 to $11
BigAlTay: folds 
Rezzonner: folds 
Uncalled bet ($8.50) returned to Aescul@pius
Aescul@pius collected $6 from pot
Aescul@pius: doesn't show hand 
*** SUMMARY ***
Total pot $6 | Rake $0 
Seat 5: shootingGRID
Seat 1: Rezzonner folded before Flop
Seat 2: yzuk (button) folded before Flop (didn't bet)
Seat 3: Aescul@pius (small blind) collected ($6)
Seat 4: BigAlTay (big blind) folded before Flop
Seat 6: gig.gyty folded before Flop (didn't bet)



PokerStars Hand #254279999295:  Hold'em No Limit ($0.50/$1.00 USD) - 2025/01/09 17:09:43 WET [2025/01/09 12:09:43 ET]
Table 'Menkar II' 6-max Seat #3 is the button
Seat 1: Rezzonner ($105.32 in chips) 
Seat 2: yzuk ($104.50 in chips) 
Seat 3: Aescul@pius ($134.80 in chips) 
Seat 4: BigAlTay ($60.95 in chips) 
Seat 5: shootingGRID ($100 in chips) 
Seat 6: gig.gyty ($100.80 in chips) 
BigAlTay: posts small blind $0.50
shootingGRID: posts big blind $1
*** HOLE CARDS ***
gig.gyty: folds 
Rezzonner: folds 
yzuk: folds 
Aescul@pius: raises $1.50 to $2.50
BigAlTay: folds 
shootingGRID: calls $1.50
*** FLOP *** [As Ad 6c]
shootingGRID: checks 
Aescul@pius: bets $1.08
shootingGRID: folds 
Uncalled bet ($1.08) returned to Aescul@pius
Aescul@pius collected $5.22 from pot
Aescul@pius: doesn't show hand 
*** SUMMARY ***
Total pot $5.50 | Rake $0.28 
Board [As Ad 6c]
Seat 1: Rezzonner folded before Flop (didn't bet)
Seat 2: yzuk folded before Flop (didn't bet)
Seat 3: Aescul@pius (button) collected ($5.22)
Seat 4: BigAlTay (small blind) folded before Flop
Seat 5: shootingGRID (big blind) folded on the Flop
Seat 6: gig.gyty folded before Flop (didn't bet)



PokerStars Hand #254280010404:  Hold'em No Limit ($0.50/$1.00 USD) - 2025/01/09 17:10:26 WET [2025/01/09 12:10:26 ET]
Table 'Menkar II' 6-max Seat #4 is the button
Seat 1: Rezzonner ($105.32 in chips) 
Seat 2: yzuk ($104.50 in chips) 
Seat 3: Aescul@pius ($137.52 in chips) 
Seat 4: BigAlTay ($60.45 in chips) 
Seat 5: shootingGRID ($100 in chips) 
Seat 6: gig.gyty ($100.80 in chips) 
shootingGRID: posts small blind $0.50
gig.gyty: posts big blind $1
*** HOLE CARDS ***
Rezzonner: folds 
yzuk: folds 
Aescul@pius: raises $1.20 to $2.20
BigAlTay: folds 
shootingGRID: folds 
gig.gyty: calls $1.20
*** FLOP *** [Kh 7c Jc]
gig.gyty: checks 
Aescul@pius: bets $3.48
gig.gyty: calls $3.48
*** TURN *** [Kh 7c Jc] [4h]
gig.gyty: checks 
Aescul@pius: checks 
*** RIVER *** [Kh 7c Jc 4h] [8s]
gig.gyty: bets $16.30
Aescul@pius: folds 
Uncalled bet ($16.30) returned to gig.gyty
gig.gyty collected $11.27 from pot
gig.gyty: doesn't show hand 
*** SUMMARY ***
Total pot $11.86 | Rake $0.59 
Board [Kh 7c Jc 4h 8s]
Seat 1: Rezzonner folded before Flop (didn't bet)
Seat 2: yzuk folded before Flop (didn't bet)
Seat 3: Aescul@pius folded on the River
Seat 4: BigAlTay (button) folded before Flop (didn't bet)
Seat 5: shootingGRID (small blind) folded before Flop
Seat 6: gig.gyty (big blind) collected ($11.27)



PokerStars Hand #254280037752:  Hold'em No Limit ($0.50/$1.00 USD) - 2025/01/09 17:12:12 WET [2025/01/09 12:12:12 ET]
Table 'Menkar II' 6-max Seat #5 is the button
Seat 1: Rezzonner ($105.32 in chips) 
Seat 2: yzuk ($104.50 in chips) 
Seat 3: Aescul@pius ($131.84 in chips) 
Seat 4: BigAlTay ($60.45 in chips) 
Seat 5: shootingGRID ($100 in chips) 
Seat 6: gig.gyty ($106.39 in chips) 
gig.gyty: posts small blind $0.50
Rezzonner: posts big blind $1
*** HOLE CARDS ***
yzuk: folds 
Aescul@pius: folds 
BigAlTay: calls $1
shootingGRID: folds 
gig.gyty: raises $4 to $5
Rezzonner: calls $4
BigAlTay: folds 
*** FLOP *** [Qc 2h 7d]
gig.gyty: bets $3.45
Rezzonner: calls $3.45
*** TURN *** [Qc 2h 7d] [Jd]
gig.gyty: bets $8.50
Rezzonner: calls $8.50
*** RIVER *** [Qc 2h 7d Jd] [Tc]
gig.gyty: bets $16.58
Rezzonner: calls $16.58
*** SHOW DOWN ***
gig.gyty: shows [Ts Qh] (two pair, Queens and Tens)
Rezzonner: shows [Td Qd] (two pair, Queens and Tens)
gig.gyty collected $32.78 from pot
Rezzonner collected $32.78 from pot
*** SUMMARY ***
Total pot $68.06 | Rake $2.50 
Board [Qc 2h 7d Jd Tc]
Seat 1: Rezzonner (big blind) showed [Td Qd] and won ($32.78) with two pair, Queens and Tens
Seat 2: yzuk folded before Flop (didn't bet)
Seat 3: Aescul@pius folded before Flop (didn't bet)
Seat 4: BigAlTay folded before Flop
Seat 5: shootingGRID (button) folded before Flop (didn't bet)
Seat 6: gig.gyty (small blind) showed [Ts Qh] and won ($32.78) with two pair, Queens and Tens



PokerStars Hand #254280055108:  Hold'em No Limit ($0.50/$1.00 USD) - 2025/01/09 17:13:19 WET [2025/01/09 12:13:19 ET]
Table 'Menkar II' 6-max Seat #6 is the button
Seat 2: yzuk ($104.50 in chips) is sitting out
Seat 1: Rezzonner ($104.57 in chips) 
Seat 3: Aescul@pius ($131.84 in chips) 
Seat 4: BigAlTay ($59.45 in chips) 
Seat 5: shootingGRID ($100 in chips) 
Seat 6: gig.gyty ($105.64 in chips) 
Rezzonner: posts small blind $0.50
yzuk: is sitting out 
Aescul@pius: posts big blind $1
*** HOLE CARDS ***
BigAlTay: calls $1
shootingGRID has timed out
shootingGRID: folds 
gig.gyty: folds 
Rezzonner: folds 
yzuk leaves the table
Aescul@pius: checks 
*** FLOP *** [8h 9h Ks]
Joe_Li7 joins the table at seat #2 
Aescul@pius: checks 
BigAlTay: checks 
*** TURN *** [8h 9h Ks] [3s]
Aescul@pius: bets $1
BigAlTay: calls $1
*** RIVER *** [8h 9h Ks 3s] [Ad]
Aescul@pius: checks 
BigAlTay: checks 
*** SHOW DOWN ***
Aescul@pius: shows [4s 9s] (a pair of Nines)
BigAlTay: shows [9c 5c] (a pair of Nines)
Aescul@pius collected $2.14 from pot
BigAlTay collected $2.14 from pot
*** SUMMARY ***
Total pot $4.50 | Rake $0.22 
Board [8h 9h Ks 3s Ad]
Seat 2: yzuk
Seat 1: Rezzonner (small blind) folded before Flop
Seat 3: Aescul@pius (big blind) showed [4s 9s] and won ($2.14) with a pair of Nines
Seat 4: BigAlTay showed [9c 5c] and won ($2.14) with a pair of Nines
Seat 5: shootingGRID folded before Flop (didn't bet)
Seat 6: gig.gyty (button) folded before Flop (didn't bet)



PokerStars Hand #254280082925:  Hold'em No Limit ($0.50/$1.00 USD) - 2025/01/09 17:15:05 WET [2025/01/09 12:15:05 ET]
Table 'Menkar II' 6-max Seat #1 is the button
Seat 2: Joe_Li7 ($100 in chips) is sitting out
Seat 1: Rezzonner ($104.07 in chips) 
Seat 3: Aescul@pius ($131.98 in chips) 
Seat 4: BigAlTay ($59.59 in chips) 
Seat 5: shootingGRID ($100 in chips) 
Seat 6: gig.gyty ($105.64 in chips) 
Aescul@pius: posts small blind $0.50
BigAlTay: posts big blind $1
*** HOLE CARDS ***
shootingGRID: folds 
gig.gyty: folds 
Rezzonner: folds 
Aescul@pius: folds 
Uncalled bet ($0.50) returned to BigAlTay
BigAlTay collected $1 from pot
*** SUMMARY ***
Total pot $1 | Rake $0 
Seat 2: Joe_Li7
Seat 1: Rezzonner (button) folded before Flop (didn't bet)
Seat 3: Aescul@pius (small blind) folded before Flop
Seat 4: BigAlTay (big blind) collected ($1)
Seat 5: shootingGRID folded before Flop (didn't bet)
Seat 6: gig.gyty folded before Flop (didn't bet)



PokerStars Hand #254280091116:  Hold'em No Limit ($0.50/$1.00 USD) - 2025/01/09 17:15:35 WET [2025/01/09 12:15:35 ET]
Table 'Menkar II' 6-max Seat #3 is the button
Seat 2: Joe_Li7 ($100 in chips) is sitting out
Seat 1: Rezzonner ($104.07 in chips) 
Seat 3: Aescul@pius ($131.48 in chips) 
Seat 4: BigAlTay ($60.09 in chips) 
Seat 5: shootingGRID ($100 in chips) 
Seat 6: gig.gyty ($105.64 in chips) 
BigAlTay: posts small blind $0.50
shootingGRID: posts big blind $1
Joe_Li7: sits out 
*** HOLE CARDS ***
gig.gyty: folds 
Rezzonner: folds 
Aescul@pius: raises $1.50 to $2.50
BigAlTay: calls $2
shootingGRID: folds 
*** FLOP *** [Ah 9h Tc]
BigAlTay: checks 
Aescul@pius: bets $2.85
BigAlTay: calls $2.85
*** TURN *** [Ah 9h Tc] [8h]
BigAlTay: bets $11.12
Aescul@pius: calls $11.12
*** RIVER *** [Ah 9h Tc 8h] [8s]
BigAlTay: checks 
Aescul@pius: bets $115.01 and is all-in
BigAlTay: folds 
Uncalled bet ($115.01) returned to Aescul@pius
Aescul@pius collected $32.24 from pot
Aescul@pius: doesn't show hand 
*** SUMMARY ***
Total pot $33.94 | Rake $1.70 
Board [Ah 9h Tc 8h 8s]
Seat 2: Joe_Li7
Seat 1: Rezzonner folded before Flop (didn't bet)
Seat 3: Aescul@pius (button) collected ($32.24)
Seat 4: BigAlTay (small blind) folded on the River
Seat 5: shootingGRID (big blind) folded before Flop
Seat 6: gig.gyty folded before Flop (didn't bet)



PokerStars Hand #254280131112:  Hold'em No Limit ($0.50/$1.00 USD) - 2025/01/09 17:18:06 WET [2025/01/09 12:18:06 ET]
Table 'Menkar II' 6-max Seat #4 is the button
Seat 2: Joe_Li7 ($100 in chips) is sitting out
Seat 6: gig.gyty ($105.64 in chips) is sitting out
Seat 1: Rezzonner ($104.07 in chips) 
Seat 3: Aescul@pius ($147.25 in chips) 
Seat 4: BigAlTay ($43.62 in chips) 
Seat 5: shootingGRID ($100 in chips) 
shootingGRID: posts small blind $0.50
gig.gyty: is sitting out 
Rezzonner: posts big blind $1
Joe_Li7: sits out 
*** HOLE CARDS ***
Aescul@pius: folds 
gig.gyty leaves the table
BigAlTay: calls $1
shootingGRID: calls $0.50
Rezzonner: checks 
*** FLOP *** [7s Jh 5h]
shootingGRID: checks 
Rezzonner: checks 
BigAlTay: bets $2.85
GuigaMan joins the table at seat #6 
shootingGRID: folds 
Rezzonner: folds 
Uncalled bet ($2.85) returned to BigAlTay
BigAlTay collected $2.85 from pot
*** SUMMARY ***
Total pot $3 | Rake $0.15 
Board [7s Jh 5h]
Seat 2: Joe_Li7
Seat 6: gig.gyty
Seat 1: Rezzonner (big blind) folded on the Flop
Seat 3: Aescul@pius folded before Flop (didn't bet)
Seat 4: BigAlTay (button) collected ($2.85)
Seat 5: shootingGRID (small blind) folded on the Flop



PokerStars Hand #254280142202:  Hold'em No Limit ($0.50/$1.00 USD) - 2025/01/09 17:18:47 WET [2025/01/09 12:18:47 ET]
Table 'Menkar II' 6-max Seat #5 is the button
Seat 6: GuigaMan ($100 in chips) is sitting out
Seat 1: Rezzonner ($103.07 in chips) 
Seat 2: Joe_Li7 ($100 in chips) 
Seat 3: Aescul@pius ($147.25 in chips) 
Seat 4: BigAlTay ($45.47 in chips) 
Seat 5: shootingGRID ($100 in chips) 
Rezzonner: posts small blind $0.50
Joe_Li7: posts big blind $1
*** HOLE CARDS ***
Aescul@pius: folds 
BigAlTay: folds 
shootingGRID: folds 
Rezzonner: folds 
Uncalled bet ($0.50) returned to Joe_Li7
Joe_Li7 collected $1 from pot
*** SUMMARY ***
Total pot $1 | Rake $0 
Seat 6: GuigaMan
Seat 1: Rezzonner (small blind) folded before Flop
Seat 2: Joe_Li7 (big blind) collected ($1)
Seat 3: Aescul@pius folded before Flop (didn't bet)
Seat 4: BigAlTay folded before Flop (didn't bet)
Seat 5: shootingGRID (button) folded before Flop (didn't bet)



PokerStars Hand #254280146262:  Hold'em No Limit ($0.50/$1.00 USD) - 2025/01/09 17:19:03 WET [2025/01/09 12:19:03 ET]
Table 'Menkar II' 6-max Seat #1 is the button
Seat 6: GuigaMan ($100 in chips) is sitting out
Seat 1: Rezzonner ($102.57 in chips) 
Seat 2: Joe_Li7 ($100.50 in chips) 
Seat 3: Aescul@pius ($147.25 in chips) 
Seat 4: BigAlTay ($45.47 in chips) 
Seat 5: shootingGRID ($100 in chips) 
Joe_Li7: posts small blind $0.50
Aescul@pius: posts big blind $1
GuigaMan: sits out 
*** HOLE CARDS ***
BigAlTay: calls $1
shootingGRID: folds 
Rezzonner: folds 
Joe_Li7: raises $4.50 to $5.50
Aescul@pius: folds 
BigAlTay: folds 
Uncalled bet ($4.50) returned to Joe_Li7
Joe_Li7 collected $3 from pot
*** SUMMARY ***
Total pot $3 | Rake $0 
Seat 6: GuigaMan
Seat 1: Rezzonner (button) folded before Flop (didn't bet)
Seat 2: Joe_Li7 (small blind) collected ($3)
Seat 3: Aescul@pius (big blind) folded before Flop
Seat 4: BigAlTay folded before Flop
Seat 5: shootingGRID folded before Flop (didn't bet)



PokerStars Hand #254280153583:  Hold'em No Limit ($0.50/$1.00 USD) - 2025/01/09 17:19:30 WET [2025/01/09 12:19:30 ET]
Table 'Menkar II' 6-max Seat #2 is the button
Seat 6: GuigaMan ($100 in chips) is sitting out
Seat 1: Rezzonner ($102.57 in chips) 
Seat 2: Joe_Li7 ($102.50 in chips) 
Seat 3: Aescul@pius ($146.25 in chips) 
Seat 4: BigAlTay ($44.47 in chips) 
Seat 5: shootingGRID ($100 in chips) 
Aescul@pius: posts small blind $0.50
BigAlTay: posts big blind $1
GuigaMan: sits out 
*** HOLE CARDS ***
shootingGRID: raises $1.25 to $2.25
Rezzonner: folds 
Joe_Li7: folds 
Aescul@pius: folds 
BigAlTay: folds 
Uncalled bet ($1.25) returned to shootingGRID
shootingGRID collected $2.50 from pot
*** SUMMARY ***
Total pot $2.50 | Rake $0 
Seat 6: GuigaMan
Seat 1: Rezzonner folded before Flop (didn't bet)
Seat 2: Joe_Li7 (button) folded before Flop (didn't bet)
Seat 3: Aescul@pius (small blind) folded before Flop
Seat 4: BigAlTay (big blind) folded before Flop
Seat 5: shootingGRID collected ($2.50)



PokerStars Hand #254280160126:  Hold'em No Limit ($0.50/$1.00 USD) - 2025/01/09 17:19:54 WET [2025/01/09 12:19:54 ET]
Table 'Menkar II' 6-max Seat #3 is the button
Seat 6: GuigaMan ($100 in chips) is sitting out
Seat 1: Rezzonner ($102.57 in chips) 
Seat 2: Joe_Li7 ($102.50 in chips) 
Seat 3: Aescul@pius ($145.75 in chips) 
Seat 4: BigAlTay ($43.47 in chips) 
Seat 5: shootingGRID ($101.50 in chips) 
BigAlTay: posts small blind $0.50
shootingGRID: posts big blind $1
GuigaMan: sits out 
*** HOLE CARDS ***
Rezzonner: folds 
Joe_Li7: folds 
Aescul@pius: folds 
BigAlTay: folds 
Uncalled bet ($0.50) returned to shootingGRID
shootingGRID collected $1 from pot
*** SUMMARY ***
Total pot $1 | Rake $0 
Seat 6: GuigaMan
Seat 1: Rezzonner folded before Flop (didn't bet)
Seat 2: Joe_Li7 folded before Flop (didn't bet)
Seat 3: Aescul@pius (button) folded before Flop (didn't bet)
Seat 4: BigAlTay (small blind) folded before Flop
Seat 5: shootingGRID (big blind) collected ($1)



PokerStars Hand #254280162710:  Hold'em No Limit ($0.50/$1.00 USD) - 2025/01/09 17:20:04 WET [2025/01/09 12:20:04 ET]
Table 'Menkar II' 6-max Seat #4 is the button
Seat 1: Rezzonner ($102.57 in chips) 
Seat 2: Joe_Li7 ($102.50 in chips) 
Seat 3: Aescul@pius ($145.75 in chips) 
Seat 4: BigAlTay ($42.97 in chips) 
Seat 5: shootingGRID ($102 in chips) 
Seat 6: GuigaMan ($100 in chips) 
shootingGRID: posts small blind $0.50
GuigaMan: posts big blind $1
*** HOLE CARDS ***
Rezzonner: folds 
Joe_Li7: folds 
Aescul@pius: folds 
BigAlTay: calls $1
shootingGRID: folds 
GuigaMan: checks 
*** FLOP *** [Qc 9d 5c]
GuigaMan: checks 
BigAlTay: bets $2.38
GuigaMan: folds 
Uncalled bet ($2.38) returned to BigAlTay
BigAlTay collected $2.38 from pot
*** SUMMARY ***
Total pot $2.50 | Rake $0.12 
Board [Qc 9d 5c]
Seat 1: Rezzonner folded before Flop (didn't bet)
Seat 2: Joe_Li7 folded before Flop (didn't bet)
Seat 3: Aescul@pius folded before Flop (didn't bet)
Seat 4: BigAlTay (button) collected ($2.38)
Seat 5: shootingGRID (small blind) folded before Flop
Seat 6: GuigaMan (big blind) folded on the Flop



PokerStars Hand #254280169556:  Hold'em No Limit ($0.50/$1.00 USD) - 2025/01/09 17:20:29 WET [2025/01/09 12:20:29 ET]
Table 'Menkar II' 6-max Seat #5 is the button
Seat 1: Rezzonner ($102.57 in chips) 
Seat 2: Joe_Li7 ($102.50 in chips) 
Seat 3: Aescul@pius ($145.75 in chips) 
Seat 4: BigAlTay ($44.35 in chips) 
Seat 5: shootingGRID ($101.50 in chips) 
Seat 6: GuigaMan ($100 in chips) 
GuigaMan: posts small blind $0.50
Rezzonner: posts big blind $1
*** HOLE CARDS ***
Joe_Li7: folds 
Aescul@pius: folds 
BigAlTay: calls $1
shootingGRID: raises $3 to $4
GuigaMan: folds 
Rezzonner: raises $8 to $12
BigAlTay: folds 
shootingGRID: folds 
Uncalled bet ($8) returned to Rezzonner
Rezzonner collected $9.50 from pot
Rezzonner: doesn't show hand 
*** SUMMARY ***
Total pot $9.50 | Rake $0 
Seat 1: Rezzonner (big blind) collected ($9.50)
Seat 2: Joe_Li7 folded before Flop (didn't bet)
Seat 3: Aescul@pius folded before Flop (didn't bet)
Seat 4: BigAlTay folded before Flop
Seat 5: shootingGRID (button) folded before Flop
Seat 6: GuigaMan (small blind) folded before Flop



PokerStars Hand #254280177519:  Hold'em No Limit ($0.50/$1.00 USD) - 2025/01/09 17:20:59 WET [2025/01/09 12:20:59 ET]
Table 'Menkar II' 6-max Seat #6 is the button
Seat 1: Rezzonner ($108.07 in chips) 
Seat 2: Joe_Li7 ($102.50 in chips) 
Seat 3: Aescul@pius ($145.75 in chips) 
Seat 4: BigAlTay ($43.35 in chips) 
Seat 5: shootingGRID ($100 in chips) 
Seat 6: GuigaMan ($100 in chips) 
Rezzonner: posts small blind $0.50
Joe_Li7: posts big blind $1
*** HOLE CARDS ***
Aescul@pius: folds 
BigAlTay: folds 
shootingGRID: folds 
GuigaMan: raises $1.10 to $2.10
Rezzonner: folds 
Joe_Li7: raises $8.90 to $11
GuigaMan: folds 
Uncalled bet ($8.90) returned to Joe_Li7
Joe_Li7 collected $4.70 from pot
*** SUMMARY ***
Total pot $4.70 | Rake $0 
Seat 1: Rezzonner (small blind) folded before Flop
Seat 2: Joe_Li7 (big blind) collected ($4.70)
Seat 3: Aescul@pius folded before Flop (didn't bet)
Seat 4: BigAlTay folded before Flop (didn't bet)
Seat 5: shootingGRID folded before Flop (didn't bet)
Seat 6: GuigaMan (button) folded before Flop



PokerStars Hand #254280184680:  Hold'em No Limit ($0.50/$1.00 USD) - 2025/01/09 17:21:25 WET [2025/01/09 12:21:25 ET]
Table 'Menkar II' 6-max Seat #1 is the button
Seat 1: Rezzonner ($107.57 in chips) 
Seat 2: Joe_Li7 ($105.10 in chips) 
Seat 3: Aescul@pius ($145.75 in chips) 
Seat 4: BigAlTay ($43.35 in chips) 
Seat 5: shootingGRID ($100 in chips) 
Seat 6: GuigaMan ($100 in chips) 
Joe_Li7: posts small blind $0.50
Aescul@pius: posts big blind $1
*** HOLE CARDS ***
BigAlTay: folds 
shootingGRID: folds 
GuigaMan: raises $1.10 to $2.10
BigAlTay leaves the table
Rezzonner: folds 
Joe_Li7: folds 
Aescul@pius: raises $8.40 to $10.50
GuigaMan: folds 
Uncalled bet ($8.40) returned to Aescul@pius
Aescul@pius collected $4.70 from pot
Aescul@pius: doesn't show hand 
*** SUMMARY ***
Total pot $4.70 | Rake $0 
Seat 1: Rezzonner (button) folded before Flop (didn't bet)
Seat 2: Joe_Li7 (small blind) folded before Flop
Seat 3: Aescul@pius (big blind) collected ($4.70)
Seat 4: BigAlTay folded before Flop (didn't bet)
Seat 5: shootingGRID folded before Flop (didn't bet)
Seat 6: GuigaMan folded before Flop



PokerStars Hand #254280194193:  Hold'em No Limit ($0.50/$1.00 USD) - 2025/01/09 17:22:00 WET [2025/01/09 12:22:00 ET]
Table 'Menkar II' 6-max Seat #2 is the button
Seat 1: Rezzonner ($107.57 in chips) 
Seat 2: Joe_Li7 ($104.60 in chips) 
Seat 3: Aescul@pius ($148.35 in chips) 
Seat 5: shootingGRID ($100 in chips) 
Seat 6: GuigaMan ($100 in chips) 
Aescul@pius: posts small blind $0.50
shootingGRID: posts big blind $1
*** HOLE CARDS ***
GuigaMan: folds 
Rezzonner: raises $1.50 to $2.50
Joe_Li7: folds 
Aescul@pius: folds 
shootingGRID: folds 
Uncalled bet ($1.50) returned to Rezzonner
Rezzonner collected $2.50 from pot
Rezzonner: doesn't show hand 
*** SUMMARY ***
Total pot $2.50 | Rake $0 
Seat 1: Rezzonner collected ($2.50)
Seat 2: Joe_Li7 (button) folded before Flop (didn't bet)
Seat 3: Aescul@pius (small blind) folded before Flop
Seat 5: shootingGRID (big blind) folded before Flop
Seat 6: GuigaMan folded before Flop (didn't bet)



PokerStars Hand #254280206223:  Hold'em No Limit ($0.50/$1.00 USD) - 2025/01/09 17:22:44 WET [2025/01/09 12:22:44 ET]
Table 'Menkar II' 6-max Seat #3 is the button
Seat 1: Rezzonner ($109.07 in chips) 
Seat 2: Joe_Li7 ($104.60 in chips) 
Seat 3: Aescul@pius ($147.85 in chips) 
Seat 5: shootingGRID ($100 in chips) 
Seat 6: GuigaMan ($100 in chips) 
shootingGRID: posts small blind $0.50
GuigaMan: posts big blind $1
*** HOLE CARDS ***
Rezzonner: folds 
Joe_Li7: folds 
Aescul@pius: raises $1.50 to $2.50
shootingGRID: raises $7.50 to $10
GuigaMan: folds 
Aescul@pius: calls $7.50
*** FLOP *** [Qh 8h Th]
shootingGRID: bets $9.98
Aescul@pius: folds 
Uncalled bet ($9.98) returned to shootingGRID
shootingGRID collected $19.95 from pot
*** SUMMARY ***
Total pot $21 | Rake $1.05 
Board [Qh 8h Th]
Seat 1: Rezzonner folded before Flop (didn't bet)
Seat 2: Joe_Li7 folded before Flop (didn't bet)
Seat 3: Aescul@pius (button) folded on the Flop
Seat 5: shootingGRID (small blind) collected ($19.95)
Seat 6: GuigaMan (big blind) folded before Flop



PokerStars Hand #254280230404:  Hold'em No Limit ($0.50/$1.00 USD) - 2025/01/09 17:24:14 WET [2025/01/09 12:24:14 ET]
Table 'Menkar II' 6-max Seat #5 is the button
Seat 1: Rezzonner ($109.07 in chips) 
Seat 2: Joe_Li7 ($104.60 in chips) 
Seat 3: Aescul@pius ($137.85 in chips) 
Seat 5: shootingGRID ($109.95 in chips) 
Seat 6: GuigaMan ($100 in chips) 
GuigaMan: posts small blind $0.50
Rezzonner: posts big blind $1
*** HOLE CARDS ***
Joe_Li7: folds 
Aescul@pius: folds 
shootingGRID: raises $1.25 to $2.25
GuigaMan: folds 
Rezzonner: calls $1.25
*** FLOP *** [3h Ks 9d]
Rezzonner: checks 
shootingGRID: bets $1.57
gammlr8989 joins the table at seat #4 
Rezzonner: calls $1.57
*** TURN *** [3h Ks 9d] [Tc]
Rezzonner: checks 
shootingGRID: checks 
*** RIVER *** [3h Ks 9d Tc] [8s]
Rezzonner: checks 
shootingGRID: checks 
*** SHOW DOWN ***
Rezzonner: shows [9s Jc] (a pair of Nines)
shootingGRID: shows [9c Qc] (a pair of Nines - King+Queen kicker)
shootingGRID collected $7.73 from pot
*** SUMMARY ***
Total pot $8.14 | Rake $0.41 
Board [3h Ks 9d Tc 8s]
Seat 1: Rezzonner (big blind) showed [9s Jc] and lost with a pair of Nines
Seat 2: Joe_Li7 folded before Flop (didn't bet)
Seat 3: Aescul@pius folded before Flop (didn't bet)
Seat 5: shootingGRID (button) showed [9c Qc] and won ($7.73) with a pair of Nines
Seat 6: GuigaMan (small blind) folded before Flop



PokerStars Hand #254280247111:  Hold'em No Limit ($0.50/$1.00 USD) - 2025/01/09 17:25:16 WET [2025/01/09 12:25:16 ET]
Table 'Menkar II' 6-max Seat #6 is the button
Seat 2: Joe_Li7 ($104.60 in chips) is sitting out
Seat 1: Rezzonner ($105.25 in chips) 
Seat 3: Aescul@pius ($137.85 in chips) 
Seat 4: gammlr8989 ($60 in chips) 
Seat 5: shootingGRID ($113.86 in chips) 
Seat 6: GuigaMan ($100 in chips) 
Rezzonner: posts small blind $0.50
Joe_Li7: is sitting out 
Aescul@pius: posts big blind $1
gammlr8989: posts big blind $1
*** HOLE CARDS ***
gammlr8989: checks 
shootingGRID: folds 
GuigaMan: folds 
Rezzonner: folds 
Aescul@pius: checks 
*** FLOP *** [Tc Kh Ts]
Aescul@pius: checks 
gammlr8989: bets $1
Aescul@pius: folds 
Uncalled bet ($1) returned to gammlr8989
gammlr8989 collected $2.38 from pot
gammlr8989: doesn't show hand 
*** SUMMARY ***
Total pot $2.50 | Rake $0.12 
Board [Tc Kh Ts]
Seat 2: Joe_Li7
Seat 1: Rezzonner (small blind) folded before Flop
Seat 3: Aescul@pius (big blind) folded on the Flop
Seat 4: gammlr8989 collected ($2.38)
Seat 5: shootingGRID folded before Flop (didn't bet)
Seat 6: GuigaMan (button) folded before Flop (didn't bet)



PokerStars Hand #254280253372:  Hold'em No Limit ($0.50/$1.00 USD) - 2025/01/09 17:25:39 WET [2025/01/09 12:25:39 ET]
Table 'Menkar II' 6-max Seat #1 is the button
Seat 2: Joe_Li7 ($104.60 in chips) is sitting out
Seat 1: Rezzonner ($104.75 in chips) 
Seat 3: Aescul@pius ($136.85 in chips) 
Seat 4: gammlr8989 ($61.38 in chips) 
Seat 5: shootingGRID ($113.86 in chips) 
Seat 6: GuigaMan ($100 in chips) 
Aescul@pius: posts small blind $0.50
gammlr8989: posts big blind $1
*** HOLE CARDS ***
shootingGRID: folds 
GuigaMan: raises $1.10 to $2.10
Rezzonner: raises $4.20 to $6.30
Aescul@pius: folds 
gammlr8989: calls $5.30
GuigaMan: folds 
*** FLOP *** [5d 4d Qh]
gammlr8989: bets $7.22
Rezzonner: calls $7.22
*** TURN *** [5d 4d Qh] [9s]
gammlr8989: checks 
Rezzonner: bets $91.23 and is all-in
gammlr8989: folds 
Uncalled bet ($91.23) returned to Rezzonner
Rezzonner collected $28.16 from pot
Rezzonner: doesn't show hand 
*** SUMMARY ***
Total pot $29.64 | Rake $1.48 
Board [5d 4d Qh 9s]
Seat 2: Joe_Li7
Seat 1: Rezzonner (button) collected ($28.16)
Seat 3: Aescul@pius (small blind) folded before Flop
Seat 4: gammlr8989 (big blind) folded on the Turn
Seat 5: shootingGRID folded before Flop (didn't bet)
Seat 6: GuigaMan folded before Flop



PokerStars Hand #254280269637:  Hold'em No Limit ($0.50/$1.00 USD) - 2025/01/09 17:26:39 WET [2025/01/09 12:26:39 ET]
Table 'Menkar II' 6-max Seat #3 is the button
Seat 2: Joe_Li7 ($104.60 in chips) is sitting out
Seat 1: Rezzonner ($119.39 in chips) 
Seat 3: Aescul@pius ($136.35 in chips) 
Seat 4: gammlr8989 ($47.86 in chips) 
Seat 5: shootingGRID ($113.86 in chips) 
Seat 6: GuigaMan ($100 in chips) 
gammlr8989: posts small blind $0.50
shootingGRID: posts big blind $1
Joe_Li7: sits out 
*** HOLE CARDS ***
GuigaMan: raises $1.10 to $2.10
Rezzonner: folds 
Aescul@pius: folds 
gammlr8989: calls $1.60
shootingGRID: calls $1.10
*** FLOP *** [6h Ad 3h]
gammlr8989: bets $2.99
shootingGRID: folds 
GuigaMan: calls $2.99
*** TURN *** [6h Ad 3h] [Jc]
gammlr8989: bets $5.84
GuigaMan: raises $9.16 to $15
gammlr8989: calls $9.16
*** RIVER *** [6h Ad 3h Jc] [4h]
gammlr8989: bets $27.77 and is all-in
GuigaMan: calls $27.77
*** SHOW DOWN ***
gammlr8989: shows [Tc Ah] (a pair of Aces)
GuigaMan: shows [Kc Ac] (a pair of Aces - King kicker)
GuigaMan collected $95.32 from pot
*** SUMMARY ***
Total pot $97.82 | Rake $2.50 
Board [6h Ad 3h Jc 4h]
Seat 2: Joe_Li7
Seat 1: Rezzonner folded before Flop (didn't bet)
Seat 3: Aescul@pius (button) folded before Flop (didn't bet)
Seat 4: gammlr8989 (small blind) showed [Tc Ah] and lost with a pair of Aces
Seat 5: shootingGRID (big blind) folded on the Flop
Seat 6: GuigaMan showed [Kc Ac] and won ($95.32) with a pair of Aces



PokerStars Hand #254280282364:  Hold'em No Limit ($0.50/$1.00 USD) - 2025/01/09 17:27:26 WET [2025/01/09 12:27:26 ET]
Table 'Menkar II' 6-max Seat #6 is the button
Seat 4: gammlr8989 ($0 in chips) is sitting out
Seat 5: shootingGRID ($111.76 in chips) is sitting out
Seat 1: Rezzonner ($119.39 in chips) 
Seat 2: Joe_Li7 ($104.60 in chips) 
Seat 3: Aescul@pius ($136.35 in chips) 
Seat 6: GuigaMan ($147.46 in chips) 
Rezzonner: posts small blind $0.50
Joe_Li7: posts big blind $1
*** HOLE CARDS ***
Aescul@pius: raises $1.20 to $2.20
GuigaMan: folds 
Rezzonner: folds 
Joe_Li7: folds 
Uncalled bet ($1.20) returned to Aescul@pius
Aescul@pius collected $2.50 from pot
Aescul@pius: doesn't show hand 
*** SUMMARY ***
Total pot $2.50 | Rake $0 
Seat 4: gammlr8989
Seat 5: shootingGRID
Seat 1: Rezzonner (small blind) folded before Flop
Seat 2: Joe_Li7 (big blind) folded before Flop
Seat 3: Aescul@pius collected ($2.50)
Seat 6: GuigaMan (button) folded before Flop (didn't bet)



PokerStars Hand #254280286182:  Hold'em No Limit ($0.50/$1.00 USD) - 2025/01/09 17:27:40 WET [2025/01/09 12:27:40 ET]
Table 'Menkar II' 6-max Seat #1 is the button
Seat 5: shootingGRID ($111.76 in chips) is sitting out
Seat 1: Rezzonner ($118.89 in chips) 
Seat 2: Joe_Li7 ($103.60 in chips) 
Seat 3: Aescul@pius ($137.85 in chips) 
Seat 4: gammlr8989 ($66 in chips) 
Seat 6: GuigaMan ($147.46 in chips) 
Joe_Li7: posts small blind $0.50
Aescul@pius: posts big blind $1
*** HOLE CARDS ***
gammlr8989: raises $2 to $3
GuigaMan: raises $6 to $9
Rezzonner: folds 
Joe_Li7: folds 
Aescul@pius: folds 
gammlr8989: calls $6
*** FLOP *** [2d Tc 6h]
gammlr8989: bets $9.26
GuigaMan: calls $9.26
*** TURN *** [2d Tc 6h] [2c]
gammlr8989: bets $36.12
GuigaMan: raises $93.08 to $129.20 and is all-in
gammlr8989: calls $11.62 and is all-in
Uncalled bet ($81.46) returned to GuigaMan
*** RIVER *** [2d Tc 6h 2c] [Jd]
*** SHOW DOWN ***
gammlr8989: shows [Qd Td] (two pair, Tens and Deuces)
GuigaMan: shows [As Ad] (two pair, Aces and Deuces)
GuigaMan collected $131 from pot
*** SUMMARY ***
Total pot $133.50 | Rake $2.50 
Board [2d Tc 6h 2c Jd]
Seat 5: shootingGRID
Seat 1: Rezzonner (button) folded before Flop (didn't bet)
Seat 2: Joe_Li7 (small blind) folded before Flop
Seat 3: Aescul@pius (big blind) folded before Flop
Seat 4: gammlr8989 showed [Qd Td] and lost with two pair, Tens and Deuces
Seat 6: GuigaMan showed [As Ad] and won ($131) with two pair, Aces and Deuces



PokerStars Hand #254280296226:  Hold'em No Limit ($0.50/$1.00 USD) - 2025/01/09 17:28:18 WET [2025/01/09 12:28:18 ET]
Table 'Menkar II' 6-max Seat #2 is the button
Seat 4: gammlr8989 ($0 in chips) is sitting out
Seat 5: shootingGRID ($111.76 in chips) is sitting out
Seat 1: Rezzonner ($118.89 in chips) 
Seat 2: Joe_Li7 ($103.10 in chips) 
Seat 3: Aescul@pius ($136.85 in chips) 
Seat 6: GuigaMan ($212.46 in chips) 
Aescul@pius: posts small blind $0.50
GuigaMan: posts big blind $1
*** HOLE CARDS ***
Rezzonner: folds 
Joe_Li7: raises $1.50 to $2.50
Aescul@pius: raises $8.50 to $11
GuigaMan: folds 
Joe_Li7: calls $8.50
*** FLOP *** [8s 9s 3s]
Aescul@pius: bets $11
Joe_Li7: raises $14.52 to $25.52
Aescul@pius: calls $14.52
*** TURN *** [8s 9s 3s] [2h]
Aescul@pius: checks 
Joe_Li7: bets $66.58 and is all-in
Aescul@pius: folds 
Uncalled bet ($66.58) returned to Joe_Li7
Joe_Li7 collected $73.04 from pot
*** SUMMARY ***
Total pot $74.04 | Rake $1 
Board [8s 9s 3s 2h]
Seat 4: gammlr8989
Seat 5: shootingGRID
Seat 1: Rezzonner folded before Flop (didn't bet)
Seat 2: Joe_Li7 (button) collected ($73.04)
Seat 3: Aescul@pius (small blind) folded on the Turn
Seat 6: GuigaMan (big blind) folded before Flop



PokerStars Hand #254280333925:  Hold'em No Limit ($0.50/$1.00 USD) - 2025/01/09 17:30:36 WET [2025/01/09 12:30:36 ET]
Table 'Menkar II' 6-max Seat #3 is the button
Seat 4: gammlr8989 ($63 in chips) is sitting out
Seat 5: shootingGRID ($111.76 in chips) is sitting out
Seat 1: Rezzonner ($118.89 in chips) 
Seat 2: Joe_Li7 ($139.62 in chips) 
Seat 3: Aescul@pius ($100.33 in chips) 
Seat 6: GuigaMan ($211.46 in chips) 
GuigaMan: posts small blind $0.50
Rezzonner: posts big blind $1
*** HOLE CARDS ***
Joe_Li7: folds 
Aescul@pius: raises $1.50 to $2.50
GuigaMan: folds 
Rezzonner: folds 
Uncalled bet ($1.50) returned to Aescul@pius
Aescul@pius collected $2.50 from pot
Aescul@pius: doesn't show hand 
*** SUMMARY ***
Total pot $2.50 | Rake $0 
Seat 4: gammlr8989
Seat 5: shootingGRID
Seat 1: Rezzonner (big blind) folded before Flop
Seat 2: Joe_Li7 folded before Flop (didn't bet)
Seat 3: Aescul@pius (button) collected ($2.50)
Seat 6: GuigaMan (small blind) folded before Flop



PokerStars Hand #254280341233:  Hold'em No Limit ($0.50/$1.00 USD) - 2025/01/09 17:31:03 WET [2025/01/09 12:31:03 ET]
Table 'Menkar II' 6-max Seat #6 is the button
Seat 2: Joe_Li7 ($139.62 in chips) is sitting out
Seat 5: shootingGRID ($111.76 in chips) is sitting out
Seat 1: Rezzonner ($117.89 in chips) 
Seat 3: Aescul@pius ($101.83 in chips) 
Seat 4: gammlr8989 ($63 in chips) 
Seat 6: GuigaMan ($210.96 in chips) 
Rezzonner: posts small blind $0.50
Joe_Li7: is sitting out 
Aescul@pius: posts big blind $1
gammlr8989: posts small & big blinds $1.50
shootingGRID: sits out 
*** HOLE CARDS ***
gammlr8989: checks 
GuigaMan: folds 
Rezzonner: calls $0.50
Aescul@pius: checks 
*** FLOP *** [7s 6s Ts]
Rezzonner: checks 
Aescul@pius: checks 
gammlr8989: bets $2
Rezzonner: folds 
Aescul@pius: folds 
Uncalled bet ($2) returned to gammlr8989
gammlr8989 collected $3.32 from pot
gammlr8989: doesn't show hand 
*** SUMMARY ***
Total pot $3.50 | Rake $0.18 
Board [7s 6s Ts]
Seat 2: Joe_Li7
Seat 5: shootingGRID
Seat 1: Rezzonner (small blind) folded on the Flop
Seat 3: Aescul@pius (big blind) folded on the Flop
Seat 4: gammlr8989 collected ($3.32)
Seat 6: GuigaMan (button) folded before Flop (didn't bet)



PokerStars Hand #254280352225:  Hold'em No Limit ($0.50/$1.00 USD) - 2025/01/09 17:31:42 WET [2025/01/09 12:31:42 ET]
Table 'Menkar II' 6-max Seat #1 is the button
Seat 2: Joe_Li7 ($139.62 in chips) is sitting out
Seat 5: shootingGRID ($111.76 in chips) is sitting out
Seat 1: Rezzonner ($116.89 in chips) 
Seat 3: Aescul@pius ($100.83 in chips) 
Seat 4: gammlr8989 ($64.82 in chips) 
Seat 6: GuigaMan ($210.96 in chips) 
Aescul@pius: posts small blind $0.50
gammlr8989: posts big blind $1
shootingGRID: sits out 
*** HOLE CARDS ***
GuigaMan: folds 
Rezzonner: folds 
Aescul@pius: folds 
Uncalled bet ($0.50) returned to gammlr8989
gammlr8989 collected $1 from pot
gammlr8989: doesn't show hand 
*** SUMMARY ***
Total pot $1 | Rake $0 
Seat 2: Joe_Li7
Seat 5: shootingGRID
Seat 1: Rezzonner (button) folded before Flop (didn't bet)
Seat 3: Aescul@pius (small blind) folded before Flop
Seat 4: gammlr8989 (big blind) collected ($1)
Seat 6: GuigaMan folded before Flop (didn't bet)



PokerStars Hand #254280355315:  Hold'em No Limit ($0.50/$1.00 USD) - 2025/01/09 17:31:53 WET [2025/01/09 12:31:53 ET]
Table 'Menkar II' 6-max Seat #3 is the button
Seat 2: Joe_Li7 ($139.62 in chips) is sitting out
Seat 1: Rezzonner ($116.89 in chips) 
Seat 3: Aescul@pius ($100.33 in chips) 
Seat 4: gammlr8989 ($65.32 in chips) 
Seat 5: shootingGRID ($111.76 in chips) 
Seat 6: GuigaMan ($210.96 in chips) 
gammlr8989: posts small blind $0.50
shootingGRID: posts big blind $1
Joe_Li7: sits out 
*** HOLE CARDS ***
GuigaMan: folds 
Rezzonner: folds 
Aescul@pius: raises $1.50 to $2.50
gammlr8989: raises $1.50 to $4
shootingGRID: folds 
Aescul@pius: calls $1.50
*** FLOP *** [Jc 5h 4s]
gammlr8989: bets $8.55
Aescul@pius: folds 
Uncalled bet ($8.55) returned to gammlr8989
gammlr8989 collected $8.55 from pot
gammlr8989: doesn't show hand 
*** SUMMARY ***
Total pot $9 | Rake $0.45 
Board [Jc 5h 4s]
Seat 2: Joe_Li7
Seat 1: Rezzonner folded before Flop (didn't bet)
Seat 3: Aescul@pius (button) folded on the Flop
Seat 4: gammlr8989 (small blind) collected ($8.55)
Seat 5: shootingGRID (big blind) folded before Flop
Seat 6: GuigaMan folded before Flop (didn't bet)



PokerStars Hand #254280367143:  Hold'em No Limit ($0.50/$1.00 USD) - 2025/01/09 17:32:36 WET [2025/01/09 12:32:36 ET]
Table 'Menkar II' 6-max Seat #4 is the button
Seat 2: Joe_Li7 ($139.62 in chips) is sitting out
Seat 1: Rezzonner ($116.89 in chips) 
Seat 3: Aescul@pius ($100 in chips) 
Seat 4: gammlr8989 ($69.87 in chips) 
Seat 5: shootingGRID ($110.76 in chips) 
Seat 6: GuigaMan ($210.96 in chips) 
shootingGRID: posts small blind $0.50
GuigaMan: posts big blind $1
Joe_Li7: sits out 
*** HOLE CARDS ***
Rezzonner: raises $1.50 to $2.50
Aescul@pius: folds 
gammlr8989: raises $1.50 to $4
shootingGRID: folds 
GuigaMan: folds 
Rezzonner: calls $1.50
*** FLOP *** [3d Ad Qd]
Rezzonner: checks 
gammlr8989: checks 
*** TURN *** [3d Ad Qd] [8s]
Rezzonner: checks 
gammlr8989: bets $4
Rezzonner: folds 
Uncalled bet ($4) returned to gammlr8989
gammlr8989 collected $9.02 from pot
gammlr8989: doesn't show hand 
*** SUMMARY ***
Total pot $9.50 | Rake $0.48 
Board [3d Ad Qd 8s]
Seat 2: Joe_Li7
Seat 1: Rezzonner folded on the Turn
Seat 3: Aescul@pius folded before Flop (didn't bet)
Seat 4: gammlr8989 (button) collected ($9.02)
Seat 5: shootingGRID (small blind) folded before Flop
Seat 6: GuigaMan (big blind) folded before Flop



PokerStars Hand #254280379694:  Hold'em No Limit ($0.50/$1.00 USD) - 2025/01/09 17:33:22 WET [2025/01/09 12:33:22 ET]
Table 'Menkar II' 6-max Seat #5 is the button
Seat 2: Joe_Li7 ($139.62 in chips) is sitting out
Seat 1: Rezzonner ($112.89 in chips) 
Seat 3: Aescul@pius ($100 in chips) 
Seat 4: gammlr8989 ($74.89 in chips) 
Seat 5: shootingGRID ($110.26 in chips) 
Seat 6: GuigaMan ($209.96 in chips) 
GuigaMan: posts small blind $0.50
Rezzonner: posts big blind $1
Joe_Li7: sits out 
*** HOLE CARDS ***
Aescul@pius: raises $1.20 to $2.20
gammlr8989: raises $1.20 to $3.40
shootingGRID: folds 
GuigaMan: raises $206.56 to $209.96 and is all-in
Rezzonner: folds 
Aescul@pius: folds 
gammlr8989: folds 
Uncalled bet ($206.56) returned to GuigaMan
GuigaMan collected $10 from pot
GuigaMan: doesn't show hand 
*** SUMMARY ***
Total pot $10 | Rake $0 
Seat 2: Joe_Li7
Seat 1: Rezzonner (big blind) folded before Flop
Seat 3: Aescul@pius folded before Flop
Seat 4: gammlr8989 folded before Flop
Seat 5: shootingGRID (button) folded before Flop (didn't bet)
Seat 6: GuigaMan (small blind) collected ($10)



PokerStars Hand #254280392310:  Hold'em No Limit ($0.50/$1.00 USD) - 2025/01/09 17:34:07 WET [2025/01/09 12:34:07 ET]
Table 'Menkar II' 6-max Seat #6 is the button
Seat 1: Rezzonner ($111.89 in chips) 
Seat 2: Joe_Li7 ($139.62 in chips) 
Seat 3: Aescul@pius ($100 in chips) 
Seat 4: gammlr8989 ($71.49 in chips) 
Seat 5: shootingGRID ($110.26 in chips) 
Seat 6: GuigaMan ($216.56 in chips) 
Rezzonner: posts small blind $0.50
Joe_Li7: posts big blind $1
*** HOLE CARDS ***
Aescul@pius: folds 
Aescul@pius leaves the table
gammlr8989: raises $2 to $3
shootingGRID: folds 
GuigaMan: folds 
Rezzonner: folds 
Joe_Li7: folds 
Uncalled bet ($2) returned to gammlr8989
gammlr8989 collected $2.50 from pot
gammlr8989: doesn't show hand 
*** SUMMARY ***
Total pot $2.50 | Rake $0 
Seat 1: Rezzonner (small blind) folded before Flop
Seat 2: Joe_Li7 (big blind) folded before Flop
Seat 3: Aescul@pius folded before Flop (didn't bet)
Seat 4: gammlr8989 collected ($2.50)
Seat 5: shootingGRID folded before Flop (didn't bet)
Seat 6: GuigaMan (button) folded before Flop (didn't bet)



PokerStars Hand #254280398731:  Hold'em No Limit ($0.50/$1.00 USD) - 2025/01/09 17:34:30 WET [2025/01/09 12:34:30 ET]
Table 'Menkar II' 6-max Seat #1 is the button
Seat 1: Rezzonner ($111.39 in chips) 
Seat 2: Joe_Li7 ($138.62 in chips) 
Seat 4: gammlr8989 ($72.99 in chips) 
Seat 5: shootingGRID ($110.26 in chips) 
Seat 6: GuigaMan ($216.56 in chips) 
Joe_Li7: posts small blind $0.50
gammlr8989: posts big blind $1
*** HOLE CARDS ***
shootingGRID: folds 
GuigaMan: raises $1.10 to $2.10
Rezzonner: folds 
Joe_Li7: folds 
gammlr8989: raises $1.10 to $3.20
GuigaMan: calls $1.10
*** FLOP *** [7d Th 3c]
gig.gyty joins the table at seat #3 
gammlr8989: checks 
GuigaMan: bets $3.54
gammlr8989: calls $3.54
*** TURN *** [7d Th 3c] [9d]
gammlr8989: bets $6.64
GuigaMan: raises $11.36 to $18
gammlr8989: folds 
Uncalled bet ($11.36) returned to GuigaMan
GuigaMan collected $25.90 from pot
GuigaMan: doesn't show hand 
*** SUMMARY ***
Total pot $27.26 | Rake $1.36 
Board [7d Th 3c 9d]
Seat 1: Rezzonner (button) folded before Flop (didn't bet)
Seat 2: Joe_Li7 (small blind) folded before Flop
Seat 4: gammlr8989 (big blind) folded on the Turn
Seat 5: shootingGRID folded before Flop (didn't bet)
Seat 6: GuigaMan collected ($25.90)



PokerStars Hand #254280414026:  Hold'em No Limit ($0.50/$1.00 USD) - 2025/01/09 17:35:25 WET [2025/01/09 12:35:25 ET]
Table 'Menkar II' 6-max Seat #2 is the button
Seat 3: gig.gyty ($105.64 in chips) is sitting out
Seat 1: Rezzonner ($111.39 in chips) 
Seat 2: Joe_Li7 ($138.12 in chips) 
Seat 4: gammlr8989 ($59.61 in chips) 
Seat 5: shootingGRID ($110.26 in chips) 
Seat 6: GuigaMan ($229.08 in chips) 
gammlr8989: posts small blind $0.50
shootingGRID: posts big blind $1
*** HOLE CARDS ***
GuigaMan: folds 
Rezzonner: raises $1.50 to $2.50
Joe_Li7: folds 
gammlr8989: calls $2
shootingGRID: folds 
*** FLOP *** [4s 5d Qs]
gammlr8989: bets $6
Rezzonner: folds 
Uncalled bet ($6) returned to gammlr8989
gammlr8989 collected $5.70 from pot
gammlr8989: doesn't show hand 
*** SUMMARY ***
Total pot $6 | Rake $0.30 
Board [4s 5d Qs]
Seat 3: gig.gyty
Seat 1: Rezzonner folded on the Flop
Seat 2: Joe_Li7 (button) folded before Flop (didn't bet)
Seat 4: gammlr8989 (small blind) collected ($5.70)
Seat 5: shootingGRID (big blind) folded before Flop
Seat 6: GuigaMan folded before Flop (didn't bet)



PokerStars Hand #254280419183:  Hold'em No Limit ($0.50/$1.00 USD) - 2025/01/09 17:35:44 WET [2025/01/09 12:35:44 ET]
Table 'Menkar II' 6-max Seat #4 is the button
Seat 3: gig.gyty ($105.64 in chips) is sitting out
Seat 1: Rezzonner ($108.89 in chips) 
Seat 2: Joe_Li7 ($138.12 in chips) 
Seat 4: gammlr8989 ($62.81 in chips) 
Seat 5: shootingGRID ($109.26 in chips) 
Seat 6: GuigaMan ($229.08 in chips) 
shootingGRID: posts small blind $0.50
GuigaMan: posts big blind $1
gig.gyty: sits out 
*** HOLE CARDS ***
Rezzonner: folds 
Joe_Li7: folds 
gammlr8989: calls $1
shootingGRID: raises $6 to $7
GuigaMan: folds 
gammlr8989: raises $6 to $13
shootingGRID: calls $6
*** FLOP *** [2h 8s 2d]
shootingGRID: checks 
gammlr8989: bets $49.81 and is all-in
shootingGRID: calls $49.81
*** TURN *** [2h 8s 2d] [Qs]
*** RIVER *** [2h 8s 2d Qs] [8c]
*** SHOW DOWN ***
shootingGRID: shows [8d Jd] (a full house, Eights full of Deuces)
gammlr8989: shows [4d 9s] (two pair, Eights and Deuces)
shootingGRID collected $124.12 from pot
*** SUMMARY ***
Total pot $126.62 | Rake $2.50 
Board [2h 8s 2d Qs 8c]
Seat 3: gig.gyty
Seat 1: Rezzonner folded before Flop (didn't bet)
Seat 2: Joe_Li7 folded before Flop (didn't bet)
Seat 4: gammlr8989 (button) showed [4d 9s] and lost with two pair, Eights and Deuces
Seat 5: shootingGRID (small blind) showed [8d Jd] and won ($124.12) with a full house, Eights full of Deuces
Seat 6: GuigaMan (big blind) folded before Flop



PokerStars Hand #254280428511:  Hold'em No Limit ($0.50/$1.00 USD) - 2025/01/09 17:36:17 WET [2025/01/09 12:36:17 ET]
Table 'Menkar II' 6-max Seat #5 is the button
Seat 3: gig.gyty ($105.64 in chips) is sitting out
Seat 4: gammlr8989 ($0 in chips) is sitting out
Seat 1: Rezzonner ($108.89 in chips) 
Seat 2: Joe_Li7 ($138.12 in chips) 
Seat 5: shootingGRID ($170.57 in chips) 
Seat 6: GuigaMan ($228.08 in chips) 
GuigaMan: posts small blind $0.50
Rezzonner: posts big blind $1
gig.gyty: sits out 
*** HOLE CARDS ***
Joe_Li7: folds 
shootingGRID: folds 
GuigaMan: folds 
Uncalled bet ($0.50) returned to Rezzonner
Rezzonner collected $1 from pot
Rezzonner: doesn't show hand 
*** SUMMARY ***
Total pot $1 | Rake $0 
Seat 3: gig.gyty
Seat 4: gammlr8989
Seat 1: Rezzonner (big blind) collected ($1)
Seat 2: Joe_Li7 folded before Flop (didn't bet)
Seat 5: shootingGRID (button) folded before Flop (didn't bet)
Seat 6: GuigaMan (small blind) folded before Flop



PokerStars Hand #254280432679:  Hold'em No Limit ($0.50/$1.00 USD) - 2025/01/09 17:36:32 WET [2025/01/09 12:36:32 ET]
Table 'Menkar II' 6-max Seat #6 is the button
Seat 3: gig.gyty ($105.64 in chips) is sitting out
Seat 1: Rezzonner ($109.39 in chips) 
Seat 2: Joe_Li7 ($138.12 in chips) 
Seat 4: gammlr8989 ($59 in chips) 
Seat 5: shootingGRID ($170.57 in chips) 
Seat 6: GuigaMan ($227.58 in chips) 
Rezzonner: posts small blind $0.50
Joe_Li7: posts big blind $1
gig.gyty: sits out 
*** HOLE CARDS ***
gammlr8989: raises $4 to $5
shootingGRID: folds 
GuigaMan: folds 
Rezzonner: folds 
Joe_Li7: folds 
Uncalled bet ($4) returned to gammlr8989
gammlr8989 collected $2.50 from pot
gammlr8989: doesn't show hand 
*** SUMMARY ***
Total pot $2.50 | Rake $0 
Seat 3: gig.gyty
Seat 1: Rezzonner (small blind) folded before Flop
Seat 2: Joe_Li7 (big blind) folded before Flop
Seat 4: gammlr8989 collected ($2.50)
Seat 5: shootingGRID folded before Flop (didn't bet)
Seat 6: GuigaMan (button) folded before Flop (didn't bet)



PokerStars Hand #254280436629:  Hold'em No Limit ($0.50/$1.00 USD) - 2025/01/09 17:36:47 WET [2025/01/09 12:36:47 ET]
Table 'Menkar II' 6-max Seat #1 is the button
Seat 1: Rezzonner ($108.89 in chips) 
Seat 2: Joe_Li7 ($137.12 in chips) 
Seat 3: gig.gyty ($105.64 in chips) 
Seat 4: gammlr8989 ($60.50 in chips) 
Seat 5: shootingGRID ($170.57 in chips) 
Seat 6: GuigaMan ($227.58 in chips) 
Joe_Li7: posts small blind $0.50
gig.gyty: posts big blind $1
*** HOLE CARDS ***
gammlr8989: calls $1
shootingGRID: folds 
GuigaMan: raises $1.10 to $2.10
Rezzonner: folds 
Joe_Li7: folds 
gig.gyty: folds 
gammlr8989: raises $1.10 to $3.20
GuigaMan: calls $1.10
*** FLOP *** [Jh 9h Ad]
gammlr8989: bets $3.75
GuigaMan: calls $3.75
*** TURN *** [Jh 9h Ad] [6c]
gammlr8989: checks 
GuigaMan: bets $4.39
gammlr8989: calls $4.39
*** RIVER *** [Jh 9h Ad 6c] [As]
gammlr8989: checks 
GuigaMan: bets $14
gammlr8989: folds 
Uncalled bet ($14) returned to GuigaMan
GuigaMan collected $22.97 from pot
GuigaMan: doesn't show hand 
*** SUMMARY ***
Total pot $24.18 | Rake $1.21 
Board [Jh 9h Ad 6c As]
Seat 1: Rezzonner (button) folded before Flop (didn't bet)
Seat 2: Joe_Li7 (small blind) folded before Flop
Seat 3: gig.gyty (big blind) folded before Flop
Seat 4: gammlr8989 folded on the River
Seat 5: shootingGRID folded before Flop (didn't bet)
Seat 6: GuigaMan collected ($22.97)



PokerStars Hand #254280450015:  Hold'em No Limit ($0.50/$1.00 USD) - 2025/01/09 17:37:34 WET [2025/01/09 12:37:34 ET]
Table 'Menkar II' 6-max Seat #2 is the button
Seat 1: Rezzonner ($108.89 in chips) 
Seat 2: Joe_Li7 ($136.62 in chips) 
Seat 3: gig.gyty ($104.64 in chips) 
Seat 4: gammlr8989 ($49.16 in chips) 
Seat 5: shootingGRID ($170.57 in chips) 
Seat 6: GuigaMan ($239.21 in chips) 
gig.gyty: posts small blind $0.50
gammlr8989: posts big blind $1
*** HOLE CARDS ***
shootingGRID: raises $1.25 to $2.25
GuigaMan: calls $2.25
Rezzonner: folds 
Joe_Li7: folds 
gig.gyty: folds 
gammlr8989: raises $2.75 to $5
shootingGRID: raises $14.50 to $19.50
GuigaMan: calls $17.25
gammlr8989: raises $29.66 to $49.16 and is all-in
shootingGRID: raises $121.41 to $170.57 and is all-in
GuigaMan: calls $151.07
*** FLOP *** [9h As 7s]
*** TURN *** [9h As 7s] [6d]
*** RIVER *** [9h As 7s 6d] [Jd]
*** SHOW DOWN ***
shootingGRID: shows [Jc Jh] (three of a kind, Jacks)
GuigaMan: shows [Qh Qc] (a pair of Queens)
shootingGRID collected $242.82 from side pot
gammlr8989: shows [7h Tc] (a pair of Sevens)
shootingGRID collected $145.48 from main pot
*** SUMMARY ***
Total pot $390.80 Main pot $145.48. Side pot $242.82. | Rake $2.50 
Board [9h As 7s 6d Jd]
Seat 1: Rezzonner folded before Flop (didn't bet)
Seat 2: Joe_Li7 (button) folded before Flop (didn't bet)
Seat 3: gig.gyty (small blind) folded before Flop
Seat 4: gammlr8989 (big blind) showed [7h Tc] and lost with a pair of Sevens
Seat 5: shootingGRID showed [Jc Jh] and won ($388.30) with three of a kind, Jacks
Seat 6: GuigaMan showed [Qh Qc] and lost with a pair of Queens



PokerStars Hand #254280468013:  Hold'em No Limit ($0.50/$1.00 USD) - 2025/01/09 17:38:39 WET [2025/01/09 12:38:39 ET]
Table 'Menkar II' 6-max Seat #3 is the button
Seat 4: gammlr8989 ($0 in chips) is sitting out
Seat 1: Rezzonner ($108.89 in chips) 
Seat 2: Joe_Li7 ($136.62 in chips) 
Seat 3: gig.gyty ($104.14 in chips) 
Seat 5: shootingGRID ($388.30 in chips) 
Seat 6: GuigaMan ($100 in chips) 
shootingGRID: posts small blind $0.50
GuigaMan: posts big blind $1
*** HOLE CARDS ***
Rezzonner: folds 
Joe_Li7: raises $1.20 to $2.20
gig.gyty: raises $4.80 to $7
shootingGRID: folds 
GuigaMan: folds 
Joe_Li7: folds 
Uncalled bet ($4.80) returned to gig.gyty
gig.gyty collected $5.90 from pot
gig.gyty: doesn't show hand 
*** SUMMARY ***
Total pot $5.90 | Rake $0 
Seat 4: gammlr8989
Seat 1: Rezzonner folded before Flop (didn't bet)
Seat 2: Joe_Li7 folded before Flop
Seat 3: gig.gyty (button) collected ($5.90)
Seat 5: shootingGRID (small blind) folded before Flop
Seat 6: GuigaMan (big blind) folded before Flop



PokerStars Hand #254280473605:  Hold'em No Limit ($0.50/$1.00 USD) - 2025/01/09 17:38:58 WET [2025/01/09 12:38:58 ET]
Table 'Menkar II' 6-max Seat #5 is the button
Seat 1: Rezzonner ($108.89 in chips) 
Seat 2: Joe_Li7 ($134.42 in chips) 
Seat 3: gig.gyty ($107.84 in chips) 
Seat 4: gammlr8989 ($62 in chips) 
Seat 5: shootingGRID ($387.80 in chips) 
Seat 6: GuigaMan ($100 in chips) 
GuigaMan: posts small blind $0.50
Rezzonner: posts big blind $1
gammlr8989: posts small blind $0.50
*** HOLE CARDS ***
Joe_Li7: folds 
gig.gyty: folds 
gammlr8989: raises $1 to $2
shootingGRID: raises $3 to $5
GuigaMan: folds 
Rezzonner: calls $4
gammlr8989: calls $3
*** FLOP *** [Ad Kd 8d]
Rezzonner: checks 
gammlr8989: bets $15.20
shootingGRID: calls $15.20
Rezzonner: calls $15.20
*** TURN *** [Ad Kd 8d] [Kc]
Rezzonner: checks 
gammlr8989: checks 
shootingGRID: checks 
*** RIVER *** [Ad Kd 8d Kc] [5c]
Rezzonner: checks 
gammlr8989: checks 
shootingGRID: checks 
*** SHOW DOWN ***
Rezzonner: shows [Ac 8c] (two pair, Aces and Kings)
gammlr8989: mucks hand 
shootingGRID: shows [As 9d] (two pair, Aces and Kings - Nine kicker)
shootingGRID collected $59.10 from pot
*** SUMMARY ***
Total pot $61.60 | Rake $2.50 
Board [Ad Kd 8d Kc 5c]
Seat 1: Rezzonner (big blind) showed [Ac 8c] and lost with two pair, Aces and Kings
Seat 2: Joe_Li7 folded before Flop (didn't bet)
Seat 3: gig.gyty folded before Flop (didn't bet)
Seat 4: gammlr8989 mucked
Seat 5: shootingGRID (button) showed [As 9d] and won ($59.10) with two pair, Aces and Kings
Seat 6: GuigaMan (small blind) folded before Flop



PokerStars Hand #254280491228:  Hold'em No Limit ($0.50/$1.00 USD) - 2025/01/09 17:40:01 WET [2025/01/09 12:40:01 ET]
Table 'Menkar II' 6-max Seat #6 is the button
Seat 1: Rezzonner ($100 in chips) 
Seat 2: Joe_Li7 ($134.42 in chips) 
Seat 3: gig.gyty ($107.84 in chips) 
Seat 4: gammlr8989 ($41.30 in chips) 
Seat 5: shootingGRID ($426.70 in chips) 
Seat 6: GuigaMan ($100 in chips) 
Rezzonner: posts small blind $0.50
Joe_Li7: posts big blind $1
*** HOLE CARDS ***
gig.gyty: folds 
gammlr8989: raises $40.30 to $41.30 and is all-in
shootingGRID: folds 
GuigaMan: folds 
Rezzonner: folds 
Joe_Li7: folds 
Uncalled bet ($40.30) returned to gammlr8989
gammlr8989 collected $2.50 from pot
gammlr8989: doesn't show hand 
*** SUMMARY ***
Total pot $2.50 | Rake $0 
Seat 1: Rezzonner (small blind) folded before Flop
Seat 2: Joe_Li7 (big blind) folded before Flop
Seat 3: gig.gyty folded before Flop (didn't bet)
Seat 4: gammlr8989 collected ($2.50)
Seat 5: shootingGRID folded before Flop (didn't bet)
Seat 6: GuigaMan (button) folded before Flop (didn't bet)



PokerStars Hand #254280496604:  Hold'em No Limit ($0.50/$1.00 USD) - 2025/01/09 17:40:20 WET [2025/01/09 12:40:20 ET]
Table 'Menkar II' 6-max Seat #1 is the button
Seat 1: Rezzonner ($100 in chips) 
Seat 2: Joe_Li7 ($133.42 in chips) 
Seat 3: gig.gyty ($107.84 in chips) 
Seat 4: gammlr8989 ($42.80 in chips) 
Seat 5: shootingGRID ($426.70 in chips) 
Seat 6: GuigaMan ($100 in chips) 
Joe_Li7: posts small blind $0.50
gig.gyty: posts big blind $1
*** HOLE CARDS ***
gammlr8989: raises $41.80 to $42.80 and is all-in
shootingGRID: folds 
GuigaMan: folds 
Rezzonner: folds 
Joe_Li7: folds 
gig.gyty: folds 
Uncalled bet ($41.80) returned to gammlr8989
gammlr8989 collected $2.50 from pot
gammlr8989: doesn't show hand 
*** SUMMARY ***
Total pot $2.50 | Rake $0 
Seat 1: Rezzonner (button) folded before Flop (didn't bet)
Seat 2: Joe_Li7 (small blind) folded before Flop
Seat 3: gig.gyty (big blind) folded before Flop
Seat 4: gammlr8989 collected ($2.50)
Seat 5: shootingGRID folded before Flop (didn't bet)
Seat 6: GuigaMan folded before Flop (didn't bet)



PokerStars Hand #254280505619:  Hold'em No Limit ($0.50/$1.00 USD) - 2025/01/09 17:40:53 WET [2025/01/09 12:40:53 ET]
Table 'Menkar II' 6-max Seat #2 is the button
Seat 1: Rezzonner ($100 in chips) 
Seat 2: Joe_Li7 ($132.92 in chips) 
Seat 3: gig.gyty ($106.84 in chips) 
Seat 4: gammlr8989 ($44.30 in chips) 
Seat 5: shootingGRID ($426.70 in chips) 
Seat 6: GuigaMan ($100 in chips) 
gig.gyty: posts small blind $0.50
gammlr8989: posts big blind $1
*** HOLE CARDS ***
shootingGRID: folds 
GuigaMan: folds 
Rezzonner: raises $1.50 to $2.50
Joe_Li7: calls $2.50
gig.gyty: folds 
gammlr8989: calls $1.50
*** FLOP *** [5h 7d 4h]
gammlr8989: bets $7.60
Rezzonner: calls $7.60
Joe_Li7: raises $12.90 to $20.50
gammlr8989: raises $21.30 to $41.80 and is all-in
Rezzonner: folds 
Joe_Li7: calls $21.30
*** TURN *** [5h 7d 4h] [8s]
*** RIVER *** [5h 7d 4h 8s] [5c]
*** SHOW DOWN ***
gammlr8989: shows [8h Kd] (two pair, Eights and Fives)
Joe_Li7: shows [7c 8c] (two pair, Eights and Sevens)
Joe_Li7 collected $96.70 from pot
*** SUMMARY ***
Total pot $99.20 | Rake $2.50 
Board [5h 7d 4h 8s 5c]
Seat 1: Rezzonner folded on the Flop
Seat 2: Joe_Li7 (button) showed [7c 8c] and won ($96.70) with two pair, Eights and Sevens
Seat 3: gig.gyty (small blind) folded before Flop
Seat 4: gammlr8989 (big blind) showed [8h Kd] and lost with two pair, Eights and Fives
Seat 5: shootingGRID folded before Flop (didn't bet)
Seat 6: GuigaMan folded before Flop (didn't bet)



PokerStars Hand #254280520295:  Hold'em No Limit ($0.50/$1.00 USD) - 2025/01/09 17:41:44 WET [2025/01/09 12:41:44 ET]
Table 'Menkar II' 6-max Seat #3 is the button
Seat 4: gammlr8989 ($0 in chips) is sitting out
Seat 1: Rezzonner ($100 in chips) 
Seat 2: Joe_Li7 ($185.32 in chips) 
Seat 3: gig.gyty ($106.34 in chips) 
Seat 5: shootingGRID ($426.70 in chips) 
Seat 6: GuigaMan ($100 in chips) 
shootingGRID: posts small blind $0.50
GuigaMan: posts big blind $1
*** HOLE CARDS ***
Rezzonner: raises $1.50 to $2.50
Joe_Li7: folds 
gammlr8989 leaves the table
gig.gyty: raises $5.50 to $8
shootingGRID: folds 
GuigaMan: folds 
Rezzonner: folds 
Uncalled bet ($5.50) returned to gig.gyty
gig.gyty collected $6.50 from pot
gig.gyty: doesn't show hand 
*** SUMMARY ***
Total pot $6.50 | Rake $0 
Seat 4: gammlr8989
Seat 1: Rezzonner folded before Flop
Seat 2: Joe_Li7 folded before Flop (didn't bet)
Seat 3: gig.gyty (button) collected ($6.50)
Seat 5: shootingGRID (small blind) folded before Flop
Seat 6: GuigaMan (big blind) folded before Flop



PokerStars Hand #254280525680:  Hold'em No Limit ($0.50/$1.00 USD) - 2025/01/09 17:42:03 WET [2025/01/09 12:42:03 ET]
Table 'Menkar II' 6-max Seat #5 is the button
Seat 1: Rezzonner ($100 in chips) 
Seat 2: Joe_Li7 ($185.32 in chips) 
Seat 3: gig.gyty ($110.34 in chips) 
Seat 5: shootingGRID ($426.20 in chips) 
Seat 6: GuigaMan ($100 in chips) 
GuigaMan: posts small blind $0.50
Rezzonner: posts big blind $1
*** HOLE CARDS ***
Joe_Li7: folds 
gig.gyty: folds 
shootingGRID: folds 
GuigaMan: folds 
Uncalled bet ($0.50) returned to Rezzonner
Rezzonner collected $1 from pot
Rezzonner: doesn't show hand 
*** SUMMARY ***
Total pot $1 | Rake $0 
Seat 1: Rezzonner (big blind) collected ($1)
Seat 2: Joe_Li7 folded before Flop (didn't bet)
Seat 3: gig.gyty folded before Flop (didn't bet)
Seat 5: shootingGRID (button) folded before Flop (didn't bet)
Seat 6: GuigaMan (small blind) folded before Flop



PokerStars Hand #254280529718:  Hold'em No Limit ($0.50/$1.00 USD) - 2025/01/09 17:42:17 WET [2025/01/09 12:42:17 ET]
Table 'Menkar II' 6-max Seat #6 is the button
Seat 2: Joe_Li7 ($185.32 in chips) is sitting out
Seat 3: gig.gyty ($110.34 in chips) is sitting out
Seat 1: Rezzonner ($100.50 in chips) 
Seat 5: shootingGRID ($426.20 in chips) 
Seat 6: GuigaMan ($100 in chips) 
Rezzonner: posts small blind $0.50
Joe_Li7: is sitting out 
gig.gyty: is sitting out 
shootingGRID: posts big blind $1
*** HOLE CARDS ***
GuigaMan: raises $1.10 to $2.10
Rezzonner: raises $7.90 to $10
gig.gyty leaves the table
shootingGRID: folds 
GuigaMan: folds 
Uncalled bet ($7.90) returned to Rezzonner
Rezzonner collected $5.20 from pot
Rezzonner: doesn't show hand 
Joe_Li7 leaves the table
*** SUMMARY ***
Total pot $5.20 | Rake $0 
Seat 2: Joe_Li7
Seat 3: gig.gyty
Seat 1: Rezzonner (small blind) collected ($5.20)
Seat 5: shootingGRID (big blind) folded before Flop
Seat 6: GuigaMan (button) folded before Flop



