PokerStars Hand #254276065739:  Hold'em No Limit ($0.50/$1.00 USD) - 2025/01/09 11:02:22 WET [2025/01/09 6:02:22 ET]
Table 'Situla II' 6-max Seat #3 is the button
Seat 1: Santiss87 ($50 in chips) 
Seat 2: D€est7oye€R ($100 in chips) 
Seat 3: gudrozd ($100 in chips) 
Seat 4: ChuckNorrisQ ($80 in chips) 
Seat 5: janarr5 ($100 in chips) 
ChuckNorrisQ: posts small blind $0.50
janarr5: posts big blind $1
*** HOLE CARDS ***
b2k-Snick joins the table at seat #6 
Santiss87: calls $1
D€est7oye€R: folds 
gudrozd: folds 
ChuckNorrisQ: calls $0.50
janarr5: checks 
*** FLOP *** [Tc Ts 8h]
ChuckNorrisQ: checks 
janarr5: checks 
Santiss87: bets $2
ChuckNorrisQ: raises $4 to $6
janarr5: folds 
Santiss87: calls $4
*** TURN *** [Tc Ts 8h] [2s]
ChuckNorrisQ: bets $10.69
Santiss87: calls $10.69
*** RIVER *** [Tc Ts 8h 2s] [7h]
ChuckNorrisQ: bets $62.31 and is all-in
Santiss87: calls $32.31 and is all-in
Uncalled bet ($30) returned to ChuckNorrisQ
*** SHOW DOWN ***
ChuckNorrisQ: shows [Js Th] (three of a kind, Tens)
Santiss87: shows [6d 8d] (two pair, Tens and Eights)
ChuckNorrisQ collected $98.50 from pot
*** SUMMARY ***
Total pot $101 | Rake $2.50 
Board [Tc Ts 8h 2s 7h]
Seat 1: Santiss87 showed [6d 8d] and lost with two pair, Tens and Eights
Seat 2: D€est7oye€R folded before Flop (didn't bet)
Seat 3: gudrozd (button) folded before Flop (didn't bet)
Seat 4: ChuckNorrisQ (small blind) showed [Js Th] and won ($98.50) with three of a kind, Tens
Seat 5: janarr5 (big blind) folded on the Flop



PokerStars Hand #254276071648:  Hold'em No Limit ($0.50/$1.00 USD) - 2025/01/09 11:03:12 WET [2025/01/09 6:03:12 ET]
Table 'Situla II' 6-max Seat #4 is the button
Seat 1: Santiss87 ($0 in chips) is sitting out
Seat 2: D€est7oye€R ($100 in chips) 
Seat 3: gudrozd ($100 in chips) 
Seat 4: ChuckNorrisQ ($128.50 in chips) 
Seat 5: janarr5 ($100 in chips) 
Seat 6: b2k-Snick ($100 in chips) 
janarr5: posts small blind $0.50
b2k-Snick: posts big blind $1
*** HOLE CARDS ***
D€est7oye€R: folds 
gudrozd: raises $1.50 to $2.50
ChuckNorrisQ: folds 
janarr5: folds 
b2k-Snick: calls $1.50
*** FLOP *** [7h Tc 4s]
Santiss87 leaves the table
b2k-Snick: checks 
gudrozd: bets $3.92
b2k-Snick: folds 
Uncalled bet ($3.92) returned to gudrozd
gudrozd collected $5.22 from pot
gudrozd: doesn't show hand 
*** SUMMARY ***
Total pot $5.50 | Rake $0.28 
Board [7h Tc 4s]
Seat 1: Santiss87
Seat 2: D€est7oye€R folded before Flop (didn't bet)
Seat 3: gudrozd collected ($5.22)
Seat 4: ChuckNorrisQ (button) folded before Flop (didn't bet)
Seat 5: janarr5 (small blind) folded before Flop
Seat 6: b2k-Snick (big blind) folded on the Flop



PokerStars Hand #254276075400:  Hold'em No Limit ($0.50/$1.00 USD) - 2025/01/09 11:03:44 WET [2025/01/09 6:03:44 ET]
Table 'Situla II' 6-max Seat #5 is the button
Seat 2: D€est7oye€R ($100 in chips) 
Seat 3: gudrozd ($102.72 in chips) 
Seat 4: ChuckNorrisQ ($128.50 in chips) 
Seat 5: janarr5 ($100 in chips) 
Seat 6: b2k-Snick ($100 in chips) 
b2k-Snick: posts small blind $0.50
D€est7oye€R: posts big blind $1
*** HOLE CARDS ***
gudrozd: folds 
ChuckNorrisQ: folds 
gudrozd leaves the table
janarr5: raises $1.50 to $2.50
b2k-Snick: folds 
D€est7oye€R: folds 
Uncalled bet ($1.50) returned to janarr5
janarr5 collected $2.50 from pot
janarr5: doesn't show hand 
*** SUMMARY ***
Total pot $2.50 | Rake $0 
Seat 2: D€est7oye€R (big blind) folded before Flop
Seat 3: gudrozd folded before Flop (didn't bet)
Seat 4: ChuckNorrisQ folded before Flop (didn't bet)
Seat 5: janarr5 (button) collected ($2.50)
Seat 6: b2k-Snick (small blind) folded before Flop



PokerStars Hand #254276078254:  Hold'em No Limit ($0.50/$1.00 USD) - 2025/01/09 11:04:07 WET [2025/01/09 6:04:07 ET]
Table 'Situla II' 6-max Seat #6 is the button
Seat 2: D€est7oye€R ($100 in chips) 
Seat 4: ChuckNorrisQ ($128.50 in chips) 
Seat 5: janarr5 ($101.50 in chips) 
Seat 6: b2k-Snick ($100 in chips) 
D€est7oye€R: posts small blind $0.50
ChuckNorrisQ: posts big blind $1
*** HOLE CARDS ***
janarr5: raises $1.25 to $2.25
nvalin joins the table at seat #1 
b2k-Snick: folds 
D€est7oye€R: raises $11.25 to $13.50
ChuckNorrisQ: folds 
janarr5: folds 
Uncalled bet ($11.25) returned to D€est7oye€R
D€est7oye€R collected $5.50 from pot
D€est7oye€R: doesn't show hand 
*** SUMMARY ***
Total pot $5.50 | Rake $0 
Seat 2: D€est7oye€R (small blind) collected ($5.50)
Seat 4: ChuckNorrisQ (big blind) folded before Flop
Seat 5: janarr5 folded before Flop
Seat 6: b2k-Snick (button) folded before Flop (didn't bet)



PokerStars Hand #254276081248:  Hold'em No Limit ($0.50/$1.00 USD) - 2025/01/09 11:04:32 WET [2025/01/09 6:04:32 ET]
Table 'Situla II' 6-max Seat #2 is the button
Seat 1: nvalin ($80 in chips) 
Seat 2: D€est7oye€R ($103.25 in chips) 
Seat 4: ChuckNorrisQ ($127.50 in chips) 
Seat 5: janarr5 ($100 in chips) 
Seat 6: b2k-Snick ($100 in chips) 
ChuckNorrisQ: posts small blind $0.50
janarr5: posts big blind $1
nvalin: posts big blind $1
*** HOLE CARDS ***
b2k-Snick: folds 
nvalin: checks 
4ikkiBamBoni joins the table at seat #3 
D€est7oye€R: raises $3 to $4
ChuckNorrisQ: calls $3.50
janarr5: folds 
nvalin: calls $3
*** FLOP *** [Ad Ts 8h]
ChuckNorrisQ: checks 
nvalin: checks 
D€est7oye€R: checks 
*** TURN *** [Ad Ts 8h] [5c]
ChuckNorrisQ: checks 
nvalin: bets $6.18
D€est7oye€R: calls $6.18
ChuckNorrisQ: folds 
*** RIVER *** [Ad Ts 8h 5c] [5s]
nvalin: bets $12.05
D€est7oye€R: calls $12.05
*** SHOW DOWN ***
nvalin: shows [4h 2d] (a pair of Fives)
D€est7oye€R: shows [Qc Tc] (two pair, Tens and Fives)
D€est7oye€R collected $46.99 from pot
*** SUMMARY ***
Total pot $49.46 | Rake $2.47 
Board [Ad Ts 8h 5c 5s]
Seat 1: nvalin showed [4h 2d] and lost with a pair of Fives
Seat 2: D€est7oye€R (button) showed [Qc Tc] and won ($46.99) with two pair, Tens and Fives
Seat 4: ChuckNorrisQ (small blind) folded on the Turn
Seat 5: janarr5 (big blind) folded before Flop
Seat 6: b2k-Snick folded before Flop (didn't bet)



PokerStars Hand #254276088712:  Hold'em No Limit ($0.50/$1.00 USD) - 2025/01/09 11:05:34 WET [2025/01/09 6:05:34 ET]
Table 'Situla II' 6-max Seat #4 is the button
Seat 3: 4ikkiBamBoni ($100 in chips) is sitting out
Seat 1: nvalin ($57.77 in chips) 
Seat 2: D€est7oye€R ($128.01 in chips) 
Seat 4: ChuckNorrisQ ($123.50 in chips) 
Seat 5: janarr5 ($100 in chips) 
Seat 6: b2k-Snick ($100 in chips) 
janarr5: posts small blind $0.50
b2k-Snick: posts big blind $1
4ikkiBamBoni: sits out 
*** HOLE CARDS ***
nvalin: folds 
D€est7oye€R: folds 
ChuckNorrisQ: raises $1.50 to $2.50
janarr5: folds 
b2k-Snick: calls $1.50
*** FLOP *** [7c 8h 9c]
b2k-Snick: checks 
ChuckNorrisQ: checks 
*** TURN *** [7c 8h 9c] [Ts]
b2k-Snick: checks 
ChuckNorrisQ: checks 
*** RIVER *** [7c 8h 9c Ts] [4d]
b2k-Snick: checks 
ChuckNorrisQ: bets $2.61
b2k-Snick: folds 
Uncalled bet ($2.61) returned to ChuckNorrisQ
ChuckNorrisQ collected $5.22 from pot
ChuckNorrisQ: doesn't show hand 
*** SUMMARY ***
Total pot $5.50 | Rake $0.28 
Board [7c 8h 9c Ts 4d]
Seat 3: 4ikkiBamBoni
Seat 1: nvalin folded before Flop (didn't bet)
Seat 2: D€est7oye€R folded before Flop (didn't bet)
Seat 4: ChuckNorrisQ (button) collected ($5.22)
Seat 5: janarr5 (small blind) folded before Flop
Seat 6: b2k-Snick (big blind) folded on the River



PokerStars Hand #254276096184:  Hold'em No Limit ($0.50/$1.00 USD) - 2025/01/09 11:06:36 WET [2025/01/09 6:06:36 ET]
Table 'Situla II' 6-max Seat #5 is the button
Seat 3: 4ikkiBamBoni ($100 in chips) is sitting out
Seat 1: nvalin ($83.51 in chips) 
Seat 2: D€est7oye€R ($128.01 in chips) 
Seat 4: ChuckNorrisQ ($126.22 in chips) 
Seat 5: janarr5 ($100 in chips) 
Seat 6: b2k-Snick ($100 in chips) 
b2k-Snick: posts small blind $0.50
nvalin: posts big blind $1
4ikkiBamBoni: sits out 
*** HOLE CARDS ***
D€est7oye€R: folds 
ChuckNorrisQ: raises $1.30 to $2.30
janarr5: folds 
b2k-Snick: folds 
nvalin: calls $1.30
*** FLOP *** [9s Js Ah]
nvalin: bets $4.84
ChuckNorrisQ: folds 
Uncalled bet ($4.84) returned to nvalin
nvalin collected $4.84 from pot
nvalin: doesn't show hand 
*** SUMMARY ***
Total pot $5.10 | Rake $0.26 
Board [9s Js Ah]
Seat 3: 4ikkiBamBoni
Seat 1: nvalin (big blind) collected ($4.84)
Seat 2: D€est7oye€R folded before Flop (didn't bet)
Seat 4: ChuckNorrisQ folded on the Flop
Seat 5: janarr5 (button) folded before Flop (didn't bet)
Seat 6: b2k-Snick (small blind) folded before Flop



PokerStars Hand #254276098756:  Hold'em No Limit ($0.50/$1.00 USD) - 2025/01/09 11:06:57 WET [2025/01/09 6:06:57 ET]
Table 'Situla II' 6-max Seat #6 is the button
Seat 3: 4ikkiBamBoni ($100 in chips) is sitting out
Seat 1: nvalin ($86.05 in chips) 
Seat 2: D€est7oye€R ($128.01 in chips) 
Seat 4: ChuckNorrisQ ($123.92 in chips) 
Seat 5: janarr5 ($100 in chips) 
Seat 6: b2k-Snick ($100 in chips) 
nvalin: posts small blind $0.50
D€est7oye€R: posts big blind $1
4ikkiBamBoni: sits out 
*** HOLE CARDS ***
ChuckNorrisQ: folds 
janarr5: folds 
b2k-Snick: raises $1.50 to $2.50
nvalin: folds 
D€est7oye€R: calls $1.50
*** FLOP *** [Ks Jh 2c]
D€est7oye€R: checks 
b2k-Snick: bets $2.30
D€est7oye€R: folds 
Uncalled bet ($2.30) returned to b2k-Snick
b2k-Snick collected $5.22 from pot
b2k-Snick: doesn't show hand 
*** SUMMARY ***
Total pot $5.50 | Rake $0.28 
Board [Ks Jh 2c]
Seat 3: 4ikkiBamBoni
Seat 1: nvalin (small blind) folded before Flop
Seat 2: D€est7oye€R (big blind) folded on the Flop
Seat 4: ChuckNorrisQ folded before Flop (didn't bet)
Seat 5: janarr5 folded before Flop (didn't bet)
Seat 6: b2k-Snick (button) collected ($5.22)



PokerStars Hand #254276102812:  Hold'em No Limit ($0.50/$1.00 USD) - 2025/01/09 11:07:31 WET [2025/01/09 6:07:31 ET]
Table 'Situla II' 6-max Seat #1 is the button
Seat 1: nvalin ($85.55 in chips) 
Seat 2: D€est7oye€R ($125.51 in chips) 
Seat 3: 4ikkiBamBoni ($100 in chips) 
Seat 4: ChuckNorrisQ ($123.92 in chips) 
Seat 5: janarr5 ($100 in chips) 
Seat 6: b2k-Snick ($102.72 in chips) 
D€est7oye€R: posts small blind $0.50
4ikkiBamBoni: posts big blind $1
*** HOLE CARDS ***
ChuckNorrisQ: folds 
janarr5: folds 
b2k-Snick: folds 
nvalin: calls $1
D€est7oye€R: calls $0.50
4ikkiBamBoni: checks 
*** FLOP *** [Ac 2s 6d]
D€est7oye€R: checks 
4ikkiBamBoni: checks 
nvalin: checks 
*** TURN *** [Ac 2s 6d] [As]
D€est7oye€R: checks 
4ikkiBamBoni: checks 
nvalin: checks 
*** RIVER *** [Ac 2s 6d As] [Qd]
D€est7oye€R: bets $1
4ikkiBamBoni: folds 
nvalin: calls $1
*** SHOW DOWN ***
D€est7oye€R: shows [Ad 6c] (a full house, Aces full of Sixes)
nvalin: mucks hand 
D€est7oye€R collected $4.75 from pot
*** SUMMARY ***
Total pot $5 | Rake $0.25 
Board [Ac 2s 6d As Qd]
Seat 1: nvalin (button) mucked
Seat 2: D€est7oye€R (small blind) showed [Ad 6c] and won ($4.75) with a full house, Aces full of Sixes
Seat 3: 4ikkiBamBoni (big blind) folded on the River
Seat 4: ChuckNorrisQ folded before Flop (didn't bet)
Seat 5: janarr5 folded before Flop (didn't bet)
Seat 6: b2k-Snick folded before Flop (didn't bet)



PokerStars Hand #254276107760:  Hold'em No Limit ($0.50/$1.00 USD) - 2025/01/09 11:08:12 WET [2025/01/09 6:08:12 ET]
Table 'Situla II' 6-max Seat #2 is the button
Seat 1: nvalin ($83.55 in chips) 
Seat 2: D€est7oye€R ($128.26 in chips) 
Seat 3: 4ikkiBamBoni ($100 in chips) 
Seat 4: ChuckNorrisQ ($123.92 in chips) 
Seat 5: janarr5 ($100 in chips) 
Seat 6: b2k-Snick ($102.72 in chips) 
4ikkiBamBoni: posts small blind $0.50
ChuckNorrisQ: posts big blind $1
*** HOLE CARDS ***
janarr5: folds 
b2k-Snick: folds 
nvalin: calls $1
D€est7oye€R: folds 
4ikkiBamBoni: folds 
ChuckNorrisQ: checks 
*** FLOP *** [Kh Tc 3s]
ChuckNorrisQ: checks 
nvalin: bets $2.38
ChuckNorrisQ: raises $7.62 to $10
nvalin: folds 
Uncalled bet ($7.62) returned to ChuckNorrisQ
ChuckNorrisQ collected $6.90 from pot
ChuckNorrisQ: doesn't show hand 
*** SUMMARY ***
Total pot $7.26 | Rake $0.36 
Board [Kh Tc 3s]
Seat 1: nvalin folded on the Flop
Seat 2: D€est7oye€R (button) folded before Flop (didn't bet)
Seat 3: 4ikkiBamBoni (small blind) folded before Flop
Seat 4: ChuckNorrisQ (big blind) collected ($6.90)
Seat 5: janarr5 folded before Flop (didn't bet)
Seat 6: b2k-Snick folded before Flop (didn't bet)



PokerStars Hand #254276112779:  Hold'em No Limit ($0.50/$1.00 USD) - 2025/01/09 11:08:54 WET [2025/01/09 6:08:54 ET]
Table 'Situla II' 6-max Seat #4 is the button
Seat 3: 4ikkiBamBoni ($100 in chips) is sitting out
Seat 1: nvalin ($80.17 in chips) 
Seat 2: D€est7oye€R ($128.26 in chips) 
Seat 4: ChuckNorrisQ ($127.44 in chips) 
Seat 5: janarr5 ($100 in chips) 
Seat 6: b2k-Snick ($102.72 in chips) 
janarr5: posts small blind $0.50
b2k-Snick: posts big blind $1
*** HOLE CARDS ***
nvalin: raises $2.50 to $3.50
D€est7oye€R: folds 
ChuckNorrisQ: folds 
janarr5: raises $8.50 to $12
b2k-Snick: folds 
nvalin: calls $8.50
*** FLOP *** [5s 5d 7d]
janarr5: checks 
nvalin: bets $11.88
janarr5: folds 
Uncalled bet ($11.88) returned to nvalin
nvalin collected $23.75 from pot
nvalin: doesn't show hand 
*** SUMMARY ***
Total pot $25 | Rake $1.25 
Board [5s 5d 7d]
Seat 3: 4ikkiBamBoni
Seat 1: nvalin collected ($23.75)
Seat 2: D€est7oye€R folded before Flop (didn't bet)
Seat 4: ChuckNorrisQ (button) folded before Flop (didn't bet)
Seat 5: janarr5 (small blind) folded on the Flop
Seat 6: b2k-Snick (big blind) folded before Flop



PokerStars Hand #254276117064:  Hold'em No Limit ($0.50/$1.00 USD) - 2025/01/09 11:09:30 WET [2025/01/09 6:09:30 ET]
Table 'Situla II' 6-max Seat #5 is the button
Seat 3: 4ikkiBamBoni ($100 in chips) is sitting out
Seat 1: nvalin ($91.92 in chips) 
Seat 2: D€est7oye€R ($128.26 in chips) 
Seat 4: ChuckNorrisQ ($127.44 in chips) 
Seat 5: janarr5 ($100 in chips) 
Seat 6: b2k-Snick ($101.72 in chips) 
b2k-Snick: posts small blind $0.50
nvalin: posts big blind $1
*** HOLE CARDS ***
D€est7oye€R: raises $2 to $3
ChuckNorrisQ: folds 
janarr5: folds 
b2k-Snick: folds 
nvalin: calls $2
*** FLOP *** [6c 7s 4d]
nvalin: bets $1
D€est7oye€R: calls $1
*** TURN *** [6c 7s 4d] [Kd]
nvalin: bets $4.04
D€est7oye€R: calls $4.04
*** RIVER *** [6c 7s 4d Kd] [5d]
nvalin: checks 
D€est7oye€R: checks 
*** SHOW DOWN ***
nvalin: shows [2d 4c] (a pair of Fours)
D€est7oye€R: shows [Jd Ks] (a pair of Kings)
D€est7oye€R collected $15.75 from pot
*** SUMMARY ***
Total pot $16.58 | Rake $0.83 
Board [6c 7s 4d Kd 5d]
Seat 3: 4ikkiBamBoni
Seat 1: nvalin (big blind) showed [2d 4c] and lost with a pair of Fours
Seat 2: D€est7oye€R showed [Jd Ks] and won ($15.75) with a pair of Kings
Seat 4: ChuckNorrisQ folded before Flop (didn't bet)
Seat 5: janarr5 (button) folded before Flop (didn't bet)
Seat 6: b2k-Snick (small blind) folded before Flop



PokerStars Hand #254276122059:  Hold'em No Limit ($0.50/$1.00 USD) - 2025/01/09 11:10:11 WET [2025/01/09 6:10:11 ET]
Table 'Situla II' 6-max Seat #6 is the button
Seat 3: 4ikkiBamBoni ($100 in chips) is sitting out
Seat 1: nvalin ($83.88 in chips) 
Seat 2: D€est7oye€R ($135.97 in chips) 
Seat 4: ChuckNorrisQ ($127.44 in chips) 
Seat 5: janarr5 ($100 in chips) 
Seat 6: b2k-Snick ($101.22 in chips) 
nvalin: posts small blind $0.50
D€est7oye€R: posts big blind $1
*** HOLE CARDS ***
ChuckNorrisQ: folds 
janarr5: folds 
b2k-Snick: folds 
nvalin: raises $2 to $3
D€est7oye€R: calls $2
*** FLOP *** [As 3s Ts]
nvalin: checks 
D€est7oye€R: checks 
*** TURN *** [As 3s Ts] [Qd]
nvalin: bets $5.70
D€est7oye€R: folds 
Uncalled bet ($5.70) returned to nvalin
nvalin collected $5.70 from pot
nvalin: doesn't show hand 
*** SUMMARY ***
Total pot $6 | Rake $0.30 
Board [As 3s Ts Qd]
Seat 3: 4ikkiBamBoni
Seat 1: nvalin (small blind) collected ($5.70)
Seat 2: D€est7oye€R (big blind) folded on the Turn
Seat 4: ChuckNorrisQ folded before Flop (didn't bet)
Seat 5: janarr5 folded before Flop (didn't bet)
Seat 6: b2k-Snick (button) folded before Flop (didn't bet)



PokerStars Hand #254276126491:  Hold'em No Limit ($0.50/$1.00 USD) - 2025/01/09 11:10:47 WET [2025/01/09 6:10:47 ET]
Table 'Situla II' 6-max Seat #1 is the button
Seat 1: nvalin ($86.58 in chips) 
Seat 2: D€est7oye€R ($132.97 in chips) 
Seat 3: 4ikkiBamBoni ($100 in chips) 
Seat 4: ChuckNorrisQ ($127.44 in chips) 
Seat 5: janarr5 ($100 in chips) 
Seat 6: b2k-Snick ($101.22 in chips) 
D€est7oye€R: posts small blind $0.50
4ikkiBamBoni: posts big blind $1
*** HOLE CARDS ***
ChuckNorrisQ: folds 
janarr5: folds 
b2k-Snick: folds 
nvalin: folds 
D€est7oye€R: folds 
Uncalled bet ($0.50) returned to 4ikkiBamBoni
4ikkiBamBoni collected $1 from pot
4ikkiBamBoni: doesn't show hand 
*** SUMMARY ***
Total pot $1 | Rake $0 
Seat 1: nvalin (button) folded before Flop (didn't bet)
Seat 2: D€est7oye€R (small blind) folded before Flop
Seat 3: 4ikkiBamBoni (big blind) collected ($1)
Seat 4: ChuckNorrisQ folded before Flop (didn't bet)
Seat 5: janarr5 folded before Flop (didn't bet)
Seat 6: b2k-Snick folded before Flop (didn't bet)



PokerStars Hand #254276128098:  Hold'em No Limit ($0.50/$1.00 USD) - 2025/01/09 11:11:00 WET [2025/01/09 6:11:00 ET]
Table 'Situla II' 6-max Seat #2 is the button
Seat 1: nvalin ($86.58 in chips) 
Seat 2: D€est7oye€R ($132.47 in chips) 
Seat 3: 4ikkiBamBoni ($100.50 in chips) 
Seat 4: ChuckNorrisQ ($127.44 in chips) 
Seat 5: janarr5 ($100 in chips) 
Seat 6: b2k-Snick ($101.22 in chips) 
4ikkiBamBoni: posts small blind $0.50
ChuckNorrisQ: posts big blind $1
*** HOLE CARDS ***
janarr5: folds 
b2k-Snick: folds 
nvalin: raises $2.50 to $3.50
D€est7oye€R: folds 
4ikkiBamBoni: folds 
ChuckNorrisQ: calls $2.50
*** FLOP *** [6c 4d 3s]
ChuckNorrisQ: checks 
nvalin: bets $7.12
ChuckNorrisQ: folds 
Uncalled bet ($7.12) returned to nvalin
nvalin collected $7.12 from pot
nvalin: doesn't show hand 
*** SUMMARY ***
Total pot $7.50 | Rake $0.38 
Board [6c 4d 3s]
Seat 1: nvalin collected ($7.12)
Seat 2: D€est7oye€R (button) folded before Flop (didn't bet)
Seat 3: 4ikkiBamBoni (small blind) folded before Flop
Seat 4: ChuckNorrisQ (big blind) folded on the Flop
Seat 5: janarr5 folded before Flop (didn't bet)
Seat 6: b2k-Snick folded before Flop (didn't bet)



PokerStars Hand #254276130834:  Hold'em No Limit ($0.50/$1.00 USD) - 2025/01/09 11:11:22 WET [2025/01/09 6:11:22 ET]
Table 'Situla II' 6-max Seat #3 is the button
Seat 1: nvalin ($90.20 in chips) 
Seat 2: D€est7oye€R ($132.47 in chips) 
Seat 3: 4ikkiBamBoni ($100 in chips) 
Seat 4: ChuckNorrisQ ($123.94 in chips) 
Seat 5: janarr5 ($100 in chips) 
Seat 6: b2k-Snick ($101.22 in chips) 
ChuckNorrisQ: posts small blind $0.50
janarr5: posts big blind $1
*** HOLE CARDS ***
b2k-Snick: folds 
nvalin: calls $1
D€est7oye€R: folds 
4ikkiBamBoni: folds 
ChuckNorrisQ: folds 
janarr5: checks 
*** FLOP *** [8d 7s 3h]
janarr5: checks 
nvalin: bets $1
janarr5: folds 
Uncalled bet ($1) returned to nvalin
nvalin collected $2.38 from pot
janarr5 leaves the table
nvalin: doesn't show hand 
*** SUMMARY ***
Total pot $2.50 | Rake $0.12 
Board [8d 7s 3h]
Seat 1: nvalin collected ($2.38)
Seat 2: D€est7oye€R folded before Flop (didn't bet)
Seat 3: 4ikkiBamBoni (button) folded before Flop (didn't bet)
Seat 4: ChuckNorrisQ (small blind) folded before Flop
Seat 5: janarr5 (big blind) folded on the Flop
Seat 6: b2k-Snick folded before Flop (didn't bet)



PokerStars Hand #254276133595:  Hold'em No Limit ($0.50/$1.00 USD) - 2025/01/09 11:11:45 WET [2025/01/09 6:11:45 ET]
Table 'Situla II' 6-max Seat #4 is the button
Seat 1: nvalin ($91.58 in chips) 
Seat 2: D€est7oye€R ($132.47 in chips) 
Seat 3: 4ikkiBamBoni ($100 in chips) 
Seat 4: ChuckNorrisQ ($123.44 in chips) 
Seat 6: b2k-Snick ($101.22 in chips) 
b2k-Snick: posts small blind $0.50
nvalin: posts big blind $1
*** HOLE CARDS ***
D€est7oye€R: folds 
4ikkiBamBoni: folds 
ChuckNorrisQ: folds 
b2k-Snick: folds 
Uncalled bet ($0.50) returned to nvalin
Nurlanstar92 joins the table at seat #5 
nvalin collected $1 from pot
nvalin: doesn't show hand 
*** SUMMARY ***
Total pot $1 | Rake $0 
Seat 1: nvalin (big blind) collected ($1)
Seat 2: D€est7oye€R folded before Flop (didn't bet)
Seat 3: 4ikkiBamBoni folded before Flop (didn't bet)
Seat 4: ChuckNorrisQ (button) folded before Flop (didn't bet)
Seat 6: b2k-Snick (small blind) folded before Flop



PokerStars Hand #254276134755:  Hold'em No Limit ($0.50/$1.00 USD) - 2025/01/09 11:11:54 WET [2025/01/09 6:11:54 ET]
Table 'Situla II' 6-max Seat #6 is the button
Seat 5: Nurlanstar92 ($100 in chips) is sitting out
Seat 1: nvalin ($92.08 in chips) 
Seat 2: D€est7oye€R ($132.47 in chips) 
Seat 3: 4ikkiBamBoni ($100 in chips) 
Seat 4: ChuckNorrisQ ($123.44 in chips) 
Seat 6: b2k-Snick ($100.72 in chips) 
nvalin: posts small blind $0.50
D€est7oye€R: posts big blind $1
Nurlanstar92: sits out 
*** HOLE CARDS ***
4ikkiBamBoni: folds 
ChuckNorrisQ: folds 
b2k-Snick: raises $1.50 to $2.50
nvalin: calls $2
D€est7oye€R: folds 
*** FLOP *** [6c 3s Kc]
nvalin: checks 
b2k-Snick: checks 
*** TURN *** [6c 3s Kc] [Td]
nvalin: bets $2.85
b2k-Snick: calls $2.85
*** RIVER *** [6c 3s Kc Td] [2d]
nvalin: checks 
b2k-Snick: checks 
*** SHOW DOWN ***
nvalin: shows [6s 8s] (a pair of Sixes)
b2k-Snick: shows [Th Qc] (a pair of Tens)
b2k-Snick collected $11.12 from pot
*** SUMMARY ***
Total pot $11.70 | Rake $0.58 
Board [6c 3s Kc Td 2d]
Seat 5: Nurlanstar92
Seat 1: nvalin (small blind) showed [6s 8s] and lost with a pair of Sixes
Seat 2: D€est7oye€R (big blind) folded before Flop
Seat 3: 4ikkiBamBoni folded before Flop (didn't bet)
Seat 4: ChuckNorrisQ folded before Flop (didn't bet)
Seat 6: b2k-Snick (button) showed [Th Qc] and won ($11.12) with a pair of Tens



PokerStars Hand #254276142419:  Hold'em No Limit ($0.50/$1.00 USD) - 2025/01/09 11:12:58 WET [2025/01/09 6:12:58 ET]
Table 'Situla II' 6-max Seat #1 is the button
Seat 5: Nurlanstar92 ($100 in chips) is sitting out
Seat 1: nvalin ($86.73 in chips) 
Seat 2: D€est7oye€R ($131.47 in chips) 
Seat 3: 4ikkiBamBoni ($100 in chips) 
Seat 4: ChuckNorrisQ ($123.44 in chips) 
Seat 6: b2k-Snick ($106.49 in chips) 
D€est7oye€R: posts small blind $0.50
4ikkiBamBoni: posts big blind $1
Nurlanstar92: sits out 
*** HOLE CARDS ***
ChuckNorrisQ: folds 
b2k-Snick: folds 
nvalin: calls $1
D€est7oye€R: calls $0.50
4ikkiBamBoni: checks 
*** FLOP *** [5d 2h 5s]
D€est7oye€R: checks 
4ikkiBamBoni: checks 
nvalin: checks 
*** TURN *** [5d 2h 5s] [9c]
D€est7oye€R: bets $1
4ikkiBamBoni: folds 
nvalin: folds 
Uncalled bet ($1) returned to D€est7oye€R
D€est7oye€R collected $2.85 from pot
D€est7oye€R: doesn't show hand 
*** SUMMARY ***
Total pot $3 | Rake $0.15 
Board [5d 2h 5s 9c]
Seat 5: Nurlanstar92
Seat 1: nvalin (button) folded on the Turn
Seat 2: D€est7oye€R (small blind) collected ($2.85)
Seat 3: 4ikkiBamBoni (big blind) folded on the Turn
Seat 4: ChuckNorrisQ folded before Flop (didn't bet)
Seat 6: b2k-Snick folded before Flop (didn't bet)



PokerStars Hand #254276147451:  Hold'em No Limit ($0.50/$1.00 USD) - 2025/01/09 11:13:39 WET [2025/01/09 6:13:39 ET]
Table 'Situla II' 6-max Seat #2 is the button
Seat 5: Nurlanstar92 ($100 in chips) is sitting out
Seat 1: nvalin ($85.73 in chips) 
Seat 2: D€est7oye€R ($133.32 in chips) 
Seat 3: 4ikkiBamBoni ($100 in chips) 
Seat 4: ChuckNorrisQ ($123.44 in chips) 
Seat 6: b2k-Snick ($106.49 in chips) 
4ikkiBamBoni: posts small blind $0.50
ChuckNorrisQ: posts big blind $1
Nurlanstar92: sits out 
*** HOLE CARDS ***
b2k-Snick: folds 
nvalin: folds 
D€est7oye€R: folds 
4ikkiBamBoni: folds 
Uncalled bet ($0.50) returned to ChuckNorrisQ
ChuckNorrisQ collected $1 from pot
ChuckNorrisQ: doesn't show hand 
*** SUMMARY ***
Total pot $1 | Rake $0 
Seat 5: Nurlanstar92
Seat 1: nvalin folded before Flop (didn't bet)
Seat 2: D€est7oye€R (button) folded before Flop (didn't bet)
Seat 3: 4ikkiBamBoni (small blind) folded before Flop
Seat 4: ChuckNorrisQ (big blind) collected ($1)
Seat 6: b2k-Snick folded before Flop (didn't bet)



PokerStars Hand #254276149569:  Hold'em No Limit ($0.50/$1.00 USD) - 2025/01/09 11:13:56 WET [2025/01/09 6:13:56 ET]
Table 'Situla II' 6-max Seat #3 is the button
Seat 1: nvalin ($85.73 in chips) 
Seat 2: D€est7oye€R ($133.32 in chips) 
Seat 3: 4ikkiBamBoni ($100 in chips) 
Seat 4: ChuckNorrisQ ($123.94 in chips) 
Seat 5: Nurlanstar92 ($100 in chips) 
Seat 6: b2k-Snick ($106.49 in chips) 
ChuckNorrisQ: posts small blind $0.50
Nurlanstar92: posts big blind $1
*** HOLE CARDS ***
b2k-Snick: folds 
nvalin: calls $1
D€est7oye€R: folds 
4ikkiBamBoni: folds 
ChuckNorrisQ: raises $4 to $5
Nurlanstar92: calls $4
nvalin: calls $4
*** FLOP *** [6d Ad Qs]
ChuckNorrisQ: checks 
Nurlanstar92: checks 
nvalin: checks 
*** TURN *** [6d Ad Qs] [4d]
ChuckNorrisQ: bets $4.70
Nurlanstar92: folds 
nvalin: calls $4.70
*** RIVER *** [6d Ad Qs 4d] [Qh]
ChuckNorrisQ: checks 
nvalin: bets $11.59
ChuckNorrisQ: folds 
Uncalled bet ($11.59) returned to nvalin
nvalin collected $23.18 from pot
nvalin: doesn't show hand 
*** SUMMARY ***
Total pot $24.40 | Rake $1.22 
Board [6d Ad Qs 4d Qh]
Seat 1: nvalin collected ($23.18)
Seat 2: D€est7oye€R folded before Flop (didn't bet)
Seat 3: 4ikkiBamBoni (button) folded before Flop (didn't bet)
Seat 4: ChuckNorrisQ (small blind) folded on the River
Seat 5: Nurlanstar92 (big blind) folded on the Turn
Seat 6: b2k-Snick folded before Flop (didn't bet)



PokerStars Hand #254276163015:  Hold'em No Limit ($0.50/$1.00 USD) - 2025/01/09 11:15:45 WET [2025/01/09 6:15:45 ET]
Table 'Situla II' 6-max Seat #4 is the button
Seat 1: nvalin ($99.21 in chips) 
Seat 2: D€est7oye€R ($133.32 in chips) 
Seat 3: 4ikkiBamBoni ($100 in chips) 
Seat 4: ChuckNorrisQ ($114.24 in chips) 
Seat 5: Nurlanstar92 ($100 in chips) 
Seat 6: b2k-Snick ($106.49 in chips) 
Nurlanstar92: posts small blind $0.50
b2k-Snick: posts big blind $1
*** HOLE CARDS ***
nvalin: folds 
D€est7oye€R: folds 
4ikkiBamBoni: folds 
ChuckNorrisQ: folds 
Nurlanstar92: raises $2 to $3
b2k-Snick: folds 
Uncalled bet ($2) returned to Nurlanstar92
Nurlanstar92 collected $2 from pot
Nurlanstar92: doesn't show hand 
*** SUMMARY ***
Total pot $2 | Rake $0 
Seat 1: nvalin folded before Flop (didn't bet)
Seat 2: D€est7oye€R folded before Flop (didn't bet)
Seat 3: 4ikkiBamBoni folded before Flop (didn't bet)
Seat 4: ChuckNorrisQ (button) folded before Flop (didn't bet)
Seat 5: Nurlanstar92 (small blind) collected ($2)
Seat 6: b2k-Snick (big blind) folded before Flop



PokerStars Hand #254276165602:  Hold'em No Limit ($0.50/$1.00 USD) - 2025/01/09 11:16:06 WET [2025/01/09 6:16:06 ET]
Table 'Situla II' 6-max Seat #5 is the button
Seat 1: nvalin ($99.21 in chips) 
Seat 2: D€est7oye€R ($133.32 in chips) 
Seat 3: 4ikkiBamBoni ($100 in chips) 
Seat 4: ChuckNorrisQ ($114.24 in chips) 
Seat 5: Nurlanstar92 ($101 in chips) 
Seat 6: b2k-Snick ($105.49 in chips) 
b2k-Snick: posts small blind $0.50
nvalin: posts big blind $1
*** HOLE CARDS ***
D€est7oye€R: raises $2 to $3
4ikkiBamBoni: folds 
ChuckNorrisQ: calls $3
Nurlanstar92: folds 
b2k-Snick: folds 
nvalin: calls $2
*** FLOP *** [9h 4s 2h]
nvalin: checks 
D€est7oye€R: checks 
ChuckNorrisQ: bets $4.51
nvalin: calls $4.51
D€est7oye€R: folds 
*** TURN *** [9h 4s 2h] [8h]
nvalin: checks 
ChuckNorrisQ: bets $8.80
nvalin: calls $8.80
*** RIVER *** [9h 4s 2h 8h] [Ah]
nvalin: bets $34.31
ChuckNorrisQ: calls $34.31
*** SHOW DOWN ***
nvalin: shows [6h Ac] (a flush, Ace high)
ChuckNorrisQ: shows [Tc Th] (a flush, Ace high - Ten higher)
ChuckNorrisQ collected $102.24 from pot
*** SUMMARY ***
Total pot $104.74 | Rake $2.50 
Board [9h 4s 2h 8h Ah]
Seat 1: nvalin (big blind) showed [6h Ac] and lost with a flush, Ace high
Seat 2: D€est7oye€R folded on the Flop
Seat 3: 4ikkiBamBoni folded before Flop (didn't bet)
Seat 4: ChuckNorrisQ showed [Tc Th] and won ($102.24) with a flush, Ace high
Seat 5: Nurlanstar92 (button) folded before Flop (didn't bet)
Seat 6: b2k-Snick (small blind) folded before Flop



PokerStars Hand #254276172791:  Hold'em No Limit ($0.50/$1.00 USD) - 2025/01/09 11:17:03 WET [2025/01/09 6:17:03 ET]
Table 'Situla II' 6-max Seat #6 is the button
Seat 1: nvalin ($48.59 in chips) 
Seat 2: D€est7oye€R ($130.32 in chips) 
Seat 3: 4ikkiBamBoni ($100 in chips) 
Seat 4: ChuckNorrisQ ($165.86 in chips) 
Seat 5: Nurlanstar92 ($101 in chips) 
Seat 6: b2k-Snick ($104.99 in chips) 
nvalin: posts small blind $0.50
D€est7oye€R: posts big blind $1
*** HOLE CARDS ***
4ikkiBamBoni: folds 
ChuckNorrisQ: folds 
Nurlanstar92: folds 
b2k-Snick: raises $1.50 to $2.50
nvalin: folds 
D€est7oye€R: raises $11 to $13.50
b2k-Snick: folds 
Uncalled bet ($11) returned to D€est7oye€R
D€est7oye€R collected $5.50 from pot
D€est7oye€R: doesn't show hand 
*** SUMMARY ***
Total pot $5.50 | Rake $0 
Seat 1: nvalin (small blind) folded before Flop
Seat 2: D€est7oye€R (big blind) collected ($5.50)
Seat 3: 4ikkiBamBoni folded before Flop (didn't bet)
Seat 4: ChuckNorrisQ folded before Flop (didn't bet)
Seat 5: Nurlanstar92 folded before Flop (didn't bet)
Seat 6: b2k-Snick (button) folded before Flop



PokerStars Hand #254276176274:  Hold'em No Limit ($0.50/$1.00 USD) - 2025/01/09 11:17:31 WET [2025/01/09 6:17:31 ET]
Table 'Situla II' 6-max Seat #1 is the button
Seat 1: nvalin ($48.09 in chips) 
Seat 2: D€est7oye€R ($133.32 in chips) 
Seat 3: 4ikkiBamBoni ($100 in chips) 
Seat 4: ChuckNorrisQ ($165.86 in chips) 
Seat 5: Nurlanstar92 ($101 in chips) 
Seat 6: b2k-Snick ($102.49 in chips) 
D€est7oye€R: posts small blind $0.50
4ikkiBamBoni: posts big blind $1
*** HOLE CARDS ***
ChuckNorrisQ: raises $1 to $2
Nurlanstar92: folds 
b2k-Snick: folds 
nvalin: raises $5.50 to $7.50
D€est7oye€R: folds 
4ikkiBamBoni: folds 
ChuckNorrisQ: calls $5.50
*** FLOP *** [2h 6s 6d]
ChuckNorrisQ: checks 
nvalin: bets $15.68
ChuckNorrisQ: folds 
Uncalled bet ($15.68) returned to nvalin
nvalin collected $15.68 from pot
nvalin: doesn't show hand 
*** SUMMARY ***
Total pot $16.50 | Rake $0.82 
Board [2h 6s 6d]
Seat 1: nvalin (button) collected ($15.68)
Seat 2: D€est7oye€R (small blind) folded before Flop
Seat 3: 4ikkiBamBoni (big blind) folded before Flop
Seat 4: ChuckNorrisQ folded on the Flop
Seat 5: Nurlanstar92 folded before Flop (didn't bet)
Seat 6: b2k-Snick folded before Flop (didn't bet)



PokerStars Hand #254276183303:  Hold'em No Limit ($0.50/$1.00 USD) - 2025/01/09 11:18:27 WET [2025/01/09 6:18:27 ET]
Table 'Situla II' 6-max Seat #2 is the button
Seat 1: nvalin ($56.27 in chips) 
Seat 2: D€est7oye€R ($132.82 in chips) 
Seat 3: 4ikkiBamBoni ($100 in chips) 
Seat 4: ChuckNorrisQ ($158.36 in chips) 
Seat 5: Nurlanstar92 ($101 in chips) 
Seat 6: b2k-Snick ($102.49 in chips) 
4ikkiBamBoni: posts small blind $0.50
ChuckNorrisQ: posts big blind $1
*** HOLE CARDS ***
Nurlanstar92: folds 
b2k-Snick: folds 
nvalin: folds 
D€est7oye€R: folds 
4ikkiBamBoni: folds 
Uncalled bet ($0.50) returned to ChuckNorrisQ
ChuckNorrisQ collected $1 from pot
ChuckNorrisQ: doesn't show hand 
*** SUMMARY ***
Total pot $1 | Rake $0 
Seat 1: nvalin folded before Flop (didn't bet)
Seat 2: D€est7oye€R (button) folded before Flop (didn't bet)
Seat 3: 4ikkiBamBoni (small blind) folded before Flop
Seat 4: ChuckNorrisQ (big blind) collected ($1)
Seat 5: Nurlanstar92 folded before Flop (didn't bet)
Seat 6: b2k-Snick folded before Flop (didn't bet)



PokerStars Hand #254276185381:  Hold'em No Limit ($0.50/$1.00 USD) - 2025/01/09 11:18:43 WET [2025/01/09 6:18:43 ET]
Table 'Situla II' 6-max Seat #3 is the button
Seat 1: nvalin ($56.27 in chips) 
Seat 2: D€est7oye€R ($132.82 in chips) 
Seat 3: 4ikkiBamBoni ($100 in chips) 
Seat 4: ChuckNorrisQ ($158.86 in chips) 
Seat 5: Nurlanstar92 ($101 in chips) 
Seat 6: b2k-Snick ($102.49 in chips) 
ChuckNorrisQ: posts small blind $0.50
Nurlanstar92: posts big blind $1
*** HOLE CARDS ***
b2k-Snick: folds 
nvalin: folds 
D€est7oye€R: folds 
4ikkiBamBoni: folds 
ChuckNorrisQ: folds 
Uncalled bet ($0.50) returned to Nurlanstar92
Nurlanstar92 collected $1 from pot
Nurlanstar92: doesn't show hand 
*** SUMMARY ***
Total pot $1 | Rake $0 
Seat 1: nvalin folded before Flop (didn't bet)
Seat 2: D€est7oye€R folded before Flop (didn't bet)
Seat 3: 4ikkiBamBoni (button) folded before Flop (didn't bet)
Seat 4: ChuckNorrisQ (small blind) folded before Flop
Seat 5: Nurlanstar92 (big blind) collected ($1)
Seat 6: b2k-Snick folded before Flop (didn't bet)



PokerStars Hand #254276186766:  Hold'em No Limit ($0.50/$1.00 USD) - 2025/01/09 11:18:55 WET [2025/01/09 6:18:55 ET]
Table 'Situla II' 6-max Seat #4 is the button
Seat 1: nvalin ($56.27 in chips) 
Seat 2: D€est7oye€R ($132.82 in chips) 
Seat 3: 4ikkiBamBoni ($100 in chips) 
Seat 4: ChuckNorrisQ ($158.36 in chips) 
Seat 5: Nurlanstar92 ($101.50 in chips) 
Seat 6: b2k-Snick ($102.49 in chips) 
Nurlanstar92: posts small blind $0.50
b2k-Snick: posts big blind $1
*** HOLE CARDS ***
nvalin: calls $1
D€est7oye€R: raises $3 to $4
4ikkiBamBoni: folds 
ChuckNorrisQ: folds 
Nurlanstar92: folds 
b2k-Snick: folds 
nvalin: raises $9.50 to $13.50
D€est7oye€R: folds 
Uncalled bet ($9.50) returned to nvalin
nvalin collected $9.50 from pot
nvalin: doesn't show hand 
*** SUMMARY ***
Total pot $9.50 | Rake $0 
Seat 1: nvalin collected ($9.50)
Seat 2: D€est7oye€R folded before Flop
Seat 3: 4ikkiBamBoni folded before Flop (didn't bet)
Seat 4: ChuckNorrisQ (button) folded before Flop (didn't bet)
Seat 5: Nurlanstar92 (small blind) folded before Flop
Seat 6: b2k-Snick (big blind) folded before Flop



PokerStars Hand #254276189419:  Hold'em No Limit ($0.50/$1.00 USD) - 2025/01/09 11:19:16 WET [2025/01/09 6:19:16 ET]
Table 'Situla II' 6-max Seat #5 is the button
Seat 1: nvalin ($61.77 in chips) 
Seat 2: D€est7oye€R ($128.82 in chips) 
Seat 3: 4ikkiBamBoni ($100 in chips) 
Seat 4: ChuckNorrisQ ($158.36 in chips) 
Seat 5: Nurlanstar92 ($101 in chips) 
Seat 6: b2k-Snick ($101.49 in chips) 
b2k-Snick: posts small blind $0.50
nvalin: posts big blind $1
*** HOLE CARDS ***
D€est7oye€R: folds 
4ikkiBamBoni: folds 
ChuckNorrisQ: folds 
Nurlanstar92: folds 
b2k-Snick: raises $2 to $3
nvalin: calls $2
*** FLOP *** [Ts Ad Kd]
b2k-Snick: bets $1.88
nvalin: folds 
Uncalled bet ($1.88) returned to b2k-Snick
b2k-Snick collected $5.70 from pot
b2k-Snick: doesn't show hand 
*** SUMMARY ***
Total pot $6 | Rake $0.30 
Board [Ts Ad Kd]
Seat 1: nvalin (big blind) folded on the Flop
Seat 2: D€est7oye€R folded before Flop (didn't bet)
Seat 3: 4ikkiBamBoni folded before Flop (didn't bet)
Seat 4: ChuckNorrisQ folded before Flop (didn't bet)
Seat 5: Nurlanstar92 (button) folded before Flop (didn't bet)
Seat 6: b2k-Snick (small blind) collected ($5.70)



PokerStars Hand #254276193128:  Hold'em No Limit ($0.50/$1.00 USD) - 2025/01/09 11:19:45 WET [2025/01/09 6:19:45 ET]
Table 'Situla II' 6-max Seat #6 is the button
Seat 1: nvalin ($58.77 in chips) 
Seat 2: D€est7oye€R ($128.82 in chips) 
Seat 3: 4ikkiBamBoni ($100 in chips) 
Seat 4: ChuckNorrisQ ($158.36 in chips) 
Seat 5: Nurlanstar92 ($101 in chips) 
Seat 6: b2k-Snick ($104.19 in chips) 
nvalin: posts small blind $0.50
D€est7oye€R: posts big blind $1
*** HOLE CARDS ***
4ikkiBamBoni: folds 
ChuckNorrisQ: folds 
Nurlanstar92: folds 
b2k-Snick: folds 
nvalin: calls $0.50
D€est7oye€R: checks 
*** FLOP *** [9c 7c 8c]
nvalin: bets $6.90
D€est7oye€R: folds 
Uncalled bet ($6.90) returned to nvalin
nvalin collected $1.90 from pot
nvalin: doesn't show hand 
*** SUMMARY ***
Total pot $2 | Rake $0.10 
Board [9c 7c 8c]
Seat 1: nvalin (small blind) collected ($1.90)
Seat 2: D€est7oye€R (big blind) folded on the Flop
Seat 3: 4ikkiBamBoni folded before Flop (didn't bet)
Seat 4: ChuckNorrisQ folded before Flop (didn't bet)
Seat 5: Nurlanstar92 folded before Flop (didn't bet)
Seat 6: b2k-Snick (button) folded before Flop (didn't bet)



PokerStars Hand #254276199647:  Hold'em No Limit ($0.50/$1.00 USD) - 2025/01/09 11:20:36 WET [2025/01/09 6:20:36 ET]
Table 'Situla II' 6-max Seat #1 is the button
Seat 1: nvalin ($59.67 in chips) 
Seat 2: D€est7oye€R ($127.82 in chips) 
Seat 3: 4ikkiBamBoni ($100 in chips) 
Seat 4: ChuckNorrisQ ($158.36 in chips) 
Seat 5: Nurlanstar92 ($101 in chips) 
Seat 6: b2k-Snick ($104.19 in chips) 
D€est7oye€R: posts small blind $0.50
4ikkiBamBoni: posts big blind $1
*** HOLE CARDS ***
ChuckNorrisQ: raises $1 to $2
Nurlanstar92: folds 
b2k-Snick: folds 
nvalin: raises $5.50 to $7.50
D€est7oye€R: folds 
4ikkiBamBoni: folds 
ChuckNorrisQ: calls $5.50
*** FLOP *** [9h Jc Kh]
ChuckNorrisQ: checks 
nvalin: bets $15.68
ChuckNorrisQ: calls $15.68
*** TURN *** [9h Jc Kh] [5s]
ChuckNorrisQ: checks 
nvalin: checks 
*** RIVER *** [9h Jc Kh 5s] [8s]
ChuckNorrisQ: bets $135.18 and is all-in
nvalin: folds 
Uncalled bet ($135.18) returned to ChuckNorrisQ
ChuckNorrisQ collected $45.47 from pot
ChuckNorrisQ: doesn't show hand 
*** SUMMARY ***
Total pot $47.86 | Rake $2.39 
Board [9h Jc Kh 5s 8s]
Seat 1: nvalin (button) folded on the River
Seat 2: D€est7oye€R (small blind) folded before Flop
Seat 3: 4ikkiBamBoni (big blind) folded before Flop
Seat 4: ChuckNorrisQ collected ($45.47)
Seat 5: Nurlanstar92 folded before Flop (didn't bet)
Seat 6: b2k-Snick folded before Flop (didn't bet)



PokerStars Hand #254276205440:  Hold'em No Limit ($0.50/$1.00 USD) - 2025/01/09 11:21:22 WET [2025/01/09 6:21:22 ET]
Table 'Situla II' 6-max Seat #2 is the button
Seat 1: nvalin ($36.49 in chips) 
Seat 2: D€est7oye€R ($127.32 in chips) 
Seat 3: 4ikkiBamBoni ($100 in chips) 
Seat 4: ChuckNorrisQ ($180.65 in chips) 
Seat 5: Nurlanstar92 ($101 in chips) 
Seat 6: b2k-Snick ($104.19 in chips) 
4ikkiBamBoni: posts small blind $0.50
ChuckNorrisQ: posts big blind $1
*** HOLE CARDS ***
Nurlanstar92: raises $1 to $2
b2k-Snick: raises $5.50 to $7.50
nvalin: calls $7.50
D€est7oye€R: folds 
4ikkiBamBoni: folds 
ChuckNorrisQ: folds 
Nurlanstar92: folds 
*** FLOP *** [7s 2s 7d]
b2k-Snick: checks 
nvalin: bets $17.58
b2k-Snick: folds 
Uncalled bet ($17.58) returned to nvalin
nvalin collected $17.58 from pot
nvalin: doesn't show hand 
*** SUMMARY ***
Total pot $18.50 | Rake $0.92 
Board [7s 2s 7d]
Seat 1: nvalin collected ($17.58)
Seat 2: D€est7oye€R (button) folded before Flop (didn't bet)
Seat 3: 4ikkiBamBoni (small blind) folded before Flop
Seat 4: ChuckNorrisQ (big blind) folded before Flop
Seat 5: Nurlanstar92 folded before Flop
Seat 6: b2k-Snick folded on the Flop



PokerStars Hand #254276212454:  Hold'em No Limit ($0.50/$1.00 USD) - 2025/01/09 11:22:17 WET [2025/01/09 6:22:17 ET]
Table 'Situla II' 6-max Seat #3 is the button
Seat 1: nvalin ($46.57 in chips) 
Seat 2: D€est7oye€R ($127.32 in chips) 
Seat 3: 4ikkiBamBoni ($100 in chips) 
Seat 4: ChuckNorrisQ ($179.65 in chips) 
Seat 5: Nurlanstar92 ($100 in chips) 
Seat 6: b2k-Snick ($100 in chips) 
ChuckNorrisQ: posts small blind $0.50
Nurlanstar92: posts big blind $1
*** HOLE CARDS ***
b2k-Snick: folds 
nvalin: calls $1
D€est7oye€R: folds 
4ikkiBamBoni: folds 
ChuckNorrisQ: folds 
Nurlanstar92: checks 
*** FLOP *** [2d 6c 4c]
Nurlanstar92: checks 
nvalin: bets $2.38
Nurlanstar92: folds 
Uncalled bet ($2.38) returned to nvalin
nvalin collected $2.38 from pot
nvalin: doesn't show hand 
*** SUMMARY ***
Total pot $2.50 | Rake $0.12 
Board [2d 6c 4c]
Seat 1: nvalin collected ($2.38)
Seat 2: D€est7oye€R folded before Flop (didn't bet)
Seat 3: 4ikkiBamBoni (button) folded before Flop (didn't bet)
Seat 4: ChuckNorrisQ (small blind) folded before Flop
Seat 5: Nurlanstar92 (big blind) folded on the Flop
Seat 6: b2k-Snick folded before Flop (didn't bet)



PokerStars Hand #254276216180:  Hold'em No Limit ($0.50/$1.00 USD) - 2025/01/09 11:22:47 WET [2025/01/09 6:22:47 ET]
Table 'Situla II' 6-max Seat #4 is the button
Seat 1: nvalin ($47.95 in chips) 
Seat 2: D€est7oye€R ($127.32 in chips) 
Seat 3: 4ikkiBamBoni ($100 in chips) 
Seat 4: ChuckNorrisQ ($179.15 in chips) 
Seat 5: Nurlanstar92 ($100 in chips) 
Seat 6: b2k-Snick ($100 in chips) 
Nurlanstar92: posts small blind $0.50
b2k-Snick: posts big blind $1
*** HOLE CARDS ***
nvalin: calls $1
D€est7oye€R: folds 
4ikkiBamBoni: folds 
ChuckNorrisQ: raises $3 to $4
Nurlanstar92: folds 
b2k-Snick: folds 
nvalin: calls $3
*** FLOP *** [Qd Ac Ah]
nvalin: checks 
ChuckNorrisQ: checks 
*** TURN *** [Qd Ac Ah] [Tc]
nvalin: checks 
ChuckNorrisQ: bets $4.51
nvalin: raises $18.04 to $22.55
ChuckNorrisQ: calls $18.04
*** RIVER *** [Qd Ac Ah Tc] [5s]
nvalin: bets $21.40 and is all-in
ChuckNorrisQ: calls $21.40
*** SHOW DOWN ***
nvalin: shows [Ad Jh] (three of a kind, Aces)
ChuckNorrisQ: shows [7d As] (three of a kind, Aces - lower kicker)
nvalin collected $94.90 from pot
*** SUMMARY ***
Total pot $97.40 | Rake $2.50 
Board [Qd Ac Ah Tc 5s]
Seat 1: nvalin showed [Ad Jh] and won ($94.90) with three of a kind, Aces
Seat 2: D€est7oye€R folded before Flop (didn't bet)
Seat 3: 4ikkiBamBoni folded before Flop (didn't bet)
Seat 4: ChuckNorrisQ (button) showed [7d As] and lost with three of a kind, Aces
Seat 5: Nurlanstar92 (small blind) folded before Flop
Seat 6: b2k-Snick (big blind) folded before Flop



PokerStars Hand #254276222881:  Hold'em No Limit ($0.50/$1.00 USD) - 2025/01/09 11:23:39 WET [2025/01/09 6:23:39 ET]
Table 'Situla II' 6-max Seat #5 is the button
Seat 1: nvalin ($94.90 in chips) 
Seat 2: D€est7oye€R ($127.32 in chips) 
Seat 3: 4ikkiBamBoni ($100 in chips) 
Seat 4: ChuckNorrisQ ($131.20 in chips) 
Seat 5: Nurlanstar92 ($100 in chips) 
Seat 6: b2k-Snick ($100 in chips) 
b2k-Snick: posts small blind $0.50
nvalin: posts big blind $1
*** HOLE CARDS ***
D€est7oye€R: folds 
4ikkiBamBoni: raises $1.55 to $2.55
ChuckNorrisQ: folds 
Nurlanstar92: folds 
b2k-Snick: raises $7.45 to $10
nvalin: folds 
4ikkiBamBoni: calls $7.45
*** FLOP *** [Ks Qh Kh]
b2k-Snick: bets $4.39
4ikkiBamBoni: calls $4.39
*** TURN *** [Ks Qh Kh] [2c]
b2k-Snick: bets $24
4ikkiBamBoni: folds 
Uncalled bet ($24) returned to b2k-Snick
b2k-Snick collected $28.29 from pot
b2k-Snick: doesn't show hand 
*** SUMMARY ***
Total pot $29.78 | Rake $1.49 
Board [Ks Qh Kh 2c]
Seat 1: nvalin (big blind) folded before Flop
Seat 2: D€est7oye€R folded before Flop (didn't bet)
Seat 3: 4ikkiBamBoni folded on the Turn
Seat 4: ChuckNorrisQ folded before Flop (didn't bet)
Seat 5: Nurlanstar92 (button) folded before Flop (didn't bet)
Seat 6: b2k-Snick (small blind) collected ($28.29)



PokerStars Hand #254276229497:  Hold'em No Limit ($0.50/$1.00 USD) - 2025/01/09 11:24:32 WET [2025/01/09 6:24:32 ET]
Table 'Situla II' 6-max Seat #6 is the button
Seat 1: nvalin ($93.90 in chips) 
Seat 2: D€est7oye€R ($127.32 in chips) 
Seat 3: 4ikkiBamBoni ($100 in chips) 
Seat 4: ChuckNorrisQ ($131.20 in chips) 
Seat 5: Nurlanstar92 ($100 in chips) 
Seat 6: b2k-Snick ($113.90 in chips) 
nvalin: posts small blind $0.50
D€est7oye€R: posts big blind $1
*** HOLE CARDS ***
4ikkiBamBoni: folds 
4ikkiBamBoni leaves the table
ChuckNorrisQ: raises $1.50 to $2.50
Nurlanstar92: folds 
b2k-Snick: folds 
nvalin: calls $2
coeeeelho joins the table at seat #3 
D€est7oye€R: folds 
*** FLOP *** [4s 9c 8h]
nvalin: checks 
ChuckNorrisQ: checks 
*** TURN *** [4s 9c 8h] [6s]
nvalin: checks 
ChuckNorrisQ: checks 
*** RIVER *** [4s 9c 8h 6s] [9s]
nvalin: bets $2.85
ChuckNorrisQ: folds 
Uncalled bet ($2.85) returned to nvalin
nvalin collected $5.70 from pot
nvalin: doesn't show hand 
*** SUMMARY ***
Total pot $6 | Rake $0.30 
Board [4s 9c 8h 6s 9s]
Seat 1: nvalin (small blind) collected ($5.70)
Seat 2: D€est7oye€R (big blind) folded before Flop
Seat 3: 4ikkiBamBoni folded before Flop (didn't bet)
Seat 4: ChuckNorrisQ folded on the River
Seat 5: Nurlanstar92 folded before Flop (didn't bet)
Seat 6: b2k-Snick (button) folded before Flop (didn't bet)



PokerStars Hand #254276235611:  Hold'em No Limit ($0.50/$1.00 USD) - 2025/01/09 11:25:20 WET [2025/01/09 6:25:20 ET]
Table 'Situla II' 6-max Seat #1 is the button
Seat 1: nvalin ($97.10 in chips) 
Seat 2: D€est7oye€R ($126.32 in chips) 
Seat 3: coeeeelho ($100 in chips) 
Seat 4: ChuckNorrisQ ($128.70 in chips) 
Seat 5: Nurlanstar92 ($100 in chips) 
Seat 6: b2k-Snick ($113.90 in chips) 
D€est7oye€R: posts small blind $0.50
coeeeelho: posts big blind $1
*** HOLE CARDS ***
ChuckNorrisQ: raises $1 to $2
Nurlanstar92: folds 
b2k-Snick: folds 
nvalin: calls $2
D€est7oye€R: folds 
coeeeelho: folds 
*** FLOP *** [Qh Ac 5s]
ChuckNorrisQ: checks 
nvalin: checks 
*** TURN *** [Qh Ac 5s] [6c]
ChuckNorrisQ: bets $2.61
nvalin: folds 
Uncalled bet ($2.61) returned to ChuckNorrisQ
ChuckNorrisQ collected $5.22 from pot
ChuckNorrisQ: doesn't show hand 
*** SUMMARY ***
Total pot $5.50 | Rake $0.28 
Board [Qh Ac 5s 6c]
Seat 1: nvalin (button) folded on the Turn
Seat 2: D€est7oye€R (small blind) folded before Flop
Seat 3: coeeeelho (big blind) folded before Flop
Seat 4: ChuckNorrisQ collected ($5.22)
Seat 5: Nurlanstar92 folded before Flop (didn't bet)
Seat 6: b2k-Snick folded before Flop (didn't bet)



PokerStars Hand #254276241755:  Hold'em No Limit ($0.50/$1.00 USD) - 2025/01/09 11:26:09 WET [2025/01/09 6:26:09 ET]
Table 'Situla II' 6-max Seat #2 is the button
Seat 1: nvalin ($95.10 in chips) 
Seat 2: D€est7oye€R ($125.82 in chips) 
Seat 3: coeeeelho ($100 in chips) 
Seat 4: ChuckNorrisQ ($131.92 in chips) 
Seat 5: Nurlanstar92 ($100 in chips) 
Seat 6: b2k-Snick ($113.90 in chips) 
coeeeelho: posts small blind $0.50
ChuckNorrisQ: posts big blind $1
*** HOLE CARDS ***
Nurlanstar92: folds 
b2k-Snick: raises $1.50 to $2.50
nvalin: folds 
D€est7oye€R: folds 
coeeeelho: raises $8.72 to $11.22
ChuckNorrisQ: folds 
b2k-Snick: folds 
Uncalled bet ($8.72) returned to coeeeelho
coeeeelho collected $6 from pot
*** SUMMARY ***
Total pot $6 | Rake $0 
Seat 1: nvalin folded before Flop (didn't bet)
Seat 2: D€est7oye€R (button) folded before Flop (didn't bet)
Seat 3: coeeeelho (small blind) collected ($6)
Seat 4: ChuckNorrisQ (big blind) folded before Flop
Seat 5: Nurlanstar92 folded before Flop (didn't bet)
Seat 6: b2k-Snick folded before Flop



PokerStars Hand #254276244438:  Hold'em No Limit ($0.50/$1.00 USD) - 2025/01/09 11:26:30 WET [2025/01/09 6:26:30 ET]
Table 'Situla II' 6-max Seat #3 is the button
Seat 1: nvalin ($95.10 in chips) is sitting out
Seat 2: D€est7oye€R ($125.82 in chips) 
Seat 3: coeeeelho ($103.50 in chips) 
Seat 4: ChuckNorrisQ ($130.92 in chips) 
Seat 5: Nurlanstar92 ($100 in chips) 
Seat 6: b2k-Snick ($111.40 in chips) 
ChuckNorrisQ: posts small blind $0.50
Nurlanstar92: posts big blind $1
*** HOLE CARDS ***
b2k-Snick: folds 
D€est7oye€R: folds 
coeeeelho: raises $1.20 to $2.20
ChuckNorrisQ: folds 
Nurlanstar92: calls $1.20
*** FLOP *** [Qd Ks 3d]
Nurlanstar92: checks 
coeeeelho: bets $1.54
Nurlanstar92: calls $1.54
*** TURN *** [Qd Ks 3d] [As]
Nurlanstar92: checks 
coeeeelho: checks 
*** RIVER *** [Qd Ks 3d As] [2h]
Nurlanstar92: bets $5.69
coeeeelho: folds 
Uncalled bet ($5.69) returned to Nurlanstar92
Nurlanstar92 collected $7.58 from pot
Nurlanstar92: doesn't show hand 
*** SUMMARY ***
Total pot $7.98 | Rake $0.40 
Board [Qd Ks 3d As 2h]
Seat 1: nvalin
Seat 2: D€est7oye€R folded before Flop (didn't bet)
Seat 3: coeeeelho (button) folded on the River
Seat 4: ChuckNorrisQ (small blind) folded before Flop
Seat 5: Nurlanstar92 (big blind) collected ($7.58)
Seat 6: b2k-Snick folded before Flop (didn't bet)



PokerStars Hand #254276251452:  Hold'em No Limit ($0.50/$1.00 USD) - 2025/01/09 11:27:25 WET [2025/01/09 6:27:25 ET]
Table 'Situla II' 6-max Seat #4 is the button
Seat 1: nvalin ($95.10 in chips) is sitting out
Seat 2: D€est7oye€R ($125.82 in chips) 
Seat 3: coeeeelho ($100 in chips) 
Seat 4: ChuckNorrisQ ($130.42 in chips) 
Seat 5: Nurlanstar92 ($103.84 in chips) 
Seat 6: b2k-Snick ($111.40 in chips) 
Nurlanstar92: posts small blind $0.50
b2k-Snick: posts big blind $1
*** HOLE CARDS ***
D€est7oye€R: folds 
coeeeelho: raises $1.20 to $2.20
ChuckNorrisQ: folds 
Nurlanstar92: folds 
b2k-Snick: folds 
Uncalled bet ($1.20) returned to coeeeelho
coeeeelho collected $2.50 from pot
*** SUMMARY ***
Total pot $2.50 | Rake $0 
Seat 1: nvalin
Seat 2: D€est7oye€R folded before Flop (didn't bet)
Seat 3: coeeeelho collected ($2.50)
Seat 4: ChuckNorrisQ (button) folded before Flop (didn't bet)
Seat 5: Nurlanstar92 (small blind) folded before Flop
Seat 6: b2k-Snick (big blind) folded before Flop



PokerStars Hand #254276253211:  Hold'em No Limit ($0.50/$1.00 USD) - 2025/01/09 11:27:39 WET [2025/01/09 6:27:39 ET]
Table 'Situla II' 6-max Seat #5 is the button
Seat 1: nvalin ($95.10 in chips) is sitting out
Seat 2: D€est7oye€R ($125.82 in chips) 
Seat 3: coeeeelho ($101.50 in chips) 
Seat 4: ChuckNorrisQ ($130.42 in chips) 
Seat 5: Nurlanstar92 ($103.34 in chips) 
Seat 6: b2k-Snick ($110.40 in chips) 
b2k-Snick: posts small blind $0.50
D€est7oye€R: posts big blind $1
*** HOLE CARDS ***
coeeeelho: folds 
ChuckNorrisQ: folds 
Nurlanstar92: raises $1.50 to $2.50
b2k-Snick: folds 
D€est7oye€R: raises $10.50 to $13
Nurlanstar92: folds 
Uncalled bet ($10.50) returned to D€est7oye€R
D€est7oye€R collected $5.50 from pot
D€est7oye€R: doesn't show hand 
*** SUMMARY ***
Total pot $5.50 | Rake $0 
Seat 1: nvalin
Seat 2: D€est7oye€R (big blind) collected ($5.50)
Seat 3: coeeeelho folded before Flop (didn't bet)
Seat 4: ChuckNorrisQ folded before Flop (didn't bet)
Seat 5: Nurlanstar92 (button) folded before Flop
Seat 6: b2k-Snick (small blind) folded before Flop



PokerStars Hand #254276256481:  Hold'em No Limit ($0.50/$1.00 USD) - 2025/01/09 11:28:05 WET [2025/01/09 6:28:05 ET]
Table 'Situla II' 6-max Seat #6 is the button
Seat 1: nvalin ($95.10 in chips) is sitting out
Seat 2: D€est7oye€R ($128.82 in chips) 
Seat 3: coeeeelho ($101.50 in chips) 
Seat 4: ChuckNorrisQ ($130.42 in chips) 
Seat 5: Nurlanstar92 ($100.84 in chips) 
Seat 6: b2k-Snick ($109.90 in chips) 
D€est7oye€R: posts small blind $0.50
coeeeelho: posts big blind $1
*** HOLE CARDS ***
ChuckNorrisQ: folds 
Nurlanstar92: folds 
b2k-Snick: folds 
D€est7oye€R: folds 
Uncalled bet ($0.50) returned to coeeeelho
coeeeelho collected $1 from pot
*** SUMMARY ***
Total pot $1 | Rake $0 
Seat 1: nvalin
Seat 2: D€est7oye€R (small blind) folded before Flop
Seat 3: coeeeelho (big blind) collected ($1)
Seat 4: ChuckNorrisQ folded before Flop (didn't bet)
Seat 5: Nurlanstar92 folded before Flop (didn't bet)
Seat 6: b2k-Snick (button) folded before Flop (didn't bet)



PokerStars Hand #254276293835:  Hold'em No Limit ($0.50/$1.00 USD) - 2025/01/09 11:32:58 WET [2025/01/09 6:32:58 ET]
Table 'Situla II' 6-max Seat #6 is the button
Seat 1: nvalin ($113.70 in chips) 
Seat 2: D€est7oye€R ($127.82 in chips) 
Seat 3: coeeeelho ($100 in chips) 
Seat 4: ChuckNorrisQ ($124.32 in chips) 
Seat 5: Nurlanstar92 ($100 in chips) 
Seat 6: b2k-Snick ($108.40 in chips) 
nvalin: posts small blind $0.50
D€est7oye€R: posts big blind $1
*** HOLE CARDS ***
coeeeelho: raises $1.10 to $2.10
ChuckNorrisQ: folds 
Nurlanstar92: raises $4.90 to $7
b2k-Snick: folds 
nvalin: folds 
D€est7oye€R: folds 
coeeeelho: raises $13 to $20
Nurlanstar92: calls $13
*** FLOP *** [3s 6d Qc]
coeeeelho: bets $10
Nurlanstar92: calls $10
*** TURN *** [3s 6d Qc] [6s]
coeeeelho: bets $12
Nurlanstar92: folds 
Uncalled bet ($12) returned to coeeeelho
coeeeelho collected $59 from pot
*** SUMMARY ***
Total pot $61.50 | Rake $2.50 
Board [3s 6d Qc 6s]
Seat 1: nvalin (small blind) folded before Flop
Seat 2: D€est7oye€R (big blind) folded before Flop
Seat 3: coeeeelho collected ($59)
Seat 4: ChuckNorrisQ folded before Flop (didn't bet)
Seat 5: Nurlanstar92 folded on the Turn
Seat 6: b2k-Snick (button) folded before Flop (didn't bet)



PokerStars Hand #254276303506:  Hold'em No Limit ($0.50/$1.00 USD) - 2025/01/09 11:34:10 WET [2025/01/09 6:34:10 ET]
Table 'Situla II' 6-max Seat #1 is the button
Seat 1: nvalin ($113.20 in chips) 
Seat 2: D€est7oye€R ($126.82 in chips) 
Seat 3: coeeeelho ($129 in chips) 
Seat 4: ChuckNorrisQ ($124.32 in chips) 
Seat 5: Nurlanstar92 ($100 in chips) 
Seat 6: b2k-Snick ($108.40 in chips) 
D€est7oye€R: posts small blind $0.50
coeeeelho: posts big blind $1
*** HOLE CARDS ***
ChuckNorrisQ: folds 
Nurlanstar92: folds 
b2k-Snick: raises $1.50 to $2.50
nvalin: calls $2.50
D€est7oye€R: folds 
coeeeelho: folds 
*** FLOP *** [Kc Th Qs]
b2k-Snick: checks 
nvalin: bets $1
b2k-Snick: calls $1
*** TURN *** [Kc Th Qs] [Jc]
b2k-Snick: checks 
nvalin: checks 
*** RIVER *** [Kc Th Qs Jc] [4s]
b2k-Snick: checks 
nvalin: bets $4.04
b2k-Snick: calls $4.04
*** SHOW DOWN ***
nvalin: shows [5d 6h] (high card King)
b2k-Snick: shows [Jh Qc] (two pair, Queens and Jacks)
b2k-Snick collected $15.75 from pot
*** SUMMARY ***
Total pot $16.58 | Rake $0.83 
Board [Kc Th Qs Jc 4s]
Seat 1: nvalin (button) showed [5d 6h] and lost with high card King
Seat 2: D€est7oye€R (small blind) folded before Flop
Seat 3: coeeeelho (big blind) folded before Flop
Seat 4: ChuckNorrisQ folded before Flop (didn't bet)
Seat 5: Nurlanstar92 folded before Flop (didn't bet)
Seat 6: b2k-Snick showed [Jh Qc] and won ($15.75) with two pair, Queens and Jacks



PokerStars Hand #254276313451:  Hold'em No Limit ($0.50/$1.00 USD) - 2025/01/09 11:35:24 WET [2025/01/09 6:35:24 ET]
Table 'Situla II' 6-max Seat #2 is the button
Seat 1: nvalin ($105.66 in chips) 
Seat 2: D€est7oye€R ($126.32 in chips) 
Seat 3: coeeeelho ($128 in chips) 
Seat 4: ChuckNorrisQ ($124.32 in chips) 
Seat 5: Nurlanstar92 ($100 in chips) 
Seat 6: b2k-Snick ($116.61 in chips) 
coeeeelho: posts small blind $0.50
ChuckNorrisQ: posts big blind $1
*** HOLE CARDS ***
Nurlanstar92: folds 
b2k-Snick: folds 
nvalin has timed out
nvalin: folds 
D€est7oye€R: raises $2 to $3
coeeeelho: folds 
ChuckNorrisQ: folds 
Uncalled bet ($2) returned to D€est7oye€R
D€est7oye€R collected $2.50 from pot
D€est7oye€R: doesn't show hand 
*** SUMMARY ***
Total pot $2.50 | Rake $0 
Seat 1: nvalin folded before Flop (didn't bet)
Seat 2: D€est7oye€R (button) collected ($2.50)
Seat 3: coeeeelho (small blind) folded before Flop
Seat 4: ChuckNorrisQ (big blind) folded before Flop
Seat 5: Nurlanstar92 folded before Flop (didn't bet)
Seat 6: b2k-Snick folded before Flop (didn't bet)



PokerStars Hand #254276318719:  Hold'em No Limit ($0.50/$1.00 USD) - 2025/01/09 11:36:03 WET [2025/01/09 6:36:03 ET]
Table 'Situla II' 6-max Seat #3 is the button
Seat 1: nvalin ($105.66 in chips) 
Seat 2: D€est7oye€R ($127.82 in chips) 
Seat 3: coeeeelho ($127.50 in chips) 
Seat 4: ChuckNorrisQ ($123.32 in chips) 
Seat 5: Nurlanstar92 ($100 in chips) 
Seat 6: b2k-Snick ($116.61 in chips) 
ChuckNorrisQ: posts small blind $0.50
Nurlanstar92: posts big blind $1
*** HOLE CARDS ***
b2k-Snick: folds 
nvalin: folds 
D€est7oye€R: folds 
coeeeelho: folds 
ChuckNorrisQ: folds 
Uncalled bet ($0.50) returned to Nurlanstar92
Nurlanstar92 collected $1 from pot
Nurlanstar92: doesn't show hand 
*** SUMMARY ***
Total pot $1 | Rake $0 
Seat 1: nvalin folded before Flop (didn't bet)
Seat 2: D€est7oye€R folded before Flop (didn't bet)
Seat 3: coeeeelho (button) folded before Flop (didn't bet)
Seat 4: ChuckNorrisQ (small blind) folded before Flop
Seat 5: Nurlanstar92 (big blind) collected ($1)
Seat 6: b2k-Snick folded before Flop (didn't bet)



PokerStars Hand #254276321304:  Hold'em No Limit ($0.50/$1.00 USD) - 2025/01/09 11:36:22 WET [2025/01/09 6:36:22 ET]
Table 'Situla II' 6-max Seat #4 is the button
Seat 1: nvalin ($105.66 in chips) 
Seat 2: D€est7oye€R ($127.82 in chips) 
Seat 3: coeeeelho ($127.50 in chips) 
Seat 4: ChuckNorrisQ ($122.82 in chips) 
Seat 5: Nurlanstar92 ($100.50 in chips) 
Seat 6: b2k-Snick ($116.61 in chips) 
Nurlanstar92: posts small blind $0.50
b2k-Snick: posts big blind $1
*** HOLE CARDS ***
nvalin: calls $1
D€est7oye€R: folds 
coeeeelho: folds 
ChuckNorrisQ: calls $1
Nurlanstar92: folds 
b2k-Snick: checks 
*** FLOP *** [Jh Jd 5h]
b2k-Snick: checks 
nvalin: checks 
ChuckNorrisQ: bets $1.66
b2k-Snick: folds 
nvalin: calls $1.66
*** TURN *** [Jh Jd 5h] [Kd]
nvalin: checks 
ChuckNorrisQ: checks 
*** RIVER *** [Jh Jd 5h Kd] [9d]
nvalin: checks 
ChuckNorrisQ: bets $25
nvalin: folds 
Uncalled bet ($25) returned to ChuckNorrisQ
ChuckNorrisQ collected $6.48 from pot
ChuckNorrisQ: doesn't show hand 
*** SUMMARY ***
Total pot $6.82 | Rake $0.34 
Board [Jh Jd 5h Kd 9d]
Seat 1: nvalin folded on the River
Seat 2: D€est7oye€R folded before Flop (didn't bet)
Seat 3: coeeeelho folded before Flop (didn't bet)
Seat 4: ChuckNorrisQ (button) collected ($6.48)
Seat 5: Nurlanstar92 (small blind) folded before Flop
Seat 6: b2k-Snick (big blind) folded on the Flop



PokerStars Hand #254276330393:  Hold'em No Limit ($0.50/$1.00 USD) - 2025/01/09 11:37:29 WET [2025/01/09 6:37:29 ET]
Table 'Situla II' 6-max Seat #5 is the button
Seat 1: nvalin ($103 in chips) 
Seat 2: D€est7oye€R ($127.82 in chips) 
Seat 3: coeeeelho ($127.50 in chips) 
Seat 4: ChuckNorrisQ ($126.64 in chips) 
Seat 5: Nurlanstar92 ($100 in chips) 
Seat 6: b2k-Snick ($115.61 in chips) 
b2k-Snick: posts small blind $0.50
nvalin: posts big blind $1
*** HOLE CARDS ***
D€est7oye€R: folds 
coeeeelho: folds 
ChuckNorrisQ: folds 
Nurlanstar92: raises $1.50 to $2.50
b2k-Snick: folds 
nvalin: calls $1.50
*** FLOP *** [Ad Qd 9d]
nvalin: bets $5.22
Nurlanstar92: calls $5.22
*** TURN *** [Ad Qd 9d] [Kh]
nvalin: bets $15.14
Nurlanstar92: calls $15.14
*** RIVER *** [Ad Qd 9d Kh] [2d]
nvalin: checks 
Nurlanstar92: bets $55
nvalin: calls $55
*** SHOW DOWN ***
Nurlanstar92: shows [Ks Kd] (a flush, Ace high)
nvalin: mucks hand 
Nurlanstar92 collected $153.72 from pot
*** SUMMARY ***
Total pot $156.22 | Rake $2.50 
Board [Ad Qd 9d Kh 2d]
Seat 1: nvalin (big blind) mucked
Seat 2: D€est7oye€R folded before Flop (didn't bet)
Seat 3: coeeeelho folded before Flop (didn't bet)
Seat 4: ChuckNorrisQ folded before Flop (didn't bet)
Seat 5: Nurlanstar92 (button) showed [Ks Kd] and won ($153.72) with a flush, Ace high
Seat 6: b2k-Snick (small blind) folded before Flop



PokerStars Hand #254276344984:  Hold'em No Limit ($0.50/$1.00 USD) - 2025/01/09 11:39:17 WET [2025/01/09 6:39:17 ET]
Table 'Situla II' 6-max Seat #6 is the button
Seat 1: nvalin ($25.14 in chips) 
Seat 2: D€est7oye€R ($127.82 in chips) 
Seat 3: coeeeelho ($127.50 in chips) 
Seat 4: ChuckNorrisQ ($126.64 in chips) 
Seat 5: Nurlanstar92 ($175.86 in chips) 
Seat 6: b2k-Snick ($115.11 in chips) 
nvalin: posts small blind $0.50
D€est7oye€R: posts big blind $1
*** HOLE CARDS ***
coeeeelho: folds 
ChuckNorrisQ: raises $1 to $2
Nurlanstar92: folds 
b2k-Snick: folds 
nvalin: calls $1.50
D€est7oye€R: folds 
*** FLOP *** [Qs 2d Th]
nvalin: bets $4.75
ChuckNorrisQ: folds 
Uncalled bet ($4.75) returned to nvalin
nvalin collected $4.75 from pot
nvalin: doesn't show hand 
*** SUMMARY ***
Total pot $5 | Rake $0.25 
Board [Qs 2d Th]
Seat 1: nvalin (small blind) collected ($4.75)
Seat 2: D€est7oye€R (big blind) folded before Flop
Seat 3: coeeeelho folded before Flop (didn't bet)
Seat 4: ChuckNorrisQ folded on the Flop
Seat 5: Nurlanstar92 folded before Flop (didn't bet)
Seat 6: b2k-Snick (button) folded before Flop (didn't bet)



PokerStars Hand #254276351851:  Hold'em No Limit ($0.50/$1.00 USD) - 2025/01/09 11:40:06 WET [2025/01/09 6:40:06 ET]
Table 'Situla II' 6-max Seat #1 is the button
Seat 1: nvalin ($27.89 in chips) 
Seat 2: D€est7oye€R ($126.82 in chips) 
Seat 3: coeeeelho ($127.50 in chips) 
Seat 4: ChuckNorrisQ ($124.64 in chips) 
Seat 5: Nurlanstar92 ($175.86 in chips) 
Seat 6: b2k-Snick ($115.11 in chips) 
D€est7oye€R: posts small blind $0.50
coeeeelho: posts big blind $1
*** HOLE CARDS ***
ChuckNorrisQ: folds 
Nurlanstar92: folds 
b2k-Snick: folds 
nvalin: raises $2.50 to $3.50
D€est7oye€R: folds 
coeeeelho: folds 
Uncalled bet ($2.50) returned to nvalin
nvalin collected $2.50 from pot
nvalin: doesn't show hand 
*** SUMMARY ***
Total pot $2.50 | Rake $0 
Seat 1: nvalin (button) collected ($2.50)
Seat 2: D€est7oye€R (small blind) folded before Flop
Seat 3: coeeeelho (big blind) folded before Flop
Seat 4: ChuckNorrisQ folded before Flop (didn't bet)
Seat 5: Nurlanstar92 folded before Flop (didn't bet)
Seat 6: b2k-Snick folded before Flop (didn't bet)



PokerStars Hand #254276356407:  Hold'em No Limit ($0.50/$1.00 USD) - 2025/01/09 11:40:39 WET [2025/01/09 6:40:39 ET]
Table 'Situla II' 6-max Seat #2 is the button
Seat 1: nvalin ($29.39 in chips) 
Seat 2: D€est7oye€R ($126.32 in chips) 
Seat 3: coeeeelho ($126.50 in chips) 
Seat 4: ChuckNorrisQ ($124.64 in chips) 
Seat 5: Nurlanstar92 ($175.86 in chips) 
Seat 6: b2k-Snick ($115.11 in chips) 
coeeeelho: posts small blind $0.50
ChuckNorrisQ: posts big blind $1
*** HOLE CARDS ***
Nurlanstar92: folds 
b2k-Snick: folds 
nvalin: calls $1
D€est7oye€R: folds 
coeeeelho: folds 
ChuckNorrisQ: checks 
*** FLOP *** [3c Kh Jh]
ChuckNorrisQ: checks 
nvalin: checks 
*** TURN *** [3c Kh Jh] [4s]
ChuckNorrisQ: checks 
nvalin: bets $2.38
ChuckNorrisQ: folds 
Uncalled bet ($2.38) returned to nvalin
nvalin collected $2.38 from pot
nvalin: doesn't show hand 
*** SUMMARY ***
Total pot $2.50 | Rake $0.12 
Board [3c Kh Jh 4s]
Seat 1: nvalin collected ($2.38)
Seat 2: D€est7oye€R (button) folded before Flop (didn't bet)
Seat 3: coeeeelho (small blind) folded before Flop
Seat 4: ChuckNorrisQ (big blind) folded on the Turn
Seat 5: Nurlanstar92 folded before Flop (didn't bet)
Seat 6: b2k-Snick folded before Flop (didn't bet)



PokerStars Hand #254276361431:  Hold'em No Limit ($0.50/$1.00 USD) - 2025/01/09 11:41:15 WET [2025/01/09 6:41:15 ET]
Table 'Situla II' 6-max Seat #3 is the button
Seat 1: nvalin ($30.77 in chips) 
Seat 2: D€est7oye€R ($126.32 in chips) 
Seat 3: coeeeelho ($126 in chips) 
Seat 4: ChuckNorrisQ ($123.64 in chips) 
Seat 5: Nurlanstar92 ($175.86 in chips) 
Seat 6: b2k-Snick ($115.11 in chips) 
ChuckNorrisQ: posts small blind $0.50
Nurlanstar92: posts big blind $1
*** HOLE CARDS ***
b2k-Snick: folds 
nvalin: calls $1
D€est7oye€R: folds 
coeeeelho: raises $3 to $4
ChuckNorrisQ: folds 
Nurlanstar92: folds 
nvalin: calls $3
*** FLOP *** [5h Qh 3h]
nvalin: bets $9.02
coeeeelho: folds 
Uncalled bet ($9.02) returned to nvalin
nvalin collected $9.02 from pot
nvalin: doesn't show hand 
*** SUMMARY ***
Total pot $9.50 | Rake $0.48 
Board [5h Qh 3h]
Seat 1: nvalin collected ($9.02)
Seat 2: D€est7oye€R folded before Flop (didn't bet)
Seat 3: coeeeelho (button) folded on the Flop
Seat 4: ChuckNorrisQ (small blind) folded before Flop
Seat 5: Nurlanstar92 (big blind) folded before Flop
Seat 6: b2k-Snick folded before Flop (didn't bet)



PokerStars Hand #254276365688:  Hold'em No Limit ($0.50/$1.00 USD) - 2025/01/09 11:41:46 WET [2025/01/09 6:41:46 ET]
Table 'Situla II' 6-max Seat #4 is the button
Seat 1: nvalin ($35.79 in chips) 
Seat 2: D€est7oye€R ($126.32 in chips) 
Seat 3: coeeeelho ($122 in chips) 
Seat 4: ChuckNorrisQ ($123.14 in chips) 
Seat 5: Nurlanstar92 ($174.86 in chips) 
Seat 6: b2k-Snick ($115.11 in chips) 
Nurlanstar92: posts small blind $0.50
b2k-Snick: posts big blind $1
*** HOLE CARDS ***
nvalin: folds 
D€est7oye€R: folds 
coeeeelho: folds 
ChuckNorrisQ: folds 
Nurlanstar92: raises $2 to $3
b2k-Snick: folds 
Uncalled bet ($2) returned to Nurlanstar92
Nurlanstar92 collected $2 from pot
Nurlanstar92: doesn't show hand 
*** SUMMARY ***
Total pot $2 | Rake $0 
Seat 1: nvalin folded before Flop (didn't bet)
Seat 2: D€est7oye€R folded before Flop (didn't bet)
Seat 3: coeeeelho folded before Flop (didn't bet)
Seat 4: ChuckNorrisQ (button) folded before Flop (didn't bet)
Seat 5: Nurlanstar92 (small blind) collected ($2)
Seat 6: b2k-Snick (big blind) folded before Flop



PokerStars Hand #254276367832:  Hold'em No Limit ($0.50/$1.00 USD) - 2025/01/09 11:42:01 WET [2025/01/09 6:42:01 ET]
Table 'Situla II' 6-max Seat #5 is the button
Seat 1: nvalin ($35.79 in chips) 
Seat 2: D€est7oye€R ($126.32 in chips) 
Seat 3: coeeeelho ($122 in chips) 
Seat 4: ChuckNorrisQ ($123.14 in chips) 
Seat 5: Nurlanstar92 ($175.86 in chips) 
Seat 6: b2k-Snick ($114.11 in chips) 
b2k-Snick: posts small blind $0.50
nvalin: posts big blind $1
*** HOLE CARDS ***
D€est7oye€R: folds 
coeeeelho: raises $1.20 to $2.20
ChuckNorrisQ: folds 
Nurlanstar92: folds 
b2k-Snick: folds 
nvalin: calls $1.20
*** FLOP *** [Ah 4s 5c]
nvalin: bets $4.66
coeeeelho: folds 
Uncalled bet ($4.66) returned to nvalin
nvalin collected $4.66 from pot
nvalin: doesn't show hand 
*** SUMMARY ***
Total pot $4.90 | Rake $0.24 
Board [Ah 4s 5c]
Seat 1: nvalin (big blind) collected ($4.66)
Seat 2: D€est7oye€R folded before Flop (didn't bet)
Seat 3: coeeeelho folded on the Flop
Seat 4: ChuckNorrisQ folded before Flop (didn't bet)
Seat 5: Nurlanstar92 (button) folded before Flop (didn't bet)
Seat 6: b2k-Snick (small blind) folded before Flop



PokerStars Hand #254276371471:  Hold'em No Limit ($0.50/$1.00 USD) - 2025/01/09 11:42:28 WET [2025/01/09 6:42:28 ET]
Table 'Situla II' 6-max Seat #6 is the button
Seat 1: nvalin ($38.25 in chips) 
Seat 2: D€est7oye€R ($126.32 in chips) 
Seat 3: coeeeelho ($119.80 in chips) 
Seat 4: ChuckNorrisQ ($123.14 in chips) 
Seat 5: Nurlanstar92 ($175.86 in chips) 
Seat 6: b2k-Snick ($113.61 in chips) 
nvalin: posts small blind $0.50
D€est7oye€R: posts big blind $1
*** HOLE CARDS ***
coeeeelho: folds 
ChuckNorrisQ: folds 
Nurlanstar92: raises $1.30 to $2.30
b2k-Snick: folds 
nvalin: calls $1.80
D€est7oye€R: calls $1.30
*** FLOP *** [3c 6c Th]
nvalin: checks 
D€est7oye€R: bets $2.16
Nurlanstar92: folds 
nvalin: calls $2.16
*** TURN *** [3c 6c Th] [5d]
nvalin: checks 
D€est7oye€R: bets $5.44
nvalin: calls $5.44
*** RIVER *** [3c 6c Th 5d] [Ac]
nvalin: checks 
D€est7oye€R: checks 
*** SHOW DOWN ***
nvalin: shows [Qd 6d] (a pair of Sixes)
D€est7oye€R: shows [Qh Tc] (a pair of Tens)
D€est7oye€R collected $21 from pot
*** SUMMARY ***
Total pot $22.10 | Rake $1.10 
Board [3c 6c Th 5d Ac]
Seat 1: nvalin (small blind) showed [Qd 6d] and lost with a pair of Sixes
Seat 2: D€est7oye€R (big blind) showed [Qh Tc] and won ($21) with a pair of Tens
Seat 3: coeeeelho folded before Flop (didn't bet)
Seat 4: ChuckNorrisQ folded before Flop (didn't bet)
Seat 5: Nurlanstar92 folded on the Flop
Seat 6: b2k-Snick (button) folded before Flop (didn't bet)



PokerStars Hand #254276380543:  Hold'em No Limit ($0.50/$1.00 USD) - 2025/01/09 11:43:34 WET [2025/01/09 6:43:34 ET]
Table 'Situla II' 6-max Seat #1 is the button
Seat 1: nvalin ($28.35 in chips) 
Seat 2: D€est7oye€R ($137.42 in chips) 
Seat 3: coeeeelho ($119.80 in chips) 
Seat 4: ChuckNorrisQ ($123.14 in chips) 
Seat 5: Nurlanstar92 ($173.56 in chips) 
Seat 6: b2k-Snick ($113.61 in chips) 
D€est7oye€R: posts small blind $0.50
coeeeelho: posts big blind $1
*** HOLE CARDS ***
ChuckNorrisQ: folds 
Nurlanstar92: folds 
b2k-Snick: folds 
nvalin: folds 
D€est7oye€R: folds 
Uncalled bet ($0.50) returned to coeeeelho
coeeeelho collected $1 from pot
*** SUMMARY ***
Total pot $1 | Rake $0 
Seat 1: nvalin (button) folded before Flop (didn't bet)
Seat 2: D€est7oye€R (small blind) folded before Flop
Seat 3: coeeeelho (big blind) collected ($1)
Seat 4: ChuckNorrisQ folded before Flop (didn't bet)
Seat 5: Nurlanstar92 folded before Flop (didn't bet)
Seat 6: b2k-Snick folded before Flop (didn't bet)



PokerStars Hand #254276384447:  Hold'em No Limit ($0.50/$1.00 USD) - 2025/01/09 11:44:02 WET [2025/01/09 6:44:02 ET]
Table 'Situla II' 6-max Seat #2 is the button
Seat 1: nvalin ($28.35 in chips) 
Seat 2: D€est7oye€R ($136.92 in chips) 
Seat 3: coeeeelho ($120.30 in chips) 
Seat 4: ChuckNorrisQ ($123.14 in chips) 
Seat 5: Nurlanstar92 ($173.56 in chips) 
Seat 6: b2k-Snick ($113.61 in chips) 
coeeeelho: posts small blind $0.50
ChuckNorrisQ: posts big blind $1
*** HOLE CARDS ***
Nurlanstar92: folds 
b2k-Snick: raises $1.10 to $2.10
nvalin: folds 
D€est7oye€R: folds 
coeeeelho: folds 
ChuckNorrisQ: folds 
Uncalled bet ($1.10) returned to b2k-Snick
b2k-Snick collected $2.50 from pot
b2k-Snick: doesn't show hand 
*** SUMMARY ***
Total pot $2.50 | Rake $0 
Seat 1: nvalin folded before Flop (didn't bet)
Seat 2: D€est7oye€R (button) folded before Flop (didn't bet)
Seat 3: coeeeelho (small blind) folded before Flop
Seat 4: ChuckNorrisQ (big blind) folded before Flop
Seat 5: Nurlanstar92 folded before Flop (didn't bet)
Seat 6: b2k-Snick collected ($2.50)



PokerStars Hand #254276388077:  Hold'em No Limit ($0.50/$1.00 USD) - 2025/01/09 11:44:29 WET [2025/01/09 6:44:29 ET]
Table 'Situla II' 6-max Seat #3 is the button
Seat 1: nvalin ($28.35 in chips) 
Seat 2: D€est7oye€R ($136.92 in chips) 
Seat 3: coeeeelho ($119.80 in chips) 
Seat 4: ChuckNorrisQ ($122.14 in chips) 
Seat 5: Nurlanstar92 ($173.56 in chips) 
Seat 6: b2k-Snick ($115.11 in chips) 
ChuckNorrisQ: posts small blind $0.50
Nurlanstar92: posts big blind $1
*** HOLE CARDS ***
b2k-Snick: folds 
nvalin: folds 
D€est7oye€R: folds 
coeeeelho: folds 
ChuckNorrisQ: raises $2 to $3
Nurlanstar92: folds 
Uncalled bet ($2) returned to ChuckNorrisQ
ChuckNorrisQ collected $2 from pot
ChuckNorrisQ: doesn't show hand 
*** SUMMARY ***
Total pot $2 | Rake $0 
Seat 1: nvalin folded before Flop (didn't bet)
Seat 2: D€est7oye€R folded before Flop (didn't bet)
Seat 3: coeeeelho (button) folded before Flop (didn't bet)
Seat 4: ChuckNorrisQ (small blind) collected ($2)
Seat 5: Nurlanstar92 (big blind) folded before Flop
Seat 6: b2k-Snick folded before Flop (didn't bet)



PokerStars Hand #254276391187:  Hold'em No Limit ($0.50/$1.00 USD) - 2025/01/09 11:44:51 WET [2025/01/09 6:44:51 ET]
Table 'Situla II' 6-max Seat #4 is the button
Seat 1: nvalin ($28.35 in chips) 
Seat 2: D€est7oye€R ($136.92 in chips) 
Seat 3: coeeeelho ($119.80 in chips) 
Seat 4: ChuckNorrisQ ($123.14 in chips) 
Seat 5: Nurlanstar92 ($172.56 in chips) 
Seat 6: b2k-Snick ($115.11 in chips) 
Nurlanstar92: posts small blind $0.50
b2k-Snick: posts big blind $1
*** HOLE CARDS ***
nvalin has timed out
nvalin: folds 
D€est7oye€R: folds 
coeeeelho: folds 
ChuckNorrisQ: folds 
Nurlanstar92: folds 
Uncalled bet ($0.50) returned to b2k-Snick
b2k-Snick collected $1 from pot
b2k-Snick: doesn't show hand 
*** SUMMARY ***
Total pot $1 | Rake $0 
Seat 1: nvalin folded before Flop (didn't bet)
Seat 2: D€est7oye€R folded before Flop (didn't bet)
Seat 3: coeeeelho folded before Flop (didn't bet)
Seat 4: ChuckNorrisQ (button) folded before Flop (didn't bet)
Seat 5: Nurlanstar92 (small blind) folded before Flop
Seat 6: b2k-Snick (big blind) collected ($1)



PokerStars Hand #254276394513:  Hold'em No Limit ($0.50/$1.00 USD) - 2025/01/09 11:45:16 WET [2025/01/09 6:45:16 ET]
Table 'Situla II' 6-max Seat #5 is the button
Seat 1: nvalin ($28.35 in chips) 
Seat 2: D€est7oye€R ($136.92 in chips) 
Seat 3: coeeeelho ($119.80 in chips) 
Seat 4: ChuckNorrisQ ($123.14 in chips) 
Seat 5: Nurlanstar92 ($172.06 in chips) 
Seat 6: b2k-Snick ($115.61 in chips) 
b2k-Snick: posts small blind $0.50
nvalin: posts big blind $1
*** HOLE CARDS ***
D€est7oye€R: folds 
coeeeelho: folds 
ChuckNorrisQ: folds 
Nurlanstar92: folds 
b2k-Snick: raises $2 to $3
nvalin: raises $2 to $5
b2k-Snick: raises $110.61 to $115.61 and is all-in
nvalin: calls $23.35 and is all-in
Uncalled bet ($87.26) returned to b2k-Snick
*** FLOP *** [Ad 3c Js]
*** TURN *** [Ad 3c Js] [4c]
*** RIVER *** [Ad 3c Js 4c] [7s]
*** SHOW DOWN ***
b2k-Snick: shows [Ah Ts] (a pair of Aces)
nvalin: shows [2h Jd] (a pair of Jacks)
b2k-Snick collected $54.20 from pot
*** SUMMARY ***
Total pot $56.70 | Rake $2.50 
Board [Ad 3c Js 4c 7s]
Seat 1: nvalin (big blind) showed [2h Jd] and lost with a pair of Jacks
Seat 2: D€est7oye€R folded before Flop (didn't bet)
Seat 3: coeeeelho folded before Flop (didn't bet)
Seat 4: ChuckNorrisQ folded before Flop (didn't bet)
Seat 5: Nurlanstar92 (button) folded before Flop (didn't bet)
Seat 6: b2k-Snick (small blind) showed [Ah Ts] and won ($54.20) with a pair of Aces



PokerStars Hand #254276399501:  Hold'em No Limit ($0.50/$1.00 USD) - 2025/01/09 11:45:53 WET [2025/01/09 6:45:53 ET]
Table 'Situla II' 6-max Seat #6 is the button
Seat 1: nvalin ($0 in chips) is sitting out
Seat 2: D€est7oye€R ($136.92 in chips) 
Seat 3: coeeeelho ($119.80 in chips) 
Seat 4: ChuckNorrisQ ($123.14 in chips) 
Seat 5: Nurlanstar92 ($172.06 in chips) 
Seat 6: b2k-Snick ($141.46 in chips) 
D€est7oye€R: posts small blind $0.50
coeeeelho: posts big blind $1
*** HOLE CARDS ***
ChuckNorrisQ: folds 
Nurlanstar92: folds 
b2k-Snick: folds 
nvalin leaves the table
D€est7oye€R: folds 
Uncalled bet ($0.50) returned to coeeeelho
coeeeelho collected $1 from pot
*** SUMMARY ***
Total pot $1 | Rake $0 
Seat 1: nvalin
Seat 2: D€est7oye€R (small blind) folded before Flop
Seat 3: coeeeelho (big blind) collected ($1)
Seat 4: ChuckNorrisQ folded before Flop (didn't bet)
Seat 5: Nurlanstar92 folded before Flop (didn't bet)
Seat 6: b2k-Snick (button) folded before Flop (didn't bet)



PokerStars Hand #254276401215:  Hold'em No Limit ($0.50/$1.00 USD) - 2025/01/09 11:46:05 WET [2025/01/09 6:46:05 ET]
Table 'Situla II' 6-max Seat #2 is the button
Seat 2: D€est7oye€R ($136.42 in chips) 
Seat 3: coeeeelho ($120.30 in chips) 
Seat 4: ChuckNorrisQ ($123.14 in chips) 
Seat 5: Nurlanstar92 ($172.06 in chips) 
Seat 6: b2k-Snick ($141.46 in chips) 
coeeeelho: posts small blind $0.50
G.HANSEN333 joins the table at seat #1 
ChuckNorrisQ: posts big blind $1
*** HOLE CARDS ***
Nurlanstar92: folds 
b2k-Snick: folds 
G.HANSEN333 leaves the table
D€est7oye€R: folds 
coeeeelho: folds 
Uncalled bet ($0.50) returned to ChuckNorrisQ
ChuckNorrisQ collected $1 from pot
ChuckNorrisQ: doesn't show hand 
*** SUMMARY ***
Total pot $1 | Rake $0 
Seat 2: D€est7oye€R (button) folded before Flop (didn't bet)
Seat 3: coeeeelho (small blind) folded before Flop
Seat 4: ChuckNorrisQ (big blind) collected ($1)
Seat 5: Nurlanstar92 folded before Flop (didn't bet)
Seat 6: b2k-Snick folded before Flop (didn't bet)



PokerStars Hand #254276403126:  Hold'em No Limit ($0.50/$1.00 USD) - 2025/01/09 11:46:19 WET [2025/01/09 6:46:19 ET]
Table 'Situla II' 6-max Seat #4 is the button
Seat 2: D€est7oye€R ($136.42 in chips) is sitting out
Seat 5: Nurlanstar92 ($172.06 in chips) is sitting out
Seat 6: b2k-Snick ($141.46 in chips) is sitting out
Seat 3: coeeeelho ($119.80 in chips) 
Seat 4: ChuckNorrisQ ($123.64 in chips) 
ChuckNorrisQ: posts small blind $0.50
Nurlanstar92: is sitting out 
b2k-Snick: is sitting out 
D€est7oye€R: is sitting out 
coeeeelho: posts big blind $1
*** HOLE CARDS ***
ChuckNorrisQ: folds 
Uncalled bet ($0.50) returned to coeeeelho
coeeeelho collected $1 from pot
b2k-Snick leaves the table
D€est7oye€R leaves the table
*** SUMMARY ***
Total pot $1 | Rake $0 
Seat 2: D€est7oye€R
Seat 5: Nurlanstar92
Seat 6: b2k-Snick
Seat 3: coeeeelho (big blind) collected ($1)
Seat 4: ChuckNorrisQ (button) (small blind) folded before Flop



