PokerStars Hand #254285736473:  Hold'em No Limit ($0.50/$1.00 USD) - 2025/01/09 22:21:41 WET [2025/01/09 17:21:41 ET]
Table 'Circinus III' 6-max Seat #6 is the button
Seat 1: An1an1 ($100 in chips) 
Seat 2: andutu34 ($100 in chips) 
Seat 3: jhguhgfugctu ($98.86 in chips) 
Seat 4: easy_sarcasm ($100 in chips) 
Seat 5: Alinyr ($101.50 in chips) 
Seat 6: EvilReality ($100 in chips) 
An1an1: posts small blind $0.50
andutu34: posts big blind $1
*** HOLE CARDS ***
jhguhgfugctu: raises $1 to $2
easy_sarcasm: folds 
Alinyr: raises $4.50 to $6.50
EvilReality: folds 
An1an1: folds 
andutu34: folds 
jhguhgfugctu: calls $4.50
*** FLOP *** [2c Jc 4c]
jhguhgfugctu: checks 
Alinyr: bets $4.55
jhguhgfugctu: folds 
Uncalled bet ($4.55) returned to Alinyr
Alinyr collected $13.78 from pot
Alinyr: doesn't show hand 
*** SUMMARY ***
Total pot $14.50 | Rake $0.72 
Board [2c Jc 4c]
Seat 1: An1an1 (small blind) folded before Flop
Seat 2: andutu34 (big blind) folded before Flop
Seat 3: jhguhgfugctu folded on the Flop
Seat 4: easy_sarcasm folded before Flop (didn't bet)
Seat 5: Alinyr collected ($13.78)
Seat 6: EvilReality (button) folded before Flop (didn't bet)



PokerStars Hand #254285746144:  Hold'em No Limit ($0.50/$1.00 USD) - 2025/01/09 22:22:10 WET [2025/01/09 17:22:10 ET]
Table 'Circinus III' 6-max Seat #1 is the button
Seat 1: An1an1 ($100 in chips) 
Seat 2: andutu34 ($100 in chips) 
Seat 3: jhguhgfugctu ($92.36 in chips) 
Seat 4: easy_sarcasm ($100 in chips) 
Seat 5: Alinyr ($108.78 in chips) 
Seat 6: EvilReality ($100 in chips) 
andutu34: posts small blind $0.50
jhguhgfugctu: posts big blind $1
*** HOLE CARDS ***
easy_sarcasm: folds 
Alinyr: raises $1.05 to $2.05
EvilReality: folds 
An1an1: folds 
andutu34: calls $1.55
jhguhgfugctu: calls $1.05
*** FLOP *** [3h 4c 9s]
andutu34: checks 
jhguhgfugctu: checks 
Alinyr: bets $1.93
andutu34: calls $1.93
jhguhgfugctu: calls $1.93
*** TURN *** [3h 4c 9s] [6s]
andutu34: checks 
jhguhgfugctu: checks 
Alinyr: checks 
*** RIVER *** [3h 4c 9s 6s] [3c]
andutu34: bets $7.48
jhguhgfugctu: raises $9.48 to $16.96
Alinyr: folds 
andutu34: calls $9.48
*** SHOW DOWN ***
jhguhgfugctu: shows [3s Ac] (three of a kind, Threes)
andutu34: mucks hand 
jhguhgfugctu collected $43.57 from pot
*** SUMMARY ***
Total pot $45.86 | Rake $2.29 
Board [3h 4c 9s 6s 3c]
Seat 1: An1an1 (button) folded before Flop (didn't bet)
Seat 2: andutu34 (small blind) mucked
Seat 3: jhguhgfugctu (big blind) showed [3s Ac] and won ($43.57) with three of a kind, Threes
Seat 4: easy_sarcasm folded before Flop (didn't bet)
Seat 5: Alinyr folded on the River
Seat 6: EvilReality folded before Flop (didn't bet)



PokerStars Hand #254285778431:  Hold'em No Limit ($0.50/$1.00 USD) - 2025/01/09 22:23:49 WET [2025/01/09 17:23:49 ET]
Table 'Circinus III' 6-max Seat #2 is the button
Seat 1: An1an1 ($100 in chips) 
Seat 2: andutu34 ($100 in chips) 
Seat 3: jhguhgfugctu ($114.99 in chips) 
Seat 4: easy_sarcasm ($100 in chips) 
Seat 5: Alinyr ($104.80 in chips) 
Seat 6: EvilReality ($100 in chips) 
jhguhgfugctu: posts small blind $0.50
easy_sarcasm: posts big blind $1
*** HOLE CARDS ***
Alinyr: folds 
EvilReality: folds 
An1an1: raises $1 to $2
andutu34: folds 
jhguhgfugctu: folds 
easy_sarcasm: folds 
Uncalled bet ($1) returned to An1an1
An1an1 collected $2.50 from pot
An1an1: doesn't show hand 
*** SUMMARY ***
Total pot $2.50 | Rake $0 
Seat 1: An1an1 collected ($2.50)
Seat 2: andutu34 (button) folded before Flop (didn't bet)
Seat 3: jhguhgfugctu (small blind) folded before Flop
Seat 4: easy_sarcasm (big blind) folded before Flop
Seat 5: Alinyr folded before Flop (didn't bet)
Seat 6: EvilReality folded before Flop (didn't bet)



PokerStars Hand #254285785280:  Hold'em No Limit ($0.50/$1.00 USD) - 2025/01/09 22:24:11 WET [2025/01/09 17:24:11 ET]
Table 'Circinus III' 6-max Seat #3 is the button
Seat 1: An1an1 ($101.50 in chips) 
Seat 2: andutu34 ($100 in chips) 
Seat 3: jhguhgfugctu ($114.49 in chips) 
Seat 4: easy_sarcasm ($100 in chips) 
Seat 5: Alinyr ($104.80 in chips) 
Seat 6: EvilReality ($100 in chips) 
easy_sarcasm: posts small blind $0.50
Alinyr: posts big blind $1
*** HOLE CARDS ***
EvilReality: folds 
An1an1: folds 
andutu34: folds 
jhguhgfugctu: folds 
easy_sarcasm: folds 
Uncalled bet ($0.50) returned to Alinyr
Alinyr collected $1 from pot
Alinyr: doesn't show hand 
*** SUMMARY ***
Total pot $1 | Rake $0 
Seat 1: An1an1 folded before Flop (didn't bet)
Seat 2: andutu34 folded before Flop (didn't bet)
Seat 3: jhguhgfugctu (button) folded before Flop (didn't bet)
Seat 4: easy_sarcasm (small blind) folded before Flop
Seat 5: Alinyr (big blind) collected ($1)
Seat 6: EvilReality folded before Flop (didn't bet)



PokerStars Hand #254285789622:  Hold'em No Limit ($0.50/$1.00 USD) - 2025/01/09 22:24:24 WET [2025/01/09 17:24:24 ET]
Table 'Circinus III' 6-max Seat #4 is the button
Seat 1: An1an1 ($101.50 in chips) 
Seat 2: andutu34 ($100 in chips) 
Seat 3: jhguhgfugctu ($114.49 in chips) 
Seat 4: easy_sarcasm ($100 in chips) 
Seat 5: Alinyr ($105.30 in chips) 
Seat 6: EvilReality ($100 in chips) 
Alinyr: posts small blind $0.50
EvilReality: posts big blind $1
*** HOLE CARDS ***
An1an1: raises $1 to $2
andutu34: folds 
jhguhgfugctu: folds 
easy_sarcasm: folds 
Alinyr: folds 
EvilReality: folds 
Uncalled bet ($1) returned to An1an1
An1an1 collected $2.50 from pot
An1an1: doesn't show hand 
*** SUMMARY ***
Total pot $2.50 | Rake $0 
Seat 1: An1an1 collected ($2.50)
Seat 2: andutu34 folded before Flop (didn't bet)
Seat 3: jhguhgfugctu folded before Flop (didn't bet)
Seat 4: easy_sarcasm (button) folded before Flop (didn't bet)
Seat 5: Alinyr (small blind) folded before Flop
Seat 6: EvilReality (big blind) folded before Flop



PokerStars Hand #254285800549:  Hold'em No Limit ($0.50/$1.00 USD) - 2025/01/09 22:24:58 WET [2025/01/09 17:24:58 ET]
Table 'Circinus III' 6-max Seat #5 is the button
Seat 2: andutu34 ($100 in chips) 
Seat 3: jhguhgfugctu ($114.49 in chips) 
Seat 4: easy_sarcasm ($100 in chips) 
Seat 5: Alinyr ($104.80 in chips) 
Seat 6: EvilReality ($100 in chips) 
EvilReality: posts small blind $0.50
andutu34: posts big blind $1
*** HOLE CARDS ***
jhguhgfugctu: folds 
easy_sarcasm: folds 
Alinyr: folds 
EvilReality: raises $2 to $3
Nazareno1999 joins the table at seat #1 
jhguhgfugctu leaves the table
andutu34: folds 
Uncalled bet ($2) returned to EvilReality
EvilReality collected $2 from pot
EvilReality: doesn't show hand 
*** SUMMARY ***
Total pot $2 | Rake $0 
Seat 2: andutu34 (big blind) folded before Flop
Seat 3: jhguhgfugctu folded before Flop (didn't bet)
Seat 4: easy_sarcasm folded before Flop (didn't bet)
Seat 5: Alinyr (button) folded before Flop (didn't bet)
Seat 6: EvilReality (small blind) collected ($2)



PokerStars Hand #254285803947:  Hold'em No Limit ($0.50/$1.00 USD) - 2025/01/09 22:25:08 WET [2025/01/09 17:25:08 ET]
Table 'Circinus III' 6-max Seat #6 is the button
Seat 1: Nazareno1999 ($100 in chips) is sitting out
Seat 2: andutu34 ($100 in chips) 
Seat 4: easy_sarcasm ($100 in chips) 
Seat 5: Alinyr ($104.80 in chips) 
Seat 6: EvilReality ($101 in chips) 
andutu34: posts small blind $0.50
easy_sarcasm: posts big blind $1
*** HOLE CARDS ***
Alinyr: folds 
EvilReality: folds 
andutu34: folds 
Uncalled bet ($0.50) returned to easy_sarcasm
easy_sarcasm collected $1 from pot
*** SUMMARY ***
Total pot $1 | Rake $0 
Seat 1: Nazareno1999
Seat 2: andutu34 (small blind) folded before Flop
Seat 4: easy_sarcasm (big blind) collected ($1)
Seat 5: Alinyr folded before Flop (didn't bet)
Seat 6: EvilReality (button) folded before Flop (didn't bet)



PokerStars Hand #254285807061:  Hold'em No Limit ($0.50/$1.00 USD) - 2025/01/09 22:25:18 WET [2025/01/09 17:25:18 ET]
Table 'Circinus III' 6-max Seat #2 is the button
Seat 1: Nazareno1999 ($100 in chips) is sitting out
Seat 2: andutu34 ($100 in chips) 
Seat 4: easy_sarcasm ($100.50 in chips) 
Seat 5: Alinyr ($104.80 in chips) 
Seat 6: EvilReality ($101 in chips) 
easy_sarcasm: posts small blind $0.50
Alinyr: posts big blind $1
Nazareno1999: sits out 
*** HOLE CARDS ***
EvilReality: raises $1.50 to $2.50
andutu34: folds 
easy_sarcasm: folds 
Alinyr: calls $1.50
*** FLOP *** [3s Kc 6c]
Alinyr: checks 
EvilReality: bets $1.72
Alinyr: folds 
Uncalled bet ($1.72) returned to EvilReality
EvilReality collected $5.22 from pot
EvilReality: doesn't show hand 
*** SUMMARY ***
Total pot $5.50 | Rake $0.28 
Board [3s Kc 6c]
Seat 1: Nazareno1999
Seat 2: andutu34 (button) folded before Flop (didn't bet)
Seat 4: easy_sarcasm (small blind) folded before Flop
Seat 5: Alinyr (big blind) folded on the Flop
Seat 6: EvilReality collected ($5.22)



PokerStars Hand #254285821837:  Hold'em No Limit ($0.50/$1.00 USD) - 2025/01/09 22:26:03 WET [2025/01/09 17:26:03 ET]
Table 'Circinus III' 6-max Seat #4 is the button
Seat 6: EvilReality ($103.72 in chips) is sitting out
Seat 1: Nazareno1999 ($100 in chips) 
Seat 2: andutu34 ($100 in chips) 
Seat 4: easy_sarcasm ($100 in chips) 
Seat 5: Alinyr ($102.30 in chips) 
Alinyr: posts small blind $0.50
EvilReality: is sitting out 
Nazareno1999: posts big blind $1
*** HOLE CARDS ***
andutu34: folds 
andutu34 leaves the table
easy_sarcasm: folds 
Alinyr: folds 
Uncalled bet ($0.50) returned to Nazareno1999
Nazareno1999 collected $1 from pot
Nazareno1999: doesn't show hand 
CichiChanMarian joins the table at seat #3 
*** SUMMARY ***
Total pot $1 | Rake $0 
Seat 6: EvilReality
Seat 1: Nazareno1999 (big blind) collected ($1)
Seat 2: andutu34 folded before Flop (didn't bet)
Seat 4: easy_sarcasm (button) folded before Flop (didn't bet)
Seat 5: Alinyr (small blind) folded before Flop



PokerStars Hand #254285824578:  Hold'em No Limit ($0.50/$1.00 USD) - 2025/01/09 22:26:11 WET [2025/01/09 17:26:11 ET]
Table 'Circinus III' 6-max Seat #5 is the button
Seat 6: EvilReality ($103.72 in chips) is sitting out
Seat 1: Nazareno1999 ($100.50 in chips) 
Seat 3: CichiChanMarian ($100 in chips) 
Seat 4: easy_sarcasm ($100 in chips) 
Seat 5: Alinyr ($101.80 in chips) 
Nazareno1999: posts small blind $0.50
CichiChanMarian: posts big blind $1
*** HOLE CARDS ***
EvilReality leaves the table
easy_sarcasm: raises $2 to $3
Alinyr: folds 
Nazareno1999: folds 
CichiChanMarian: folds 
Uncalled bet ($2) returned to easy_sarcasm
easy_sarcasm collected $2.50 from pot
*** SUMMARY ***
Total pot $2.50 | Rake $0 
Seat 6: EvilReality
Seat 1: Nazareno1999 (small blind) folded before Flop
Seat 3: CichiChanMarian (big blind) folded before Flop
Seat 4: easy_sarcasm collected ($2.50)
Seat 5: Alinyr (button) folded before Flop (didn't bet)



