PokerStars Hand #254278768908:  Hold'em No Limit ($0.50/$1.00 USD) - 2025/01/09 15:39:34 WET [2025/01/09 10:39:34 ET]
Table 'Lameia III' 6-max Seat #5 is the button
Seat 1: YeeesMan ($100.50 in chips) 
Seat 3: gig.gyty ($10 in chips) 
Seat 4: shootingGRID ($100 in chips) 
Seat 5: fortoviy80 ($49.83 in chips) 
Seat 6: Gfoer ($100 in chips) 
Gfoer: posts small blind $0.50
YeeesMan: posts big blind $1
*** HOLE CARDS ***
gig.gyty: folds 
shootingGRID: folds 
fortoviy80: folds 
Gfoer: folds 
Uncalled bet ($0.50) returned to YeeesMan
YeeesMan collected $1 from pot
YeeesMan: doesn't show hand 
jeffy27dt1 joins the table at seat #2 
*** SUMMARY ***
Total pot $1 | Rake $0 
Seat 1: YeeesMan (big blind) collected ($1)
Seat 3: gig.gyty folded before Flop (didn't bet)
Seat 4: shootingGRID folded before Flop (didn't bet)
Seat 5: fortoviy80 (button) folded before Flop (didn't bet)
Seat 6: Gfoer (small blind) folded before Flop



PokerStars Hand #254278771917:  Hold'em No Limit ($0.50/$1.00 USD) - 2025/01/09 15:39:47 WET [2025/01/09 10:39:47 ET]
Table 'Lameia III' 6-max Seat #6 is the button
Seat 1: YeeesMan ($101 in chips) 
Seat 2: jeffy27dt1 ($100 in chips) 
Seat 3: gig.gyty ($100 in chips) 
Seat 4: shootingGRID ($100 in chips) 
Seat 5: fortoviy80 ($49.83 in chips) 
Seat 6: Gfoer ($100 in chips) 
YeeesMan: posts small blind $0.50
jeffy27dt1 is connected 
jeffy27dt1: posts big blind $1
*** HOLE CARDS ***
gig.gyty: folds 
shootingGRID: raises $1.25 to $2.25
fortoviy80: calls $2.25
Gfoer: folds 
YeeesMan: folds 
gig.gyty leaves the table
jeffy27dt1: folds 
*** FLOP *** [Ac 2c 6c]
shootingGRID: checks 
fortoviy80: bets $6
shootingGRID: folds 
Uncalled bet ($6) returned to fortoviy80
shootingGRID leaves the table
fortoviy80 collected $5.70 from pot
fortoviy80: doesn't show hand 
*** SUMMARY ***
Total pot $6 | Rake $0.30 
Board [Ac 2c 6c]
Seat 1: YeeesMan (small blind) folded before Flop
Seat 2: jeffy27dt1 (big blind) folded before Flop
Seat 3: gig.gyty folded before Flop (didn't bet)
Seat 4: shootingGRID folded on the Flop
Seat 5: fortoviy80 collected ($5.70)
Seat 6: Gfoer (button) folded before Flop (didn't bet)



PokerStars Hand #254278784751:  Hold'em No Limit ($0.50/$1.00 USD) - 2025/01/09 15:40:46 WET [2025/01/09 10:40:46 ET]
Table 'Lameia III' 6-max Seat #1 is the button
Seat 1: YeeesMan ($100.50 in chips) 
Seat 2: jeffy27dt1 ($100 in chips) 
Seat 5: fortoviy80 ($53.28 in chips) 
Seat 6: Gfoer ($100 in chips) 
jeffy27dt1: posts small blind $0.50
fortoviy80: posts big blind $1
*** HOLE CARDS ***
Gfoer: folds 
YeeesMan: raises $1.50 to $2.50
jeffy27dt1: raises $9.50 to $12
Bessie0009 joins the table at seat #3 
Bessie0009 is disconnected 
fortoviy80: folds 
YeeesMan: folds 
Uncalled bet ($9.50) returned to jeffy27dt1
mironchikvld joins the table at seat #4 
jeffy27dt1 collected $6 from pot
jeffy27dt1: doesn't show hand 
*** SUMMARY ***
Total pot $6 | Rake $0 
Seat 1: YeeesMan (button) folded before Flop
Seat 2: jeffy27dt1 (small blind) collected ($6)
Seat 5: fortoviy80 (big blind) folded before Flop
Seat 6: Gfoer folded before Flop (didn't bet)



PokerStars Hand #254278792022:  Hold'em No Limit ($0.50/$1.00 USD) - 2025/01/09 15:41:18 WET [2025/01/09 10:41:18 ET]
Table 'Lameia III' 6-max Seat #2 is the button
Seat 3: Bessie0009 ($23.87 in chips) is sitting out
Seat 4: mironchikvld ($100 in chips) is sitting out
Seat 1: YeeesMan ($100 in chips) 
Seat 2: jeffy27dt1 ($103.50 in chips) 
Seat 5: fortoviy80 ($52.28 in chips) 
Seat 6: Gfoer ($100 in chips) 
fortoviy80: posts small blind $0.50
Gfoer: posts big blind $1
*** HOLE CARDS ***
YeeesMan: folds 
jeffy27dt1: raises $1.50 to $2.50
fortoviy80: calls $2
Gfoer: folds 
*** FLOP *** [Ks Jh Qd]
fortoviy80: checks 
jeffy27dt1: bets $4.28
fortoviy80: calls $4.28
*** TURN *** [Ks Jh Qd] [Kc]
fortoviy80: checks 
jeffy27dt1: bets $12
fortoviy80: folds 
Uncalled bet ($12) returned to jeffy27dt1
jeffy27dt1 collected $13.83 from pot
jeffy27dt1: doesn't show hand 
*** SUMMARY ***
Total pot $14.56 | Rake $0.73 
Board [Ks Jh Qd Kc]
Seat 3: Bessie0009
Seat 4: mironchikvld
Seat 1: YeeesMan folded before Flop (didn't bet)
Seat 2: jeffy27dt1 (button) collected ($13.83)
Seat 5: fortoviy80 (small blind) folded on the Turn
Seat 6: Gfoer (big blind) folded before Flop



PokerStars Hand #254278801722:  Hold'em No Limit ($0.50/$1.00 USD) - 2025/01/09 15:42:02 WET [2025/01/09 10:42:02 ET]
Table 'Lameia III' 6-max Seat #5 is the button
Seat 1: YeeesMan ($100 in chips) is sitting out
Seat 3: Bessie0009 ($23.87 in chips) is sitting out
Seat 4: mironchikvld ($100 in chips) is sitting out
Seat 2: jeffy27dt1 ($110.55 in chips) 
Seat 5: fortoviy80 ($45.50 in chips) 
Seat 6: Gfoer ($100 in chips) 
Gfoer: posts small blind $0.50
YeeesMan: is sitting out 
jeffy27dt1: posts big blind $1
Bessie0009: sits out 
mironchikvld: sits out 
*** HOLE CARDS ***
fortoviy80: calls $1
YeeesMan leaves the table
Gfoer: folds 
jeffy27dt1: checks 
*** FLOP *** [7d Kh Kd]
jeffy27dt1: checks 
fortoviy80: checks 
*** TURN *** [7d Kh Kd] [9s]
jeffy27dt1: checks 
fortoviy80: bets $3
jeffy27dt1: folds 
Uncalled bet ($3) returned to fortoviy80
fortoviy80 collected $2.38 from pot
fortoviy80: doesn't show hand 
*** SUMMARY ***
Total pot $2.50 | Rake $0.12 
Board [7d Kh Kd 9s]
Seat 1: YeeesMan
Seat 3: Bessie0009
Seat 4: mironchikvld
Seat 2: jeffy27dt1 (big blind) folded on the Turn
Seat 5: fortoviy80 (button) collected ($2.38)
Seat 6: Gfoer (small blind) folded before Flop



PokerStars Hand #254278810456:  Hold'em No Limit ($0.50/$1.00 USD) - 2025/01/09 15:42:42 WET [2025/01/09 10:42:42 ET]
Table 'Lameia III' 6-max Seat #6 is the button
Seat 4: mironchikvld ($100 in chips) is sitting out
Seat 2: jeffy27dt1 ($109.55 in chips) 
Seat 3: Bessie0009 ($23.87 in chips) 
Seat 5: fortoviy80 ($46.88 in chips) 
Seat 6: Gfoer ($100 in chips) 
jeffy27dt1: posts small blind $0.50
Bessie0009: posts big blind $1
mironchikvld: sits out 
*** HOLE CARDS ***
fortoviy80: folds 
nautzi999 joins the table at seat #1 
nautzi999 is disconnected 
Gfoer: folds 
jeffy27dt1: folds 
Uncalled bet ($0.50) returned to Bessie0009
Bessie0009 collected $1 from pot
*** SUMMARY ***
Total pot $1 | Rake $0 
Seat 4: mironchikvld
Seat 2: jeffy27dt1 (small blind) folded before Flop
Seat 3: Bessie0009 (big blind) collected ($1)
Seat 5: fortoviy80 folded before Flop (didn't bet)
Seat 6: Gfoer (button) folded before Flop (didn't bet)



PokerStars Hand #254278813522:  Hold'em No Limit ($0.50/$1.00 USD) - 2025/01/09 15:42:56 WET [2025/01/09 10:42:56 ET]
Table 'Lameia III' 6-max Seat #2 is the button
Seat 1: nautzi999 ($72.13 in chips) is sitting out
Seat 2: jeffy27dt1 ($109.05 in chips) 
Seat 3: Bessie0009 ($24.37 in chips) 
Seat 4: mironchikvld ($100 in chips) 
Seat 5: fortoviy80 ($46.88 in chips) 
Seat 6: Gfoer ($100 in chips) 
Bessie0009: posts small blind $0.50
mironchikvld: posts big blind $1
nautzi999: sits out 
*** HOLE CARDS ***
fortoviy80: folds 
Gfoer: folds 
jeffy27dt1: raises $1.50 to $2.50
Bessie0009: folds 
mironchikvld: folds 
Uncalled bet ($1.50) returned to jeffy27dt1
jeffy27dt1 collected $2.50 from pot
jeffy27dt1: doesn't show hand 
*** SUMMARY ***
Total pot $2.50 | Rake $0 
Seat 1: nautzi999
Seat 2: jeffy27dt1 (button) collected ($2.50)
Seat 3: Bessie0009 (small blind) folded before Flop
Seat 4: mironchikvld (big blind) folded before Flop
Seat 5: fortoviy80 folded before Flop (didn't bet)
Seat 6: Gfoer folded before Flop (didn't bet)



PokerStars Hand #254278818052:  Hold'em No Limit ($0.50/$1.00 USD) - 2025/01/09 15:43:17 WET [2025/01/09 10:43:17 ET]
Table 'Lameia III' 6-max Seat #3 is the button
Seat 1: nautzi999 ($72.13 in chips) is sitting out
Seat 2: jeffy27dt1 ($110.55 in chips) 
Seat 3: Bessie0009 ($23.87 in chips) 
Seat 4: mironchikvld ($100 in chips) 
Seat 5: fortoviy80 ($46.88 in chips) 
Seat 6: Gfoer ($100 in chips) 
mironchikvld: posts small blind $0.50
fortoviy80: posts big blind $1
nautzi999: sits out 
*** HOLE CARDS ***
Gfoer: folds 
jeffy27dt1: raises $1 to $2
Bessie0009: folds 
mironchikvld: folds 
fortoviy80: folds 
Uncalled bet ($1) returned to jeffy27dt1
jeffy27dt1 collected $2.50 from pot
jeffy27dt1: doesn't show hand 
*** SUMMARY ***
Total pot $2.50 | Rake $0 
Seat 1: nautzi999
Seat 2: jeffy27dt1 collected ($2.50)
Seat 3: Bessie0009 (button) folded before Flop (didn't bet)
Seat 4: mironchikvld (small blind) folded before Flop
Seat 5: fortoviy80 (big blind) folded before Flop
Seat 6: Gfoer folded before Flop (didn't bet)



PokerStars Hand #254278822966:  Hold'em No Limit ($0.50/$1.00 USD) - 2025/01/09 15:43:39 WET [2025/01/09 10:43:39 ET]
Table 'Lameia III' 6-max Seat #4 is the button
Seat 1: nautzi999 ($72.13 in chips) 
Seat 2: jeffy27dt1 ($112.05 in chips) 
Seat 3: Bessie0009 ($23.87 in chips) 
Seat 4: mironchikvld ($100 in chips) 
Seat 5: fortoviy80 ($45.88 in chips) 
Seat 6: Gfoer ($100 in chips) 
fortoviy80: posts small blind $0.50
Gfoer: posts big blind $1
nautzi999: posts big blind $1
*** HOLE CARDS ***
nautzi999: checks 
jeffy27dt1: folds 
Bessie0009: calls $1
mironchikvld: raises $4 to $5
fortoviy80: folds 
Gfoer: folds 
nautzi999: calls $4
Bessie0009: folds 
*** FLOP *** [Kd 4h Ks]
nautzi999: checks 
mironchikvld: checks 
*** TURN *** [Kd 4h Ks] [6h]
nautzi999: checks 
mironchikvld: bets $5.94
nautzi999: folds 
Uncalled bet ($5.94) returned to mironchikvld
mironchikvld collected $11.88 from pot
mironchikvld: doesn't show hand 
*** SUMMARY ***
Total pot $12.50 | Rake $0.62 
Board [Kd 4h Ks 6h]
Seat 1: nautzi999 folded on the Turn
Seat 2: jeffy27dt1 folded before Flop (didn't bet)
Seat 3: Bessie0009 folded before Flop
Seat 4: mironchikvld (button) collected ($11.88)
Seat 5: fortoviy80 (small blind) folded before Flop
Seat 6: Gfoer (big blind) folded before Flop



PokerStars Hand #254278832229:  Hold'em No Limit ($0.50/$1.00 USD) - 2025/01/09 15:44:21 WET [2025/01/09 10:44:21 ET]
Table 'Lameia III' 6-max Seat #5 is the button
Seat 1: nautzi999 ($67.13 in chips) 
Seat 2: jeffy27dt1 ($112.05 in chips) 
Seat 3: Bessie0009 ($22.87 in chips) 
Seat 4: mironchikvld ($106.88 in chips) 
Seat 5: fortoviy80 ($45.38 in chips) 
Seat 6: Gfoer ($100 in chips) 
Gfoer: posts small blind $0.50
nautzi999: posts big blind $1
*** HOLE CARDS ***
jeffy27dt1: folds 
Bessie0009: raises $2.50 to $3.50
mironchikvld: folds 
fortoviy80: folds 
Gfoer: folds 
nautzi999: calls $2.50
*** FLOP *** [5d 9d 9c]
nautzi999: checks 
Bessie0009: bets $7.12
nautzi999: calls $7.12
*** TURN *** [5d 9d 9c] [2c]
nautzi999: checks 
Bessie0009: checks 
*** RIVER *** [5d 9d 9c 2c] [Ad]
nautzi999: bets $20.65
Bessie0009 has timed out
Bessie0009: folds 
Uncalled bet ($20.65) returned to nautzi999
nautzi999 collected $20.38 from pot
*** SUMMARY ***
Total pot $21.74 | Rake $1.36 
Board [5d 9d 9c 2c Ad]
Seat 1: nautzi999 (big blind) collected ($20.38)
Seat 2: jeffy27dt1 folded before Flop (didn't bet)
Seat 3: Bessie0009 folded on the River
Seat 4: mironchikvld folded before Flop (didn't bet)
Seat 5: fortoviy80 (button) folded before Flop (didn't bet)
Seat 6: Gfoer (small blind) folded before Flop



PokerStars Hand #254278845594:  Hold'em No Limit ($0.50/$1.00 USD) - 2025/01/09 15:45:21 WET [2025/01/09 10:45:21 ET]
Table 'Lameia III' 6-max Seat #6 is the button
Seat 1: nautzi999 ($76.89 in chips) 
Seat 2: jeffy27dt1 ($112.05 in chips) 
Seat 3: Bessie0009 ($12.25 in chips) 
Seat 4: mironchikvld ($106.88 in chips) 
Seat 5: fortoviy80 ($45.38 in chips) 
Seat 6: Gfoer ($100 in chips) 
nautzi999: posts small blind $0.50
jeffy27dt1: posts big blind $1
*** HOLE CARDS ***
Bessie0009: calls $1
mironchikvld: folds 
fortoviy80: folds 
Gfoer: folds 
nautzi999: calls $0.50
jeffy27dt1: checks 
*** FLOP *** [6s 2c 4c]
nautzi999: checks 
jeffy27dt1: checks 
Bessie0009: checks 
*** TURN *** [6s 2c 4c] [9d]
nautzi999: checks 
jeffy27dt1: bets $2.14
Bessie0009: folds 
nautzi999: calls $2.14
*** RIVER *** [6s 2c 4c 9d] [2d]
nautzi999: checks 
jeffy27dt1: bets $3.46
nautzi999: calls $3.46
*** SHOW DOWN ***
jeffy27dt1: shows [9s 7d] (two pair, Nines and Deuces)
nautzi999: mucks hand 
jeffy27dt1 collected $13.49 from pot
*** SUMMARY ***
Total pot $14.20 | Rake $0.71 
Board [6s 2c 4c 9d 2d]
Seat 1: nautzi999 (small blind) mucked
Seat 2: jeffy27dt1 (big blind) showed [9s 7d] and won ($13.49) with two pair, Nines and Deuces
Seat 3: Bessie0009 folded on the Turn
Seat 4: mironchikvld folded before Flop (didn't bet)
Seat 5: fortoviy80 folded before Flop (didn't bet)
Seat 6: Gfoer (button) folded before Flop (didn't bet)



PokerStars Hand #254278858422:  Hold'em No Limit ($0.50/$1.00 USD) - 2025/01/09 15:46:18 WET [2025/01/09 10:46:18 ET]
Table 'Lameia III' 6-max Seat #1 is the button
Seat 1: nautzi999 ($70.29 in chips) 
Seat 2: jeffy27dt1 ($118.94 in chips) 
Seat 3: Bessie0009 ($11.25 in chips) 
Seat 4: mironchikvld ($106.88 in chips) 
Seat 5: fortoviy80 ($45.38 in chips) 
Seat 6: Gfoer ($100 in chips) 
jeffy27dt1: posts small blind $0.50
Bessie0009: posts big blind $1
*** HOLE CARDS ***
mironchikvld: folds 
fortoviy80: calls $1
Gfoer: folds 
nautzi999: calls $1
jeffy27dt1: folds 
Bessie0009: checks 
*** FLOP *** [As 6d Tc]
Bessie0009: checks 
fortoviy80: checks 
nautzi999: checks 
*** TURN *** [As 6d Tc] [3h]
Bessie0009: checks 
fortoviy80: checks 
nautzi999: checks 
*** RIVER *** [As 6d Tc 3h] [Js]
Bessie0009: checks 
fortoviy80: checks 
nautzi999: checks 
*** SHOW DOWN ***
Bessie0009: shows [7d 9s] (high card Ace)
fortoviy80: shows [5c Kc] (high card Ace - King kicker)
nautzi999: mucks hand 
fortoviy80 collected $3.32 from pot
*** SUMMARY ***
Total pot $3.50 | Rake $0.18 
Board [As 6d Tc 3h Js]
Seat 1: nautzi999 (button) mucked
Seat 2: jeffy27dt1 (small blind) folded before Flop
Seat 3: Bessie0009 (big blind) showed [7d 9s] and lost with high card Ace
Seat 4: mironchikvld folded before Flop (didn't bet)
Seat 5: fortoviy80 showed [5c Kc] and won ($3.32) with high card Ace
Seat 6: Gfoer folded before Flop (didn't bet)



PokerStars Hand #254278866622:  Hold'em No Limit ($0.50/$1.00 USD) - 2025/01/09 15:46:54 WET [2025/01/09 10:46:54 ET]
Table 'Lameia III' 6-max Seat #2 is the button
Seat 1: nautzi999 ($69.29 in chips) 
Seat 2: jeffy27dt1 ($118.44 in chips) 
Seat 3: Bessie0009 ($10.25 in chips) 
Seat 4: mironchikvld ($106.88 in chips) 
Seat 5: fortoviy80 ($47.70 in chips) 
Seat 6: Gfoer ($100 in chips) 
Bessie0009: posts small blind $0.50
mironchikvld: posts big blind $1
*** HOLE CARDS ***
fortoviy80: folds 
Gfoer: folds 
nautzi999: calls $1
jeffy27dt1: raises $3 to $4
Bessie0009: folds 
mironchikvld: folds 
nautzi999: calls $3
*** FLOP *** [6d 4d Td]
nautzi999: checks 
jeffy27dt1: checks 
*** TURN *** [6d 4d Td] [8c]
nautzi999: checks 
jeffy27dt1: checks 
*** RIVER *** [6d 4d Td 8c] [Kc]
nautzi999: checks 
jeffy27dt1: bets $2
nautzi999: raises $2 to $4
jeffy27dt1: folds 
Uncalled bet ($2) returned to nautzi999
nautzi999 collected $12.65 from pot
*** SUMMARY ***
Total pot $13.50 | Rake $0.85 
Board [6d 4d Td 8c Kc]
Seat 1: nautzi999 collected ($12.65)
Seat 2: jeffy27dt1 (button) folded on the River
Seat 3: Bessie0009 (small blind) folded before Flop
Seat 4: mironchikvld (big blind) folded before Flop
Seat 5: fortoviy80 folded before Flop (didn't bet)
Seat 6: Gfoer folded before Flop (didn't bet)



PokerStars Hand #254278880232:  Hold'em No Limit ($0.50/$1.00 USD) - 2025/01/09 15:47:53 WET [2025/01/09 10:47:53 ET]
Table 'Lameia III' 6-max Seat #3 is the button
Seat 1: nautzi999 ($75.94 in chips) 
Seat 2: jeffy27dt1 ($112.44 in chips) 
Seat 3: Bessie0009 ($9.75 in chips) 
Seat 4: mironchikvld ($105.88 in chips) 
Seat 5: fortoviy80 ($47.70 in chips) 
Seat 6: Gfoer ($100 in chips) 
mironchikvld: posts small blind $0.50
fortoviy80: posts big blind $1
*** HOLE CARDS ***
Gfoer: folds 
nautzi999: raises $1 to $2
jeffy27dt1: calls $2
Bessie0009: raises $7.75 to $9.75 and is all-in
mironchikvld: raises $10.25 to $20
fortoviy80: folds 
nautzi999: calls $18
jeffy27dt1: folds 
*** FLOP *** [2h Ah 5h]
mironchikvld: bets $5
nautzi999: raises $50.94 to $55.94 and is all-in
mironchikvld: folds 
Uncalled bet ($50.94) returned to nautzi999
*** TURN *** [2h Ah 5h] [3h]
*** RIVER *** [2h Ah 5h 3h] [As]
*** SHOW DOWN ***
nautzi999: shows [Qh Kh] (a flush, Ace high)
nautzi999 collected $29.39 from side pot
Bessie0009: shows [Ac Jd] (three of a kind, Aces)
nautzi999 collected $30.24 from main pot
*** SUMMARY ***
Total pot $62.75 Main pot $30.24. Side pot $29.39. | Rake $3.12 
Board [2h Ah 5h 3h As]
Seat 1: nautzi999 showed [Qh Kh] and won ($59.63) with a flush, Ace high
Seat 2: jeffy27dt1 folded before Flop
Seat 3: Bessie0009 (button) showed [Ac Jd] and lost with three of a kind, Aces
Seat 4: mironchikvld (small blind) folded on the Flop
Seat 5: fortoviy80 (big blind) folded before Flop
Seat 6: Gfoer folded before Flop (didn't bet)



PokerStars Hand #254278895033:  Hold'em No Limit ($0.50/$1.00 USD) - 2025/01/09 15:48:59 WET [2025/01/09 10:48:59 ET]
Table 'Lameia III' 6-max Seat #4 is the button
Seat 3: Bessie0009 ($0 in chips) is sitting out
Seat 1: nautzi999 ($110.57 in chips) 
Seat 2: jeffy27dt1 ($110.44 in chips) 
Seat 4: mironchikvld ($100 in chips) 
Seat 5: fortoviy80 ($46.70 in chips) 
Seat 6: Gfoer ($100 in chips) 
fortoviy80: posts small blind $0.50
Gfoer: posts big blind $1
*** HOLE CARDS ***
nautzi999: calls $1
jeffy27dt1: folds 
mironchikvld: folds 
fortoviy80: folds 
Gfoer: checks 
*** FLOP *** [3s 3c Qs]
Bessie0009 leaves the table
Gfoer: checks 
nautzi999: checks 
*** TURN *** [3s 3c Qs] [6s]
Gfoer: checks 
nautzi999: checks 
*** RIVER *** [3s 3c Qs 6s] [2s]
AlexPinsk1 joins the table at seat #3 
Gfoer: checks 
nautzi999: bets $2.38
Gfoer: calls $2.38
*** SHOW DOWN ***
nautzi999: shows [9s 5h] (a flush, Queen high)
Gfoer: mucks hand 
nautzi999 collected $6.81 from pot
*** SUMMARY ***
Total pot $7.26 | Rake $0.45 
Board [3s 3c Qs 6s 2s]
Seat 3: Bessie0009
Seat 1: nautzi999 showed [9s 5h] and won ($6.81) with a flush, Queen high
Seat 2: jeffy27dt1 folded before Flop (didn't bet)
Seat 4: mironchikvld (button) folded before Flop (didn't bet)
Seat 5: fortoviy80 (small blind) folded before Flop
Seat 6: Gfoer (big blind) mucked



PokerStars Hand #254278905580:  Hold'em No Limit ($0.50/$1.00 USD) - 2025/01/09 15:49:45 WET [2025/01/09 10:49:45 ET]
Table 'Lameia III' 6-max Seat #5 is the button
Seat 3: AlexPinsk1 ($100 in chips) is sitting out
Seat 1: nautzi999 ($114 in chips) 
Seat 2: jeffy27dt1 ($110.44 in chips) 
Seat 4: mironchikvld ($100 in chips) 
Seat 5: fortoviy80 ($46.20 in chips) 
Seat 6: Gfoer ($100 in chips) 
Gfoer: posts small blind $0.50
nautzi999: posts big blind $1
AlexPinsk1: sits out 
*** HOLE CARDS ***
jeffy27dt1: folds 
mironchikvld: folds 
fortoviy80: folds 
Gfoer: folds 
Uncalled bet ($0.50) returned to nautzi999
nautzi999 collected $1 from pot
*** SUMMARY ***
Total pot $1 | Rake $0 
Seat 3: AlexPinsk1
Seat 1: nautzi999 (big blind) collected ($1)
Seat 2: jeffy27dt1 folded before Flop (didn't bet)
Seat 4: mironchikvld folded before Flop (didn't bet)
Seat 5: fortoviy80 (button) folded before Flop (didn't bet)
Seat 6: Gfoer (small blind) folded before Flop



PokerStars Hand #254278909678:  Hold'em No Limit ($0.50/$1.00 USD) - 2025/01/09 15:50:04 WET [2025/01/09 10:50:04 ET]
Table 'Lameia III' 6-max Seat #6 is the button
Seat 3: AlexPinsk1 ($100 in chips) is sitting out
Seat 1: nautzi999 ($114.50 in chips) 
Seat 2: jeffy27dt1 ($110.44 in chips) 
Seat 4: mironchikvld ($100 in chips) 
Seat 5: fortoviy80 ($46.20 in chips) 
Seat 6: Gfoer ($100 in chips) 
nautzi999: posts small blind $0.50
jeffy27dt1: posts big blind $1
AlexPinsk1: sits out 
*** HOLE CARDS ***
mironchikvld: raises $2 to $3
fortoviy80: calls $3
Gfoer: raises $11 to $14
nautzi999: calls $13.50
jeffy27dt1: folds 
mironchikvld: folds 
fortoviy80: folds 
*** FLOP *** [9c 9h Qh]
nautzi999: bets $33.25
Gfoer: folds 
Uncalled bet ($33.25) returned to nautzi999
nautzi999 collected $32.81 from pot
*** SUMMARY ***
Total pot $35 | Rake $2.19 
Board [9c 9h Qh]
Seat 3: AlexPinsk1
Seat 1: nautzi999 (small blind) collected ($32.81)
Seat 2: jeffy27dt1 (big blind) folded before Flop
Seat 4: mironchikvld folded before Flop
Seat 5: fortoviy80 folded before Flop
Seat 6: Gfoer (button) folded on the Flop



PokerStars Hand #254278920384:  Hold'em No Limit ($0.50/$1.00 USD) - 2025/01/09 15:50:51 WET [2025/01/09 10:50:51 ET]
Table 'Lameia III' 6-max Seat #1 is the button
Seat 1: nautzi999 ($133.31 in chips) 
Seat 2: jeffy27dt1 ($109.44 in chips) 
Seat 3: AlexPinsk1 ($100 in chips) 
Seat 4: mironchikvld ($100 in chips) 
Seat 5: fortoviy80 ($43.20 in chips) 
Seat 6: Gfoer ($100 in chips) 
jeffy27dt1: posts small blind $0.50
AlexPinsk1: posts big blind $1
*** HOLE CARDS ***
mironchikvld: folds 
fortoviy80: calls $1
Gfoer: folds 
nautzi999: calls $1
jeffy27dt1: calls $0.50
AlexPinsk1: checks 
*** FLOP *** [6s 8c 9d]
jeffy27dt1: checks 
AlexPinsk1: checks 
fortoviy80: checks 
nautzi999: checks 
*** TURN *** [6s 8c 9d] [4c]
jeffy27dt1: checks 
AlexPinsk1: checks 
fortoviy80: bets $3.80
nautzi999: folds 
jeffy27dt1: folds 
AlexPinsk1: folds 
Uncalled bet ($3.80) returned to fortoviy80
fortoviy80 collected $3.80 from pot
fortoviy80: doesn't show hand 
*** SUMMARY ***
Total pot $4 | Rake $0.20 
Board [6s 8c 9d 4c]
Seat 1: nautzi999 (button) folded on the Turn
Seat 2: jeffy27dt1 (small blind) folded on the Turn
Seat 3: AlexPinsk1 (big blind) folded on the Turn
Seat 4: mironchikvld folded before Flop (didn't bet)
Seat 5: fortoviy80 collected ($3.80)
Seat 6: Gfoer folded before Flop (didn't bet)



PokerStars Hand #254278934221:  Hold'em No Limit ($0.50/$1.00 USD) - 2025/01/09 15:51:54 WET [2025/01/09 10:51:54 ET]
Table 'Lameia III' 6-max Seat #2 is the button
Seat 1: nautzi999 ($132.31 in chips) 
Seat 2: jeffy27dt1 ($108.44 in chips) 
Seat 3: AlexPinsk1 ($100 in chips) 
Seat 4: mironchikvld ($100 in chips) 
Seat 5: fortoviy80 ($46 in chips) 
Seat 6: Gfoer ($100 in chips) 
AlexPinsk1: posts small blind $0.50
mironchikvld: posts big blind $1
*** HOLE CARDS ***
fortoviy80: folds 
Gfoer: raises $1.20 to $2.20
nautzi999: calls $2.20
jeffy27dt1: folds 
AlexPinsk1: folds 
mironchikvld: folds 
*** FLOP *** [7s 3h Ah]
Gfoer: checks 
nautzi999: checks 
*** TURN *** [7s 3h Ah] [2s]
Gfoer: bets $4.20
nautzi999: folds 
Uncalled bet ($4.20) returned to Gfoer
Gfoer collected $5.60 from pot
Gfoer: doesn't show hand 
*** SUMMARY ***
Total pot $5.90 | Rake $0.30 
Board [7s 3h Ah 2s]
Seat 1: nautzi999 folded on the Turn
Seat 2: jeffy27dt1 (button) folded before Flop (didn't bet)
Seat 3: AlexPinsk1 (small blind) folded before Flop
Seat 4: mironchikvld (big blind) folded before Flop
Seat 5: fortoviy80 folded before Flop (didn't bet)
Seat 6: Gfoer collected ($5.60)



PokerStars Hand #254278940912:  Hold'em No Limit ($0.50/$1.00 USD) - 2025/01/09 15:52:23 WET [2025/01/09 10:52:23 ET]
Table 'Lameia III' 6-max Seat #3 is the button
Seat 1: nautzi999 ($130.11 in chips) 
Seat 2: jeffy27dt1 ($108.44 in chips) 
Seat 3: AlexPinsk1 ($100 in chips) 
Seat 4: mironchikvld ($100 in chips) 
Seat 5: fortoviy80 ($46 in chips) 
Seat 6: Gfoer ($103.40 in chips) 
mironchikvld: posts small blind $0.50
fortoviy80: posts big blind $1
*** HOLE CARDS ***
Gfoer: folds 
nautzi999: calls $1
jeffy27dt1: folds 
AlexPinsk1: raises $4 to $5
mironchikvld: folds 
fortoviy80: raises $41 to $46 and is all-in
nautzi999: calls $45
AlexPinsk1: raises $54 to $100 and is all-in
nautzi999: calls $54
*** FLOP *** [Th 6c Ac]
*** TURN *** [Th 6c Ac] [Qh]
*** RIVER *** [Th 6c Ac Qh] [7s]
*** SHOW DOWN ***
nautzi999: shows [2d Qd] (a pair of Queens)
AlexPinsk1: shows [Kc As] (a pair of Aces)
AlexPinsk1 collected $108 from side pot
fortoviy80: shows [Ah Kd] (a pair of Aces)
fortoviy80 collected $68 from main pot
AlexPinsk1 collected $68 from main pot
*** SUMMARY ***
Total pot $246.50 Main pot $136. Side pot $108. | Rake $2.50 
Board [Th 6c Ac Qh 7s]
Seat 1: nautzi999 showed [2d Qd] and lost with a pair of Queens
Seat 2: jeffy27dt1 folded before Flop (didn't bet)
Seat 3: AlexPinsk1 (button) showed [Kc As] and won ($176) with a pair of Aces
Seat 4: mironchikvld (small blind) folded before Flop
Seat 5: fortoviy80 (big blind) showed [Ah Kd] and won ($68) with a pair of Aces
Seat 6: Gfoer folded before Flop (didn't bet)



PokerStars Hand #254278957081:  Hold'em No Limit ($0.50/$1.00 USD) - 2025/01/09 15:53:35 WET [2025/01/09 10:53:35 ET]
Table 'Lameia III' 6-max Seat #4 is the button
Seat 1: nautzi999 ($30.11 in chips) 
Seat 2: jeffy27dt1 ($108.44 in chips) 
Seat 3: AlexPinsk1 ($176 in chips) 
Seat 4: mironchikvld ($100 in chips) 
Seat 5: fortoviy80 ($68 in chips) 
Seat 6: Gfoer ($103.40 in chips) 
fortoviy80: posts small blind $0.50
Gfoer: posts big blind $1
*** HOLE CARDS ***
nautzi999: raises $29.11 to $30.11 and is all-in
jeffy27dt1: folds 
AlexPinsk1: folds 
mironchikvld: folds 
fortoviy80: folds 
Gfoer: folds 
Uncalled bet ($29.11) returned to nautzi999
nautzi999 collected $2.50 from pot
*** SUMMARY ***
Total pot $2.50 | Rake $0 
Seat 1: nautzi999 collected ($2.50)
Seat 2: jeffy27dt1 folded before Flop (didn't bet)
Seat 3: AlexPinsk1 folded before Flop (didn't bet)
Seat 4: mironchikvld (button) folded before Flop (didn't bet)
Seat 5: fortoviy80 (small blind) folded before Flop
Seat 6: Gfoer (big blind) folded before Flop



PokerStars Hand #254278961307:  Hold'em No Limit ($0.50/$1.00 USD) - 2025/01/09 15:53:54 WET [2025/01/09 10:53:54 ET]
Table 'Lameia III' 6-max Seat #5 is the button
Seat 1: nautzi999 ($31.61 in chips) 
Seat 2: jeffy27dt1 ($108.44 in chips) 
Seat 3: AlexPinsk1 ($176 in chips) 
Seat 4: mironchikvld ($100 in chips) 
Seat 5: fortoviy80 ($67.50 in chips) 
Seat 6: Gfoer ($102.40 in chips) 
Gfoer: posts small blind $0.50
nautzi999: posts big blind $1
*** HOLE CARDS ***
jeffy27dt1: folds 
AlexPinsk1: folds 
mironchikvld: folds 
fortoviy80: calls $1
Gfoer: folds 
nautzi999: raises $30.61 to $31.61 and is all-in
fortoviy80: calls $30.61
*** FLOP *** [3s Ac 9d]
*** TURN *** [3s Ac 9d] [Kh]
*** RIVER *** [3s Ac 9d Kh] [2d]
*** SHOW DOWN ***
nautzi999: shows [Qh Jd] (high card Ace)
fortoviy80: shows [Kd Jh] (a pair of Kings)
fortoviy80 collected $61.22 from pot
*** SUMMARY ***
Total pot $63.72 | Rake $2.50 
Board [3s Ac 9d Kh 2d]
Seat 1: nautzi999 (big blind) showed [Qh Jd] and lost with high card Ace
Seat 2: jeffy27dt1 folded before Flop (didn't bet)
Seat 3: AlexPinsk1 folded before Flop (didn't bet)
Seat 4: mironchikvld folded before Flop (didn't bet)
Seat 5: fortoviy80 (button) showed [Kd Jh] and won ($61.22) with a pair of Kings
Seat 6: Gfoer (small blind) folded before Flop



PokerStars Hand #254278969571:  Hold'em No Limit ($0.50/$1.00 USD) - 2025/01/09 15:54:31 WET [2025/01/09 10:54:31 ET]
Table 'Lameia III' 6-max Seat #6 is the button
Seat 1: nautzi999 ($0 in chips) is sitting out
Seat 3: AlexPinsk1 ($176 in chips) is sitting out
Seat 2: jeffy27dt1 ($108.44 in chips) 
Seat 4: mironchikvld ($100 in chips) 
Seat 5: fortoviy80 ($97.11 in chips) 
Seat 6: Gfoer ($101.90 in chips) 
jeffy27dt1: posts small blind $0.50
AlexPinsk1: is sitting out 
mironchikvld: posts big blind $1
*** HOLE CARDS ***
fortoviy80: folds 
Gfoer: raises $1 to $2
jeffy27dt1: folds 
mironchikvld: folds 
Uncalled bet ($1) returned to Gfoer
Gfoer collected $2.50 from pot
Gfoer: doesn't show hand 
*** SUMMARY ***
Total pot $2.50 | Rake $0 
Seat 1: nautzi999
Seat 3: AlexPinsk1
Seat 2: jeffy27dt1 (small blind) folded before Flop
Seat 4: mironchikvld (big blind) folded before Flop
Seat 5: fortoviy80 folded before Flop (didn't bet)
Seat 6: Gfoer (button) collected ($2.50)



PokerStars Hand #254278973831:  Hold'em No Limit ($0.50/$1.00 USD) - 2025/01/09 15:54:51 WET [2025/01/09 10:54:51 ET]
Table 'Lameia III' 6-max Seat #2 is the button
Seat 1: nautzi999 ($0 in chips) is sitting out
Seat 3: AlexPinsk1 ($176 in chips) is sitting out
Seat 2: jeffy27dt1 ($107.94 in chips) 
Seat 4: mironchikvld ($100 in chips) 
Seat 5: fortoviy80 ($97.11 in chips) 
Seat 6: Gfoer ($103.40 in chips) 
mironchikvld: posts small blind $0.50
fortoviy80: posts big blind $1
*** HOLE CARDS ***
Gfoer: raises $1.20 to $2.20
jeffy27dt1: folds 
nautzi999 is disconnected 
mironchikvld: folds 
fortoviy80: calls $1.20
*** FLOP *** [7h 5c Kh]
fortoviy80: checks 
Gfoer: bets $3.50
fortoviy80: folds 
Uncalled bet ($3.50) returned to Gfoer
Gfoer collected $4.66 from pot
Gfoer: doesn't show hand 
*** SUMMARY ***
Total pot $4.90 | Rake $0.24 
Board [7h 5c Kh]
Seat 1: nautzi999
Seat 3: AlexPinsk1
Seat 2: jeffy27dt1 (button) folded before Flop (didn't bet)
Seat 4: mironchikvld (small blind) folded before Flop
Seat 5: fortoviy80 (big blind) folded on the Flop
Seat 6: Gfoer collected ($4.66)



PokerStars Hand #254278980298:  Hold'em No Limit ($0.50/$1.00 USD) - 2025/01/09 15:55:25 WET [2025/01/09 10:55:25 ET]
Table 'Lameia III' 6-max Seat #4 is the button
Seat 1: nautzi999 ($0 in chips) is sitting out
Seat 3: AlexPinsk1 ($176 in chips) is sitting out
Seat 2: jeffy27dt1 ($107.94 in chips) 
Seat 4: mironchikvld ($100 in chips) 
Seat 5: fortoviy80 ($94.91 in chips) 
Seat 6: Gfoer ($105.86 in chips) 
fortoviy80: posts small blind $0.50
Gfoer: posts big blind $1
*** HOLE CARDS ***
jeffy27dt1: folds 
mironchikvld: folds 
fortoviy80: folds 
Uncalled bet ($0.50) returned to Gfoer
Gfoer collected $1 from pot
Gfoer: doesn't show hand 
*** SUMMARY ***
Total pot $1 | Rake $0 
Seat 1: nautzi999
Seat 3: AlexPinsk1
Seat 2: jeffy27dt1 folded before Flop (didn't bet)
Seat 4: mironchikvld (button) folded before Flop (didn't bet)
Seat 5: fortoviy80 (small blind) folded before Flop
Seat 6: Gfoer (big blind) collected ($1)



PokerStars Hand #254278981910:  Hold'em No Limit ($0.50/$1.00 USD) - 2025/01/09 15:55:35 WET [2025/01/09 10:55:35 ET]
Table 'Lameia III' 6-max Seat #5 is the button
Seat 1: nautzi999 ($0 in chips) is sitting out
Seat 3: AlexPinsk1 ($176 in chips) is sitting out
Seat 2: jeffy27dt1 ($107.94 in chips) 
Seat 4: mironchikvld ($100 in chips) 
Seat 5: fortoviy80 ($94.41 in chips) 
Seat 6: Gfoer ($106.36 in chips) 
Gfoer: posts small blind $0.50
jeffy27dt1: posts big blind $1
*** HOLE CARDS ***
mironchikvld: folds 
fortoviy80: folds 
Gfoer: folds 
Uncalled bet ($0.50) returned to jeffy27dt1
jeffy27dt1 collected $1 from pot
jeffy27dt1: doesn't show hand 
*** SUMMARY ***
Total pot $1 | Rake $0 
Seat 1: nautzi999
Seat 3: AlexPinsk1
Seat 2: jeffy27dt1 (big blind) collected ($1)
Seat 4: mironchikvld folded before Flop (didn't bet)
Seat 5: fortoviy80 (button) folded before Flop (didn't bet)
Seat 6: Gfoer (small blind) folded before Flop



PokerStars Hand #254278983502:  Hold'em No Limit ($0.50/$1.00 USD) - 2025/01/09 15:55:44 WET [2025/01/09 10:55:44 ET]
Table 'Lameia III' 6-max Seat #6 is the button
Seat 1: nautzi999 ($0 in chips) is sitting out
Seat 3: AlexPinsk1 ($176 in chips) is sitting out
Seat 4: mironchikvld ($100 in chips) is sitting out
Seat 2: jeffy27dt1 ($108.44 in chips) 
Seat 5: fortoviy80 ($94.41 in chips) 
Seat 6: Gfoer ($105.86 in chips) 
jeffy27dt1: posts small blind $0.50
mironchikvld: is sitting out 
fortoviy80: posts big blind $1
*** HOLE CARDS ***
Gfoer: folds 
mironchikvld leaves the table
jeffy27dt1: raises $2 to $3
fortoviy80: folds 
Uncalled bet ($2) returned to jeffy27dt1
derek5858 joins the table at seat #4 
jeffy27dt1 collected $2 from pot
jeffy27dt1: doesn't show hand 
*** SUMMARY ***
Total pot $2 | Rake $0 
Seat 1: nautzi999
Seat 3: AlexPinsk1
Seat 4: mironchikvld
Seat 2: jeffy27dt1 (small blind) collected ($2)
Seat 5: fortoviy80 (big blind) folded before Flop
Seat 6: Gfoer (button) folded before Flop (didn't bet)



PokerStars Hand #254278985916:  Hold'em No Limit ($0.50/$1.00 USD) - 2025/01/09 15:55:59 WET [2025/01/09 10:55:59 ET]
Table 'Lameia III' 6-max Seat #5 is the button
Seat 1: nautzi999 ($0 in chips) is sitting out
Seat 3: AlexPinsk1 ($176 in chips) is sitting out
Seat 4: derek5858 ($100 in chips) is sitting out
Seat 6: Gfoer ($105.86 in chips) is sitting out
Seat 2: jeffy27dt1 ($109.44 in chips) 
Seat 5: fortoviy80 ($93.41 in chips) 
fortoviy80: posts small blind $0.50
Gfoer: is sitting out 
jeffy27dt1: posts big blind $1
*** HOLE CARDS ***
Gfoer leaves the table
fortoviy80: raises $2 to $3
jeffy27dt1: calls $2
*** FLOP *** [Kh 5c 7h]
jeffy27dt1: checks 
TheBraveGirl joins the table at seat #6 
fortoviy80: bets $6
jeffy27dt1: raises $12 to $18
fortoviy80: folds 
Uncalled bet ($12) returned to jeffy27dt1
jeffy27dt1 collected $17.10 from pot
jeffy27dt1: doesn't show hand 
*** SUMMARY ***
Total pot $18 | Rake $0.90 
Board [Kh 5c 7h]
Seat 1: nautzi999
Seat 3: AlexPinsk1
Seat 4: derek5858
Seat 6: Gfoer
Seat 2: jeffy27dt1 (big blind) collected ($17.10)
Seat 5: fortoviy80 (button) (small blind) folded on the Flop



PokerStars Hand #254278991256:  Hold'em No Limit ($0.50/$1.00 USD) - 2025/01/09 15:56:30 WET [2025/01/09 10:56:30 ET]
Table 'Lameia III' 6-max Seat #2 is the button
Seat 1: nautzi999 ($0 in chips) is sitting out
Seat 3: AlexPinsk1 ($176 in chips) is sitting out
Seat 4: derek5858 ($100 in chips) is sitting out
Seat 2: jeffy27dt1 ($117.54 in chips) 
Seat 5: fortoviy80 ($84.41 in chips) 
Seat 6: TheBraveGirl ($100 in chips) 
fortoviy80: posts small blind $0.50
TheBraveGirl: posts big blind $1
*** HOLE CARDS ***
jeffy27dt1: folds 
fortoviy80: folds 
Uncalled bet ($0.50) returned to TheBraveGirl
TheBraveGirl collected $1 from pot
TheBraveGirl: doesn't show hand 
*** SUMMARY ***
Total pot $1 | Rake $0 
Seat 1: nautzi999
Seat 3: AlexPinsk1
Seat 4: derek5858
Seat 2: jeffy27dt1 (button) folded before Flop (didn't bet)
Seat 5: fortoviy80 (small blind) folded before Flop
Seat 6: TheBraveGirl (big blind) collected ($1)



PokerStars Hand #254278992326:  Hold'em No Limit ($0.50/$1.00 USD) - 2025/01/09 15:56:37 WET [2025/01/09 10:56:37 ET]
Table 'Lameia III' 6-max Seat #5 is the button
Seat 1: nautzi999 ($0 in chips) is sitting out
Seat 3: AlexPinsk1 ($176 in chips) is sitting out
Seat 4: derek5858 ($100 in chips) is sitting out
Seat 2: jeffy27dt1 ($117.54 in chips) 
Seat 5: fortoviy80 ($83.91 in chips) 
Seat 6: TheBraveGirl ($100.50 in chips) 
TheBraveGirl: posts small blind $0.50
jeffy27dt1: posts big blind $1
derek5858: sits out 
*** HOLE CARDS ***
fortoviy80: raises $2 to $3
TheBraveGirl: folds 
jeffy27dt1: folds 
Uncalled bet ($2) returned to fortoviy80
fortoviy80 collected $2.50 from pot
fortoviy80: doesn't show hand 
*** SUMMARY ***
Total pot $2.50 | Rake $0 
Seat 1: nautzi999
Seat 3: AlexPinsk1
Seat 4: derek5858
Seat 2: jeffy27dt1 (big blind) folded before Flop
Seat 5: fortoviy80 (button) collected ($2.50)
Seat 6: TheBraveGirl (small blind) folded before Flop



PokerStars Hand #254278994774:  Hold'em No Limit ($0.50/$1.00 USD) - 2025/01/09 15:56:51 WET [2025/01/09 10:56:51 ET]
Table 'Lameia III' 6-max Seat #6 is the button
Seat 1: nautzi999 ($0 in chips) is sitting out
Seat 3: AlexPinsk1 ($176 in chips) is sitting out
Seat 2: jeffy27dt1 ($116.54 in chips) 
Seat 4: derek5858 ($100 in chips) 
Seat 5: fortoviy80 ($85.41 in chips) 
Seat 6: TheBraveGirl ($100 in chips) 
jeffy27dt1: posts small blind $0.50
derek5858: posts big blind $1
*** HOLE CARDS ***
fortoviy80: calls $1
TheBraveGirl: folds 
jeffy27dt1: raises $4 to $5
derek5858: folds 
fortoviy80: calls $4
*** FLOP *** [5c 3h 4s]
jeffy27dt1: bets $7.88
fortoviy80: folds 
Uncalled bet ($7.88) returned to jeffy27dt1
jeffy27dt1 collected $10.45 from pot
AlexPinsk1 leaves the table
jeffy27dt1: doesn't show hand 
*** SUMMARY ***
Total pot $11 | Rake $0.55 
Board [5c 3h 4s]
Seat 1: nautzi999
Seat 3: AlexPinsk1
Seat 2: jeffy27dt1 (small blind) collected ($10.45)
Seat 4: derek5858 (big blind) folded before Flop
Seat 5: fortoviy80 folded on the Flop
Seat 6: TheBraveGirl (button) folded before Flop (didn't bet)



PokerStars Hand #254279002040:  Hold'em No Limit ($0.50/$1.00 USD) - 2025/01/09 15:57:33 WET [2025/01/09 10:57:33 ET]
Table 'Lameia III' 6-max Seat #2 is the button
Seat 1: nautzi999 ($0 in chips) is sitting out
Seat 2: jeffy27dt1 ($121.99 in chips) 
Seat 4: derek5858 ($100 in chips) 
Seat 5: fortoviy80 ($80.41 in chips) 
Seat 6: TheBraveGirl ($100 in chips) 
derek5858: posts small blind $0.50
fortoviy80: posts big blind $1
*** HOLE CARDS ***
TheBraveGirl: raises $1 to $2
jeffy27dt1: folds 
derek5858: folds 
fortoviy80: folds 
Uncalled bet ($1) returned to TheBraveGirl
TheBraveGirl collected $2.50 from pot
TheBraveGirl: doesn't show hand 
*** SUMMARY ***
Total pot $2.50 | Rake $0 
Seat 1: nautzi999
Seat 2: jeffy27dt1 (button) folded before Flop (didn't bet)
Seat 4: derek5858 (small blind) folded before Flop
Seat 5: fortoviy80 (big blind) folded before Flop
Seat 6: TheBraveGirl collected ($2.50)



PokerStars Hand #254279003974:  Hold'em No Limit ($0.50/$1.00 USD) - 2025/01/09 15:57:44 WET [2025/01/09 10:57:44 ET]
Table 'Lameia III' 6-max Seat #4 is the button
Seat 1: nautzi999 ($0 in chips) is sitting out
Seat 2: jeffy27dt1 ($121.99 in chips) 
Seat 4: derek5858 ($100 in chips) 
Seat 5: fortoviy80 ($79.41 in chips) 
Seat 6: TheBraveGirl ($101.50 in chips) 
fortoviy80: posts small blind $0.50
TheBraveGirl: posts big blind $1
*** HOLE CARDS ***
jeffy27dt1: folds 
derek5858: raises $1.50 to $2.50
fortoviy80: calls $2
TheBraveGirl: folds 
*** FLOP *** [Qh 4h 3s]
fortoviy80: checks 
derek5858: checks 
*** TURN *** [Qh 4h 3s] [2s]
fortoviy80: checks 
derek5858: bets $3.99
fortoviy80: calls $3.99
*** RIVER *** [Qh 4h 3s 2s] [5h]
fortoviy80: checks 
derek5858: bets $9.30
fortoviy80: folds 
Uncalled bet ($9.30) returned to derek5858
derek5858 collected $13.28 from pot
*** SUMMARY ***
Total pot $13.98 | Rake $0.70 
Board [Qh 4h 3s 2s 5h]
Seat 1: nautzi999
Seat 2: jeffy27dt1 folded before Flop (didn't bet)
Seat 4: derek5858 (button) collected ($13.28)
Seat 5: fortoviy80 (small blind) folded on the River
Seat 6: TheBraveGirl (big blind) folded before Flop



PokerStars Hand #254279010879:  Hold'em No Limit ($0.50/$1.00 USD) - 2025/01/09 15:58:24 WET [2025/01/09 10:58:24 ET]
Table 'Lameia III' 6-max Seat #5 is the button
Seat 1: nautzi999 ($0 in chips) is sitting out
Seat 2: jeffy27dt1 ($121.99 in chips) 
Seat 4: derek5858 ($106.79 in chips) 
Seat 5: fortoviy80 ($85.42 in chips) 
Seat 6: TheBraveGirl ($100.50 in chips) 
TheBraveGirl: posts small blind $0.50
jeffy27dt1: posts big blind $1
*** HOLE CARDS ***
derek5858: folds 
fortoviy80: calls $1
TheBraveGirl: folds 
jeffy27dt1: checks 
*** FLOP *** [3c 7h 8h]
jeffy27dt1: checks 
fortoviy80: checks 
*** TURN *** [3c 7h 8h] [Ad]
jeffy27dt1: checks 
fortoviy80: bets $3
jeffy27dt1: raises $9 to $12
fortoviy80: folds 
Uncalled bet ($9) returned to jeffy27dt1
jeffy27dt1 collected $8.08 from pot
nautzi999 leaves the table
jeffy27dt1: doesn't show hand 
*** SUMMARY ***
Total pot $8.50 | Rake $0.42 
Board [3c 7h 8h Ad]
Seat 1: nautzi999
Seat 2: jeffy27dt1 (big blind) collected ($8.08)
Seat 4: derek5858 folded before Flop (didn't bet)
Seat 5: fortoviy80 (button) folded on the Turn
Seat 6: TheBraveGirl (small blind) folded before Flop



PokerStars Hand #254279051320:  Hold'em No Limit ($0.50/$1.00 USD) - 2025/01/09 16:01:58 WET [2025/01/09 11:01:58 ET]
Table 'Lameia III' 6-max Seat #6 is the button
Seat 2: jeffy27dt1 ($118.32 in chips) 
Seat 4: derek5858 ($111.57 in chips) 
Seat 5: fortoviy80 ($84.67 in chips) 
Seat 6: TheBraveGirl ($100 in chips) 
jeffy27dt1: posts small blind $0.50
derek5858: posts big blind $1
*** HOLE CARDS ***
fortoviy80: folds 
TheBraveGirl: raises $1 to $2
jeffy27dt1: folds 
derek5858: raises $7.65 to $9.65
TheBraveGirl: folds 
Uncalled bet ($7.65) returned to derek5858
derek5858 collected $4.50 from pot
*** SUMMARY ***
Total pot $4.50 | Rake $0 
Seat 2: jeffy27dt1 (small blind) folded before Flop
Seat 4: derek5858 (big blind) collected ($4.50)
Seat 5: fortoviy80 folded before Flop (didn't bet)
Seat 6: TheBraveGirl (button) folded before Flop



PokerStars Hand #254279058100:  Hold'em No Limit ($0.50/$1.00 USD) - 2025/01/09 16:02:29 WET [2025/01/09 11:02:29 ET]
Table 'Lameia III' 6-max Seat #2 is the button
Seat 2: jeffy27dt1 ($117.82 in chips) 
Seat 4: derek5858 ($114.07 in chips) 
Seat 5: fortoviy80 ($84.67 in chips) 
Seat 6: TheBraveGirl ($100 in chips) 
derek5858: posts small blind $0.50
fortoviy80: posts big blind $1
*** HOLE CARDS ***
ReVeu710 joins the table at seat #3 
TheBraveGirl: raises $1 to $2
Palacios777 joins the table at seat #1 
jeffy27dt1: raises $5.50 to $7.50
derek5858: folds 
fortoviy80: folds 
TheBraveGirl: folds 
Uncalled bet ($5.50) returned to jeffy27dt1
jeffy27dt1 collected $5.50 from pot
jeffy27dt1: doesn't show hand 
*** SUMMARY ***
Total pot $5.50 | Rake $0 
Seat 2: jeffy27dt1 (button) collected ($5.50)
Seat 4: derek5858 (small blind) folded before Flop
Seat 5: fortoviy80 (big blind) folded before Flop
Seat 6: TheBraveGirl folded before Flop



PokerStars Hand #254279062255:  Hold'em No Limit ($0.50/$1.00 USD) - 2025/01/09 16:02:48 WET [2025/01/09 11:02:48 ET]
Table 'Lameia III' 6-max Seat #4 is the button
Seat 1: Palacios777 ($100 in chips) is sitting out
Seat 3: ReVeu710 ($100 in chips) is sitting out
Seat 2: jeffy27dt1 ($121.32 in chips) 
Seat 4: derek5858 ($113.57 in chips) 
Seat 5: fortoviy80 ($83.67 in chips) 
Seat 6: TheBraveGirl ($100 in chips) 
fortoviy80: posts small blind $0.50
TheBraveGirl: posts big blind $1
Palacios777: sits out 
ReVeu710: sits out 
*** HOLE CARDS ***
jeffy27dt1: folds 
derek5858: folds 
fortoviy80: calls $0.50
TheBraveGirl: raises $2.50 to $3.50
fortoviy80: calls $2.50
*** FLOP *** [Ac 6d Th]
fortoviy80: checks 
TheBraveGirl: checks 
*** TURN *** [Ac 6d Th] [3h]
fortoviy80: bets $4
TheBraveGirl: calls $4
*** RIVER *** [Ac 6d Th 3h] [6s]
fortoviy80: bets $76.17 and is all-in
TheBraveGirl: folds 
Uncalled bet ($76.17) returned to fortoviy80
fortoviy80 collected $14.25 from pot
fortoviy80: doesn't show hand 
*** SUMMARY ***
Total pot $15 | Rake $0.75 
Board [Ac 6d Th 3h 6s]
Seat 1: Palacios777
Seat 3: ReVeu710
Seat 2: jeffy27dt1 folded before Flop (didn't bet)
Seat 4: derek5858 (button) folded before Flop (didn't bet)
Seat 5: fortoviy80 (small blind) collected ($14.25)
Seat 6: TheBraveGirl (big blind) folded on the River



PokerStars Hand #254279074279:  Hold'em No Limit ($0.50/$1.00 USD) - 2025/01/09 16:03:41 WET [2025/01/09 11:03:41 ET]
Table 'Lameia III' 6-max Seat #5 is the button
Seat 3: ReVeu710 ($100 in chips) is sitting out
Seat 1: Palacios777 ($100 in chips) 
Seat 2: jeffy27dt1 ($121.32 in chips) 
Seat 4: derek5858 ($113.57 in chips) 
Seat 5: fortoviy80 ($90.42 in chips) 
Seat 6: TheBraveGirl ($100 in chips) 
TheBraveGirl: posts small blind $0.50
Palacios777: posts big blind $1
ReVeu710: sits out 
*** HOLE CARDS ***
jeffy27dt1: folds 
derek5858: folds 
fortoviy80: folds 
TheBraveGirl: folds 
Uncalled bet ($0.50) returned to Palacios777
Palacios777 collected $1 from pot
Palacios777: doesn't show hand 
*** SUMMARY ***
Total pot $1 | Rake $0 
Seat 3: ReVeu710
Seat 1: Palacios777 (big blind) collected ($1)
Seat 2: jeffy27dt1 folded before Flop (didn't bet)
Seat 4: derek5858 folded before Flop (didn't bet)
Seat 5: fortoviy80 (button) folded before Flop (didn't bet)
Seat 6: TheBraveGirl (small blind) folded before Flop



PokerStars Hand #254279076845:  Hold'em No Limit ($0.50/$1.00 USD) - 2025/01/09 16:03:52 WET [2025/01/09 11:03:52 ET]
Table 'Lameia III' 6-max Seat #6 is the button
Seat 3: ReVeu710 ($100 in chips) is sitting out
Seat 1: Palacios777 ($100.50 in chips) 
Seat 2: jeffy27dt1 ($121.32 in chips) 
Seat 4: derek5858 ($113.57 in chips) 
Seat 5: fortoviy80 ($90.42 in chips) 
Seat 6: TheBraveGirl ($100 in chips) 
Palacios777: posts small blind $0.50
jeffy27dt1: posts big blind $1
ReVeu710: sits out 
*** HOLE CARDS ***
derek5858: folds 
fortoviy80: folds 
TheBraveGirl: folds 
Palacios777: raises $1.50 to $2.50
jeffy27dt1: folds 
Uncalled bet ($1.50) returned to Palacios777
Palacios777 collected $2 from pot
Palacios777: doesn't show hand 
*** SUMMARY ***
Total pot $2 | Rake $0 
Seat 3: ReVeu710
Seat 1: Palacios777 (small blind) collected ($2)
Seat 2: jeffy27dt1 (big blind) folded before Flop
Seat 4: derek5858 folded before Flop (didn't bet)
Seat 5: fortoviy80 folded before Flop (didn't bet)
Seat 6: TheBraveGirl (button) folded before Flop (didn't bet)



PokerStars Hand #254279080226:  Hold'em No Limit ($0.50/$1.00 USD) - 2025/01/09 16:04:08 WET [2025/01/09 11:04:08 ET]
Table 'Lameia III' 6-max Seat #1 is the button
Seat 1: Palacios777 ($101.50 in chips) 
Seat 2: jeffy27dt1 ($120.32 in chips) 
Seat 3: ReVeu710 ($100 in chips) 
Seat 4: derek5858 ($113.57 in chips) 
Seat 5: fortoviy80 ($90.42 in chips) 
Seat 6: TheBraveGirl ($100 in chips) 
jeffy27dt1: posts small blind $0.50
ReVeu710: posts big blind $1
*** HOLE CARDS ***
derek5858: folds 
fortoviy80: folds 
TheBraveGirl: folds 
Palacios777: folds 
jeffy27dt1: folds 
Uncalled bet ($0.50) returned to ReVeu710
ReVeu710 collected $1 from pot
ReVeu710: doesn't show hand 
*** SUMMARY ***
Total pot $1 | Rake $0 
Seat 1: Palacios777 (button) folded before Flop (didn't bet)
Seat 2: jeffy27dt1 (small blind) folded before Flop
Seat 3: ReVeu710 (big blind) collected ($1)
Seat 4: derek5858 folded before Flop (didn't bet)
Seat 5: fortoviy80 folded before Flop (didn't bet)
Seat 6: TheBraveGirl folded before Flop (didn't bet)



PokerStars Hand #254279084817:  Hold'em No Limit ($0.50/$1.00 USD) - 2025/01/09 16:04:28 WET [2025/01/09 11:04:28 ET]
Table 'Lameia III' 6-max Seat #2 is the button
Seat 1: Palacios777 ($101.50 in chips) 
Seat 2: jeffy27dt1 ($119.82 in chips) 
Seat 3: ReVeu710 ($100.50 in chips) 
Seat 4: derek5858 ($113.57 in chips) 
Seat 5: fortoviy80 ($90.42 in chips) 
Seat 6: TheBraveGirl ($100 in chips) 
ReVeu710: posts small blind $0.50
derek5858: posts big blind $1
*** HOLE CARDS ***
fortoviy80: folds 
TheBraveGirl: folds 
Palacios777: folds 
jeffy27dt1: folds 
ReVeu710: raises $2 to $3
derek5858: folds 
Uncalled bet ($2) returned to ReVeu710
ReVeu710 collected $2 from pot
ReVeu710: doesn't show hand 
*** SUMMARY ***
Total pot $2 | Rake $0 
Seat 1: Palacios777 folded before Flop (didn't bet)
Seat 2: jeffy27dt1 (button) folded before Flop (didn't bet)
Seat 3: ReVeu710 (small blind) collected ($2)
Seat 4: derek5858 (big blind) folded before Flop
Seat 5: fortoviy80 folded before Flop (didn't bet)
Seat 6: TheBraveGirl folded before Flop (didn't bet)



PokerStars Hand #254279091325:  Hold'em No Limit ($0.50/$1.00 USD) - 2025/01/09 16:04:56 WET [2025/01/09 11:04:56 ET]
Table 'Lameia III' 6-max Seat #3 is the button
Seat 1: Palacios777 ($101.50 in chips) 
Seat 2: jeffy27dt1 ($119.82 in chips) 
Seat 3: ReVeu710 ($101.50 in chips) 
Seat 4: derek5858 ($112.57 in chips) 
Seat 5: fortoviy80 ($90.42 in chips) 
Seat 6: TheBraveGirl ($100 in chips) 
derek5858: posts small blind $0.50
fortoviy80: posts big blind $1
*** HOLE CARDS ***
TheBraveGirl: folds 
Palacios777: folds 
jeffy27dt1: raises $1.50 to $2.50
ReVeu710: folds 
derek5858: folds 
fortoviy80: folds 
Uncalled bet ($1.50) returned to jeffy27dt1
jeffy27dt1 collected $2.50 from pot
jeffy27dt1: doesn't show hand 
*** SUMMARY ***
Total pot $2.50 | Rake $0 
Seat 1: Palacios777 folded before Flop (didn't bet)
Seat 2: jeffy27dt1 collected ($2.50)
Seat 3: ReVeu710 (button) folded before Flop (didn't bet)
Seat 4: derek5858 (small blind) folded before Flop
Seat 5: fortoviy80 (big blind) folded before Flop
Seat 6: TheBraveGirl folded before Flop (didn't bet)



PokerStars Hand #254279098294:  Hold'em No Limit ($0.50/$1.00 USD) - 2025/01/09 16:05:27 WET [2025/01/09 11:05:27 ET]
Table 'Lameia III' 6-max Seat #4 is the button
Seat 1: Palacios777 ($101.50 in chips) 
Seat 2: jeffy27dt1 ($121.32 in chips) 
Seat 3: ReVeu710 ($101.50 in chips) 
Seat 4: derek5858 ($112.07 in chips) 
Seat 5: fortoviy80 ($89.42 in chips) 
Seat 6: TheBraveGirl ($100 in chips) 
fortoviy80: posts small blind $0.50
TheBraveGirl: posts big blind $1
*** HOLE CARDS ***
Palacios777: folds 
jeffy27dt1: folds 
ReVeu710: folds 
derek5858: folds 
fortoviy80: folds 
Uncalled bet ($0.50) returned to TheBraveGirl
TheBraveGirl collected $1 from pot
TheBraveGirl: doesn't show hand 
*** SUMMARY ***
Total pot $1 | Rake $0 
Seat 1: Palacios777 folded before Flop (didn't bet)
Seat 2: jeffy27dt1 folded before Flop (didn't bet)
Seat 3: ReVeu710 folded before Flop (didn't bet)
Seat 4: derek5858 (button) folded before Flop (didn't bet)
Seat 5: fortoviy80 (small blind) folded before Flop
Seat 6: TheBraveGirl (big blind) collected ($1)



PokerStars Hand #254279100732:  Hold'em No Limit ($0.50/$1.00 USD) - 2025/01/09 16:05:37 WET [2025/01/09 11:05:37 ET]
Table 'Lameia III' 6-max Seat #5 is the button
Seat 1: Palacios777 ($101.50 in chips) 
Seat 2: jeffy27dt1 ($121.32 in chips) 
Seat 3: ReVeu710 ($101.50 in chips) 
Seat 4: derek5858 ($112.07 in chips) 
Seat 5: fortoviy80 ($88.92 in chips) 
Seat 6: TheBraveGirl ($100.50 in chips) 
TheBraveGirl: posts small blind $0.50
Palacios777: posts big blind $1
*** HOLE CARDS ***
jeffy27dt1: folds 
ReVeu710: folds 
derek5858: folds 
fortoviy80: folds 
TheBraveGirl: raises $2 to $3
Palacios777: calls $2
*** FLOP *** [8c 5c Js]
TheBraveGirl: bets $1.60
Palacios777: calls $1.60
*** TURN *** [8c 5c Js] [2d]
TheBraveGirl: bets $2.45
Palacios777: raises $8.55 to $11
TheBraveGirl: folds 
Uncalled bet ($8.55) returned to Palacios777
Palacios777 collected $13.40 from pot
Palacios777: doesn't show hand 
*** SUMMARY ***
Total pot $14.10 | Rake $0.70 
Board [8c 5c Js 2d]
Seat 1: Palacios777 (big blind) collected ($13.40)
Seat 2: jeffy27dt1 folded before Flop (didn't bet)
Seat 3: ReVeu710 folded before Flop (didn't bet)
Seat 4: derek5858 folded before Flop (didn't bet)
Seat 5: fortoviy80 (button) folded before Flop (didn't bet)
Seat 6: TheBraveGirl (small blind) folded on the Turn



PokerStars Hand #254279116408:  Hold'em No Limit ($0.50/$1.00 USD) - 2025/01/09 16:06:46 WET [2025/01/09 11:06:46 ET]
Table 'Lameia III' 6-max Seat #6 is the button
Seat 1: Palacios777 ($107.85 in chips) 
Seat 2: jeffy27dt1 ($121.32 in chips) 
Seat 3: ReVeu710 ($101.50 in chips) 
Seat 4: derek5858 ($112.07 in chips) 
Seat 5: fortoviy80 ($88.92 in chips) 
Seat 6: TheBraveGirl ($100 in chips) 
Palacios777: posts small blind $0.50
jeffy27dt1: posts big blind $1
*** HOLE CARDS ***
ReVeu710: folds 
derek5858: folds 
fortoviy80: folds 
TheBraveGirl: folds 
Palacios777: raises $1.50 to $2.50
jeffy27dt1: calls $1.50
*** FLOP *** [5d 5c 8d]
Palacios777: checks 
ReVeu710 leaves the table
jeffy27dt1: bets $1.57
Palacios777: folds 
Uncalled bet ($1.57) returned to jeffy27dt1
jeffy27dt1 collected $4.75 from pot
jeffy27dt1: doesn't show hand 
*** SUMMARY ***
Total pot $5 | Rake $0.25 
Board [5d 5c 8d]
Seat 1: Palacios777 (small blind) folded on the Flop
Seat 2: jeffy27dt1 (big blind) collected ($4.75)
Seat 3: ReVeu710 folded before Flop (didn't bet)
Seat 4: derek5858 folded before Flop (didn't bet)
Seat 5: fortoviy80 folded before Flop (didn't bet)
Seat 6: TheBraveGirl (button) folded before Flop (didn't bet)



PokerStars Hand #254279127051:  Hold'em No Limit ($0.50/$1.00 USD) - 2025/01/09 16:07:33 WET [2025/01/09 11:07:33 ET]
Table 'Lameia III' 6-max Seat #1 is the button
Seat 1: Palacios777 ($105.35 in chips) 
Seat 2: jeffy27dt1 ($123.57 in chips) 
Seat 4: derek5858 ($112.07 in chips) 
Seat 5: fortoviy80 ($88.92 in chips) 
Seat 6: TheBraveGirl ($100 in chips) 
jeffy27dt1: posts small blind $0.50
derek5858: posts big blind $1
*** HOLE CARDS ***
fortoviy80: raises $2 to $3
TheBraveGirl: folds 
Palacios777: folds 
jeffy27dt1: folds 
derek5858: folds 
Uncalled bet ($2) returned to fortoviy80
fortoviy80 collected $2.50 from pot
fortoviy80: doesn't show hand 
*** SUMMARY ***
Total pot $2.50 | Rake $0 
Seat 1: Palacios777 (button) folded before Flop (didn't bet)
Seat 2: jeffy27dt1 (small blind) folded before Flop
Seat 4: derek5858 (big blind) folded before Flop
Seat 5: fortoviy80 collected ($2.50)
Seat 6: TheBraveGirl folded before Flop (didn't bet)



PokerStars Hand #254279130016:  Hold'em No Limit ($0.50/$1.00 USD) - 2025/01/09 16:07:46 WET [2025/01/09 11:07:46 ET]
Table 'Lameia III' 6-max Seat #2 is the button
Seat 1: Palacios777 ($105.35 in chips) 
Seat 2: jeffy27dt1 ($123.07 in chips) 
Seat 4: derek5858 ($111.07 in chips) 
Seat 5: fortoviy80 ($90.42 in chips) 
Seat 6: TheBraveGirl ($100 in chips) 
derek5858: posts small blind $0.50
fortoviy80: posts big blind $1
*** HOLE CARDS ***
whitecillar3 joins the table at seat #3 
TheBraveGirl: folds 
Palacios777: raises $1.50 to $2.50
jeffy27dt1: folds 
derek5858: folds 
fortoviy80: calls $1.50
*** FLOP *** [Jc Tc Jd]
fortoviy80: checks 
Palacios777: bets $1.72
fortoviy80: calls $1.72
*** TURN *** [Jc Tc Jd] [9c]
fortoviy80: checks 
Palacios777: checks 
*** RIVER *** [Jc Tc Jd 9c] [Td]
fortoviy80: checks 
Palacios777: checks 
*** SHOW DOWN ***
fortoviy80: shows [2c Kc] (a flush, King high)
Palacios777: mucks hand 
fortoviy80 collected $8.49 from pot
*** SUMMARY ***
Total pot $8.94 | Rake $0.45 
Board [Jc Tc Jd 9c Td]
Seat 1: Palacios777 mucked
Seat 2: jeffy27dt1 (button) folded before Flop (didn't bet)
Seat 4: derek5858 (small blind) folded before Flop
Seat 5: fortoviy80 (big blind) showed [2c Kc] and won ($8.49) with a flush, King high
Seat 6: TheBraveGirl folded before Flop (didn't bet)



PokerStars Hand #254279142464:  Hold'em No Limit ($0.50/$1.00 USD) - 2025/01/09 16:08:40 WET [2025/01/09 11:08:40 ET]
Table 'Lameia III' 6-max Seat #4 is the button
Seat 3: whitecillar3 ($100 in chips) is sitting out
Seat 1: Palacios777 ($101.13 in chips) 
Seat 2: jeffy27dt1 ($123.07 in chips) 
Seat 4: derek5858 ($110.57 in chips) 
Seat 5: fortoviy80 ($94.69 in chips) 
Seat 6: TheBraveGirl ($100 in chips) 
fortoviy80: posts small blind $0.50
TheBraveGirl: posts big blind $1
whitecillar3: sits out 
*** HOLE CARDS ***
Palacios777: folds 
jeffy27dt1: folds 
derek5858: folds 
fortoviy80: folds 
Uncalled bet ($0.50) returned to TheBraveGirl
TheBraveGirl collected $1 from pot
TheBraveGirl: doesn't show hand 
*** SUMMARY ***
Total pot $1 | Rake $0 
Seat 3: whitecillar3
Seat 1: Palacios777 folded before Flop (didn't bet)
Seat 2: jeffy27dt1 folded before Flop (didn't bet)
Seat 4: derek5858 (button) folded before Flop (didn't bet)
Seat 5: fortoviy80 (small blind) folded before Flop
Seat 6: TheBraveGirl (big blind) collected ($1)



PokerStars Hand #254279145777:  Hold'em No Limit ($0.50/$1.00 USD) - 2025/01/09 16:08:55 WET [2025/01/09 11:08:55 ET]
Table 'Lameia III' 6-max Seat #5 is the button
Seat 3: whitecillar3 ($100 in chips) is sitting out
Seat 1: Palacios777 ($101.13 in chips) 
Seat 2: jeffy27dt1 ($123.07 in chips) 
Seat 4: derek5858 ($110.57 in chips) 
Seat 5: fortoviy80 ($94.19 in chips) 
Seat 6: TheBraveGirl ($100.50 in chips) 
TheBraveGirl: posts small blind $0.50
Palacios777: posts big blind $1
whitecillar3: sits out 
*** HOLE CARDS ***
jeffy27dt1: folds 
derek5858: folds 
fortoviy80: folds 
TheBraveGirl: raises $2 to $3
Palacios777: calls $2
*** FLOP *** [Ac 2s 9c]
TheBraveGirl: bets $1.60
Palacios777: folds 
Uncalled bet ($1.60) returned to TheBraveGirl
TheBraveGirl collected $5.70 from pot
TheBraveGirl: doesn't show hand 
*** SUMMARY ***
Total pot $6 | Rake $0.30 
Board [Ac 2s 9c]
Seat 3: whitecillar3
Seat 1: Palacios777 (big blind) folded on the Flop
Seat 2: jeffy27dt1 folded before Flop (didn't bet)
Seat 4: derek5858 folded before Flop (didn't bet)
Seat 5: fortoviy80 (button) folded before Flop (didn't bet)
Seat 6: TheBraveGirl (small blind) collected ($5.70)



PokerStars Hand #254279156916:  Hold'em No Limit ($0.50/$1.00 USD) - 2025/01/09 16:09:44 WET [2025/01/09 11:09:44 ET]
Table 'Lameia III' 6-max Seat #6 is the button
Seat 3: whitecillar3 ($100 in chips) is sitting out
Seat 1: Palacios777 ($100 in chips) 
Seat 2: jeffy27dt1 ($123.07 in chips) 
Seat 4: derek5858 ($110.57 in chips) 
Seat 5: fortoviy80 ($94.19 in chips) 
Seat 6: TheBraveGirl ($103.20 in chips) 
Palacios777: posts small blind $0.50
jeffy27dt1: posts big blind $1
whitecillar3: sits out 
*** HOLE CARDS ***
derek5858: folds 
fortoviy80: raises $2 to $3
TheBraveGirl: folds 
Palacios777: folds 
jeffy27dt1: folds 
Uncalled bet ($2) returned to fortoviy80
fortoviy80 collected $2.50 from pot
fortoviy80: doesn't show hand 
*** SUMMARY ***
Total pot $2.50 | Rake $0 
Seat 3: whitecillar3
Seat 1: Palacios777 (small blind) folded before Flop
Seat 2: jeffy27dt1 (big blind) folded before Flop
Seat 4: derek5858 folded before Flop (didn't bet)
Seat 5: fortoviy80 collected ($2.50)
Seat 6: TheBraveGirl (button) folded before Flop (didn't bet)



PokerStars Hand #254279160534:  Hold'em No Limit ($0.50/$1.00 USD) - 2025/01/09 16:10:00 WET [2025/01/09 11:10:00 ET]
Table 'Lameia III' 6-max Seat #1 is the button
Seat 1: Palacios777 ($100 in chips) 
Seat 2: jeffy27dt1 ($122.07 in chips) 
Seat 3: whitecillar3 ($100 in chips) 
Seat 4: derek5858 ($110.57 in chips) 
Seat 5: fortoviy80 ($95.69 in chips) 
Seat 6: TheBraveGirl ($103.20 in chips) 
jeffy27dt1: posts small blind $0.50
whitecillar3: posts big blind $1
*** HOLE CARDS ***
derek5858: folds 
fortoviy80: calls $1
TheBraveGirl: folds 
Palacios777: folds 
jeffy27dt1: raises $4 to $5
whitecillar3: folds 
fortoviy80: folds 
Uncalled bet ($4) returned to jeffy27dt1
jeffy27dt1 collected $3 from pot
jeffy27dt1: doesn't show hand 
*** SUMMARY ***
Total pot $3 | Rake $0 
Seat 1: Palacios777 (button) folded before Flop (didn't bet)
Seat 2: jeffy27dt1 (small blind) collected ($3)
Seat 3: whitecillar3 (big blind) folded before Flop
Seat 4: derek5858 folded before Flop (didn't bet)
Seat 5: fortoviy80 folded before Flop
Seat 6: TheBraveGirl folded before Flop (didn't bet)



PokerStars Hand #254279164971:  Hold'em No Limit ($0.50/$1.00 USD) - 2025/01/09 16:10:19 WET [2025/01/09 11:10:19 ET]
Table 'Lameia III' 6-max Seat #2 is the button
Seat 1: Palacios777 ($100 in chips) 
Seat 2: jeffy27dt1 ($124.07 in chips) 
Seat 3: whitecillar3 ($99 in chips) 
Seat 4: derek5858 ($110.57 in chips) 
Seat 5: fortoviy80 ($94.69 in chips) 
Seat 6: TheBraveGirl ($103.20 in chips) 
whitecillar3: posts small blind $0.50
derek5858: posts big blind $1
*** HOLE CARDS ***
fortoviy80: folds 
TheBraveGirl: folds 
Palacios777: folds 
jeffy27dt1: folds 
whitecillar3: raises $2 to $3
derek5858: folds 
Uncalled bet ($2) returned to whitecillar3
whitecillar3 collected $2 from pot
*** SUMMARY ***
Total pot $2 | Rake $0 
Seat 1: Palacios777 folded before Flop (didn't bet)
Seat 2: jeffy27dt1 (button) folded before Flop (didn't bet)
Seat 3: whitecillar3 (small blind) collected ($2)
Seat 4: derek5858 (big blind) folded before Flop
Seat 5: fortoviy80 folded before Flop (didn't bet)
Seat 6: TheBraveGirl folded before Flop (didn't bet)



PokerStars Hand #254279168712:  Hold'em No Limit ($0.50/$1.00 USD) - 2025/01/09 16:10:35 WET [2025/01/09 11:10:35 ET]
Table 'Lameia III' 6-max Seat #3 is the button
Seat 1: Palacios777 ($100 in chips) 
Seat 2: jeffy27dt1 ($124.07 in chips) 
Seat 3: whitecillar3 ($100 in chips) 
Seat 4: derek5858 ($109.57 in chips) 
Seat 5: fortoviy80 ($94.69 in chips) 
Seat 6: TheBraveGirl ($103.20 in chips) 
derek5858: posts small blind $0.50
fortoviy80: posts big blind $1
*** HOLE CARDS ***
TheBraveGirl: folds 
Palacios777: folds 
jeffy27dt1: folds 
whitecillar3: raises $1.50 to $2.50
derek5858: folds 
fortoviy80: folds 
Uncalled bet ($1.50) returned to whitecillar3
whitecillar3 collected $2.50 from pot
*** SUMMARY ***
Total pot $2.50 | Rake $0 
Seat 1: Palacios777 folded before Flop (didn't bet)
Seat 2: jeffy27dt1 folded before Flop (didn't bet)
Seat 3: whitecillar3 (button) collected ($2.50)
Seat 4: derek5858 (small blind) folded before Flop
Seat 5: fortoviy80 (big blind) folded before Flop
Seat 6: TheBraveGirl folded before Flop (didn't bet)



PokerStars Hand #254279172319:  Hold'em No Limit ($0.50/$1.00 USD) - 2025/01/09 16:10:51 WET [2025/01/09 11:10:51 ET]
Table 'Lameia III' 6-max Seat #4 is the button
Seat 1: Palacios777 ($100 in chips) 
Seat 2: jeffy27dt1 ($124.07 in chips) 
Seat 3: whitecillar3 ($101.50 in chips) 
Seat 4: derek5858 ($109.07 in chips) 
Seat 5: fortoviy80 ($93.69 in chips) 
Seat 6: TheBraveGirl ($103.20 in chips) 
fortoviy80: posts small blind $0.50
TheBraveGirl: posts big blind $1
*** HOLE CARDS ***
Palacios777: folds 
jeffy27dt1: folds 
whitecillar3: raises $1.50 to $2.50
derek5858: folds 
fortoviy80: folds 
TheBraveGirl: folds 
Uncalled bet ($1.50) returned to whitecillar3
whitecillar3 collected $2.50 from pot
*** SUMMARY ***
Total pot $2.50 | Rake $0 
Seat 1: Palacios777 folded before Flop (didn't bet)
Seat 2: jeffy27dt1 folded before Flop (didn't bet)
Seat 3: whitecillar3 collected ($2.50)
Seat 4: derek5858 (button) folded before Flop (didn't bet)
Seat 5: fortoviy80 (small blind) folded before Flop
Seat 6: TheBraveGirl (big blind) folded before Flop



PokerStars Hand #254279176434:  Hold'em No Limit ($0.50/$1.00 USD) - 2025/01/09 16:11:09 WET [2025/01/09 11:11:09 ET]
Table 'Lameia III' 6-max Seat #5 is the button
Seat 1: Palacios777 ($100 in chips) 
Seat 2: jeffy27dt1 ($124.07 in chips) 
Seat 3: whitecillar3 ($103 in chips) 
Seat 4: derek5858 ($109.07 in chips) 
Seat 5: fortoviy80 ($93.19 in chips) 
Seat 6: TheBraveGirl ($102.20 in chips) 
TheBraveGirl: posts small blind $0.50
Palacios777: posts big blind $1
*** HOLE CARDS ***
jeffy27dt1: folds 
whitecillar3: folds 
derek5858: folds 
fortoviy80: calls $1
TheBraveGirl: folds 
Palacios777: raises $2.50 to $3.50
fortoviy80: calls $2.50
*** FLOP *** [4s 7d As]
Palacios777: bets $2
fortoviy80: raises $2 to $4
Palacios777: calls $2
*** TURN *** [4s 7d As] [5h]
Palacios777: checks 
fortoviy80: bets $14.72
Palacios777: calls $14.72
*** RIVER *** [4s 7d As 5h] [Kd]
Palacios777: checks 
fortoviy80: checks 
*** SHOW DOWN ***
Palacios777: shows [6c Ad] (a pair of Aces)
fortoviy80: mucks hand 
Palacios777 collected $42.69 from pot
*** SUMMARY ***
Total pot $44.94 | Rake $2.25 
Board [4s 7d As 5h Kd]
Seat 1: Palacios777 (big blind) showed [6c Ad] and won ($42.69) with a pair of Aces
Seat 2: jeffy27dt1 folded before Flop (didn't bet)
Seat 3: whitecillar3 folded before Flop (didn't bet)
Seat 4: derek5858 folded before Flop (didn't bet)
Seat 5: fortoviy80 (button) mucked
Seat 6: TheBraveGirl (small blind) folded before Flop



PokerStars Hand #254279193120:  Hold'em No Limit ($0.50/$1.00 USD) - 2025/01/09 16:12:20 WET [2025/01/09 11:12:20 ET]
Table 'Lameia III' 6-max Seat #6 is the button
Seat 1: Palacios777 ($120.47 in chips) 
Seat 2: jeffy27dt1 ($124.07 in chips) 
Seat 3: whitecillar3 ($103 in chips) 
Seat 4: derek5858 ($109.07 in chips) 
Seat 5: fortoviy80 ($70.97 in chips) 
Seat 6: TheBraveGirl ($101.70 in chips) 
Palacios777: posts small blind $0.50
jeffy27dt1: posts big blind $1
*** HOLE CARDS ***
whitecillar3: folds 
derek5858: raises $1 to $2
fortoviy80: folds 
TheBraveGirl: folds 
Palacios777: folds 
jeffy27dt1: folds 
Uncalled bet ($1) returned to derek5858
derek5858 collected $2.50 from pot
*** SUMMARY ***
Total pot $2.50 | Rake $0 
Seat 1: Palacios777 (small blind) folded before Flop
Seat 2: jeffy27dt1 (big blind) folded before Flop
Seat 3: whitecillar3 folded before Flop (didn't bet)
Seat 4: derek5858 collected ($2.50)
Seat 5: fortoviy80 folded before Flop (didn't bet)
Seat 6: TheBraveGirl (button) folded before Flop (didn't bet)



PokerStars Hand #254279196411:  Hold'em No Limit ($0.50/$1.00 USD) - 2025/01/09 16:12:35 WET [2025/01/09 11:12:35 ET]
Table 'Lameia III' 6-max Seat #1 is the button
Seat 1: Palacios777 ($119.97 in chips) 
Seat 2: jeffy27dt1 ($123.07 in chips) 
Seat 3: whitecillar3 ($103 in chips) 
Seat 4: derek5858 ($110.57 in chips) 
Seat 5: fortoviy80 ($70.97 in chips) 
Seat 6: TheBraveGirl ($101.70 in chips) 
jeffy27dt1: posts small blind $0.50
whitecillar3: posts big blind $1
*** HOLE CARDS ***
derek5858: folds 
fortoviy80: folds 
TheBraveGirl: folds 
Palacios777: raises $1.50 to $2.50
jeffy27dt1: raises $9.50 to $12
whitecillar3: folds 
Palacios777: folds 
Uncalled bet ($9.50) returned to jeffy27dt1
jeffy27dt1 collected $6 from pot
jeffy27dt1: doesn't show hand 
*** SUMMARY ***
Total pot $6 | Rake $0 
Seat 1: Palacios777 (button) folded before Flop
Seat 2: jeffy27dt1 (small blind) collected ($6)
Seat 3: whitecillar3 (big blind) folded before Flop
Seat 4: derek5858 folded before Flop (didn't bet)
Seat 5: fortoviy80 folded before Flop (didn't bet)
Seat 6: TheBraveGirl folded before Flop (didn't bet)



PokerStars Hand #254279205167:  Hold'em No Limit ($0.50/$1.00 USD) - 2025/01/09 16:13:12 WET [2025/01/09 11:13:12 ET]
Table 'Lameia III' 6-max Seat #2 is the button
Seat 1: Palacios777 ($117.47 in chips) 
Seat 2: jeffy27dt1 ($126.57 in chips) 
Seat 3: whitecillar3 ($102 in chips) 
Seat 4: derek5858 ($110.57 in chips) 
Seat 5: fortoviy80 ($70.97 in chips) 
Seat 6: TheBraveGirl ($101.70 in chips) 
whitecillar3: posts small blind $0.50
derek5858: posts big blind $1
*** HOLE CARDS ***
fortoviy80: folds 
TheBraveGirl: folds 
Palacios777: raises $1.50 to $2.50
jeffy27dt1: folds 
whitecillar3: folds 
derek5858: folds 
Uncalled bet ($1.50) returned to Palacios777
Palacios777 collected $2.50 from pot
Palacios777: doesn't show hand 
*** SUMMARY ***
Total pot $2.50 | Rake $0 
Seat 1: Palacios777 collected ($2.50)
Seat 2: jeffy27dt1 (button) folded before Flop (didn't bet)
Seat 3: whitecillar3 (small blind) folded before Flop
Seat 4: derek5858 (big blind) folded before Flop
Seat 5: fortoviy80 folded before Flop (didn't bet)
Seat 6: TheBraveGirl folded before Flop (didn't bet)



PokerStars Hand #254279208060:  Hold'em No Limit ($0.50/$1.00 USD) - 2025/01/09 16:13:24 WET [2025/01/09 11:13:24 ET]
Table 'Lameia III' 6-max Seat #3 is the button
Seat 1: Palacios777 ($118.97 in chips) 
Seat 2: jeffy27dt1 ($126.57 in chips) 
Seat 3: whitecillar3 ($101.50 in chips) 
Seat 4: derek5858 ($109.57 in chips) 
Seat 5: fortoviy80 ($70.97 in chips) 
Seat 6: TheBraveGirl ($101.70 in chips) 
derek5858: posts small blind $0.50
fortoviy80: posts big blind $1
*** HOLE CARDS ***
TheBraveGirl: folds 
Palacios777: folds 
jeffy27dt1: folds 
whitecillar3: folds 
derek5858: folds 
Uncalled bet ($0.50) returned to fortoviy80
fortoviy80 collected $1 from pot
fortoviy80: doesn't show hand 
*** SUMMARY ***
Total pot $1 | Rake $0 
Seat 1: Palacios777 folded before Flop (didn't bet)
Seat 2: jeffy27dt1 folded before Flop (didn't bet)
Seat 3: whitecillar3 (button) folded before Flop (didn't bet)
Seat 4: derek5858 (small blind) folded before Flop
Seat 5: fortoviy80 (big blind) collected ($1)
Seat 6: TheBraveGirl folded before Flop (didn't bet)



PokerStars Hand #254279211222:  Hold'em No Limit ($0.50/$1.00 USD) - 2025/01/09 16:13:38 WET [2025/01/09 11:13:38 ET]
Table 'Lameia III' 6-max Seat #4 is the button
Seat 1: Palacios777 ($118.97 in chips) 
Seat 2: jeffy27dt1 ($126.57 in chips) 
Seat 3: whitecillar3 ($101.50 in chips) 
Seat 4: derek5858 ($109.07 in chips) 
Seat 5: fortoviy80 ($71.47 in chips) 
Seat 6: TheBraveGirl ($101.70 in chips) 
fortoviy80: posts small blind $0.50
TheBraveGirl: posts big blind $1
*** HOLE CARDS ***
Palacios777: folds 
jeffy27dt1: folds 
whitecillar3: folds 
derek5858: raises $1.50 to $2.50
fortoviy80: folds 
TheBraveGirl: raises $10.50 to $13
derek5858: calls $10.50
*** FLOP *** [8s 6d Jd]
TheBraveGirl: bets $18.89
derek5858: calls $18.89
*** TURN *** [8s 6d Jd] [8c]
TheBraveGirl: checks 
derek5858: checks 
*** RIVER *** [8s 6d Jd 8c] [Jc]
TheBraveGirl: bets $17.30
derek5858: calls $17.30
*** SHOW DOWN ***
TheBraveGirl: shows [Kd Tc] (two pair, Jacks and Eights)
derek5858: shows [Ts As] (two pair, Jacks and Eights - Ace kicker)
derek5858 collected $96.38 from pot
*** SUMMARY ***
Total pot $98.88 | Rake $2.50 
Board [8s 6d Jd 8c Jc]
Seat 1: Palacios777 folded before Flop (didn't bet)
Seat 2: jeffy27dt1 folded before Flop (didn't bet)
Seat 3: whitecillar3 folded before Flop (didn't bet)
Seat 4: derek5858 (button) showed [Ts As] and won ($96.38) with two pair, Jacks and Eights
Seat 5: fortoviy80 (small blind) folded before Flop
Seat 6: TheBraveGirl (big blind) showed [Kd Tc] and lost with two pair, Jacks and Eights



PokerStars Hand #254279234255:  Hold'em No Limit ($0.50/$1.00 USD) - 2025/01/09 16:15:15 WET [2025/01/09 11:15:15 ET]
Table 'Lameia III' 6-max Seat #5 is the button
Seat 1: Palacios777 ($118.97 in chips) 
Seat 2: jeffy27dt1 ($126.57 in chips) 
Seat 3: whitecillar3 ($101.50 in chips) 
Seat 4: derek5858 ($156.26 in chips) 
Seat 5: fortoviy80 ($70.97 in chips) 
Seat 6: TheBraveGirl ($100 in chips) 
TheBraveGirl: posts small blind $0.50
Palacios777: posts big blind $1
*** HOLE CARDS ***
jeffy27dt1: raises $1.50 to $2.50
whitecillar3: folds 
derek5858: folds 
fortoviy80: folds 
TheBraveGirl: folds 
Palacios777: folds 
Uncalled bet ($1.50) returned to jeffy27dt1
jeffy27dt1 collected $2.50 from pot
jeffy27dt1: doesn't show hand 
*** SUMMARY ***
Total pot $2.50 | Rake $0 
Seat 1: Palacios777 (big blind) folded before Flop
Seat 2: jeffy27dt1 collected ($2.50)
Seat 3: whitecillar3 folded before Flop (didn't bet)
Seat 4: derek5858 folded before Flop (didn't bet)
Seat 5: fortoviy80 (button) folded before Flop (didn't bet)
Seat 6: TheBraveGirl (small blind) folded before Flop



PokerStars Hand #254279237996:  Hold'em No Limit ($0.50/$1.00 USD) - 2025/01/09 16:15:30 WET [2025/01/09 11:15:30 ET]
Table 'Lameia III' 6-max Seat #6 is the button
Seat 1: Palacios777 ($117.97 in chips) 
Seat 2: jeffy27dt1 ($128.07 in chips) 
Seat 3: whitecillar3 ($101.50 in chips) 
Seat 4: derek5858 ($156.26 in chips) 
Seat 5: fortoviy80 ($70.97 in chips) 
Seat 6: TheBraveGirl ($100 in chips) 
Palacios777: posts small blind $0.50
jeffy27dt1: posts big blind $1
*** HOLE CARDS ***
whitecillar3: folds 
derek5858: folds 
fortoviy80: folds 
TheBraveGirl: folds 
Palacios777: raises $1.50 to $2.50
jeffy27dt1: folds 
Uncalled bet ($1.50) returned to Palacios777
Palacios777 collected $2 from pot
Palacios777: doesn't show hand 
*** SUMMARY ***
Total pot $2 | Rake $0 
Seat 1: Palacios777 (small blind) collected ($2)
Seat 2: jeffy27dt1 (big blind) folded before Flop
Seat 3: whitecillar3 folded before Flop (didn't bet)
Seat 4: derek5858 folded before Flop (didn't bet)
Seat 5: fortoviy80 folded before Flop (didn't bet)
Seat 6: TheBraveGirl (button) folded before Flop (didn't bet)



PokerStars Hand #254279241491:  Hold'em No Limit ($0.50/$1.00 USD) - 2025/01/09 16:15:45 WET [2025/01/09 11:15:45 ET]
Table 'Lameia III' 6-max Seat #1 is the button
Seat 1: Palacios777 ($118.97 in chips) 
Seat 2: jeffy27dt1 ($127.07 in chips) 
Seat 3: whitecillar3 ($101.50 in chips) 
Seat 4: derek5858 ($156.26 in chips) 
Seat 5: fortoviy80 ($70.97 in chips) 
Seat 6: TheBraveGirl ($100 in chips) 
jeffy27dt1: posts small blind $0.50
whitecillar3: posts big blind $1
*** HOLE CARDS ***
derek5858: folds 
fortoviy80: folds 
TheBraveGirl: raises $1 to $2
Palacios777: folds 
jeffy27dt1: folds 
whitecillar3: folds 
Uncalled bet ($1) returned to TheBraveGirl
TheBraveGirl collected $2.50 from pot
TheBraveGirl: doesn't show hand 
*** SUMMARY ***
Total pot $2.50 | Rake $0 
Seat 1: Palacios777 (button) folded before Flop (didn't bet)
Seat 2: jeffy27dt1 (small blind) folded before Flop
Seat 3: whitecillar3 (big blind) folded before Flop
Seat 4: derek5858 folded before Flop (didn't bet)
Seat 5: fortoviy80 folded before Flop (didn't bet)
Seat 6: TheBraveGirl collected ($2.50)



PokerStars Hand #254279246256:  Hold'em No Limit ($0.50/$1.00 USD) - 2025/01/09 16:16:06 WET [2025/01/09 11:16:06 ET]
Table 'Lameia III' 6-max Seat #2 is the button
Seat 1: Palacios777 ($118.97 in chips) 
Seat 2: jeffy27dt1 ($126.57 in chips) 
Seat 3: whitecillar3 ($100.50 in chips) 
Seat 4: derek5858 ($156.26 in chips) 
Seat 5: fortoviy80 ($70.97 in chips) 
Seat 6: TheBraveGirl ($101.50 in chips) 
whitecillar3: posts small blind $0.50
derek5858: posts big blind $1
*** HOLE CARDS ***
fortoviy80: folds 
TheBraveGirl: folds 
Palacios777: folds 
jeffy27dt1: raises $1.50 to $2.50
whitecillar3: folds 
derek5858: raises $11.50 to $14
jeffy27dt1: folds 
Uncalled bet ($11.50) returned to derek5858
derek5858 collected $5.50 from pot
*** SUMMARY ***
Total pot $5.50 | Rake $0 
Seat 1: Palacios777 folded before Flop (didn't bet)
Seat 2: jeffy27dt1 (button) folded before Flop
Seat 3: whitecillar3 (small blind) folded before Flop
Seat 4: derek5858 (big blind) collected ($5.50)
Seat 5: fortoviy80 folded before Flop (didn't bet)
Seat 6: TheBraveGirl folded before Flop (didn't bet)



PokerStars Hand #254279253248:  Hold'em No Limit ($0.50/$1.00 USD) - 2025/01/09 16:16:35 WET [2025/01/09 11:16:35 ET]
Table 'Lameia III' 6-max Seat #3 is the button
Seat 1: Palacios777 ($118.97 in chips) 
Seat 2: jeffy27dt1 ($124.07 in chips) 
Seat 3: whitecillar3 ($100 in chips) 
Seat 4: derek5858 ($159.26 in chips) 
Seat 5: fortoviy80 ($70.97 in chips) 
Seat 6: TheBraveGirl ($101.50 in chips) 
derek5858: posts small blind $0.50
fortoviy80: posts big blind $1
*** HOLE CARDS ***
TheBraveGirl: folds 
Palacios777: folds 
jeffy27dt1: raises $1.50 to $2.50
whitecillar3: folds 
derek5858: folds 
fortoviy80: folds 
Uncalled bet ($1.50) returned to jeffy27dt1
jeffy27dt1 collected $2.50 from pot
jeffy27dt1: doesn't show hand 
*** SUMMARY ***
Total pot $2.50 | Rake $0 
Seat 1: Palacios777 folded before Flop (didn't bet)
Seat 2: jeffy27dt1 collected ($2.50)
Seat 3: whitecillar3 (button) folded before Flop (didn't bet)
Seat 4: derek5858 (small blind) folded before Flop
Seat 5: fortoviy80 (big blind) folded before Flop
Seat 6: TheBraveGirl folded before Flop (didn't bet)



PokerStars Hand #254279257969:  Hold'em No Limit ($0.50/$1.00 USD) - 2025/01/09 16:16:56 WET [2025/01/09 11:16:56 ET]
Table 'Lameia III' 6-max Seat #4 is the button
Seat 1: Palacios777 ($118.97 in chips) 
Seat 2: jeffy27dt1 ($125.57 in chips) 
Seat 3: whitecillar3 ($100 in chips) 
Seat 4: derek5858 ($158.76 in chips) 
Seat 5: fortoviy80 ($69.97 in chips) 
Seat 6: TheBraveGirl ($101.50 in chips) 
fortoviy80: posts small blind $0.50
TheBraveGirl: posts big blind $1
*** HOLE CARDS ***
Palacios777: folds 
jeffy27dt1: raises $1.50 to $2.50
whitecillar3: folds 
derek5858: folds 
fortoviy80: folds 
TheBraveGirl: folds 
Uncalled bet ($1.50) returned to jeffy27dt1
jeffy27dt1 collected $2.50 from pot
jeffy27dt1: doesn't show hand 
*** SUMMARY ***
Total pot $2.50 | Rake $0 
Seat 1: Palacios777 folded before Flop (didn't bet)
Seat 2: jeffy27dt1 collected ($2.50)
Seat 3: whitecillar3 folded before Flop (didn't bet)
Seat 4: derek5858 (button) folded before Flop (didn't bet)
Seat 5: fortoviy80 (small blind) folded before Flop
Seat 6: TheBraveGirl (big blind) folded before Flop



PokerStars Hand #254279263851:  Hold'em No Limit ($0.50/$1.00 USD) - 2025/01/09 16:17:21 WET [2025/01/09 11:17:21 ET]
Table 'Lameia III' 6-max Seat #5 is the button
Seat 1: Palacios777 ($118.97 in chips) 
Seat 2: jeffy27dt1 ($127.07 in chips) 
Seat 3: whitecillar3 ($100 in chips) 
Seat 4: derek5858 ($158.76 in chips) 
Seat 5: fortoviy80 ($69.47 in chips) 
Seat 6: TheBraveGirl ($100.50 in chips) 
TheBraveGirl: posts small blind $0.50
Palacios777: posts big blind $1
*** HOLE CARDS ***
jeffy27dt1: folds 
whitecillar3: folds 
derek5858: folds 
fortoviy80: calls $1
TheBraveGirl: folds 
Palacios777: raises $4 to $5
fortoviy80: calls $4
*** FLOP *** [Ac 2h 8d]
Palacios777: bets $2.50
fortoviy80: calls $2.50
*** TURN *** [Ac 2h 8d] [6s]
Palacios777: checks 
fortoviy80: bets $7.36
Palacios777: calls $7.36
*** RIVER *** [Ac 2h 8d 6s] [6h]
Palacios777: checks 
fortoviy80: checks 
*** SHOW DOWN ***
Palacios777: shows [Qs Qc] (two pair, Queens and Sixes)
fortoviy80: mucks hand 
Palacios777 collected $28.71 from pot
*** SUMMARY ***
Total pot $30.22 | Rake $1.51 
Board [Ac 2h 8d 6s 6h]
Seat 1: Palacios777 (big blind) showed [Qs Qc] and won ($28.71) with two pair, Queens and Sixes
Seat 2: jeffy27dt1 folded before Flop (didn't bet)
Seat 3: whitecillar3 folded before Flop (didn't bet)
Seat 4: derek5858 folded before Flop (didn't bet)
Seat 5: fortoviy80 (button) mucked
Seat 6: TheBraveGirl (small blind) folded before Flop



PokerStars Hand #254279276334:  Hold'em No Limit ($0.50/$1.00 USD) - 2025/01/09 16:18:15 WET [2025/01/09 11:18:15 ET]
Table 'Lameia III' 6-max Seat #6 is the button
Seat 1: Palacios777 ($132.82 in chips) 
Seat 2: jeffy27dt1 ($127.07 in chips) 
Seat 3: whitecillar3 ($100 in chips) 
Seat 4: derek5858 ($158.76 in chips) 
Seat 5: fortoviy80 ($54.61 in chips) 
Seat 6: TheBraveGirl ($100 in chips) 
Palacios777: posts small blind $0.50
jeffy27dt1: posts big blind $1
*** HOLE CARDS ***
whitecillar3: folds 
derek5858: folds 
fortoviy80: calls $1
TheBraveGirl: raises $2.50 to $3.50
Palacios777: raises $10.50 to $14
jeffy27dt1: folds 
fortoviy80: folds 
TheBraveGirl: raises $16 to $30
Palacios777: folds 
Uncalled bet ($16) returned to TheBraveGirl
TheBraveGirl collected $30 from pot
TheBraveGirl: doesn't show hand 
*** SUMMARY ***
Total pot $30 | Rake $0 
Seat 1: Palacios777 (small blind) folded before Flop
Seat 2: jeffy27dt1 (big blind) folded before Flop
Seat 3: whitecillar3 folded before Flop (didn't bet)
Seat 4: derek5858 folded before Flop (didn't bet)
Seat 5: fortoviy80 folded before Flop
Seat 6: TheBraveGirl (button) collected ($30)



PokerStars Hand #254279290082:  Hold'em No Limit ($0.50/$1.00 USD) - 2025/01/09 16:19:14 WET [2025/01/09 11:19:14 ET]
Table 'Lameia III' 6-max Seat #1 is the button
Seat 1: Palacios777 ($118.82 in chips) 
Seat 2: jeffy27dt1 ($126.07 in chips) 
Seat 3: whitecillar3 ($100 in chips) 
Seat 4: derek5858 ($158.76 in chips) 
Seat 5: fortoviy80 ($53.61 in chips) 
Seat 6: TheBraveGirl ($116 in chips) 
jeffy27dt1: posts small blind $0.50
whitecillar3: posts big blind $1
*** HOLE CARDS ***
derek5858: folds 
fortoviy80: folds 
TheBraveGirl: raises $1 to $2
Palacios777: folds 
jeffy27dt1: folds 
whitecillar3: folds 
Uncalled bet ($1) returned to TheBraveGirl
TheBraveGirl collected $2.50 from pot
TheBraveGirl: doesn't show hand 
*** SUMMARY ***
Total pot $2.50 | Rake $0 
Seat 1: Palacios777 (button) folded before Flop (didn't bet)
Seat 2: jeffy27dt1 (small blind) folded before Flop
Seat 3: whitecillar3 (big blind) folded before Flop
Seat 4: derek5858 folded before Flop (didn't bet)
Seat 5: fortoviy80 folded before Flop (didn't bet)
Seat 6: TheBraveGirl collected ($2.50)



PokerStars Hand #254279294148:  Hold'em No Limit ($0.50/$1.00 USD) - 2025/01/09 16:19:31 WET [2025/01/09 11:19:31 ET]
Table 'Lameia III' 6-max Seat #2 is the button
Seat 1: Palacios777 ($118.82 in chips) 
Seat 2: jeffy27dt1 ($125.57 in chips) 
Seat 3: whitecillar3 ($99 in chips) 
Seat 4: derek5858 ($158.76 in chips) 
Seat 5: fortoviy80 ($53.61 in chips) 
Seat 6: TheBraveGirl ($117.50 in chips) 
whitecillar3: posts small blind $0.50
derek5858: posts big blind $1
*** HOLE CARDS ***
fortoviy80: folds 
TheBraveGirl: raises $1 to $2
Palacios777: folds 
jeffy27dt1: folds 
whitecillar3: folds 
derek5858: folds 
Uncalled bet ($1) returned to TheBraveGirl
TheBraveGirl collected $2.50 from pot
TheBraveGirl: doesn't show hand 
*** SUMMARY ***
Total pot $2.50 | Rake $0 
Seat 1: Palacios777 folded before Flop (didn't bet)
Seat 2: jeffy27dt1 (button) folded before Flop (didn't bet)
Seat 3: whitecillar3 (small blind) folded before Flop
Seat 4: derek5858 (big blind) folded before Flop
Seat 5: fortoviy80 folded before Flop (didn't bet)
Seat 6: TheBraveGirl collected ($2.50)



PokerStars Hand #254279297529:  Hold'em No Limit ($0.50/$1.00 USD) - 2025/01/09 16:19:45 WET [2025/01/09 11:19:45 ET]
Table 'Lameia III' 6-max Seat #3 is the button
Seat 1: Palacios777 ($118.82 in chips) 
Seat 2: jeffy27dt1 ($125.57 in chips) 
Seat 3: whitecillar3 ($98.50 in chips) 
Seat 4: derek5858 ($157.76 in chips) 
Seat 5: fortoviy80 ($53.61 in chips) 
Seat 6: TheBraveGirl ($119 in chips) 
derek5858: posts small blind $0.50
fortoviy80: posts big blind $1
*** HOLE CARDS ***
TheBraveGirl: raises $1 to $2
Palacios777: raises $4 to $6
jeffy27dt1: folds 
whitecillar3: folds 
derek5858: folds 
fortoviy80: folds 
TheBraveGirl: folds 
Uncalled bet ($4) returned to Palacios777
Palacios777 collected $5.50 from pot
Palacios777: doesn't show hand 
*** SUMMARY ***
Total pot $5.50 | Rake $0 
Seat 1: Palacios777 collected ($5.50)
Seat 2: jeffy27dt1 folded before Flop (didn't bet)
Seat 3: whitecillar3 (button) folded before Flop (didn't bet)
Seat 4: derek5858 (small blind) folded before Flop
Seat 5: fortoviy80 (big blind) folded before Flop
Seat 6: TheBraveGirl folded before Flop



PokerStars Hand #254279306324:  Hold'em No Limit ($0.50/$1.00 USD) - 2025/01/09 16:20:23 WET [2025/01/09 11:20:23 ET]
Table 'Lameia III' 6-max Seat #4 is the button
Seat 1: Palacios777 ($122.32 in chips) 
Seat 2: jeffy27dt1 ($125.57 in chips) 
Seat 3: whitecillar3 ($98.50 in chips) 
Seat 4: derek5858 ($157.26 in chips) 
Seat 5: fortoviy80 ($52.61 in chips) 
Seat 6: TheBraveGirl ($117 in chips) 
fortoviy80: posts small blind $0.50
TheBraveGirl: posts big blind $1
*** HOLE CARDS ***
Palacios777: folds 
jeffy27dt1: raises $1.50 to $2.50
whitecillar3: folds 
derek5858: raises $4.55 to $7.05
fortoviy80: folds 
TheBraveGirl: folds 
jeffy27dt1: calls $4.55
*** FLOP *** [5s 4h 2c]
jeffy27dt1: checks 
derek5858: bets $7.41
jeffy27dt1: raises $13.59 to $21
derek5858: folds 
Uncalled bet ($13.59) returned to jeffy27dt1
jeffy27dt1 collected $28.90 from pot
jeffy27dt1: doesn't show hand 
*** SUMMARY ***
Total pot $30.42 | Rake $1.52 
Board [5s 4h 2c]
Seat 1: Palacios777 folded before Flop (didn't bet)
Seat 2: jeffy27dt1 collected ($28.90)
Seat 3: whitecillar3 folded before Flop (didn't bet)
Seat 4: derek5858 (button) folded on the Flop
Seat 5: fortoviy80 (small blind) folded before Flop
Seat 6: TheBraveGirl (big blind) folded before Flop



PokerStars Hand #254279327468:  Hold'em No Limit ($0.50/$1.00 USD) - 2025/01/09 16:21:54 WET [2025/01/09 11:21:54 ET]
Table 'Lameia III' 6-max Seat #5 is the button
Seat 1: Palacios777 ($122.32 in chips) 
Seat 2: jeffy27dt1 ($140.01 in chips) 
Seat 3: whitecillar3 ($98.50 in chips) 
Seat 4: derek5858 ($142.80 in chips) 
Seat 5: fortoviy80 ($52.11 in chips) 
Seat 6: TheBraveGirl ($116 in chips) 
TheBraveGirl: posts small blind $0.50
Palacios777: posts big blind $1
*** HOLE CARDS ***
jeffy27dt1: folds 
whitecillar3: folds 
derek5858: folds 
fortoviy80: folds 
TheBraveGirl: folds 
Uncalled bet ($0.50) returned to Palacios777
Palacios777 collected $1 from pot
Palacios777: doesn't show hand 
*** SUMMARY ***
Total pot $1 | Rake $0 
Seat 1: Palacios777 (big blind) collected ($1)
Seat 2: jeffy27dt1 folded before Flop (didn't bet)
Seat 3: whitecillar3 folded before Flop (didn't bet)
Seat 4: derek5858 folded before Flop (didn't bet)
Seat 5: fortoviy80 (button) folded before Flop (didn't bet)
Seat 6: TheBraveGirl (small blind) folded before Flop



PokerStars Hand #254279335442:  Hold'em No Limit ($0.50/$1.00 USD) - 2025/01/09 16:22:28 WET [2025/01/09 11:22:28 ET]
Table 'Lameia III' 6-max Seat #6 is the button
Seat 1: Palacios777 ($122.82 in chips) 
Seat 2: jeffy27dt1 ($140.01 in chips) 
Seat 3: whitecillar3 ($98.50 in chips) 
Seat 4: derek5858 ($142.80 in chips) 
Seat 5: fortoviy80 ($52.11 in chips) 
Seat 6: TheBraveGirl ($115.50 in chips) 
Palacios777: posts small blind $0.50
jeffy27dt1: posts big blind $1
*** HOLE CARDS ***
whitecillar3: folds 
derek5858: folds 
fortoviy80: folds 
TheBraveGirl: folds 
Palacios777: folds 
Uncalled bet ($0.50) returned to jeffy27dt1
jeffy27dt1 collected $1 from pot
jeffy27dt1: doesn't show hand 
*** SUMMARY ***
Total pot $1 | Rake $0 
Seat 1: Palacios777 (small blind) folded before Flop
Seat 2: jeffy27dt1 (big blind) collected ($1)
Seat 3: whitecillar3 folded before Flop (didn't bet)
Seat 4: derek5858 folded before Flop (didn't bet)
Seat 5: fortoviy80 folded before Flop (didn't bet)
Seat 6: TheBraveGirl (button) folded before Flop (didn't bet)



PokerStars Hand #254279340477:  Hold'em No Limit ($0.50/$1.00 USD) - 2025/01/09 16:22:49 WET [2025/01/09 11:22:49 ET]
Table 'Lameia III' 6-max Seat #1 is the button
Seat 1: Palacios777 ($122.32 in chips) 
Seat 2: jeffy27dt1 ($140.51 in chips) 
Seat 3: whitecillar3 ($98.50 in chips) 
Seat 4: derek5858 ($142.80 in chips) 
Seat 5: fortoviy80 ($52.11 in chips) 
Seat 6: TheBraveGirl ($115.50 in chips) 
jeffy27dt1: posts small blind $0.50
whitecillar3: posts big blind $1
*** HOLE CARDS ***
derek5858: raises $1 to $2
fortoviy80: folds 
TheBraveGirl: folds 
Palacios777: raises $4 to $6
jeffy27dt1: folds 
whitecillar3: folds 
derek5858: raises $10.80 to $16.80
Palacios777: folds 
Uncalled bet ($10.80) returned to derek5858
derek5858 collected $13.50 from pot
*** SUMMARY ***
Total pot $13.50 | Rake $0 
Seat 1: Palacios777 (button) folded before Flop
Seat 2: jeffy27dt1 (small blind) folded before Flop
Seat 3: whitecillar3 (big blind) folded before Flop
Seat 4: derek5858 collected ($13.50)
Seat 5: fortoviy80 folded before Flop (didn't bet)
Seat 6: TheBraveGirl folded before Flop (didn't bet)



PokerStars Hand #254279349441:  Hold'em No Limit ($0.50/$1.00 USD) - 2025/01/09 16:23:28 WET [2025/01/09 11:23:28 ET]
Table 'Lameia III' 6-max Seat #2 is the button
Seat 1: Palacios777 ($116.32 in chips) 
Seat 2: jeffy27dt1 ($140.01 in chips) 
Seat 3: whitecillar3 ($100 in chips) 
Seat 4: derek5858 ($150.30 in chips) 
Seat 5: fortoviy80 ($52.11 in chips) 
Seat 6: TheBraveGirl ($115.50 in chips) 
whitecillar3: posts small blind $0.50
derek5858: posts big blind $1
*** HOLE CARDS ***
fortoviy80: folds 
TheBraveGirl: folds 
Palacios777: folds 
jeffy27dt1: raises $1.50 to $2.50
whitecillar3: folds 
derek5858: raises $11.50 to $14
jeffy27dt1: folds 
Uncalled bet ($11.50) returned to derek5858
derek5858 collected $5.50 from pot
*** SUMMARY ***
Total pot $5.50 | Rake $0 
Seat 1: Palacios777 folded before Flop (didn't bet)
Seat 2: jeffy27dt1 (button) folded before Flop
Seat 3: whitecillar3 (small blind) folded before Flop
Seat 4: derek5858 (big blind) collected ($5.50)
Seat 5: fortoviy80 folded before Flop (didn't bet)
Seat 6: TheBraveGirl folded before Flop (didn't bet)



PokerStars Hand #254279357388:  Hold'em No Limit ($0.50/$1.00 USD) - 2025/01/09 16:24:02 WET [2025/01/09 11:24:02 ET]
Table 'Lameia III' 6-max Seat #3 is the button
Seat 1: Palacios777 ($116.32 in chips) 
Seat 2: jeffy27dt1 ($137.51 in chips) 
Seat 3: whitecillar3 ($99.50 in chips) 
Seat 4: derek5858 ($153.30 in chips) 
Seat 5: fortoviy80 ($52.11 in chips) 
Seat 6: TheBraveGirl ($115.50 in chips) 
derek5858: posts small blind $0.50
fortoviy80: posts big blind $1
*** HOLE CARDS ***
TheBraveGirl: raises $1 to $2
Palacios777: folds 
jeffy27dt1: folds 
whitecillar3: folds 
derek5858: folds 
fortoviy80: calls $1
*** FLOP *** [6c 6s Ts]
fortoviy80: checks 
TheBraveGirl: bets $1.20
fortoviy80: calls $1.20
*** TURN *** [6c 6s Ts] [5h]
fortoviy80: checks 
TheBraveGirl: bets $1.84
fortoviy80: calls $1.84
*** RIVER *** [6c 6s Ts 5h] [Ks]
fortoviy80: checks 
TheBraveGirl: bets $15
fortoviy80: folds 
Uncalled bet ($15) returned to TheBraveGirl
TheBraveGirl collected $10.05 from pot
TheBraveGirl: doesn't show hand 
*** SUMMARY ***
Total pot $10.58 | Rake $0.53 
Board [6c 6s Ts 5h Ks]
Seat 1: Palacios777 folded before Flop (didn't bet)
Seat 2: jeffy27dt1 folded before Flop (didn't bet)
Seat 3: whitecillar3 (button) folded before Flop (didn't bet)
Seat 4: derek5858 (small blind) folded before Flop
Seat 5: fortoviy80 (big blind) folded on the River
Seat 6: TheBraveGirl collected ($10.05)



PokerStars Hand #254279368827:  Hold'em No Limit ($0.50/$1.00 USD) - 2025/01/09 16:24:50 WET [2025/01/09 11:24:50 ET]
Table 'Lameia III' 6-max Seat #4 is the button
Seat 1: Palacios777 ($116.32 in chips) 
Seat 2: jeffy27dt1 ($137.51 in chips) 
Seat 3: whitecillar3 ($99.50 in chips) 
Seat 4: derek5858 ($152.80 in chips) 
Seat 5: fortoviy80 ($47.07 in chips) 
Seat 6: TheBraveGirl ($120.51 in chips) 
fortoviy80: posts small blind $0.50
TheBraveGirl: posts big blind $1
*** HOLE CARDS ***
Palacios777: folds 
jeffy27dt1: folds 
whitecillar3: raises $1.50 to $2.50
derek5858: folds 
fortoviy80: calls $2
TheBraveGirl: folds 
*** FLOP *** [Qs Kh 5c]
fortoviy80: checks 
whitecillar3: checks 
*** TURN *** [Qs Kh 5c] [Kc]
fortoviy80: checks 
whitecillar3: bets $1.77
fortoviy80: folds 
Uncalled bet ($1.77) returned to whitecillar3
whitecillar3 collected $5.70 from pot
*** SUMMARY ***
Total pot $6 | Rake $0.30 
Board [Qs Kh 5c Kc]
Seat 1: Palacios777 folded before Flop (didn't bet)
Seat 2: jeffy27dt1 folded before Flop (didn't bet)
Seat 3: whitecillar3 collected ($5.70)
Seat 4: derek5858 (button) folded before Flop (didn't bet)
Seat 5: fortoviy80 (small blind) folded on the Turn
Seat 6: TheBraveGirl (big blind) folded before Flop



PokerStars Hand #254279378050:  Hold'em No Limit ($0.50/$1.00 USD) - 2025/01/09 16:25:29 WET [2025/01/09 11:25:29 ET]
Table 'Lameia III' 6-max Seat #5 is the button
Seat 1: Palacios777 ($116.32 in chips) 
Seat 2: jeffy27dt1 ($137.51 in chips) 
Seat 3: whitecillar3 ($102.70 in chips) 
Seat 4: derek5858 ($152.80 in chips) 
Seat 5: fortoviy80 ($44.57 in chips) 
Seat 6: TheBraveGirl ($119.51 in chips) 
TheBraveGirl: posts small blind $0.50
Palacios777: posts big blind $1
*** HOLE CARDS ***
jeffy27dt1: folds 
whitecillar3: raises $1 to $2
derek5858: folds 
fortoviy80: folds 
TheBraveGirl: raises $9 to $11
Palacios777: folds 
whitecillar3: folds 
Uncalled bet ($9) returned to TheBraveGirl
TheBraveGirl collected $5 from pot
TheBraveGirl: doesn't show hand 
*** SUMMARY ***
Total pot $5 | Rake $0 
Seat 1: Palacios777 (big blind) folded before Flop
Seat 2: jeffy27dt1 folded before Flop (didn't bet)
Seat 3: whitecillar3 folded before Flop
Seat 4: derek5858 folded before Flop (didn't bet)
Seat 5: fortoviy80 (button) folded before Flop (didn't bet)
Seat 6: TheBraveGirl (small blind) collected ($5)



PokerStars Hand #254279387895:  Hold'em No Limit ($0.50/$1.00 USD) - 2025/01/09 16:26:11 WET [2025/01/09 11:26:11 ET]
Table 'Lameia III' 6-max Seat #6 is the button
Seat 1: Palacios777 ($115.32 in chips) 
Seat 2: jeffy27dt1 ($137.51 in chips) 
Seat 3: whitecillar3 ($100.70 in chips) 
Seat 4: derek5858 ($152.80 in chips) 
Seat 5: fortoviy80 ($44.57 in chips) 
Seat 6: TheBraveGirl ($122.51 in chips) 
Palacios777: posts small blind $0.50
jeffy27dt1: posts big blind $1
*** HOLE CARDS ***
whitecillar3: folds 
derek5858: folds 
fortoviy80: folds 
TheBraveGirl: raises $1 to $2
Palacios777: folds 
jeffy27dt1: calls $1
*** FLOP *** [5c 2c Td]
jeffy27dt1: checks 
TheBraveGirl: bets $1.20
jeffy27dt1: raises $3.80 to $5
TheBraveGirl: folds 
Uncalled bet ($3.80) returned to jeffy27dt1
jeffy27dt1 collected $6.56 from pot
jeffy27dt1: doesn't show hand 
*** SUMMARY ***
Total pot $6.90 | Rake $0.34 
Board [5c 2c Td]
Seat 1: Palacios777 (small blind) folded before Flop
Seat 2: jeffy27dt1 (big blind) collected ($6.56)
Seat 3: whitecillar3 folded before Flop (didn't bet)
Seat 4: derek5858 folded before Flop (didn't bet)
Seat 5: fortoviy80 folded before Flop (didn't bet)
Seat 6: TheBraveGirl (button) folded on the Flop



PokerStars Hand #254279404551:  Hold'em No Limit ($0.50/$1.00 USD) - 2025/01/09 16:27:22 WET [2025/01/09 11:27:22 ET]
Table 'Lameia III' 6-max Seat #1 is the button
Seat 1: Palacios777 ($114.82 in chips) 
Seat 2: jeffy27dt1 ($140.87 in chips) 
Seat 3: whitecillar3 ($100.70 in chips) 
Seat 4: derek5858 ($152.80 in chips) 
Seat 5: fortoviy80 ($44.57 in chips) 
Seat 6: TheBraveGirl ($119.31 in chips) 
jeffy27dt1: posts small blind $0.50
whitecillar3: posts big blind $1
*** HOLE CARDS ***
derek5858: folds 
fortoviy80: folds 
TheBraveGirl: folds 
Palacios777: folds 
jeffy27dt1: raises $2 to $3
whitecillar3: raises $6 to $9
jeffy27dt1: raises $12 to $21
whitecillar3: calls $12
*** FLOP *** [4s 6c 8d]
jeffy27dt1: bets $13.17
whitecillar3: folds 
Uncalled bet ($13.17) returned to jeffy27dt1
jeffy27dt1 collected $39.90 from pot
jeffy27dt1: doesn't show hand 
*** SUMMARY ***
Total pot $42 | Rake $2.10 
Board [4s 6c 8d]
Seat 1: Palacios777 (button) folded before Flop (didn't bet)
Seat 2: jeffy27dt1 (small blind) collected ($39.90)
Seat 3: whitecillar3 (big blind) folded on the Flop
Seat 4: derek5858 folded before Flop (didn't bet)
Seat 5: fortoviy80 folded before Flop (didn't bet)
Seat 6: TheBraveGirl folded before Flop (didn't bet)



PokerStars Hand #254279418523:  Hold'em No Limit ($0.50/$1.00 USD) - 2025/01/09 16:28:22 WET [2025/01/09 11:28:22 ET]
Table 'Lameia III' 6-max Seat #2 is the button
Seat 1: Palacios777 ($114.82 in chips) 
Seat 2: jeffy27dt1 ($159.77 in chips) 
Seat 3: whitecillar3 ($100 in chips) 
Seat 4: derek5858 ($152.80 in chips) 
Seat 5: fortoviy80 ($44.57 in chips) 
Seat 6: TheBraveGirl ($119.31 in chips) 
whitecillar3: posts small blind $0.50
derek5858: posts big blind $1
*** HOLE CARDS ***
fortoviy80: folds 
TheBraveGirl: folds 
Palacios777: raises $1.50 to $2.50
jeffy27dt1: folds 
whitecillar3: folds 
derek5858: raises $11.50 to $14
Palacios777: folds 
Uncalled bet ($11.50) returned to derek5858
derek5858 collected $5.50 from pot
*** SUMMARY ***
Total pot $5.50 | Rake $0 
Seat 1: Palacios777 folded before Flop
Seat 2: jeffy27dt1 (button) folded before Flop (didn't bet)
Seat 3: whitecillar3 (small blind) folded before Flop
Seat 4: derek5858 (big blind) collected ($5.50)
Seat 5: fortoviy80 folded before Flop (didn't bet)
Seat 6: TheBraveGirl folded before Flop (didn't bet)



PokerStars Hand #254279427028:  Hold'em No Limit ($0.50/$1.00 USD) - 2025/01/09 16:28:59 WET [2025/01/09 11:28:59 ET]
Table 'Lameia III' 6-max Seat #3 is the button
Seat 1: Palacios777 ($112.32 in chips) 
Seat 2: jeffy27dt1 ($159.77 in chips) 
Seat 3: whitecillar3 ($99.50 in chips) 
Seat 4: derek5858 ($155.80 in chips) 
Seat 5: fortoviy80 ($44.57 in chips) 
Seat 6: TheBraveGirl ($119.31 in chips) 
derek5858: posts small blind $0.50
fortoviy80: posts big blind $1
*** HOLE CARDS ***
TheBraveGirl: raises $1 to $2
Palacios777: folds 
jeffy27dt1: folds 
whitecillar3: folds 
derek5858: folds 
fortoviy80: folds 
Uncalled bet ($1) returned to TheBraveGirl
TheBraveGirl collected $2.50 from pot
TheBraveGirl: doesn't show hand 
*** SUMMARY ***
Total pot $2.50 | Rake $0 
Seat 1: Palacios777 folded before Flop (didn't bet)
Seat 2: jeffy27dt1 folded before Flop (didn't bet)
Seat 3: whitecillar3 (button) folded before Flop (didn't bet)
Seat 4: derek5858 (small blind) folded before Flop
Seat 5: fortoviy80 (big blind) folded before Flop
Seat 6: TheBraveGirl collected ($2.50)



PokerStars Hand #254279433239:  Hold'em No Limit ($0.50/$1.00 USD) - 2025/01/09 16:29:26 WET [2025/01/09 11:29:26 ET]
Table 'Lameia III' 6-max Seat #4 is the button
Seat 1: Palacios777 ($112.32 in chips) 
Seat 2: jeffy27dt1 ($159.77 in chips) 
Seat 3: whitecillar3 ($99.50 in chips) 
Seat 4: derek5858 ($155.30 in chips) 
Seat 5: fortoviy80 ($43.57 in chips) 
Seat 6: TheBraveGirl ($120.81 in chips) 
fortoviy80: posts small blind $0.50
TheBraveGirl: posts big blind $1
*** HOLE CARDS ***
Palacios777: folds 
jeffy27dt1: raises $1.50 to $2.50
whitecillar3: folds 
derek5858: folds 
fortoviy80: folds 
TheBraveGirl: folds 
Uncalled bet ($1.50) returned to jeffy27dt1
jeffy27dt1 collected $2.50 from pot
jeffy27dt1: doesn't show hand 
*** SUMMARY ***
Total pot $2.50 | Rake $0 
Seat 1: Palacios777 folded before Flop (didn't bet)
Seat 2: jeffy27dt1 collected ($2.50)
Seat 3: whitecillar3 folded before Flop (didn't bet)
Seat 4: derek5858 (button) folded before Flop (didn't bet)
Seat 5: fortoviy80 (small blind) folded before Flop
Seat 6: TheBraveGirl (big blind) folded before Flop



PokerStars Hand #254279439792:  Hold'em No Limit ($0.50/$1.00 USD) - 2025/01/09 16:29:55 WET [2025/01/09 11:29:55 ET]
Table 'Lameia III' 6-max Seat #5 is the button
Seat 1: Palacios777 ($112.32 in chips) 
Seat 2: jeffy27dt1 ($161.27 in chips) 
Seat 3: whitecillar3 ($99.50 in chips) 
Seat 4: derek5858 ($155.30 in chips) 
Seat 5: fortoviy80 ($43.07 in chips) 
Seat 6: TheBraveGirl ($119.81 in chips) 
TheBraveGirl: posts small blind $0.50
Palacios777: posts big blind $1
*** HOLE CARDS ***
jeffy27dt1: folds 
whitecillar3: folds 
derek5858: folds 
fortoviy80: calls $1
TheBraveGirl: folds 
Palacios777: checks 
*** FLOP *** [5s 7h 8h]
Palacios777: checks 
fortoviy80: checks 
*** TURN *** [5s 7h 8h] [Ad]
Palacios777: bets $1.79
fortoviy80: calls $1.79
*** RIVER *** [5s 7h 8h Ad] [5c]
Palacios777: bets $2.89
fortoviy80: raises $9.11 to $12
Palacios777: folds 
Uncalled bet ($9.11) returned to fortoviy80
fortoviy80 collected $11.27 from pot
fortoviy80: doesn't show hand 
*** SUMMARY ***
Total pot $11.86 | Rake $0.59 
Board [5s 7h 8h Ad 5c]
Seat 1: Palacios777 (big blind) folded on the River
Seat 2: jeffy27dt1 folded before Flop (didn't bet)
Seat 3: whitecillar3 folded before Flop (didn't bet)
Seat 4: derek5858 folded before Flop (didn't bet)
Seat 5: fortoviy80 (button) collected ($11.27)
Seat 6: TheBraveGirl (small blind) folded before Flop



PokerStars Hand #254279455614:  Hold'em No Limit ($0.50/$1.00 USD) - 2025/01/09 16:31:01 WET [2025/01/09 11:31:01 ET]
Table 'Lameia III' 6-max Seat #6 is the button
Seat 1: Palacios777 ($106.64 in chips) 
Seat 2: jeffy27dt1 ($161.27 in chips) 
Seat 3: whitecillar3 ($99.50 in chips) 
Seat 4: derek5858 ($155.30 in chips) 
Seat 5: fortoviy80 ($48.66 in chips) 
Seat 6: TheBraveGirl ($119.31 in chips) 
Palacios777: posts small blind $0.50
jeffy27dt1: posts big blind $1
*** HOLE CARDS ***
whitecillar3: folds 
derek5858: folds 
fortoviy80: folds 
TheBraveGirl: raises $1 to $2
Palacios777: folds 
jeffy27dt1: calls $1
*** FLOP *** [6d Jd 2s]
jeffy27dt1: checks 
TheBraveGirl: checks 
*** TURN *** [6d Jd 2s] [9s]
jeffy27dt1: checks 
TheBraveGirl: bets $3.21
jeffy27dt1: folds 
Uncalled bet ($3.21) returned to TheBraveGirl
TheBraveGirl collected $4.28 from pot
TheBraveGirl: doesn't show hand 
*** SUMMARY ***
Total pot $4.50 | Rake $0.22 
Board [6d Jd 2s 9s]
Seat 1: Palacios777 (small blind) folded before Flop
Seat 2: jeffy27dt1 (big blind) folded on the Turn
Seat 3: whitecillar3 folded before Flop (didn't bet)
Seat 4: derek5858 folded before Flop (didn't bet)
Seat 5: fortoviy80 folded before Flop (didn't bet)
Seat 6: TheBraveGirl (button) collected ($4.28)



PokerStars Hand #254279472660:  Hold'em No Limit ($0.50/$1.00 USD) - 2025/01/09 16:32:13 WET [2025/01/09 11:32:13 ET]
Table 'Lameia III' 6-max Seat #1 is the button
Seat 1: Palacios777 ($106.14 in chips) 
Seat 2: jeffy27dt1 ($159.27 in chips) 
Seat 3: whitecillar3 ($99.50 in chips) 
Seat 4: derek5858 ($155.30 in chips) 
Seat 5: fortoviy80 ($48.66 in chips) 
Seat 6: TheBraveGirl ($121.59 in chips) 
jeffy27dt1: posts small blind $0.50
whitecillar3: posts big blind $1
*** HOLE CARDS ***
derek5858: folds 
fortoviy80: folds 
TheBraveGirl: folds 
Palacios777: raises $1.50 to $2.50
jeffy27dt1: folds 
whitecillar3: calls $1.50
*** FLOP *** [6d Kd Th]
whitecillar3: checks 
Palacios777: bets $1.72
whitecillar3: calls $1.72
*** TURN *** [6d Kd Th] [Js]
whitecillar3: checks 
Palacios777: bets $7
whitecillar3: folds 
Uncalled bet ($7) returned to Palacios777
Palacios777 collected $8.49 from pot
Palacios777: doesn't show hand 
*** SUMMARY ***
Total pot $8.94 | Rake $0.45 
Board [6d Kd Th Js]
Seat 1: Palacios777 (button) collected ($8.49)
Seat 2: jeffy27dt1 (small blind) folded before Flop
Seat 3: whitecillar3 (big blind) folded on the Turn
Seat 4: derek5858 folded before Flop (didn't bet)
Seat 5: fortoviy80 folded before Flop (didn't bet)
Seat 6: TheBraveGirl folded before Flop (didn't bet)



PokerStars Hand #254279485594:  Hold'em No Limit ($0.50/$1.00 USD) - 2025/01/09 16:33:08 WET [2025/01/09 11:33:08 ET]
Table 'Lameia III' 6-max Seat #2 is the button
Seat 1: Palacios777 ($110.41 in chips) 
Seat 2: jeffy27dt1 ($158.77 in chips) 
Seat 3: whitecillar3 ($100 in chips) 
Seat 4: derek5858 ($155.30 in chips) 
Seat 5: fortoviy80 ($48.66 in chips) 
Seat 6: TheBraveGirl ($121.59 in chips) 
whitecillar3: posts small blind $0.50
derek5858: posts big blind $1
*** HOLE CARDS ***
fortoviy80: folds 
TheBraveGirl: raises $1 to $2
Palacios777: folds 
jeffy27dt1: folds 
whitecillar3: folds 
derek5858: folds 
Uncalled bet ($1) returned to TheBraveGirl
TheBraveGirl collected $2.50 from pot
TheBraveGirl: doesn't show hand 
*** SUMMARY ***
Total pot $2.50 | Rake $0 
Seat 1: Palacios777 folded before Flop (didn't bet)
Seat 2: jeffy27dt1 (button) folded before Flop (didn't bet)
Seat 3: whitecillar3 (small blind) folded before Flop
Seat 4: derek5858 (big blind) folded before Flop
Seat 5: fortoviy80 folded before Flop (didn't bet)
Seat 6: TheBraveGirl collected ($2.50)



PokerStars Hand #254279488764:  Hold'em No Limit ($0.50/$1.00 USD) - 2025/01/09 16:33:21 WET [2025/01/09 11:33:21 ET]
Table 'Lameia III' 6-max Seat #3 is the button
Seat 1: Palacios777 ($110.41 in chips) 
Seat 2: jeffy27dt1 ($158.77 in chips) 
Seat 3: whitecillar3 ($99.50 in chips) 
Seat 4: derek5858 ($154.30 in chips) 
Seat 5: fortoviy80 ($48.66 in chips) 
Seat 6: TheBraveGirl ($123.09 in chips) 
derek5858: posts small blind $0.50
fortoviy80: posts big blind $1
*** HOLE CARDS ***
TheBraveGirl: folds 
Palacios777: folds 
jeffy27dt1: raises $1.50 to $2.50
whitecillar3: folds 
derek5858: raises $7.80 to $10.30
fortoviy80: folds 
jeffy27dt1: folds 
Uncalled bet ($7.80) returned to derek5858
derek5858 collected $6 from pot
*** SUMMARY ***
Total pot $6 | Rake $0 
Seat 1: Palacios777 folded before Flop (didn't bet)
Seat 2: jeffy27dt1 folded before Flop
Seat 3: whitecillar3 (button) folded before Flop (didn't bet)
Seat 4: derek5858 (small blind) collected ($6)
Seat 5: fortoviy80 (big blind) folded before Flop
Seat 6: TheBraveGirl folded before Flop (didn't bet)



PokerStars Hand #254279494604:  Hold'em No Limit ($0.50/$1.00 USD) - 2025/01/09 16:33:46 WET [2025/01/09 11:33:46 ET]
Table 'Lameia III' 6-max Seat #4 is the button
Seat 1: Palacios777 ($110.41 in chips) 
Seat 2: jeffy27dt1 ($156.27 in chips) 
Seat 3: whitecillar3 ($99.50 in chips) 
Seat 4: derek5858 ($157.80 in chips) 
Seat 5: fortoviy80 ($47.66 in chips) 
Seat 6: TheBraveGirl ($123.09 in chips) 
fortoviy80: posts small blind $0.50
TheBraveGirl: posts big blind $1
*** HOLE CARDS ***
Palacios777: folds 
jeffy27dt1: folds 
whitecillar3: raises $1.50 to $2.50
derek5858: raises $4.55 to $7.05
fortoviy80: folds 
TheBraveGirl: folds 
whitecillar3: calls $4.55
*** FLOP *** [Qd 7h Qs]
whitecillar3: checks 
derek5858: bets $4.45
whitecillar3: calls $4.45
*** TURN *** [Qd 7h Qs] [4c]
whitecillar3: checks 
derek5858: checks 
*** RIVER *** [Qd 7h Qs 4c] [9d]
whitecillar3: checks 
derek5858: checks 
*** SHOW DOWN ***
whitecillar3: shows [5s 5h] (two pair, Queens and Fives)
derek5858: shows [As 7s] (two pair, Queens and Sevens)
derek5858 collected $23.28 from pot
*** SUMMARY ***
Total pot $24.50 | Rake $1.22 
Board [Qd 7h Qs 4c 9d]
Seat 1: Palacios777 folded before Flop (didn't bet)
Seat 2: jeffy27dt1 folded before Flop (didn't bet)
Seat 3: whitecillar3 showed [5s 5h] and lost with two pair, Queens and Fives
Seat 4: derek5858 (button) showed [As 7s] and won ($23.28) with two pair, Queens and Sevens
Seat 5: fortoviy80 (small blind) folded before Flop
Seat 6: TheBraveGirl (big blind) folded before Flop



PokerStars Hand #254279512531:  Hold'em No Limit ($0.50/$1.00 USD) - 2025/01/09 16:35:01 WET [2025/01/09 11:35:01 ET]
Table 'Lameia III' 6-max Seat #5 is the button
Seat 1: Palacios777 ($110.41 in chips) 
Seat 2: jeffy27dt1 ($156.27 in chips) 
Seat 3: whitecillar3 ($100 in chips) 
Seat 4: derek5858 ($169.58 in chips) 
Seat 5: fortoviy80 ($47.16 in chips) 
Seat 6: TheBraveGirl ($122.09 in chips) 
TheBraveGirl: posts small blind $0.50
Palacios777: posts big blind $1
*** HOLE CARDS ***
jeffy27dt1: folds 
whitecillar3: raises $1 to $2
derek5858: folds 
fortoviy80: folds 
TheBraveGirl: folds 
Palacios777: folds 
Uncalled bet ($1) returned to whitecillar3
whitecillar3 collected $2.50 from pot
*** SUMMARY ***
Total pot $2.50 | Rake $0 
Seat 1: Palacios777 (big blind) folded before Flop
Seat 2: jeffy27dt1 folded before Flop (didn't bet)
Seat 3: whitecillar3 collected ($2.50)
Seat 4: derek5858 folded before Flop (didn't bet)
Seat 5: fortoviy80 (button) folded before Flop (didn't bet)
Seat 6: TheBraveGirl (small blind) folded before Flop



PokerStars Hand #254279517063:  Hold'em No Limit ($0.50/$1.00 USD) - 2025/01/09 16:35:20 WET [2025/01/09 11:35:20 ET]
Table 'Lameia III' 6-max Seat #6 is the button
Seat 2: jeffy27dt1 ($156.27 in chips) is sitting out
Seat 1: Palacios777 ($109.41 in chips) 
Seat 3: whitecillar3 ($101.50 in chips) 
Seat 4: derek5858 ($169.58 in chips) 
Seat 5: fortoviy80 ($47.16 in chips) 
Seat 6: TheBraveGirl ($121.59 in chips) 
Palacios777: posts small blind $0.50
jeffy27dt1: is sitting out 
whitecillar3: posts big blind $1
*** HOLE CARDS ***
derek5858: folds 
fortoviy80: calls $1
TheBraveGirl: folds 
Palacios777: raises $3.50 to $4.50
whitecillar3: folds 
fortoviy80: raises $42.66 to $47.16 and is all-in
Palacios777: folds 
Uncalled bet ($42.66) returned to fortoviy80
fortoviy80 collected $10 from pot
fortoviy80: doesn't show hand 
*** SUMMARY ***
Total pot $10 | Rake $0 
Seat 2: jeffy27dt1
Seat 1: Palacios777 (small blind) folded before Flop
Seat 3: whitecillar3 (big blind) folded before Flop
Seat 4: derek5858 folded before Flop (didn't bet)
Seat 5: fortoviy80 collected ($10)
Seat 6: TheBraveGirl (button) folded before Flop (didn't bet)



PokerStars Hand #254279523686:  Hold'em No Limit ($0.50/$1.00 USD) - 2025/01/09 16:35:48 WET [2025/01/09 11:35:48 ET]
Table 'Lameia III' 6-max Seat #1 is the button
Seat 2: jeffy27dt1 ($156.27 in chips) is sitting out
Seat 1: Palacios777 ($104.91 in chips) 
Seat 3: whitecillar3 ($100.50 in chips) 
Seat 4: derek5858 ($169.58 in chips) 
Seat 5: fortoviy80 ($52.66 in chips) 
Seat 6: TheBraveGirl ($121.59 in chips) 
whitecillar3: posts small blind $0.50
derek5858: posts big blind $1
*** HOLE CARDS ***
fortoviy80: folds 
TheBraveGirl: raises $1 to $2
jeffy27dt1 leaves the table
Palacios777: folds 
whitecillar3: folds 
derek5858: folds 
Uncalled bet ($1) returned to TheBraveGirl
TheBraveGirl collected $2.50 from pot
TheBraveGirl: doesn't show hand 
*** SUMMARY ***
Total pot $2.50 | Rake $0 
Seat 2: jeffy27dt1
Seat 1: Palacios777 (button) folded before Flop (didn't bet)
Seat 3: whitecillar3 (small blind) folded before Flop
Seat 4: derek5858 (big blind) folded before Flop
Seat 5: fortoviy80 folded before Flop (didn't bet)
Seat 6: TheBraveGirl collected ($2.50)



PokerStars Hand #254279527687:  Hold'em No Limit ($0.50/$1.00 USD) - 2025/01/09 16:36:04 WET [2025/01/09 11:36:04 ET]
Table 'Lameia III' 6-max Seat #3 is the button
Seat 1: Palacios777 ($104.91 in chips) 
Seat 3: whitecillar3 ($100 in chips) 
Seat 4: derek5858 ($168.58 in chips) 
Seat 5: fortoviy80 ($52.66 in chips) 
Seat 6: TheBraveGirl ($123.09 in chips) 
derek5858: posts small blind $0.50
fortoviy80: posts big blind $1
*** HOLE CARDS ***
Lucastitos joins the table at seat #2 
TheBraveGirl: raises $1 to $2
Palacios777: folds 
whitecillar3: folds 
derek5858: folds 
fortoviy80: folds 
Uncalled bet ($1) returned to TheBraveGirl
TheBraveGirl collected $2.50 from pot
TheBraveGirl: doesn't show hand 
*** SUMMARY ***
Total pot $2.50 | Rake $0 
Seat 1: Palacios777 folded before Flop (didn't bet)
Seat 3: whitecillar3 (button) folded before Flop (didn't bet)
Seat 4: derek5858 (small blind) folded before Flop
Seat 5: fortoviy80 (big blind) folded before Flop
Seat 6: TheBraveGirl collected ($2.50)



PokerStars Hand #254279530953:  Hold'em No Limit ($0.50/$1.00 USD) - 2025/01/09 16:36:18 WET [2025/01/09 11:36:18 ET]
Table 'Lameia III' 6-max Seat #4 is the button
Seat 2: Lucastitos ($100 in chips) is sitting out
Seat 1: Palacios777 ($104.91 in chips) 
Seat 3: whitecillar3 ($100 in chips) 
Seat 4: derek5858 ($168.08 in chips) 
Seat 5: fortoviy80 ($51.66 in chips) 
Seat 6: TheBraveGirl ($124.59 in chips) 
fortoviy80: posts small blind $0.50
TheBraveGirl: posts big blind $1
Lucastitos: sits out 
*** HOLE CARDS ***
Palacios777: folds 
whitecillar3: folds 
derek5858: folds 
fortoviy80: calls $0.50
TheBraveGirl: raises $4 to $5
fortoviy80: folds 
Uncalled bet ($4) returned to TheBraveGirl
TheBraveGirl collected $2 from pot
TheBraveGirl: doesn't show hand 
*** SUMMARY ***
Total pot $2 | Rake $0 
Seat 2: Lucastitos
Seat 1: Palacios777 folded before Flop (didn't bet)
Seat 3: whitecillar3 folded before Flop (didn't bet)
Seat 4: derek5858 (button) folded before Flop (didn't bet)
Seat 5: fortoviy80 (small blind) folded before Flop
Seat 6: TheBraveGirl (big blind) collected ($2)



PokerStars Hand #254279540976:  Hold'em No Limit ($0.50/$1.00 USD) - 2025/01/09 16:37:00 WET [2025/01/09 11:37:00 ET]
Table 'Lameia III' 6-max Seat #5 is the button
Seat 2: Lucastitos ($100 in chips) is sitting out
Seat 1: Palacios777 ($104.91 in chips) 
Seat 3: whitecillar3 ($100 in chips) 
Seat 4: derek5858 ($168.08 in chips) 
Seat 5: fortoviy80 ($50.66 in chips) 
Seat 6: TheBraveGirl ($125.59 in chips) 
TheBraveGirl: posts small blind $0.50
Palacios777: posts big blind $1
Lucastitos: sits out 
*** HOLE CARDS ***
whitecillar3: folds 
derek5858: folds 
fortoviy80: calls $1
TheBraveGirl: folds 
Palacios777: checks 
*** FLOP *** [5c Ac 9d]
Palacios777: checks 
fortoviy80: checks 
*** TURN *** [5c Ac 9d] [6s]
Palacios777: checks 
fortoviy80: bets $2
Palacios777: folds 
Uncalled bet ($2) returned to fortoviy80
fortoviy80 collected $2.38 from pot
fortoviy80: doesn't show hand 
*** SUMMARY ***
Total pot $2.50 | Rake $0.12 
Board [5c Ac 9d 6s]
Seat 2: Lucastitos
Seat 1: Palacios777 (big blind) folded on the Turn
Seat 3: whitecillar3 folded before Flop (didn't bet)
Seat 4: derek5858 folded before Flop (didn't bet)
Seat 5: fortoviy80 (button) collected ($2.38)
Seat 6: TheBraveGirl (small blind) folded before Flop



PokerStars Hand #254279551606:  Hold'em No Limit ($0.50/$1.00 USD) - 2025/01/09 16:37:43 WET [2025/01/09 11:37:43 ET]
Table 'Lameia III' 6-max Seat #6 is the button
Seat 1: Palacios777 ($103.91 in chips) 
Seat 2: Lucastitos ($100 in chips) 
Seat 3: whitecillar3 ($100 in chips) 
Seat 4: derek5858 ($168.08 in chips) 
Seat 5: fortoviy80 ($52.04 in chips) 
Seat 6: TheBraveGirl ($125.09 in chips) 
Palacios777: posts small blind $0.50
Lucastitos: posts big blind $1
*** HOLE CARDS ***
whitecillar3: folds 
whitecillar3 leaves the table
derek5858: folds 
fortoviy80: folds 
TheBraveGirl: folds 
Palacios777: raises $1.50 to $2.50
Lucastitos: calls $1.50
*** FLOP *** [3d Qs Th]
Palacios777: bets $1.57
Joe_Li7 joins the table at seat #3 
Lucastitos: folds 
Uncalled bet ($1.57) returned to Palacios777
Palacios777 collected $4.75 from pot
Palacios777: doesn't show hand 
*** SUMMARY ***
Total pot $5 | Rake $0.25 
Board [3d Qs Th]
Seat 1: Palacios777 (small blind) collected ($4.75)
Seat 2: Lucastitos (big blind) folded on the Flop
Seat 3: whitecillar3 folded before Flop (didn't bet)
Seat 4: derek5858 folded before Flop (didn't bet)
Seat 5: fortoviy80 folded before Flop (didn't bet)
Seat 6: TheBraveGirl (button) folded before Flop (didn't bet)



PokerStars Hand #254279561303:  Hold'em No Limit ($0.50/$1.00 USD) - 2025/01/09 16:38:24 WET [2025/01/09 11:38:24 ET]
Table 'Lameia III' 6-max Seat #1 is the button
Seat 3: Joe_Li7 ($100 in chips) is sitting out
Seat 1: Palacios777 ($106.16 in chips) 
Seat 2: Lucastitos ($100 in chips) 
Seat 4: derek5858 ($168.08 in chips) 
Seat 5: fortoviy80 ($52.04 in chips) 
Seat 6: TheBraveGirl ($125.09 in chips) 
Lucastitos: posts small blind $0.50
derek5858: posts big blind $1
*** HOLE CARDS ***
fortoviy80: folds 
Joe_Li7 leaves the table
TheBraveGirl: folds 
Palacios777: raises $1.50 to $2.50
Lucastitos: raises $8.50 to $11
derek5858: folds 
Palacios777: calls $8.50
*** FLOP *** [9c Qc 4d]
Lucastitos: bets $7.21
Palacios777: calls $7.21
*** TURN *** [9c Qc 4d] [9h]
Lucastitos: checks 
Palacios777: checks 
*** RIVER *** [9c Qc 4d 9h] [6h]
Lucastitos: bets $30
Palacios777: folds 
Uncalled bet ($30) returned to Lucastitos
Lucastitos collected $35.55 from pot
Lucastitos: doesn't show hand 
*** SUMMARY ***
Total pot $37.42 | Rake $1.87 
Board [9c Qc 4d 9h 6h]
Seat 3: Joe_Li7
Seat 1: Palacios777 (button) folded on the River
Seat 2: Lucastitos (small blind) collected ($35.55)
Seat 4: derek5858 (big blind) folded before Flop
Seat 5: fortoviy80 folded before Flop (didn't bet)
Seat 6: TheBraveGirl folded before Flop (didn't bet)



PokerStars Hand #254279585992:  Hold'em No Limit ($0.50/$1.00 USD) - 2025/01/09 16:40:07 WET [2025/01/09 11:40:07 ET]
Table 'Lameia III' 6-max Seat #2 is the button
Seat 1: Palacios777 ($100 in chips) 
Seat 2: Lucastitos ($117.34 in chips) 
Seat 4: derek5858 ($167.08 in chips) 
Seat 5: fortoviy80 ($52.04 in chips) 
Seat 6: TheBraveGirl ($125.09 in chips) 
derek5858: posts small blind $0.50
fortoviy80: posts big blind $1
*** HOLE CARDS ***
TheBraveGirl: folds 
Palacios777: folds 
Lucastitos: raises $1.40 to $2.40
derek5858: folds 
fortoviy80: folds 
Uncalled bet ($1.40) returned to Lucastitos
Lucastitos collected $2.50 from pot
Lucastitos: doesn't show hand 
*** SUMMARY ***
Total pot $2.50 | Rake $0 
Seat 1: Palacios777 folded before Flop (didn't bet)
Seat 2: Lucastitos (button) collected ($2.50)
Seat 4: derek5858 (small blind) folded before Flop
Seat 5: fortoviy80 (big blind) folded before Flop
Seat 6: TheBraveGirl folded before Flop (didn't bet)



PokerStars Hand #254279589579:  Hold'em No Limit ($0.50/$1.00 USD) - 2025/01/09 16:40:21 WET [2025/01/09 11:40:21 ET]
Table 'Lameia III' 6-max Seat #4 is the button
Seat 1: Palacios777 ($100 in chips) 
Seat 2: Lucastitos ($118.84 in chips) 
Seat 4: derek5858 ($166.58 in chips) 
Seat 5: fortoviy80 ($51.04 in chips) 
Seat 6: TheBraveGirl ($125.09 in chips) 
fortoviy80: posts small blind $0.50
TheBraveGirl: posts big blind $1
*** HOLE CARDS ***
Palacios777: folds 
Lucastitos: raises $1.30 to $2.30
derek5858: folds 
fortoviy80: folds 
TheBraveGirl: folds 
Uncalled bet ($1.30) returned to Lucastitos
Lucastitos collected $2.50 from pot
Lucastitos: doesn't show hand 
*** SUMMARY ***
Total pot $2.50 | Rake $0 
Seat 1: Palacios777 folded before Flop (didn't bet)
Seat 2: Lucastitos collected ($2.50)
Seat 4: derek5858 (button) folded before Flop (didn't bet)
Seat 5: fortoviy80 (small blind) folded before Flop
Seat 6: TheBraveGirl (big blind) folded before Flop



PokerStars Hand #254279592512:  Hold'em No Limit ($0.50/$1.00 USD) - 2025/01/09 16:40:34 WET [2025/01/09 11:40:34 ET]
Table 'Lameia III' 6-max Seat #5 is the button
Seat 1: Palacios777 ($100 in chips) 
Seat 2: Lucastitos ($120.34 in chips) 
Seat 4: derek5858 ($166.58 in chips) 
Seat 5: fortoviy80 ($50.54 in chips) 
Seat 6: TheBraveGirl ($124.09 in chips) 
TheBraveGirl: posts small blind $0.50
Palacios777: posts big blind $1
*** HOLE CARDS ***
Lucastitos: folds 
derek5858: folds 
fortoviy80: folds 
TheBraveGirl: folds 
Uncalled bet ($0.50) returned to Palacios777
Palacios777 collected $1 from pot
Palacios777: doesn't show hand 
*** SUMMARY ***
Total pot $1 | Rake $0 
Seat 1: Palacios777 (big blind) collected ($1)
Seat 2: Lucastitos folded before Flop (didn't bet)
Seat 4: derek5858 folded before Flop (didn't bet)
Seat 5: fortoviy80 (button) folded before Flop (didn't bet)
Seat 6: TheBraveGirl (small blind) folded before Flop



PokerStars Hand #254279597361:  Hold'em No Limit ($0.50/$1.00 USD) - 2025/01/09 16:40:54 WET [2025/01/09 11:40:54 ET]
Table 'Lameia III' 6-max Seat #6 is the button
Seat 1: Palacios777 ($100.50 in chips) 
Seat 2: Lucastitos ($120.34 in chips) 
Seat 4: derek5858 ($166.58 in chips) 
Seat 5: fortoviy80 ($50.54 in chips) 
Seat 6: TheBraveGirl ($123.59 in chips) 
Palacios777: posts small blind $0.50
Lucastitos: posts big blind $1
*** HOLE CARDS ***
derek5858: folds 
fortoviy80: folds 
TheBraveGirl: folds 
Palacios777: folds 
Uncalled bet ($0.50) returned to Lucastitos
Lucastitos collected $1 from pot
Lucastitos: doesn't show hand 
*** SUMMARY ***
Total pot $1 | Rake $0 
Seat 1: Palacios777 (small blind) folded before Flop
Seat 2: Lucastitos (big blind) collected ($1)
Seat 4: derek5858 folded before Flop (didn't bet)
Seat 5: fortoviy80 folded before Flop (didn't bet)
Seat 6: TheBraveGirl (button) folded before Flop (didn't bet)



PokerStars Hand #254279600927:  Hold'em No Limit ($0.50/$1.00 USD) - 2025/01/09 16:41:08 WET [2025/01/09 11:41:08 ET]
Table 'Lameia III' 6-max Seat #1 is the button
Seat 1: Palacios777 ($100 in chips) 
Seat 2: Lucastitos ($120.84 in chips) 
Seat 4: derek5858 ($166.58 in chips) 
Seat 5: fortoviy80 ($50.54 in chips) 
Seat 6: TheBraveGirl ($123.59 in chips) 
Lucastitos: posts small blind $0.50
derek5858: posts big blind $1
*** HOLE CARDS ***
fortoviy80: calls $1
TheBraveGirl: folds 
Palacios777: raises $3.50 to $4.50
Lucastitos: calls $4
Joe_Li7 joins the table at seat #3 
derek5858: raises $13.50 to $18
fortoviy80: folds 
Palacios777: folds 
Lucastitos: folds 
Uncalled bet ($13.50) returned to derek5858
derek5858 collected $14.50 from pot
*** SUMMARY ***
Total pot $14.50 | Rake $0 
Seat 1: Palacios777 (button) folded before Flop
Seat 2: Lucastitos (small blind) folded before Flop
Seat 4: derek5858 (big blind) collected ($14.50)
Seat 5: fortoviy80 folded before Flop
Seat 6: TheBraveGirl folded before Flop (didn't bet)



PokerStars Hand #254279611624:  Hold'em No Limit ($0.50/$1.00 USD) - 2025/01/09 16:41:53 WET [2025/01/09 11:41:53 ET]
Table 'Lameia III' 6-max Seat #2 is the button
Seat 3: Joe_Li7 ($100 in chips) is sitting out
Seat 1: Palacios777 ($100 in chips) 
Seat 2: Lucastitos ($116.34 in chips) 
Seat 4: derek5858 ($176.58 in chips) 
Seat 5: fortoviy80 ($49.54 in chips) 
Seat 6: TheBraveGirl ($123.59 in chips) 
derek5858: posts small blind $0.50
fortoviy80: posts big blind $1
*** HOLE CARDS ***
TheBraveGirl: folds 
Palacios777: folds 
Lucastitos: folds 
derek5858: raises $2 to $3
fortoviy80: folds 
Uncalled bet ($2) returned to derek5858
derek5858 collected $2 from pot
*** SUMMARY ***
Total pot $2 | Rake $0 
Seat 3: Joe_Li7
Seat 1: Palacios777 folded before Flop (didn't bet)
Seat 2: Lucastitos (button) folded before Flop (didn't bet)
Seat 4: derek5858 (small blind) collected ($2)
Seat 5: fortoviy80 (big blind) folded before Flop
Seat 6: TheBraveGirl folded before Flop (didn't bet)



PokerStars Hand #254279616198:  Hold'em No Limit ($0.50/$1.00 USD) - 2025/01/09 16:42:13 WET [2025/01/09 11:42:13 ET]
Table 'Lameia III' 6-max Seat #4 is the button
Seat 3: Joe_Li7 ($100 in chips) is sitting out
Seat 1: Palacios777 ($100 in chips) 
Seat 2: Lucastitos ($116.34 in chips) 
Seat 4: derek5858 ($177.58 in chips) 
Seat 5: fortoviy80 ($48.54 in chips) 
Seat 6: TheBraveGirl ($123.59 in chips) 
fortoviy80: posts small blind $0.50
TheBraveGirl: posts big blind $1
Joe_Li7: sits out 
*** HOLE CARDS ***
Palacios777: folds 
Lucastitos: raises $1.30 to $2.30
derek5858: folds 
fortoviy80: calls $1.80
TheBraveGirl: folds 
*** FLOP *** [9c 8s 5d]
fortoviy80: checks 
Lucastitos: checks 
*** TURN *** [9c 8s 5d] [Kh]
fortoviy80: checks 
Lucastitos: bets $3.99
fortoviy80: calls $3.99
*** RIVER *** [9c 8s 5d Kh] [9s]
fortoviy80: checks 
Lucastitos: bets $9.68
fortoviy80: folds 
Uncalled bet ($9.68) returned to Lucastitos
Lucastitos collected $12.90 from pot
Lucastitos: doesn't show hand 
*** SUMMARY ***
Total pot $13.58 | Rake $0.68 
Board [9c 8s 5d Kh 9s]
Seat 3: Joe_Li7
Seat 1: Palacios777 folded before Flop (didn't bet)
Seat 2: Lucastitos collected ($12.90)
Seat 4: derek5858 (button) folded before Flop (didn't bet)
Seat 5: fortoviy80 (small blind) folded on the River
Seat 6: TheBraveGirl (big blind) folded before Flop



PokerStars Hand #254279624739:  Hold'em No Limit ($0.50/$1.00 USD) - 2025/01/09 16:42:48 WET [2025/01/09 11:42:48 ET]
Table 'Lameia III' 6-max Seat #5 is the button
Seat 3: Joe_Li7 ($100 in chips) is sitting out
Seat 1: Palacios777 ($100 in chips) 
Seat 2: Lucastitos ($122.95 in chips) 
Seat 4: derek5858 ($177.58 in chips) 
Seat 5: fortoviy80 ($42.25 in chips) 
Seat 6: TheBraveGirl ($122.59 in chips) 
TheBraveGirl: posts small blind $0.50
Palacios777: posts big blind $1
Joe_Li7: sits out 
*** HOLE CARDS ***
Lucastitos: folds 
derek5858: folds 
fortoviy80: folds 
TheBraveGirl: raises $2 to $3
Palacios777: folds 
Uncalled bet ($2) returned to TheBraveGirl
TheBraveGirl collected $2 from pot
TheBraveGirl: doesn't show hand 
*** SUMMARY ***
Total pot $2 | Rake $0 
Seat 3: Joe_Li7
Seat 1: Palacios777 (big blind) folded before Flop
Seat 2: Lucastitos folded before Flop (didn't bet)
Seat 4: derek5858 folded before Flop (didn't bet)
Seat 5: fortoviy80 (button) folded before Flop (didn't bet)
Seat 6: TheBraveGirl (small blind) collected ($2)



PokerStars Hand #254279630006:  Hold'em No Limit ($0.50/$1.00 USD) - 2025/01/09 16:43:10 WET [2025/01/09 11:43:10 ET]
Table 'Lameia III' 6-max Seat #6 is the button
Seat 3: Joe_Li7 ($100 in chips) is sitting out
Seat 1: Palacios777 ($100 in chips) 
Seat 2: Lucastitos ($122.95 in chips) 
Seat 4: derek5858 ($177.58 in chips) 
Seat 5: fortoviy80 ($42.25 in chips) 
Seat 6: TheBraveGirl ($123.59 in chips) 
Palacios777: posts small blind $0.50
Lucastitos: posts big blind $1
Joe_Li7: sits out 
*** HOLE CARDS ***
derek5858: folds 
fortoviy80: folds 
TheBraveGirl: folds 
Palacios777: folds 
Uncalled bet ($0.50) returned to Lucastitos
Lucastitos collected $1 from pot
Lucastitos: doesn't show hand 
*** SUMMARY ***
Total pot $1 | Rake $0 
Seat 3: Joe_Li7
Seat 1: Palacios777 (small blind) folded before Flop
Seat 2: Lucastitos (big blind) collected ($1)
Seat 4: derek5858 folded before Flop (didn't bet)
Seat 5: fortoviy80 folded before Flop (didn't bet)
Seat 6: TheBraveGirl (button) folded before Flop (didn't bet)



PokerStars Hand #254279632263:  Hold'em No Limit ($0.50/$1.00 USD) - 2025/01/09 16:43:19 WET [2025/01/09 11:43:19 ET]
Table 'Lameia III' 6-max Seat #1 is the button
Seat 1: Palacios777 ($100 in chips) 
Seat 2: Lucastitos ($123.45 in chips) 
Seat 3: Joe_Li7 ($100 in chips) 
Seat 4: derek5858 ($177.58 in chips) 
Seat 5: fortoviy80 ($42.25 in chips) 
Seat 6: TheBraveGirl ($123.59 in chips) 
Lucastitos: posts small blind $0.50
Joe_Li7: posts big blind $1
*** HOLE CARDS ***
derek5858: folds 
fortoviy80: folds 
TheBraveGirl: folds 
Palacios777: folds 
Lucastitos: raises $1.90 to $2.90
Joe_Li7: folds 
Uncalled bet ($1.90) returned to Lucastitos
Lucastitos collected $2 from pot
Lucastitos: doesn't show hand 
*** SUMMARY ***
Total pot $2 | Rake $0 
Seat 1: Palacios777 (button) folded before Flop (didn't bet)
Seat 2: Lucastitos (small blind) collected ($2)
Seat 3: Joe_Li7 (big blind) folded before Flop
Seat 4: derek5858 folded before Flop (didn't bet)
Seat 5: fortoviy80 folded before Flop (didn't bet)
Seat 6: TheBraveGirl folded before Flop (didn't bet)



PokerStars Hand #254279736407:  Hold'em No Limit ($0.50/$1.00 USD) - 2025/01/09 16:50:25 WET [2025/01/09 11:50:25 ET]
Table 'Lameia III' 6-max Seat #5 is the button
Seat 4: shootingGRID ($100 in chips) is sitting out
Seat 1: Palacios777 ($102.50 in chips) 
Seat 2: Lucastitos ($138.07 in chips) 
Seat 3: Joe_Li7 ($100 in chips) 
Seat 5: fortoviy80 ($32.90 in chips) 
Seat 6: TheBraveGirl ($126.87 in chips) 
TheBraveGirl: posts small blind $0.50
Palacios777: posts big blind $1
shootingGRID: sits out 
*** HOLE CARDS ***
Lucastitos: raises $1.10 to $2.10
Joe_Li7: folds 
fortoviy80: folds 
TheBraveGirl: folds 
Palacios777: folds 
Uncalled bet ($1.10) returned to Lucastitos
Lucastitos collected $2.50 from pot
Lucastitos: doesn't show hand 
*** SUMMARY ***
Total pot $2.50 | Rake $0 
Seat 4: shootingGRID
Seat 1: Palacios777 (big blind) folded before Flop
Seat 2: Lucastitos collected ($2.50)
Seat 3: Joe_Li7 folded before Flop (didn't bet)
Seat 5: fortoviy80 (button) folded before Flop (didn't bet)
Seat 6: TheBraveGirl (small blind) folded before Flop



PokerStars Hand #254279740365:  Hold'em No Limit ($0.50/$1.00 USD) - 2025/01/09 16:50:41 WET [2025/01/09 11:50:41 ET]
Table 'Lameia III' 6-max Seat #6 is the button
Seat 4: shootingGRID ($100 in chips) is sitting out
Seat 1: Palacios777 ($101.50 in chips) 
Seat 2: Lucastitos ($139.57 in chips) 
Seat 3: Joe_Li7 ($100 in chips) 
Seat 5: fortoviy80 ($32.90 in chips) 
Seat 6: TheBraveGirl ($126.37 in chips) 
Palacios777: posts small blind $0.50
Lucastitos: posts big blind $1
shootingGRID: sits out 
*** HOLE CARDS ***
Joe_Li7: raises $1.20 to $2.20
fortoviy80: folds 
TheBraveGirl: folds 
Palacios777: raises $8.80 to $11
Lucastitos: folds 
Joe_Li7: folds 
Uncalled bet ($8.80) returned to Palacios777
Palacios777 collected $5.40 from pot
Palacios777: doesn't show hand 
*** SUMMARY ***
Total pot $5.40 | Rake $0 
Seat 4: shootingGRID
Seat 1: Palacios777 (small blind) collected ($5.40)
Seat 2: Lucastitos (big blind) folded before Flop
Seat 3: Joe_Li7 folded before Flop
Seat 5: fortoviy80 folded before Flop (didn't bet)
Seat 6: TheBraveGirl (button) folded before Flop (didn't bet)



PokerStars Hand #254279746784:  Hold'em No Limit ($0.50/$1.00 USD) - 2025/01/09 16:51:07 WET [2025/01/09 11:51:07 ET]
Table 'Lameia III' 6-max Seat #1 is the button
Seat 4: shootingGRID ($100 in chips) is sitting out
Seat 1: Palacios777 ($104.70 in chips) 
Seat 2: Lucastitos ($138.57 in chips) 
Seat 3: Joe_Li7 ($100 in chips) 
Seat 5: fortoviy80 ($32.90 in chips) 
Seat 6: TheBraveGirl ($126.37 in chips) 
Lucastitos: posts small blind $0.50
Joe_Li7: posts big blind $1
shootingGRID: sits out 
*** HOLE CARDS ***
fortoviy80: folds 
TheBraveGirl: folds 
Palacios777: folds 
Lucastitos: folds 
Uncalled bet ($0.50) returned to Joe_Li7
Joe_Li7 collected $1 from pot
*** SUMMARY ***
Total pot $1 | Rake $0 
Seat 4: shootingGRID
Seat 1: Palacios777 (button) folded before Flop (didn't bet)
Seat 2: Lucastitos (small blind) folded before Flop
Seat 3: Joe_Li7 (big blind) collected ($1)
Seat 5: fortoviy80 folded before Flop (didn't bet)
Seat 6: TheBraveGirl folded before Flop (didn't bet)



PokerStars Hand #254279749794:  Hold'em No Limit ($0.50/$1.00 USD) - 2025/01/09 16:51:19 WET [2025/01/09 11:51:19 ET]
Table 'Lameia III' 6-max Seat #2 is the button
Seat 1: Palacios777 ($104.70 in chips) 
Seat 2: Lucastitos ($138.07 in chips) 
Seat 3: Joe_Li7 ($100.50 in chips) 
Seat 4: shootingGRID ($100 in chips) 
Seat 5: fortoviy80 ($32.90 in chips) 
Seat 6: TheBraveGirl ($126.37 in chips) 
Joe_Li7: posts small blind $0.50
shootingGRID: posts big blind $1
*** HOLE CARDS ***
fortoviy80: folds 
TheBraveGirl: folds 
Palacios777: folds 
Lucastitos: folds 
Joe_Li7: raises $2 to $3
shootingGRID: folds 
Uncalled bet ($2) returned to Joe_Li7
Joe_Li7 collected $2 from pot
*** SUMMARY ***
Total pot $2 | Rake $0 
Seat 1: Palacios777 folded before Flop (didn't bet)
Seat 2: Lucastitos (button) folded before Flop (didn't bet)
Seat 3: Joe_Li7 (small blind) collected ($2)
Seat 4: shootingGRID (big blind) folded before Flop
Seat 5: fortoviy80 folded before Flop (didn't bet)
Seat 6: TheBraveGirl folded before Flop (didn't bet)



PokerStars Hand #254279752947:  Hold'em No Limit ($0.50/$1.00 USD) - 2025/01/09 16:51:32 WET [2025/01/09 11:51:32 ET]
Table 'Lameia III' 6-max Seat #3 is the button
Seat 1: Palacios777 ($104.70 in chips) 
Seat 2: Lucastitos ($138.07 in chips) 
Seat 3: Joe_Li7 ($101.50 in chips) 
Seat 4: shootingGRID ($100 in chips) 
Seat 5: fortoviy80 ($32.90 in chips) 
Seat 6: TheBraveGirl ($126.37 in chips) 
shootingGRID: posts small blind $0.50
fortoviy80: posts big blind $1
*** HOLE CARDS ***
TheBraveGirl: folds 
Palacios777: folds 
Lucastitos: folds 
Joe_Li7: folds 
shootingGRID: folds 
Uncalled bet ($0.50) returned to fortoviy80
fortoviy80 collected $1 from pot
fortoviy80: doesn't show hand 
*** SUMMARY ***
Total pot $1 | Rake $0 
Seat 1: Palacios777 folded before Flop (didn't bet)
Seat 2: Lucastitos folded before Flop (didn't bet)
Seat 3: Joe_Li7 (button) folded before Flop (didn't bet)
Seat 4: shootingGRID (small blind) folded before Flop
Seat 5: fortoviy80 (big blind) collected ($1)
Seat 6: TheBraveGirl folded before Flop (didn't bet)



PokerStars Hand #254279758519:  Hold'em No Limit ($0.50/$1.00 USD) - 2025/01/09 16:51:55 WET [2025/01/09 11:51:55 ET]
Table 'Lameia III' 6-max Seat #4 is the button
Seat 1: Palacios777 ($104.70 in chips) 
Seat 2: Lucastitos ($138.07 in chips) 
Seat 3: Joe_Li7 ($101.50 in chips) 
Seat 4: shootingGRID ($100 in chips) 
Seat 5: fortoviy80 ($33.40 in chips) 
Seat 6: TheBraveGirl ($126.37 in chips) 
fortoviy80: posts small blind $0.50
TheBraveGirl: posts big blind $1
*** HOLE CARDS ***
Palacios777: folds 
Lucastitos: folds 
Joe_Li7: raises $1.20 to $2.20
shootingGRID: folds 
fortoviy80: folds 
TheBraveGirl: folds 
Uncalled bet ($1.20) returned to Joe_Li7
Joe_Li7 collected $2.50 from pot
*** SUMMARY ***
Total pot $2.50 | Rake $0 
Seat 1: Palacios777 folded before Flop (didn't bet)
Seat 2: Lucastitos folded before Flop (didn't bet)
Seat 3: Joe_Li7 collected ($2.50)
Seat 4: shootingGRID (button) folded before Flop (didn't bet)
Seat 5: fortoviy80 (small blind) folded before Flop
Seat 6: TheBraveGirl (big blind) folded before Flop



PokerStars Hand #254279762427:  Hold'em No Limit ($0.50/$1.00 USD) - 2025/01/09 16:52:11 WET [2025/01/09 11:52:11 ET]
Table 'Lameia III' 6-max Seat #5 is the button
Seat 1: Palacios777 ($104.70 in chips) 
Seat 2: Lucastitos ($138.07 in chips) 
Seat 3: Joe_Li7 ($103 in chips) 
Seat 4: shootingGRID ($100 in chips) 
Seat 5: fortoviy80 ($32.90 in chips) 
Seat 6: TheBraveGirl ($125.37 in chips) 
TheBraveGirl: posts small blind $0.50
Palacios777: posts big blind $1
*** HOLE CARDS ***
Lucastitos: folds 
Joe_Li7: raises $1.20 to $2.20
shootingGRID: folds 
fortoviy80: folds 
TheBraveGirl: folds 
Palacios777: raises $9.80 to $12
Joe_Li7: folds 
Uncalled bet ($9.80) returned to Palacios777
Palacios777 collected $4.90 from pot
Palacios777: doesn't show hand 
*** SUMMARY ***
Total pot $4.90 | Rake $0 
Seat 1: Palacios777 (big blind) collected ($4.90)
Seat 2: Lucastitos folded before Flop (didn't bet)
Seat 3: Joe_Li7 folded before Flop
Seat 4: shootingGRID folded before Flop (didn't bet)
Seat 5: fortoviy80 (button) folded before Flop (didn't bet)
Seat 6: TheBraveGirl (small blind) folded before Flop



PokerStars Hand #254279769171:  Hold'em No Limit ($0.50/$1.00 USD) - 2025/01/09 16:52:38 WET [2025/01/09 11:52:38 ET]
Table 'Lameia III' 6-max Seat #6 is the button
Seat 1: Palacios777 ($107.40 in chips) 
Seat 2: Lucastitos ($138.07 in chips) 
Seat 3: Joe_Li7 ($100.80 in chips) 
Seat 4: shootingGRID ($100 in chips) 
Seat 5: fortoviy80 ($32.90 in chips) 
Seat 6: TheBraveGirl ($124.87 in chips) 
Palacios777: posts small blind $0.50
Lucastitos: posts big blind $1
*** HOLE CARDS ***
Joe_Li7: folds 
shootingGRID: folds 
fortoviy80: folds 
TheBraveGirl: folds 
Palacios777: raises $1.50 to $2.50
Lucastitos: raises $6.50 to $9
Palacios777: folds 
Uncalled bet ($6.50) returned to Lucastitos
Lucastitos collected $5 from pot
Lucastitos: doesn't show hand 
*** SUMMARY ***
Total pot $5 | Rake $0 
Seat 1: Palacios777 (small blind) folded before Flop
Seat 2: Lucastitos (big blind) collected ($5)
Seat 3: Joe_Li7 folded before Flop (didn't bet)
Seat 4: shootingGRID folded before Flop (didn't bet)
Seat 5: fortoviy80 folded before Flop (didn't bet)
Seat 6: TheBraveGirl (button) folded before Flop (didn't bet)



PokerStars Hand #254279777425:  Hold'em No Limit ($0.50/$1.00 USD) - 2025/01/09 16:53:12 WET [2025/01/09 11:53:12 ET]
Table 'Lameia III' 6-max Seat #1 is the button
Seat 1: Palacios777 ($104.90 in chips) 
Seat 2: Lucastitos ($140.57 in chips) 
Seat 3: Joe_Li7 ($100.80 in chips) 
Seat 4: shootingGRID ($100 in chips) 
Seat 5: fortoviy80 ($32.90 in chips) 
Seat 6: TheBraveGirl ($124.87 in chips) 
Lucastitos: posts small blind $0.50
Joe_Li7: posts big blind $1
*** HOLE CARDS ***
shootingGRID: folds 
fortoviy80: folds 
TheBraveGirl: folds 
Palacios777: raises $1.50 to $2.50
Lucastitos: folds 
Joe_Li7: raises $8.50 to $11
Palacios777: calls $8.50
*** FLOP *** [3c 2c 7d]
Joe_Li7: checks 
Palacios777: checks 
*** TURN *** [3c 2c 7d] [9c]
Joe_Li7: checks 
Palacios777: bets $11.77
Joe_Li7: folds 
Uncalled bet ($11.77) returned to Palacios777
Palacios777 collected $21.38 from pot
Palacios777: doesn't show hand 
*** SUMMARY ***
Total pot $22.50 | Rake $1.12 
Board [3c 2c 7d 9c]
Seat 1: Palacios777 (button) collected ($21.38)
Seat 2: Lucastitos (small blind) folded before Flop
Seat 3: Joe_Li7 (big blind) folded on the Turn
Seat 4: shootingGRID folded before Flop (didn't bet)
Seat 5: fortoviy80 folded before Flop (didn't bet)
Seat 6: TheBraveGirl folded before Flop (didn't bet)



PokerStars Hand #254279798760:  Hold'em No Limit ($0.50/$1.00 USD) - 2025/01/09 16:54:39 WET [2025/01/09 11:54:39 ET]
Table 'Lameia III' 6-max Seat #2 is the button
Seat 1: Palacios777 ($115.28 in chips) 
Seat 2: Lucastitos ($140.07 in chips) 
Seat 3: Joe_Li7 ($100 in chips) 
Seat 4: shootingGRID ($100 in chips) 
Seat 5: fortoviy80 ($32.90 in chips) 
Seat 6: TheBraveGirl ($124.87 in chips) 
Joe_Li7: posts small blind $0.50
shootingGRID: posts big blind $1
*** HOLE CARDS ***
fortoviy80: folds 
TheBraveGirl: folds 
Palacios777: folds 
Lucastitos: folds 
Joe_Li7: raises $2 to $3
shootingGRID: folds 
Uncalled bet ($2) returned to Joe_Li7
Joe_Li7 collected $2 from pot
*** SUMMARY ***
Total pot $2 | Rake $0 
Seat 1: Palacios777 folded before Flop (didn't bet)
Seat 2: Lucastitos (button) folded before Flop (didn't bet)
Seat 3: Joe_Li7 (small blind) collected ($2)
Seat 4: shootingGRID (big blind) folded before Flop
Seat 5: fortoviy80 folded before Flop (didn't bet)
Seat 6: TheBraveGirl folded before Flop (didn't bet)



PokerStars Hand #254279802901:  Hold'em No Limit ($0.50/$1.00 USD) - 2025/01/09 16:54:56 WET [2025/01/09 11:54:56 ET]
Table 'Lameia III' 6-max Seat #3 is the button
Seat 1: Palacios777 ($115.28 in chips) 
Seat 2: Lucastitos ($140.07 in chips) 
Seat 3: Joe_Li7 ($101 in chips) 
Seat 4: shootingGRID ($100 in chips) 
Seat 5: fortoviy80 ($32.90 in chips) 
Seat 6: TheBraveGirl ($124.87 in chips) 
shootingGRID: posts small blind $0.50
fortoviy80: posts big blind $1
*** HOLE CARDS ***
TheBraveGirl: folds 
Palacios777: folds 
Lucastitos: folds 
Joe_Li7: raises $1.50 to $2.50
shootingGRID: folds 
fortoviy80: folds 
Uncalled bet ($1.50) returned to Joe_Li7
Joe_Li7 collected $2.50 from pot
*** SUMMARY ***
Total pot $2.50 | Rake $0 
Seat 1: Palacios777 folded before Flop (didn't bet)
Seat 2: Lucastitos folded before Flop (didn't bet)
Seat 3: Joe_Li7 (button) collected ($2.50)
Seat 4: shootingGRID (small blind) folded before Flop
Seat 5: fortoviy80 (big blind) folded before Flop
Seat 6: TheBraveGirl folded before Flop (didn't bet)



PokerStars Hand #254279807110:  Hold'em No Limit ($0.50/$1.00 USD) - 2025/01/09 16:55:16 WET [2025/01/09 11:55:16 ET]
Table 'Lameia III' 6-max Seat #4 is the button
Seat 1: Palacios777 ($115.28 in chips) 
Seat 2: Lucastitos ($140.07 in chips) 
Seat 3: Joe_Li7 ($102.50 in chips) 
Seat 4: shootingGRID ($100 in chips) 
Seat 5: fortoviy80 ($31.90 in chips) 
Seat 6: TheBraveGirl ($124.87 in chips) 
fortoviy80: posts small blind $0.50
TheBraveGirl: posts big blind $1
*** HOLE CARDS ***
Palacios777: folds 
Lucastitos: folds 
Joe_Li7: raises $1.20 to $2.20
shootingGRID: folds 
fortoviy80: folds 
TheBraveGirl: calls $1.20
*** FLOP *** [3d 7c Ah]
TheBraveGirl: checks 
Joe_Li7: checks 
*** TURN *** [3d 7c Ah] [Jd]
TheBraveGirl: bets $7
Joe_Li7: folds 
Uncalled bet ($7) returned to TheBraveGirl
TheBraveGirl collected $4.66 from pot
TheBraveGirl: doesn't show hand 
*** SUMMARY ***
Total pot $4.90 | Rake $0.24 
Board [3d 7c Ah Jd]
Seat 1: Palacios777 folded before Flop (didn't bet)
Seat 2: Lucastitos folded before Flop (didn't bet)
Seat 3: Joe_Li7 folded on the Turn
Seat 4: shootingGRID (button) folded before Flop (didn't bet)
Seat 5: fortoviy80 (small blind) folded before Flop
Seat 6: TheBraveGirl (big blind) collected ($4.66)



PokerStars Hand #254279816120:  Hold'em No Limit ($0.50/$1.00 USD) - 2025/01/09 16:56:05 WET [2025/01/09 11:56:05 ET]
Table 'Lameia III' 6-max Seat #5 is the button
Seat 1: Palacios777 ($115.28 in chips) 
Seat 2: Lucastitos ($140.07 in chips) 
Seat 3: Joe_Li7 ($100.30 in chips) 
Seat 4: shootingGRID ($100 in chips) 
Seat 5: fortoviy80 ($31.40 in chips) 
Seat 6: TheBraveGirl ($127.33 in chips) 
TheBraveGirl: posts small blind $0.50
Palacios777: posts big blind $1
*** HOLE CARDS ***
Lucastitos: folds 
Joe_Li7: folds 
shootingGRID: folds 
fortoviy80: folds 
TheBraveGirl: folds 
Uncalled bet ($0.50) returned to Palacios777
Palacios777 collected $1 from pot
Palacios777: doesn't show hand 
*** SUMMARY ***
Total pot $1 | Rake $0 
Seat 1: Palacios777 (big blind) collected ($1)
Seat 2: Lucastitos folded before Flop (didn't bet)
Seat 3: Joe_Li7 folded before Flop (didn't bet)
Seat 4: shootingGRID folded before Flop (didn't bet)
Seat 5: fortoviy80 (button) folded before Flop (didn't bet)
Seat 6: TheBraveGirl (small blind) folded before Flop



PokerStars Hand #254279817997:  Hold'em No Limit ($0.50/$1.00 USD) - 2025/01/09 16:56:15 WET [2025/01/09 11:56:15 ET]
Table 'Lameia III' 6-max Seat #6 is the button
Seat 1: Palacios777 ($115.78 in chips) 
Seat 2: Lucastitos ($140.07 in chips) 
Seat 3: Joe_Li7 ($100.30 in chips) 
Seat 4: shootingGRID ($100 in chips) 
Seat 5: fortoviy80 ($31.40 in chips) 
Seat 6: TheBraveGirl ($126.83 in chips) 
Palacios777: posts small blind $0.50
Lucastitos: posts big blind $1
*** HOLE CARDS ***
Joe_Li7: folds 
shootingGRID: folds 
fortoviy80: raises $3 to $4
TheBraveGirl: folds 
Palacios777: raises $8 to $12
Lucastitos: folds 
fortoviy80: raises $19.40 to $31.40 and is all-in
Palacios777: calls $19.40
*** FLOP *** [2c Kh Jh]
*** TURN *** [2c Kh Jh] [Ah]
*** RIVER *** [2c Kh Jh Ah] [6d]
*** SHOW DOWN ***
Palacios777: shows [Js As] (two pair, Aces and Jacks)
fortoviy80: shows [Ac Qh] (a pair of Aces)
Palacios777 collected $61.30 from pot
*** SUMMARY ***
Total pot $63.80 | Rake $2.50 
Board [2c Kh Jh Ah 6d]
Seat 1: Palacios777 (small blind) showed [Js As] and won ($61.30) with two pair, Aces and Jacks
Seat 2: Lucastitos (big blind) folded before Flop
Seat 3: Joe_Li7 folded before Flop (didn't bet)
Seat 4: shootingGRID folded before Flop (didn't bet)
Seat 5: fortoviy80 showed [Ac Qh] and lost with a pair of Aces
Seat 6: TheBraveGirl (button) folded before Flop (didn't bet)



PokerStars Hand #254279825298:  Hold'em No Limit ($0.50/$1.00 USD) - 2025/01/09 16:56:55 WET [2025/01/09 11:56:55 ET]
Table 'Lameia III' 6-max Seat #1 is the button
Seat 5: fortoviy80 ($0 in chips) is sitting out
Seat 1: Palacios777 ($145.68 in chips) 
Seat 2: Lucastitos ($139.07 in chips) 
Seat 3: Joe_Li7 ($100.30 in chips) 
Seat 4: shootingGRID ($100 in chips) 
Seat 6: TheBraveGirl ($126.83 in chips) 
Lucastitos: posts small blind $0.50
Joe_Li7: posts big blind $1
*** HOLE CARDS ***
shootingGRID: raises $1.25 to $2.25
TheBraveGirl: folds 
Palacios777: folds 
Lucastitos: folds 
Joe_Li7: calls $1.25
*** FLOP *** [3s 5c Qd]
Joe_Li7: checks 
fortoviy80 leaves the table
shootingGRID: bets $1.57
Joe_Li7: calls $1.57
*** TURN *** [3s 5c Qd] [2c]
Joe_Li7: checks 
shootingGRID: checks 
*** RIVER *** [3s 5c Qd 2c] [4h]
Joe_Li7: checks 
shootingGRID: checks 
*** SHOW DOWN ***
Joe_Li7: shows [Kh 5h] (a pair of Fives)
shootingGRID: mucks hand 
Joe_Li7 collected $7.73 from pot
*** SUMMARY ***
Total pot $8.14 | Rake $0.41 
Board [3s 5c Qd 2c 4h]
Seat 5: fortoviy80
Seat 1: Palacios777 (button) folded before Flop (didn't bet)
Seat 2: Lucastitos (small blind) folded before Flop
Seat 3: Joe_Li7 (big blind) showed [Kh 5h] and won ($7.73) with a pair of Fives
Seat 4: shootingGRID mucked
Seat 6: TheBraveGirl folded before Flop (didn't bet)



PokerStars Hand #254279845330:  Hold'em No Limit ($0.50/$1.00 USD) - 2025/01/09 16:58:42 WET [2025/01/09 11:58:42 ET]
Table 'Lameia III' 6-max Seat #2 is the button
Seat 1: Palacios777 ($145.68 in chips) 
Seat 2: Lucastitos ($138.57 in chips) 
Seat 3: Joe_Li7 ($104.21 in chips) 
Seat 4: shootingGRID ($100 in chips) 
Seat 6: TheBraveGirl ($126.83 in chips) 
Joe_Li7: posts small blind $0.50
shootingGRID: posts big blind $1
*** HOLE CARDS ***
TheBraveGirl: folds 
Palacios777: folds 
GuigaMan joins the table at seat #5 
Lucastitos: folds 
Joe_Li7: raises $2 to $3
shootingGRID: folds 
Uncalled bet ($2) returned to Joe_Li7
Joe_Li7 collected $2 from pot
*** SUMMARY ***
Total pot $2 | Rake $0 
Seat 1: Palacios777 folded before Flop (didn't bet)
Seat 2: Lucastitos (button) folded before Flop (didn't bet)
Seat 3: Joe_Li7 (small blind) collected ($2)
Seat 4: shootingGRID (big blind) folded before Flop
Seat 6: TheBraveGirl folded before Flop (didn't bet)



PokerStars Hand #254279849483:  Hold'em No Limit ($0.50/$1.00 USD) - 2025/01/09 16:59:04 WET [2025/01/09 11:59:04 ET]
Table 'Lameia III' 6-max Seat #3 is the button
Seat 1: Palacios777 ($145.68 in chips) 
Seat 2: Lucastitos ($138.57 in chips) 
Seat 3: Joe_Li7 ($105.21 in chips) 
Seat 4: shootingGRID ($100 in chips) 
Seat 5: GuigaMan ($100 in chips) 
Seat 6: TheBraveGirl ($126.83 in chips) 
shootingGRID: posts small blind $0.50
GuigaMan: posts big blind $1
*** HOLE CARDS ***
TheBraveGirl: folds 
Palacios777: folds 
Lucastitos: folds 
Joe_Li7: folds 
shootingGRID: raises $2 to $3
GuigaMan: folds 
Uncalled bet ($2) returned to shootingGRID
shootingGRID collected $2 from pot
*** SUMMARY ***
Total pot $2 | Rake $0 
Seat 1: Palacios777 folded before Flop (didn't bet)
Seat 2: Lucastitos folded before Flop (didn't bet)
Seat 3: Joe_Li7 (button) folded before Flop (didn't bet)
Seat 4: shootingGRID (small blind) collected ($2)
Seat 5: GuigaMan (big blind) folded before Flop
Seat 6: TheBraveGirl folded before Flop (didn't bet)



PokerStars Hand #254279853835:  Hold'em No Limit ($0.50/$1.00 USD) - 2025/01/09 16:59:28 WET [2025/01/09 11:59:28 ET]
Table 'Lameia III' 6-max Seat #4 is the button
Seat 1: Palacios777 ($145.68 in chips) 
Seat 2: Lucastitos ($138.57 in chips) 
Seat 3: Joe_Li7 ($105.21 in chips) 
Seat 4: shootingGRID ($101 in chips) 
Seat 5: GuigaMan ($100 in chips) 
Seat 6: TheBraveGirl ($126.83 in chips) 
GuigaMan: posts small blind $0.50
TheBraveGirl: posts big blind $1
*** HOLE CARDS ***
Palacios777: folds 
Lucastitos: folds 
Joe_Li7: folds 
shootingGRID: folds 
GuigaMan: raises $2 to $3
TheBraveGirl: raises $6.50 to $9.50
GuigaMan: raises $14.50 to $24
TheBraveGirl: calls $14.50
*** FLOP *** [8s Qh 6h]
GuigaMan: checks 
TheBraveGirl: checks 
*** TURN *** [8s Qh 6h] [Ks]
GuigaMan: checks 
TheBraveGirl: checks 
*** RIVER *** [8s Qh 6h Ks] [4h]
GuigaMan: checks 
TheBraveGirl: checks 
*** SHOW DOWN ***
GuigaMan: shows [Td Tc] (a pair of Tens)
TheBraveGirl: mucks hand 
GuigaMan collected $45.60 from pot
*** SUMMARY ***
Total pot $48 | Rake $2.40 
Board [8s Qh 6h Ks 4h]
Seat 1: Palacios777 folded before Flop (didn't bet)
Seat 2: Lucastitos folded before Flop (didn't bet)
Seat 3: Joe_Li7 folded before Flop (didn't bet)
Seat 4: shootingGRID (button) folded before Flop (didn't bet)
Seat 5: GuigaMan (small blind) showed [Td Tc] and won ($45.60) with a pair of Tens
Seat 6: TheBraveGirl (big blind) mucked



PokerStars Hand #254279870968:  Hold'em No Limit ($0.50/$1.00 USD) - 2025/01/09 17:00:56 WET [2025/01/09 12:00:56 ET]
Table 'Lameia III' 6-max Seat #5 is the button
Seat 1: Palacios777 ($145.68 in chips) is sitting out
Seat 2: Lucastitos ($138.57 in chips) 
Seat 3: Joe_Li7 ($105.21 in chips) 
Seat 4: shootingGRID ($101 in chips) 
Seat 5: GuigaMan ($121.60 in chips) 
Seat 6: TheBraveGirl ($102.83 in chips) 
TheBraveGirl: posts small blind $0.50
Palacios777: is sitting out 
Lucastitos: posts big blind $1
*** HOLE CARDS ***
Joe_Li7: folds 
shootingGRID: folds 
GuigaMan: folds 
TheBraveGirl: folds 
Uncalled bet ($0.50) returned to Lucastitos
Lucastitos collected $1 from pot
Lucastitos: doesn't show hand 
*** SUMMARY ***
Total pot $1 | Rake $0 
Seat 1: Palacios777
Seat 2: Lucastitos (big blind) collected ($1)
Seat 3: Joe_Li7 folded before Flop (didn't bet)
Seat 4: shootingGRID folded before Flop (didn't bet)
Seat 5: GuigaMan (button) folded before Flop (didn't bet)
Seat 6: TheBraveGirl (small blind) folded before Flop



PokerStars Hand #254279873261:  Hold'em No Limit ($0.50/$1.00 USD) - 2025/01/09 17:01:06 WET [2025/01/09 12:01:06 ET]
Table 'Lameia III' 6-max Seat #6 is the button
Seat 1: Palacios777 ($145.68 in chips) is sitting out
Seat 3: Joe_Li7 ($105.21 in chips) is sitting out
Seat 2: Lucastitos ($139.07 in chips) 
Seat 4: shootingGRID ($101 in chips) 
Seat 5: GuigaMan ($121.60 in chips) 
Seat 6: TheBraveGirl ($102.33 in chips) 
Lucastitos: posts small blind $0.50
Joe_Li7: is sitting out 
shootingGRID: posts big blind $1
*** HOLE CARDS ***
GuigaMan: folds 
TheBraveGirl: raises $1 to $2
Lucastitos: raises $8 to $10
shootingGRID: folds 
TheBraveGirl: folds 
Uncalled bet ($8) returned to Lucastitos
Lucastitos collected $5 from pot
Lucastitos: doesn't show hand 
*** SUMMARY ***
Total pot $5 | Rake $0 
Seat 1: Palacios777
Seat 3: Joe_Li7
Seat 2: Lucastitos (small blind) collected ($5)
Seat 4: shootingGRID (big blind) folded before Flop
Seat 5: GuigaMan folded before Flop (didn't bet)
Seat 6: TheBraveGirl (button) folded before Flop



PokerStars Hand #254279878314:  Hold'em No Limit ($0.50/$1.00 USD) - 2025/01/09 17:01:29 WET [2025/01/09 12:01:29 ET]
Table 'Lameia III' 6-max Seat #2 is the button
Seat 3: Joe_Li7 ($105.21 in chips) is sitting out
Seat 2: Lucastitos ($142.07 in chips) 
Seat 4: shootingGRID ($100 in chips) 
Seat 5: GuigaMan ($121.60 in chips) 
Seat 6: TheBraveGirl ($100.33 in chips) 
Palacios777 leaves the table
shootingGRID: posts small blind $0.50
GuigaMan: posts big blind $1
*** HOLE CARDS ***
TheBraveGirl: folds 
Lucastitos: folds 
shootingGRID: folds 
Uncalled bet ($0.50) returned to GuigaMan
GuigaMan collected $1 from pot
GuigaMan: doesn't show hand 
*** SUMMARY ***
Total pot $1 | Rake $0 
Seat 3: Joe_Li7
Seat 2: Lucastitos (button) folded before Flop (didn't bet)
Seat 4: shootingGRID (small blind) folded before Flop
Seat 5: GuigaMan (big blind) collected ($1)
Seat 6: TheBraveGirl folded before Flop (didn't bet)



PokerStars Hand #254279880616:  Hold'em No Limit ($0.50/$1.00 USD) - 2025/01/09 17:01:39 WET [2025/01/09 12:01:39 ET]
Table 'Lameia III' 6-max Seat #4 is the button
Seat 3: Joe_Li7 ($105.21 in chips) is sitting out
Seat 6: TheBraveGirl ($100.33 in chips) is sitting out
Seat 2: Lucastitos ($142.07 in chips) 
Seat 4: shootingGRID ($100 in chips) 
Seat 5: GuigaMan ($122.10 in chips) 
GuigaMan: posts small blind $0.50
TheBraveGirl: is sitting out 
Lucastitos: posts big blind $1
*** HOLE CARDS ***
shootingGRID: folds 
GuigaMan: folds 
Uncalled bet ($0.50) returned to Lucastitos
Joe_Li7 leaves the table
Lucastitos collected $1 from pot
Lucastitos: doesn't show hand 
*** SUMMARY ***
Total pot $1 | Rake $0 
Seat 3: Joe_Li7
Seat 6: TheBraveGirl
Seat 2: Lucastitos (big blind) collected ($1)
Seat 4: shootingGRID (button) folded before Flop (didn't bet)
Seat 5: GuigaMan (small blind) folded before Flop



PokerStars Hand #254279883498:  Hold'em No Limit ($0.50/$1.00 USD) - 2025/01/09 17:01:52 WET [2025/01/09 12:01:52 ET]
Table 'Lameia III' 6-max Seat #5 is the button
Seat 6: TheBraveGirl ($100.33 in chips) is sitting out
Seat 2: Lucastitos ($142.57 in chips) 
Seat 4: shootingGRID ($100 in chips) 
Seat 5: GuigaMan ($121.60 in chips) 
Lucastitos: posts small blind $0.50
shootingGRID: posts big blind $1
*** HOLE CARDS ***
TheBraveGirl leaves the table
GuigaMan: raises $1.10 to $2.10
Lucastitos: folds 
shootingGRID: folds 
Uncalled bet ($1.10) returned to GuigaMan
GuigaMan collected $2.50 from pot
GuigaMan: doesn't show hand 
*** SUMMARY ***
Total pot $2.50 | Rake $0 
Seat 6: TheBraveGirl
Seat 2: Lucastitos (small blind) folded before Flop
Seat 4: shootingGRID (big blind) folded before Flop
Seat 5: GuigaMan (button) collected ($2.50)



