PokerStars Hand #254683261670:  Hold'em No Limit ($0.50/$1.00 USD) - 2025/02/03 4:29:47 WET [2025/02/02 23:29:47 ET]
Table 'Rosina' 6-max Seat #6 is the button
Seat 1: shootingGRID ($100 in chips) 
Seat 2: Nicedaymybro ($100 in chips) 
Seat 3: Manifestorr ($100 in chips) 
Seat 4: CashfishT ($100 in chips) 
Seat 5: An1an1 ($100 in chips) 
Seat 6: dany13051206 ($40.52 in chips) 
shootingGRID: posts small blind $0.50
Nicedaymybro: posts big blind $1
*** HOLE CARDS ***
Manifestorr: folds 
CashfishT: folds 
An1an1: folds 
dany13051206: folds 
shootingGRID: folds 
Uncalled bet ($0.50) returned to Nicedaymybro
Nicedaymybro collected $1 from pot
Nicedaymybro: doesn't show hand 
*** SUMMARY ***
Total pot $1 | Rake $0 
Seat 1: shootingGRID (small blind) folded before Flop
Seat 2: Nicedaymybro (big blind) collected ($1)
Seat 3: Manifestorr folded before Flop (didn't bet)
Seat 4: CashfishT folded before Flop (didn't bet)
Seat 5: An1an1 folded before Flop (didn't bet)
Seat 6: dany13051206 (button) folded before Flop (didn't bet)



PokerStars Hand #254683262709:  Hold'em No Limit ($0.50/$1.00 USD) - 2025/02/03 4:29:58 WET [2025/02/02 23:29:58 ET]
Table 'Rosina' 6-max Seat #1 is the button
Seat 1: shootingGRID ($100 in chips) 
Seat 2: Nicedaymybro ($100.50 in chips) 
Seat 3: Manifestorr ($100 in chips) 
Seat 4: CashfishT ($100 in chips) 
Seat 5: An1an1 ($100 in chips) 
Seat 6: dany13051206 ($40.52 in chips) 
Nicedaymybro: posts small blind $0.50
Manifestorr: posts big blind $1
*** HOLE CARDS ***
CashfishT: folds 
An1an1: folds 
dany13051206: folds 
shootingGRID: raises $1.50 to $2.50
Nicedaymybro: folds 
Manifestorr: calls $1.50
*** FLOP *** [6s 3d Kh]
Manifestorr: checks 
shootingGRID: bets $1.72
Manifestorr: raises $3.78 to $5.50
shootingGRID: calls $3.78
*** TURN *** [6s 3d Kh] [2s]
Manifestorr: bets $21.17
shootingGRID: folds 
Uncalled bet ($21.17) returned to Manifestorr
Manifestorr collected $15.68 from pot
*** SUMMARY ***
Total pot $16.50 | Rake $0.82 
Board [6s 3d Kh 2s]
Seat 1: shootingGRID (button) folded on the Turn
Seat 2: Nicedaymybro (small blind) folded before Flop
Seat 3: Manifestorr (big blind) collected ($15.68)
Seat 4: CashfishT folded before Flop (didn't bet)
Seat 5: An1an1 folded before Flop (didn't bet)
Seat 6: dany13051206 folded before Flop (didn't bet)



PokerStars Hand #254683266951:  Hold'em No Limit ($0.50/$1.00 USD) - 2025/02/03 4:30:45 WET [2025/02/02 23:30:45 ET]
Table 'Rosina' 6-max Seat #2 is the button
Seat 1: shootingGRID ($100 in chips) 
Seat 2: Nicedaymybro ($100 in chips) 
Seat 3: Manifestorr ($107.68 in chips) 
Seat 4: CashfishT ($100 in chips) 
Seat 5: An1an1 ($100 in chips) 
Seat 6: dany13051206 ($40.52 in chips) 
Manifestorr: posts small blind $0.50
CashfishT: posts big blind $1
*** HOLE CARDS ***
An1an1: raises $1 to $2
dany13051206: folds 
shootingGRID: folds 
Nicedaymybro: calls $2
Manifestorr: folds 
CashfishT: raises $11 to $13
An1an1: folds 
Nicedaymybro: folds 
Uncalled bet ($11) returned to CashfishT
CashfishT collected $6.50 from pot
CashfishT: doesn't show hand 
*** SUMMARY ***
Total pot $6.50 | Rake $0 
Seat 1: shootingGRID folded before Flop (didn't bet)
Seat 2: Nicedaymybro (button) folded before Flop
Seat 3: Manifestorr (small blind) folded before Flop
Seat 4: CashfishT (big blind) collected ($6.50)
Seat 5: An1an1 folded before Flop
Seat 6: dany13051206 folded before Flop (didn't bet)



PokerStars Hand #254683269214:  Hold'em No Limit ($0.50/$1.00 USD) - 2025/02/03 4:31:11 WET [2025/02/02 23:31:11 ET]
Table 'Rosina' 6-max Seat #3 is the button
Seat 1: shootingGRID ($100 in chips) 
Seat 2: Nicedaymybro ($100 in chips) 
Seat 3: Manifestorr ($107.18 in chips) 
Seat 4: CashfishT ($104.50 in chips) 
Seat 5: An1an1 ($100 in chips) 
Seat 6: dany13051206 ($40.52 in chips) 
CashfishT: posts small blind $0.50
An1an1: posts big blind $1
*** HOLE CARDS ***
dany13051206: raises $1 to $2
shootingGRID: folds 
Nicedaymybro: folds 
Manifestorr: folds 
CashfishT: folds 
An1an1: calls $1
*** FLOP *** [9h Qs Ad]
An1an1: checks 
dany13051206: bets $1
An1an1: calls $1
*** TURN *** [9h Qs Ad] [4s]
An1an1: checks 
dany13051206: checks 
*** RIVER *** [9h Qs Ad 4s] [8c]
An1an1: checks 
dany13051206: checks 
*** SHOW DOWN ***
An1an1: shows [7s 9d] (a pair of Nines)
dany13051206: mucks hand 
An1an1 collected $6.18 from pot
*** SUMMARY ***
Total pot $6.50 | Rake $0.32 
Board [9h Qs Ad 4s 8c]
Seat 1: shootingGRID folded before Flop (didn't bet)
Seat 2: Nicedaymybro folded before Flop (didn't bet)
Seat 3: Manifestorr (button) folded before Flop (didn't bet)
Seat 4: CashfishT (small blind) folded before Flop
Seat 5: An1an1 (big blind) showed [7s 9d] and won ($6.18) with a pair of Nines
Seat 6: dany13051206 mucked



PokerStars Hand #254683273335:  Hold'em No Limit ($0.50/$1.00 USD) - 2025/02/03 4:31:57 WET [2025/02/02 23:31:57 ET]
Table 'Rosina' 6-max Seat #4 is the button
Seat 1: shootingGRID ($100 in chips) 
Seat 2: Nicedaymybro ($100 in chips) 
Seat 3: Manifestorr ($107.18 in chips) 
Seat 4: CashfishT ($104 in chips) 
Seat 5: An1an1 ($103.18 in chips) 
Seat 6: dany13051206 ($37.52 in chips) 
An1an1: posts small blind $0.50
dany13051206: posts big blind $1
*** HOLE CARDS ***
shootingGRID: folds 
Nicedaymybro: folds 
Manifestorr: raises $1.20 to $2.20
CashfishT: folds 
An1an1: folds 
dany13051206: calls $1.20
*** FLOP *** [7d 6c Kh]
dany13051206: bets $2
Manifestorr: calls $2
*** TURN *** [7d 6c Kh] [Js]
dany13051206: bets $3
Manifestorr: calls $3
*** RIVER *** [7d 6c Kh Js] [3c]
dany13051206: bets $5
Manifestorr: folds 
Uncalled bet ($5) returned to dany13051206
dany13051206 collected $14.16 from pot
*** SUMMARY ***
Total pot $14.90 | Rake $0.74 
Board [7d 6c Kh Js 3c]
Seat 1: shootingGRID folded before Flop (didn't bet)
Seat 2: Nicedaymybro folded before Flop (didn't bet)
Seat 3: Manifestorr folded on the River
Seat 4: CashfishT (button) folded before Flop (didn't bet)
Seat 5: An1an1 (small blind) folded before Flop
Seat 6: dany13051206 (big blind) collected ($14.16)



PokerStars Hand #254683276446:  Hold'em No Limit ($0.50/$1.00 USD) - 2025/02/03 4:32:32 WET [2025/02/02 23:32:32 ET]
Table 'Rosina' 6-max Seat #5 is the button
Seat 1: shootingGRID ($100 in chips) 
Seat 2: Nicedaymybro ($100 in chips) 
Seat 3: Manifestorr ($100 in chips) 
Seat 4: CashfishT ($104 in chips) 
Seat 5: An1an1 ($102.68 in chips) 
Seat 6: dany13051206 ($44.48 in chips) 
dany13051206: posts small blind $0.50
shootingGRID: posts big blind $1
*** HOLE CARDS ***
Nicedaymybro: folds 
Manifestorr: folds 
CashfishT: raises $1.20 to $2.20
An1an1: folds 
dany13051206: calls $1.70
shootingGRID: calls $1.20
*** FLOP *** [6s Jc Qc]
dany13051206: bets $2
shootingGRID: raises $8.78 to $10.78
CashfishT: calls $10.78
dany13051206: folds 
*** TURN *** [6s Jc Qc] [7d]
shootingGRID: bets $31
CashfishT: folds 
Uncalled bet ($31) returned to shootingGRID
shootingGRID collected $28.65 from pot
*** SUMMARY ***
Total pot $30.16 | Rake $1.51 
Board [6s Jc Qc 7d]
Seat 1: shootingGRID (big blind) collected ($28.65)
Seat 2: Nicedaymybro folded before Flop (didn't bet)
Seat 3: Manifestorr folded before Flop (didn't bet)
Seat 4: CashfishT folded on the Turn
Seat 5: An1an1 (button) folded before Flop (didn't bet)
Seat 6: dany13051206 (small blind) folded on the Flop



PokerStars Hand #254683282683:  Hold'em No Limit ($0.50/$1.00 USD) - 2025/02/03 4:33:41 WET [2025/02/02 23:33:41 ET]
Table 'Rosina' 6-max Seat #6 is the button
Seat 1: shootingGRID ($115.67 in chips) 
Seat 2: Nicedaymybro ($100 in chips) 
Seat 3: Manifestorr ($100 in chips) 
Seat 4: CashfishT ($100 in chips) 
Seat 5: An1an1 ($102.68 in chips) 
Seat 6: dany13051206 ($40.28 in chips) 
shootingGRID: posts small blind $0.50
Nicedaymybro: posts big blind $1
*** HOLE CARDS ***
Manifestorr: folds 
CashfishT: raises $1.20 to $2.20
An1an1: folds 
dany13051206: calls $2.20
shootingGRID: folds 
Nicedaymybro: folds 
*** FLOP *** [Tc Ts 4s]
CashfishT: bets $1.40
dany13051206: folds 
Uncalled bet ($1.40) returned to CashfishT
CashfishT collected $5.60 from pot
CashfishT: doesn't show hand 
*** SUMMARY ***
Total pot $5.90 | Rake $0.30 
Board [Tc Ts 4s]
Seat 1: shootingGRID (small blind) folded before Flop
Seat 2: Nicedaymybro (big blind) folded before Flop
Seat 3: Manifestorr folded before Flop (didn't bet)
Seat 4: CashfishT collected ($5.60)
Seat 5: An1an1 folded before Flop (didn't bet)
Seat 6: dany13051206 (button) folded on the Flop



PokerStars Hand #254683285291:  Hold'em No Limit ($0.50/$1.00 USD) - 2025/02/03 4:34:09 WET [2025/02/02 23:34:09 ET]
Table 'Rosina' 6-max Seat #1 is the button
Seat 1: shootingGRID ($115.17 in chips) 
Seat 2: Nicedaymybro ($100 in chips) 
Seat 3: Manifestorr ($100 in chips) 
Seat 4: CashfishT ($103.40 in chips) 
Seat 5: An1an1 ($102.68 in chips) 
Seat 6: dany13051206 ($38.08 in chips) 
Nicedaymybro: posts small blind $0.50
Manifestorr: posts big blind $1
*** HOLE CARDS ***
CashfishT: folds 
An1an1: folds 
dany13051206: raises $1 to $2
shootingGRID: folds 
Nicedaymybro: folds 
Manifestorr: folds 
Uncalled bet ($1) returned to dany13051206
dany13051206 collected $2.50 from pot
*** SUMMARY ***
Total pot $2.50 | Rake $0 
Seat 1: shootingGRID (button) folded before Flop (didn't bet)
Seat 2: Nicedaymybro (small blind) folded before Flop
Seat 3: Manifestorr (big blind) folded before Flop
Seat 4: CashfishT folded before Flop (didn't bet)
Seat 5: An1an1 folded before Flop (didn't bet)
Seat 6: dany13051206 collected ($2.50)



PokerStars Hand #254683286355:  Hold'em No Limit ($0.50/$1.00 USD) - 2025/02/03 4:34:21 WET [2025/02/02 23:34:21 ET]
Table 'Rosina' 6-max Seat #2 is the button
Seat 1: shootingGRID ($115.17 in chips) 
Seat 2: Nicedaymybro ($100 in chips) 
Seat 3: Manifestorr ($100 in chips) 
Seat 4: CashfishT ($103.40 in chips) 
Seat 5: An1an1 ($102.68 in chips) 
Seat 6: dany13051206 ($39.58 in chips) 
Manifestorr: posts small blind $0.50
CashfishT: posts big blind $1
*** HOLE CARDS ***
An1an1: folds 
dany13051206: calls $1
shootingGRID: folds 
Nicedaymybro: folds 
Manifestorr: folds 
CashfishT: checks 
*** FLOP *** [3c Kc 3s]
CashfishT: checks 
dany13051206: checks 
*** TURN *** [3c Kc 3s] [As]
CashfishT: bets $1.79
dany13051206: folds 
Uncalled bet ($1.79) returned to CashfishT
CashfishT collected $2.38 from pot
CashfishT: doesn't show hand 
*** SUMMARY ***
Total pot $2.50 | Rake $0.12 
Board [3c Kc 3s As]
Seat 1: shootingGRID folded before Flop (didn't bet)
Seat 2: Nicedaymybro (button) folded before Flop (didn't bet)
Seat 3: Manifestorr (small blind) folded before Flop
Seat 4: CashfishT (big blind) collected ($2.38)
Seat 5: An1an1 folded before Flop (didn't bet)
Seat 6: dany13051206 folded on the Turn



PokerStars Hand #254683288829:  Hold'em No Limit ($0.50/$1.00 USD) - 2025/02/03 4:34:48 WET [2025/02/02 23:34:48 ET]
Table 'Rosina' 6-max Seat #3 is the button
Seat 1: shootingGRID ($115.17 in chips) 
Seat 2: Nicedaymybro ($100 in chips) 
Seat 3: Manifestorr ($100 in chips) 
Seat 4: CashfishT ($104.78 in chips) 
Seat 5: An1an1 ($102.68 in chips) 
Seat 6: dany13051206 ($38.58 in chips) 
CashfishT: posts small blind $0.50
An1an1: posts big blind $1
*** HOLE CARDS ***
dany13051206: raises $1 to $2
shootingGRID: folds 
Nicedaymybro: folds 
Manifestorr: folds 
CashfishT: folds 
An1an1: calls $1
*** FLOP *** [6c Kd 7h]
An1an1: checks 
dany13051206: bets $2.14
An1an1: calls $2.14
*** TURN *** [6c Kd 7h] [Ah]
An1an1: checks 
dany13051206: checks 
*** RIVER *** [6c Kd 7h Ah] [8s]
An1an1: checks 
dany13051206: bets $4.17
An1an1: calls $4.17
*** SHOW DOWN ***
dany13051206: shows [9c Ks] (a pair of Kings)
An1an1: mucks hand 
dany13051206 collected $16.26 from pot
*** SUMMARY ***
Total pot $17.12 | Rake $0.86 
Board [6c Kd 7h Ah 8s]
Seat 1: shootingGRID folded before Flop (didn't bet)
Seat 2: Nicedaymybro folded before Flop (didn't bet)
Seat 3: Manifestorr (button) folded before Flop (didn't bet)
Seat 4: CashfishT (small blind) folded before Flop
Seat 5: An1an1 (big blind) mucked
Seat 6: dany13051206 showed [9c Ks] and won ($16.26) with a pair of Kings



PokerStars Hand #254683293175:  Hold'em No Limit ($0.50/$1.00 USD) - 2025/02/03 4:35:36 WET [2025/02/02 23:35:36 ET]
Table 'Rosina' 6-max Seat #4 is the button
Seat 1: shootingGRID ($115.17 in chips) 
Seat 2: Nicedaymybro ($100 in chips) 
Seat 3: Manifestorr ($100 in chips) 
Seat 4: CashfishT ($104.28 in chips) 
Seat 5: An1an1 ($100 in chips) 
Seat 6: dany13051206 ($46.53 in chips) 
An1an1: posts small blind $0.50
dany13051206: posts big blind $1
*** HOLE CARDS ***
shootingGRID: raises $1.25 to $2.25
Nicedaymybro: folds 
Manifestorr: folds 
CashfishT: raises $4.75 to $7
An1an1: folds 
dany13051206: folds 
shootingGRID: folds 
Uncalled bet ($4.75) returned to CashfishT
CashfishT collected $6 from pot
CashfishT: doesn't show hand 
*** SUMMARY ***
Total pot $6 | Rake $0 
Seat 1: shootingGRID folded before Flop
Seat 2: Nicedaymybro folded before Flop (didn't bet)
Seat 3: Manifestorr folded before Flop (didn't bet)
Seat 4: CashfishT (button) collected ($6)
Seat 5: An1an1 (small blind) folded before Flop
Seat 6: dany13051206 (big blind) folded before Flop



PokerStars Hand #254683295681:  Hold'em No Limit ($0.50/$1.00 USD) - 2025/02/03 4:36:04 WET [2025/02/02 23:36:04 ET]
Table 'Rosina' 6-max Seat #5 is the button
Seat 1: shootingGRID ($112.92 in chips) 
Seat 2: Nicedaymybro ($100 in chips) 
Seat 3: Manifestorr ($100 in chips) 
Seat 4: CashfishT ($108.03 in chips) 
Seat 5: An1an1 ($100 in chips) 
Seat 6: dany13051206 ($45.53 in chips) 
dany13051206: posts small blind $0.50
shootingGRID: posts big blind $1
*** HOLE CARDS ***
Nicedaymybro: raises $1.50 to $2.50
Manifestorr: folds 
CashfishT: folds 
An1an1: folds 
dany13051206: calls $2
shootingGRID: folds 
*** FLOP *** [4h 5c 3c]
dany13051206: bets $1
Nicedaymybro: raises $5.78 to $6.78
CashfishT is disconnected 
dany13051206: folds 
Uncalled bet ($5.78) returned to Nicedaymybro
Nicedaymybro collected $7.60 from pot
Nicedaymybro: doesn't show hand 
*** SUMMARY ***
Total pot $8 | Rake $0.40 
Board [4h 5c 3c]
Seat 1: shootingGRID (big blind) folded before Flop
Seat 2: Nicedaymybro collected ($7.60)
Seat 3: Manifestorr folded before Flop (didn't bet)
Seat 4: CashfishT folded before Flop (didn't bet)
Seat 5: An1an1 (button) folded before Flop (didn't bet)
Seat 6: dany13051206 (small blind) folded on the Flop



PokerStars Hand #254683299640:  Hold'em No Limit ($0.50/$1.00 USD) - 2025/02/03 4:36:49 WET [2025/02/02 23:36:49 ET]
Table 'Rosina' 6-max Seat #6 is the button
Seat 1: shootingGRID ($111.92 in chips) 
Seat 2: Nicedaymybro ($104.10 in chips) 
Seat 3: Manifestorr ($100 in chips) 
Seat 4: CashfishT ($108.03 in chips) 
Seat 5: An1an1 ($100 in chips) 
Seat 6: dany13051206 ($42.03 in chips) 
shootingGRID: posts small blind $0.50
Nicedaymybro: posts big blind $1
*** HOLE CARDS ***
Manifestorr: folds 
CashfishT: raises $1.20 to $2.20
An1an1: folds 
dany13051206: calls $2.20
shootingGRID: folds 
Nicedaymybro: folds 
*** FLOP *** [9c 6d Ts]
CashfishT: checks 
dany13051206: checks 
*** TURN *** [9c 6d Ts] [Ah]
CashfishT: bets $4.20
dany13051206: folds 
Uncalled bet ($4.20) returned to CashfishT
CashfishT collected $5.60 from pot
CashfishT: doesn't show hand 
*** SUMMARY ***
Total pot $5.90 | Rake $0.30 
Board [9c 6d Ts Ah]
Seat 1: shootingGRID (small blind) folded before Flop
Seat 2: Nicedaymybro (big blind) folded before Flop
Seat 3: Manifestorr folded before Flop (didn't bet)
Seat 4: CashfishT collected ($5.60)
Seat 5: An1an1 folded before Flop (didn't bet)
Seat 6: dany13051206 (button) folded on the Turn



PokerStars Hand #254683302334:  Hold'em No Limit ($0.50/$1.00 USD) - 2025/02/03 4:37:19 WET [2025/02/02 23:37:19 ET]
Table 'Rosina' 6-max Seat #1 is the button
Seat 1: shootingGRID ($111.42 in chips) 
Seat 2: Nicedaymybro ($103.10 in chips) 
Seat 3: Manifestorr ($100 in chips) 
Seat 4: CashfishT ($111.43 in chips) 
Seat 5: An1an1 ($100 in chips) 
Seat 6: dany13051206 ($39.83 in chips) 
Nicedaymybro: posts small blind $0.50
Manifestorr: posts big blind $1
*** HOLE CARDS ***
CashfishT: folds 
An1an1: folds 
dany13051206: raises $1 to $2
shootingGRID: raises $5.50 to $7.50
Nicedaymybro: folds 
Manifestorr: folds 
dany13051206: calls $5.50
*** FLOP *** [Td 9h 3s]
dany13051206: bets $7.84
shootingGRID: raises $7.84 to $15.68
dany13051206: raises $16.65 to $32.33 and is all-in
shootingGRID: calls $16.65
*** TURN *** [Td 9h 3s] [8s]
*** RIVER *** [Td 9h 3s 8s] [2h]
*** SHOW DOWN ***
dany13051206: shows [Kc Kh] (a pair of Kings)
shootingGRID: shows [Ad Ah] (a pair of Aces)
shootingGRID collected $78.66 from pot
*** SUMMARY ***
Total pot $81.16 | Rake $2.50 
Board [Td 9h 3s 8s 2h]
Seat 1: shootingGRID (button) showed [Ad Ah] and won ($78.66) with a pair of Aces
Seat 2: Nicedaymybro (small blind) folded before Flop
Seat 3: Manifestorr (big blind) folded before Flop
Seat 4: CashfishT folded before Flop (didn't bet)
Seat 5: An1an1 folded before Flop (didn't bet)
Seat 6: dany13051206 showed [Kc Kh] and lost with a pair of Kings



PokerStars Hand #254683305617:  Hold'em No Limit ($0.50/$1.00 USD) - 2025/02/03 4:37:55 WET [2025/02/02 23:37:55 ET]
Table 'Rosina' 6-max Seat #2 is the button
Seat 1: shootingGRID ($150.25 in chips) 
Seat 2: Nicedaymybro ($102.60 in chips) 
Seat 3: Manifestorr ($100 in chips) 
Seat 4: CashfishT ($111.43 in chips) 
Seat 5: An1an1 ($100 in chips) 
dany13051206 leaves the table
Manifestorr: posts small blind $0.50
CashfishT: posts big blind $1
*** HOLE CARDS ***
An1an1: folds 
shootingGRID: raises $1.25 to $2.25
Nicedaymybro: folds 
An1an1 leaves the table
Manifestorr: folds 
CashfishT: calls $1.25
*** FLOP *** [6d 7d 7c]
CashfishT: checks 
shootingGRID: checks 
*** TURN *** [6d 7d 7c] [6s]
CashfishT: checks 
uuzka joins the table at seat #5 
shootingGRID: checks 
*** RIVER *** [6d 7d 7c 6s] [3d]
CashfishT: bets $9
shootingGRID: folds 
Uncalled bet ($9) returned to CashfishT
CashfishT collected $4.75 from pot
CashfishT: doesn't show hand 
*** SUMMARY ***
Total pot $5 | Rake $0.25 
Board [6d 7d 7c 6s 3d]
Seat 1: shootingGRID folded on the River
Seat 2: Nicedaymybro (button) folded before Flop (didn't bet)
Seat 3: Manifestorr (small blind) folded before Flop
Seat 4: CashfishT (big blind) collected ($4.75)
Seat 5: An1an1 folded before Flop (didn't bet)



PokerStars Hand #254683311012:  Hold'em No Limit ($0.50/$1.00 USD) - 2025/02/03 4:38:56 WET [2025/02/02 23:38:56 ET]
Table 'Rosina' 6-max Seat #3 is the button
Seat 5: uuzka ($100 in chips) is sitting out
Seat 1: shootingGRID ($148 in chips) 
Seat 2: Nicedaymybro ($102.60 in chips) 
Seat 3: Manifestorr ($100 in chips) 
shootingGRID: posts small blind $0.50
Nicedaymybro: posts big blind $1
*** HOLE CARDS ***
Manifestorr: raises $1.20 to $2.20
shootingGRID: folds 
Nicedaymybro: folds 
Uncalled bet ($1.20) returned to Manifestorr
Manifestorr collected $2.50 from pot
*** SUMMARY ***
Total pot $2.50 | Rake $0 
Seat 5: uuzka
Seat 1: shootingGRID (small blind) folded before Flop
Seat 2: Nicedaymybro (big blind) folded before Flop
Seat 3: Manifestorr (button) collected ($2.50)



PokerStars Hand #254683312716:  Hold'em No Limit ($0.50/$1.00 USD) - 2025/02/03 4:39:15 WET [2025/02/02 23:39:15 ET]
Table 'Rosina' 6-max Seat #1 is the button
Seat 5: uuzka ($100 in chips) is sitting out
Seat 1: shootingGRID ($147.50 in chips) 
Seat 2: Nicedaymybro ($101.60 in chips) 
Seat 3: Manifestorr ($101.50 in chips) 
Nicedaymybro: posts small blind $0.50
Manifestorr: posts big blind $1
uuzka: sits out 
*** HOLE CARDS ***
shootingGRID: raises $1.50 to $2.50
Nicedaymybro: folds 
Manifestorr: calls $1.50
*** FLOP *** [9c 6d 5s]
Manifestorr: checks 
shootingGRID: bets $1.72
Manifestorr: folds 
Uncalled bet ($1.72) returned to shootingGRID
shootingGRID collected $5.22 from pot
*** SUMMARY ***
Total pot $5.50 | Rake $0.28 
Board [9c 6d 5s]
Seat 5: uuzka
Seat 1: shootingGRID (button) collected ($5.22)
Seat 2: Nicedaymybro (small blind) folded before Flop
Seat 3: Manifestorr (big blind) folded on the Flop



PokerStars Hand #254683316034:  Hold'em No Limit ($0.50/$1.00 USD) - 2025/02/03 4:39:52 WET [2025/02/02 23:39:52 ET]
Table 'Rosina' 6-max Seat #2 is the button
Seat 1: shootingGRID ($150.22 in chips) 
Seat 2: Nicedaymybro ($101.10 in chips) 
Seat 3: Manifestorr ($100 in chips) 
Seat 5: uuzka ($100 in chips) 
Manifestorr: posts small blind $0.50
uuzka: posts big blind $1
*** HOLE CARDS ***
shootingGRID: folds 
Nicedaymybro: folds 
Manifestorr: folds 
Uncalled bet ($0.50) returned to uuzka
uuzka collected $1 from pot
uuzka: doesn't show hand 
*** SUMMARY ***
Total pot $1 | Rake $0 
Seat 1: shootingGRID folded before Flop (didn't bet)
Seat 2: Nicedaymybro (button) folded before Flop (didn't bet)
Seat 3: Manifestorr (small blind) folded before Flop
Seat 5: uuzka (big blind) collected ($1)



PokerStars Hand #254683316803:  Hold'em No Limit ($0.50/$1.00 USD) - 2025/02/03 4:40:01 WET [2025/02/02 23:40:01 ET]
Table 'Rosina' 6-max Seat #3 is the button
Seat 1: shootingGRID ($150.22 in chips) 
Seat 2: Nicedaymybro ($101.10 in chips) 
Seat 3: Manifestorr ($100 in chips) 
Seat 5: uuzka ($100.50 in chips) 
uuzka: posts small blind $0.50
shootingGRID: posts big blind $1
*** HOLE CARDS ***
Nicedaymybro: raises $1.50 to $2.50
Manifestorr: folds 
uuzka: folds 
shootingGRID: folds 
Uncalled bet ($1.50) returned to Nicedaymybro
Nicedaymybro collected $2.50 from pot
Nicedaymybro: doesn't show hand 
*** SUMMARY ***
Total pot $2.50 | Rake $0 
Seat 1: shootingGRID (big blind) folded before Flop
Seat 2: Nicedaymybro collected ($2.50)
Seat 3: Manifestorr (button) folded before Flop (didn't bet)
Seat 5: uuzka (small blind) folded before Flop



PokerStars Hand #254683318020:  Hold'em No Limit ($0.50/$1.00 USD) - 2025/02/03 4:40:14 WET [2025/02/02 23:40:14 ET]
Table 'Rosina' 6-max Seat #5 is the button
Seat 2: Nicedaymybro ($102.60 in chips) is sitting out
Seat 1: shootingGRID ($149.22 in chips) 
Seat 3: Manifestorr ($100 in chips) 
Seat 5: uuzka ($100 in chips) 
shootingGRID: posts small blind $0.50
Nicedaymybro: is sitting out 
Manifestorr: posts big blind $1
*** HOLE CARDS ***
Nicedaymybro leaves the table
uuzka: folds 
uuzka leaves the table
shootingGRID: raises $2 to $3
Manifestorr: folds 
Uncalled bet ($2) returned to shootingGRID
shootingGRID collected $2 from pot
*** SUMMARY ***
Total pot $2 | Rake $0 
Seat 2: Nicedaymybro
Seat 1: shootingGRID (small blind) collected ($2)
Seat 3: Manifestorr (big blind) folded before Flop
Seat 5: uuzka (button) folded before Flop (didn't bet)



PokerStars Hand #254683319704:  Hold'em No Limit ($0.50/$1.00 USD) - 2025/02/03 4:40:34 WET [2025/02/02 23:40:34 ET]
Table 'Rosina' 6-max Seat #3 is the button
Seat 1: shootingGRID ($150.22 in chips) 
Seat 3: Manifestorr ($100 in chips) 
Manifestorr: posts small blind $0.50
shootingGRID: posts big blind $1
*** HOLE CARDS ***
Manifestorr: raises $1 to $2
shootingGRID: calls $1
*** FLOP *** [Qd Kd Td]
shootingGRID: checks 
Manifestorr: bets $1.25
shootingGRID: calls $1.25
*** TURN *** [Qd Kd Td] [7s]
shootingGRID: checks 
Manifestorr: bets $4.64
shootingGRID: calls $4.64
*** RIVER *** [Qd Kd Td 7s] [2c]
shootingGRID: checks 
Manifestorr: checks 
*** SHOW DOWN ***
shootingGRID: shows [Ks 6s] (a pair of Kings)
Manifestorr: shows [Ad Kh] (a pair of Kings - Ace kicker)
Manifestorr collected $14.99 from pot
*** SUMMARY ***
Total pot $15.78 | Rake $0.79 
Board [Qd Kd Td 7s 2c]
Seat 1: shootingGRID (big blind) showed [Ks 6s] and lost with a pair of Kings
Seat 3: Manifestorr (button) (small blind) showed [Ad Kh] and won ($14.99) with a pair of Kings



