PokerStars Hand #254693790796:  Hold'em No Limit ($0.50/$1.00 USD) - 2025/02/03 21:49:04 WET [2025/02/03 16:49:04 ET]
Table 'Altair II' 6-max Seat #2 is the button
Seat 1: Withnail23 ($106.39 in chips) 
Seat 2: B19 5L1CK ($13.52 in chips) 
Seat 3: Espada Fish ($100 in chips) 
Seat 4: LuckyShikari ($100 in chips) 
Seat 5: Poker9803 ($102 in chips) 
Seat 6: yzuk ($100 in chips) 
Espada Fish: posts small blind $0.50
LuckyShikari: posts big blind $1
*** HOLE CARDS ***
Poker9803: folds 
yzuk: folds 
Withnail23: folds 
B19 5L1CK: raises $1.25 to $2.25
Espada Fish: raises $11.75 to $14
LuckyShikari: folds 
B19 5L1CK: calls $11.27 and is all-in
Uncalled bet ($0.48) returned to Espada Fish
*** FLOP *** [4h 5c 6c]
*** TURN *** [4h 5c 6c] [3c]
*** RIVER *** [4h 5c 6c 3c] [9h]
*** SHOW DOWN ***
Espada Fish: shows [Th Td] (a pair of Tens)
B19 5L1CK: shows [Kh Js] (high card King)
Espada Fish cashed out the hand for $14.77 | Cash Out Fee $0.30
*** SUMMARY ***
Total pot $28.04 | Rake $1.40 
Board [4h 5c 6c 3c 9h]
Seat 1: Withnail23 folded before Flop (didn't bet)
Seat 2: B19 5L1CK (button) showed [Kh Js] and lost with high card King
Seat 3: Espada Fish (small blind) showed [Th Td] and won ($26.64) with a pair of Tens (pot not awarded as player cashed out)
Seat 4: LuckyShikari (big blind) folded before Flop
Seat 5: Poker9803 folded before Flop (didn't bet)
Seat 6: yzuk folded before Flop (didn't bet)



PokerStars Hand #254693803486:  Hold'em No Limit ($0.50/$1.00 USD) - 2025/02/03 21:49:43 WET [2025/02/03 16:49:43 ET]
Table 'Altair II' 6-max Seat #3 is the button
Seat 2: B19 5L1CK ($0 in chips) is sitting out
Seat 1: Withnail23 ($106.39 in chips) 
Seat 3: Espada Fish ($101.25 in chips) 
Seat 4: LuckyShikari ($100 in chips) 
Seat 5: Poker9803 ($102 in chips) 
Seat 6: yzuk ($100 in chips) 
LuckyShikari: posts small blind $0.50
Poker9803: posts big blind $1
*** HOLE CARDS ***
yzuk: folds 
Withnail23: folds 
Espada Fish: folds 
LuckyShikari: raises $1.50 to $2.50
Poker9803: folds 
Uncalled bet ($1.50) returned to LuckyShikari
LuckyShikari collected $2 from pot
LuckyShikari: doesn't show hand 
*** SUMMARY ***
Total pot $2 | Rake $0 
Seat 2: B19 5L1CK
Seat 1: Withnail23 folded before Flop (didn't bet)
Seat 3: Espada Fish (button) folded before Flop (didn't bet)
Seat 4: LuckyShikari (small blind) collected ($2)
Seat 5: Poker9803 (big blind) folded before Flop
Seat 6: yzuk folded before Flop (didn't bet)



PokerStars Hand #254693808905:  Hold'em No Limit ($0.50/$1.00 USD) - 2025/02/03 21:50:00 WET [2025/02/03 16:50:00 ET]
Table 'Altair II' 6-max Seat #4 is the button
Seat 1: Withnail23 ($106.39 in chips) 
Seat 2: B19 5L1CK ($10 in chips) 
Seat 3: Espada Fish ($101.25 in chips) 
Seat 4: LuckyShikari ($101 in chips) 
Seat 5: Poker9803 ($101 in chips) 
Seat 6: yzuk ($100 in chips) 
Poker9803: posts small blind $0.50
yzuk: posts big blind $1
*** HOLE CARDS ***
Withnail23: folds 
B19 5L1CK: folds 
Espada Fish: folds 
LuckyShikari: raises $1 to $2
Poker9803: folds 
yzuk: folds 
Uncalled bet ($1) returned to LuckyShikari
LuckyShikari collected $2.50 from pot
LuckyShikari: doesn't show hand 
*** SUMMARY ***
Total pot $2.50 | Rake $0 
Seat 1: Withnail23 folded before Flop (didn't bet)
Seat 2: B19 5L1CK folded before Flop (didn't bet)
Seat 3: Espada Fish folded before Flop (didn't bet)
Seat 4: LuckyShikari (button) collected ($2.50)
Seat 5: Poker9803 (small blind) folded before Flop
Seat 6: yzuk (big blind) folded before Flop



PokerStars Hand #254693814868:  Hold'em No Limit ($0.50/$1.00 USD) - 2025/02/03 21:50:18 WET [2025/02/03 16:50:18 ET]
Table 'Altair II' 6-max Seat #5 is the button
Seat 1: Withnail23 ($106.39 in chips) 
Seat 2: B19 5L1CK ($10 in chips) 
Seat 3: Espada Fish ($101.25 in chips) 
Seat 4: LuckyShikari ($102.50 in chips) 
Seat 5: Poker9803 ($100.50 in chips) 
Seat 6: yzuk ($100 in chips) 
yzuk: posts small blind $0.50
Withnail23: posts big blind $1
*** HOLE CARDS ***
B19 5L1CK: raises $9 to $10 and is all-in
Espada Fish: folds 
LuckyShikari: folds 
Poker9803: folds 
yzuk: folds 
Withnail23: folds 
Uncalled bet ($9) returned to B19 5L1CK
B19 5L1CK collected $2.50 from pot
B19 5L1CK: doesn't show hand 
*** SUMMARY ***
Total pot $2.50 | Rake $0 
Seat 1: Withnail23 (big blind) folded before Flop
Seat 2: B19 5L1CK collected ($2.50)
Seat 3: Espada Fish folded before Flop (didn't bet)
Seat 4: LuckyShikari folded before Flop (didn't bet)
Seat 5: Poker9803 (button) folded before Flop (didn't bet)
Seat 6: yzuk (small blind) folded before Flop



PokerStars Hand #254693819525:  Hold'em No Limit ($0.50/$1.00 USD) - 2025/02/03 21:50:33 WET [2025/02/03 16:50:33 ET]
Table 'Altair II' 6-max Seat #6 is the button
Seat 1: Withnail23 ($105.39 in chips) 
Seat 2: B19 5L1CK ($11.50 in chips) 
Seat 3: Espada Fish ($101.25 in chips) 
Seat 4: LuckyShikari ($102.50 in chips) 
Seat 5: Poker9803 ($100.50 in chips) 
Seat 6: yzuk ($100 in chips) 
Withnail23: posts small blind $0.50
B19 5L1CK: posts big blind $1
*** HOLE CARDS ***
Espada Fish: raises $1.20 to $2.20
LuckyShikari: calls $2.20
Poker9803: folds 
yzuk: folds 
Withnail23: calls $1.70
B19 5L1CK: calls $1.20
*** FLOP *** [Ah Kc 3s]
Withnail23: checks 
B19 5L1CK: checks 
Espada Fish: bets $2.76
LuckyShikari: folds 
Withnail23: folds 
B19 5L1CK: folds 
Uncalled bet ($2.76) returned to Espada Fish
Espada Fish collected $8.36 from pot
Espada Fish: doesn't show hand 
*** SUMMARY ***
Total pot $8.80 | Rake $0.44 
Board [Ah Kc 3s]
Seat 1: Withnail23 (small blind) folded on the Flop
Seat 2: B19 5L1CK (big blind) folded on the Flop
Seat 3: Espada Fish collected ($8.36)
Seat 4: LuckyShikari folded on the Flop
Seat 5: Poker9803 folded before Flop (didn't bet)
Seat 6: yzuk (button) folded before Flop (didn't bet)



PokerStars Hand #254693844782:  Hold'em No Limit ($0.50/$1.00 USD) - 2025/02/03 21:51:52 WET [2025/02/03 16:51:52 ET]
Table 'Altair II' 6-max Seat #1 is the button
Seat 1: Withnail23 ($103.19 in chips) 
Seat 2: B19 5L1CK ($9.30 in chips) 
Seat 3: Espada Fish ($107.41 in chips) 
Seat 4: LuckyShikari ($100.30 in chips) 
Seat 5: Poker9803 ($100.50 in chips) 
Seat 6: yzuk ($100 in chips) 
B19 5L1CK: posts small blind $0.50
Espada Fish: posts big blind $1
*** HOLE CARDS ***
LuckyShikari: folds 
Poker9803: folds 
yzuk: folds 
Withnail23: calls $1
B19 5L1CK: calls $0.50
Espada Fish: raises $4.50 to $5.50
Withnail23: calls $4.50
B19 5L1CK: folds 
*** FLOP *** [Ac 6d 4c]
Espada Fish: bets $3.76
Withnail23: folds 
Uncalled bet ($3.76) returned to Espada Fish
Espada Fish collected $11.40 from pot
Espada Fish: doesn't show hand 
*** SUMMARY ***
Total pot $12 | Rake $0.60 
Board [Ac 6d 4c]
Seat 1: Withnail23 (button) folded on the Flop
Seat 2: B19 5L1CK (small blind) folded before Flop
Seat 3: Espada Fish (big blind) collected ($11.40)
Seat 4: LuckyShikari folded before Flop (didn't bet)
Seat 5: Poker9803 folded before Flop (didn't bet)
Seat 6: yzuk folded before Flop (didn't bet)



PokerStars Hand #254693861928:  Hold'em No Limit ($0.50/$1.00 USD) - 2025/02/03 21:52:45 WET [2025/02/03 16:52:45 ET]
Table 'Altair II' 6-max Seat #2 is the button
Seat 1: Withnail23 ($97.69 in chips) 
Seat 2: B19 5L1CK ($8.30 in chips) 
Seat 3: Espada Fish ($113.31 in chips) 
Seat 4: LuckyShikari ($100.30 in chips) 
Seat 5: Poker9803 ($100.50 in chips) 
Seat 6: yzuk ($100 in chips) 
Espada Fish: posts small blind $0.50
LuckyShikari: posts big blind $1
*** HOLE CARDS ***
Poker9803: folds 
yzuk: folds 
Withnail23: raises $1 to $2
B19 5L1CK: folds 
Espada Fish: folds 
LuckyShikari: calls $1
*** FLOP *** [Kd Qh 4s]
LuckyShikari: checks 
Withnail23: bets $3
LuckyShikari: calls $3
*** TURN *** [Kd Qh 4s] [3h]
LuckyShikari: checks 
Withnail23: bets $5
LuckyShikari: calls $5
*** RIVER *** [Kd Qh 4s 3h] [Td]
LuckyShikari: checks 
Withnail23: bets $6
LuckyShikari: folds 
Uncalled bet ($6) returned to Withnail23
Withnail23 collected $19.48 from pot
*** SUMMARY ***
Total pot $20.50 | Rake $1.02 
Board [Kd Qh 4s 3h Td]
Seat 1: Withnail23 collected ($19.48)
Seat 2: B19 5L1CK (button) folded before Flop (didn't bet)
Seat 3: Espada Fish (small blind) folded before Flop
Seat 4: LuckyShikari (big blind) folded on the River
Seat 5: Poker9803 folded before Flop (didn't bet)
Seat 6: yzuk folded before Flop (didn't bet)



PokerStars Hand #254693881585:  Hold'em No Limit ($0.50/$1.00 USD) - 2025/02/03 21:53:47 WET [2025/02/03 16:53:47 ET]
Table 'Altair II' 6-max Seat #3 is the button
Seat 1: Withnail23 ($107.17 in chips) 
Seat 2: B19 5L1CK ($8.30 in chips) 
Seat 3: Espada Fish ($112.81 in chips) 
Seat 4: LuckyShikari ($100 in chips) 
Seat 5: Poker9803 ($100.50 in chips) 
Seat 6: yzuk ($100 in chips) 
LuckyShikari: posts small blind $0.50
Poker9803: posts big blind $1
*** HOLE CARDS ***
yzuk: folds 
Withnail23: raises $1 to $2
B19 5L1CK: folds 
Espada Fish: folds 
LuckyShikari: folds 
Poker9803: calls $1
*** FLOP *** [4s 9h 7h]
Poker9803: checks 
Withnail23: checks 
*** TURN *** [4s 9h 7h] [4c]
Poker9803: bets $6.42
Withnail23: raises $6.42 to $12.84
Poker9803: calls $6.42
*** RIVER *** [4s 9h 7h 4c] [Kh]
Poker9803: checks 
Withnail23: bets $28.67
Poker9803: folds 
Uncalled bet ($28.67) returned to Withnail23
Withnail23 collected $28.67 from pot
*** SUMMARY ***
Total pot $30.18 | Rake $1.51 
Board [4s 9h 7h 4c Kh]
Seat 1: Withnail23 collected ($28.67)
Seat 2: B19 5L1CK folded before Flop (didn't bet)
Seat 3: Espada Fish (button) folded before Flop (didn't bet)
Seat 4: LuckyShikari (small blind) folded before Flop
Seat 5: Poker9803 (big blind) folded on the River
Seat 6: yzuk folded before Flop (didn't bet)



PokerStars Hand #254693910977:  Hold'em No Limit ($0.50/$1.00 USD) - 2025/02/03 21:55:24 WET [2025/02/03 16:55:24 ET]
Table 'Altair II' 6-max Seat #4 is the button
Seat 1: Withnail23 ($121 in chips) 
Seat 2: B19 5L1CK ($8.30 in chips) 
Seat 3: Espada Fish ($112.81 in chips) 
Seat 4: LuckyShikari ($100 in chips) 
Seat 5: Poker9803 ($100 in chips) 
Seat 6: yzuk ($100 in chips) 
Poker9803: posts small blind $0.50
yzuk: posts big blind $1
*** HOLE CARDS ***
Withnail23: folds 
B19 5L1CK: folds 
Espada Fish: folds 
LuckyShikari: raises $1.50 to $2.50
Poker9803: folds 
yzuk: raises $10 to $12.50
LuckyShikari: calls $10
*** FLOP *** [4d Kc 9h]
yzuk: bets $8.23
LuckyShikari: folds 
Uncalled bet ($8.23) returned to yzuk
yzuk collected $24.22 from pot
yzuk: doesn't show hand 
*** SUMMARY ***
Total pot $25.50 | Rake $1.28 
Board [4d Kc 9h]
Seat 1: Withnail23 folded before Flop (didn't bet)
Seat 2: B19 5L1CK folded before Flop (didn't bet)
Seat 3: Espada Fish folded before Flop (didn't bet)
Seat 4: LuckyShikari (button) folded on the Flop
Seat 5: Poker9803 (small blind) folded before Flop
Seat 6: yzuk (big blind) collected ($24.22)



PokerStars Hand #254693919890:  Hold'em No Limit ($0.50/$1.00 USD) - 2025/02/03 21:56:05 WET [2025/02/03 16:56:05 ET]
Table 'Altair II' 6-max Seat #5 is the button
Seat 1: Withnail23 ($121 in chips) 
Seat 2: B19 5L1CK ($8.30 in chips) 
Seat 3: Espada Fish ($112.81 in chips) 
Seat 4: LuckyShikari ($100 in chips) 
Seat 5: Poker9803 ($100 in chips) 
Seat 6: yzuk ($111.72 in chips) 
yzuk: posts small blind $0.50
Withnail23: posts big blind $1
*** HOLE CARDS ***
B19 5L1CK: folds 
Espada Fish: raises $1.20 to $2.20
LuckyShikari: folds 
Poker9803: folds 
yzuk: folds 
Withnail23: calls $1.20
*** FLOP *** [Ts 7c 3s]
Withnail23: bets $3
Espada Fish: calls $3
*** TURN *** [Ts 7c 3s] [4d]
Withnail23: bets $4
Espada Fish: raises $13.77 to $17.77
Withnail23: calls $13.77
*** RIVER *** [Ts 7c 3s 4d] [Kd]
Withnail23: bets $5
Espada Fish: calls $5
*** SHOW DOWN ***
Withnail23: shows [Tc Jd] (a pair of Tens)
Espada Fish: shows [Qd Td] (a pair of Tens - King+Queen kicker)
Espada Fish collected $53.94 from pot
*** SUMMARY ***
Total pot $56.44 | Rake $2.50 
Board [Ts 7c 3s 4d Kd]
Seat 1: Withnail23 (big blind) showed [Tc Jd] and lost with a pair of Tens
Seat 2: B19 5L1CK folded before Flop (didn't bet)
Seat 3: Espada Fish showed [Qd Td] and won ($53.94) with a pair of Tens
Seat 4: LuckyShikari folded before Flop (didn't bet)
Seat 5: Poker9803 (button) folded before Flop (didn't bet)
Seat 6: yzuk (small blind) folded before Flop



PokerStars Hand #254693937729:  Hold'em No Limit ($0.50/$1.00 USD) - 2025/02/03 21:57:25 WET [2025/02/03 16:57:25 ET]
Table 'Altair II' 6-max Seat #6 is the button
Seat 1: Withnail23 ($93.03 in chips) 
Seat 2: B19 5L1CK ($8.30 in chips) 
Seat 3: Espada Fish ($138.78 in chips) 
Seat 4: LuckyShikari ($100 in chips) 
Seat 5: Poker9803 ($100 in chips) 
Seat 6: yzuk ($111.22 in chips) 
Withnail23: posts small blind $0.50
B19 5L1CK: posts big blind $1
*** HOLE CARDS ***
Espada Fish: folds 
LuckyShikari: raises $1.50 to $2.50
Poker9803: raises $6 to $8.50
yzuk: folds 
Withnail23: folds 
B19 5L1CK: folds 
LuckyShikari: folds 
Uncalled bet ($6) returned to Poker9803
Poker9803 collected $6.50 from pot
Poker9803: doesn't show hand 
*** SUMMARY ***
Total pot $6.50 | Rake $0 
Seat 1: Withnail23 (small blind) folded before Flop
Seat 2: B19 5L1CK (big blind) folded before Flop
Seat 3: Espada Fish folded before Flop (didn't bet)
Seat 4: LuckyShikari folded before Flop
Seat 5: Poker9803 collected ($6.50)
Seat 6: yzuk (button) folded before Flop (didn't bet)



PokerStars Hand #254693946358:  Hold'em No Limit ($0.50/$1.00 USD) - 2025/02/03 21:58:05 WET [2025/02/03 16:58:05 ET]
Table 'Altair II' 6-max Seat #1 is the button
Seat 1: Withnail23 ($92.53 in chips) 
Seat 2: B19 5L1CK ($7.30 in chips) 
Seat 3: Espada Fish ($138.78 in chips) 
Seat 4: LuckyShikari ($100 in chips) 
Seat 5: Poker9803 ($104 in chips) 
Seat 6: yzuk ($111.22 in chips) 
B19 5L1CK: posts small blind $0.50
Espada Fish: posts big blind $1
*** HOLE CARDS ***
LuckyShikari: folds 
Poker9803: folds 
yzuk: raises $1.50 to $2.50
Withnail23: folds 
B19 5L1CK: folds 
Espada Fish: calls $1.50
*** FLOP *** [4d 8s Qc]
Espada Fish: checks 
yzuk: checks 
*** TURN *** [4d 8s Qc] [9s]
Espada Fish: bets $6.94
yzuk: folds 
Uncalled bet ($6.94) returned to Espada Fish
Espada Fish collected $5.22 from pot
Espada Fish: doesn't show hand 
*** SUMMARY ***
Total pot $5.50 | Rake $0.28 
Board [4d 8s Qc 9s]
Seat 1: Withnail23 (button) folded before Flop (didn't bet)
Seat 2: B19 5L1CK (small blind) folded before Flop
Seat 3: Espada Fish (big blind) collected ($5.22)
Seat 4: LuckyShikari folded before Flop (didn't bet)
Seat 5: Poker9803 folded before Flop (didn't bet)
Seat 6: yzuk folded on the Turn



PokerStars Hand #254693969715:  Hold'em No Limit ($0.50/$1.00 USD) - 2025/02/03 21:59:51 WET [2025/02/03 16:59:51 ET]
Table 'Altair II' 6-max Seat #2 is the button
Seat 1: Withnail23 ($92.53 in chips) 
Seat 2: B19 5L1CK ($6.80 in chips) 
Seat 3: Espada Fish ($141.50 in chips) 
Seat 4: LuckyShikari ($100 in chips) 
Seat 5: Poker9803 ($104 in chips) 
Seat 6: yzuk ($108.72 in chips) 
Espada Fish: posts small blind $0.50
LuckyShikari: posts big blind $1
*** HOLE CARDS ***
Poker9803: raises $1.50 to $2.50
yzuk: folds 
Withnail23: folds 
B19 5L1CK: folds 
Espada Fish: folds 
LuckyShikari: folds 
Uncalled bet ($1.50) returned to Poker9803
Poker9803 collected $2.50 from pot
Poker9803: doesn't show hand 
*** SUMMARY ***
Total pot $2.50 | Rake $0 
Seat 1: Withnail23 folded before Flop (didn't bet)
Seat 2: B19 5L1CK (button) folded before Flop (didn't bet)
Seat 3: Espada Fish (small blind) folded before Flop
Seat 4: LuckyShikari (big blind) folded before Flop
Seat 5: Poker9803 collected ($2.50)
Seat 6: yzuk folded before Flop (didn't bet)



PokerStars Hand #254693973642:  Hold'em No Limit ($0.50/$1.00 USD) - 2025/02/03 22:00:08 WET [2025/02/03 17:00:08 ET]
Table 'Altair II' 6-max Seat #3 is the button
Seat 1: Withnail23 ($92.53 in chips) 
Seat 2: B19 5L1CK ($6.80 in chips) 
Seat 3: Espada Fish ($141 in chips) 
Seat 4: LuckyShikari ($100 in chips) 
Seat 5: Poker9803 ($105.50 in chips) 
Seat 6: yzuk ($108.72 in chips) 
LuckyShikari: posts small blind $0.50
Poker9803: posts big blind $1
*** HOLE CARDS ***
yzuk: folds 
Withnail23: folds 
B19 5L1CK: folds 
Espada Fish: folds 
LuckyShikari: raises $1.50 to $2.50
Poker9803: folds 
Uncalled bet ($1.50) returned to LuckyShikari
LuckyShikari collected $2 from pot
LuckyShikari: doesn't show hand 
*** SUMMARY ***
Total pot $2 | Rake $0 
Seat 1: Withnail23 folded before Flop (didn't bet)
Seat 2: B19 5L1CK folded before Flop (didn't bet)
Seat 3: Espada Fish (button) folded before Flop (didn't bet)
Seat 4: LuckyShikari (small blind) collected ($2)
Seat 5: Poker9803 (big blind) folded before Flop
Seat 6: yzuk folded before Flop (didn't bet)



PokerStars Hand #254693976552:  Hold'em No Limit ($0.50/$1.00 USD) - 2025/02/03 22:00:22 WET [2025/02/03 17:00:22 ET]
Table 'Altair II' 6-max Seat #4 is the button
Seat 1: Withnail23 ($92.53 in chips) 
Seat 2: B19 5L1CK ($6.80 in chips) 
Seat 3: Espada Fish ($141 in chips) 
Seat 4: LuckyShikari ($101 in chips) 
Seat 5: Poker9803 ($104.50 in chips) 
Seat 6: yzuk ($108.72 in chips) 
Poker9803: posts small blind $0.50
yzuk: posts big blind $1
*** HOLE CARDS ***
Withnail23: raises $1 to $2
B19 5L1CK: folds 
Espada Fish: folds 
LuckyShikari: folds 
Poker9803: folds 
yzuk: folds 
Uncalled bet ($1) returned to Withnail23
Withnail23 collected $2.50 from pot
*** SUMMARY ***
Total pot $2.50 | Rake $0 
Seat 1: Withnail23 collected ($2.50)
Seat 2: B19 5L1CK folded before Flop (didn't bet)
Seat 3: Espada Fish folded before Flop (didn't bet)
Seat 4: LuckyShikari (button) folded before Flop (didn't bet)
Seat 5: Poker9803 (small blind) folded before Flop
Seat 6: yzuk (big blind) folded before Flop



PokerStars Hand #254693979792:  Hold'em No Limit ($0.50/$1.00 USD) - 2025/02/03 22:00:36 WET [2025/02/03 17:00:36 ET]
Table 'Altair II' 6-max Seat #5 is the button
Seat 1: Withnail23 ($94.03 in chips) 
Seat 2: B19 5L1CK ($6.80 in chips) 
Seat 3: Espada Fish ($141 in chips) 
Seat 4: LuckyShikari ($101 in chips) 
Seat 5: Poker9803 ($104 in chips) 
Seat 6: yzuk ($107.72 in chips) 
yzuk: posts small blind $0.50
Withnail23: posts big blind $1
*** HOLE CARDS ***
B19 5L1CK: folds 
Espada Fish: raises $1.20 to $2.20
LuckyShikari: raises $4.80 to $7
Poker9803: folds 
yzuk: folds 
Withnail23: folds 
Espada Fish: raises $14 to $21
LuckyShikari: folds 
Uncalled bet ($14) returned to Espada Fish
Espada Fish collected $15.50 from pot
Espada Fish: doesn't show hand 
*** SUMMARY ***
Total pot $15.50 | Rake $0 
Seat 1: Withnail23 (big blind) folded before Flop
Seat 2: B19 5L1CK folded before Flop (didn't bet)
Seat 3: Espada Fish collected ($15.50)
Seat 4: LuckyShikari folded before Flop
Seat 5: Poker9803 (button) folded before Flop (didn't bet)
Seat 6: yzuk (small blind) folded before Flop



PokerStars Hand #254693993771:  Hold'em No Limit ($0.50/$1.00 USD) - 2025/02/03 22:01:28 WET [2025/02/03 17:01:28 ET]
Table 'Altair II' 6-max Seat #6 is the button
Seat 1: Withnail23 ($93.03 in chips) 
Seat 2: B19 5L1CK ($6.80 in chips) 
Seat 3: Espada Fish ($149.50 in chips) 
Seat 4: LuckyShikari ($100 in chips) 
Seat 5: Poker9803 ($104 in chips) 
Seat 6: yzuk ($107.22 in chips) 
Withnail23: posts small blind $0.50
B19 5L1CK: posts big blind $1
*** HOLE CARDS ***
Espada Fish: folds 
LuckyShikari: raises $1.50 to $2.50
Poker9803: folds 
yzuk: folds 
Withnail23: calls $2
B19 5L1CK: folds 
*** FLOP *** [Kh 6s 3h]
Withnail23: bets $1
LuckyShikari: raises $4 to $5
Withnail23: calls $4
*** TURN *** [Kh 6s 3h] [Qd]
Withnail23: checks 
LuckyShikari: checks 
*** RIVER *** [Kh 6s 3h Qd] [3d]
Withnail23: checks 
LuckyShikari: bets $9
Withnail23: folds 
Uncalled bet ($9) returned to LuckyShikari
LuckyShikari collected $15.20 from pot
LuckyShikari: doesn't show hand 
*** SUMMARY ***
Total pot $16 | Rake $0.80 
Board [Kh 6s 3h Qd 3d]
Seat 1: Withnail23 (small blind) folded on the River
Seat 2: B19 5L1CK (big blind) folded before Flop
Seat 3: Espada Fish folded before Flop (didn't bet)
Seat 4: LuckyShikari collected ($15.20)
Seat 5: Poker9803 folded before Flop (didn't bet)
Seat 6: yzuk (button) folded before Flop (didn't bet)



PokerStars Hand #254694014053:  Hold'em No Limit ($0.50/$1.00 USD) - 2025/02/03 22:02:36 WET [2025/02/03 17:02:36 ET]
Table 'Altair II' 6-max Seat #1 is the button
Seat 1: Withnail23 ($85.53 in chips) 
Seat 2: B19 5L1CK ($5.80 in chips) 
Seat 3: Espada Fish ($149.50 in chips) 
Seat 4: LuckyShikari ($107.70 in chips) 
Seat 5: Poker9803 ($104 in chips) 
Seat 6: yzuk ($107.22 in chips) 
B19 5L1CK: posts small blind $0.50
Espada Fish: posts big blind $1
*** HOLE CARDS ***
LuckyShikari: raises $1.50 to $2.50
Poker9803: folds 
yzuk: folds 
Withnail23: folds 
B19 5L1CK: folds 
Espada Fish: folds 
Uncalled bet ($1.50) returned to LuckyShikari
LuckyShikari collected $2.50 from pot
LuckyShikari: doesn't show hand 
*** SUMMARY ***
Total pot $2.50 | Rake $0 
Seat 1: Withnail23 (button) folded before Flop (didn't bet)
Seat 2: B19 5L1CK (small blind) folded before Flop
Seat 3: Espada Fish (big blind) folded before Flop
Seat 4: LuckyShikari collected ($2.50)
Seat 5: Poker9803 folded before Flop (didn't bet)
Seat 6: yzuk folded before Flop (didn't bet)



PokerStars Hand #254694018818:  Hold'em No Limit ($0.50/$1.00 USD) - 2025/02/03 22:02:51 WET [2025/02/03 17:02:51 ET]
Table 'Altair II' 6-max Seat #2 is the button
Seat 1: Withnail23 ($85.53 in chips) 
Seat 2: B19 5L1CK ($5.30 in chips) 
Seat 3: Espada Fish ($148.50 in chips) 
Seat 4: LuckyShikari ($109.20 in chips) 
Seat 5: Poker9803 ($104 in chips) 
Seat 6: yzuk ($107.22 in chips) 
Espada Fish: posts small blind $0.50
LuckyShikari: posts big blind $1
*** HOLE CARDS ***
Poker9803: folds 
yzuk: raises $1.50 to $2.50
Withnail23: folds 
B19 5L1CK: folds 
Espada Fish: folds 
LuckyShikari: calls $1.50
*** FLOP *** [6c Ks 2s]
LuckyShikari: checks 
yzuk: bets $2.66
LuckyShikari: calls $2.66
*** TURN *** [6c Ks 2s] [Ts]
LuckyShikari: checks 
yzuk: checks 
*** RIVER *** [6c Ks 2s Ts] [6s]
LuckyShikari: bets $7.50
yzuk: raises $29.17 to $36.67
LuckyShikari: folds 
Uncalled bet ($29.17) returned to yzuk
yzuk collected $24.53 from pot
yzuk: doesn't show hand 
*** SUMMARY ***
Total pot $25.82 | Rake $1.29 
Board [6c Ks 2s Ts 6s]
Seat 1: Withnail23 folded before Flop (didn't bet)
Seat 2: B19 5L1CK (button) folded before Flop (didn't bet)
Seat 3: Espada Fish (small blind) folded before Flop
Seat 4: LuckyShikari (big blind) folded on the River
Seat 5: Poker9803 folded before Flop (didn't bet)
Seat 6: yzuk collected ($24.53)



PokerStars Hand #254694042999:  Hold'em No Limit ($0.50/$1.00 USD) - 2025/02/03 22:04:07 WET [2025/02/03 17:04:07 ET]
Table 'Altair II' 6-max Seat #3 is the button
Seat 1: Withnail23 ($85.53 in chips) 
Seat 2: B19 5L1CK ($5.30 in chips) 
Seat 3: Espada Fish ($148 in chips) 
Seat 4: LuckyShikari ($100 in chips) 
Seat 5: Poker9803 ($104 in chips) 
Seat 6: yzuk ($119.09 in chips) 
LuckyShikari: posts small blind $0.50
Poker9803: posts big blind $1
*** HOLE CARDS ***
yzuk: folds 
Withnail23: raises $1 to $2
B19 5L1CK: folds 
Espada Fish: raises $5 to $7
LuckyShikari: folds 
Poker9803: folds 
Withnail23: calls $5
*** FLOP *** [Js 5h 8h]
Withnail23: bets $7.36
Espada Fish: calls $7.36
*** TURN *** [Js 5h 8h] [7s]
Withnail23: bets $14.36
Espada Fish: raises $119.28 to $133.64 and is all-in
Withnail23: calls $56.81 and is all-in
Uncalled bet ($62.47) returned to Espada Fish
*** RIVER *** [Js 5h 8h 7s] [9d]
*** SHOW DOWN ***
Withnail23: shows [Ac Jh] (a pair of Jacks)
Espada Fish: shows [As Ts] (a straight, Seven to Jack)
Espada Fish cashed out the hand for $45.44 | Cash Out Fee $0.93
*** SUMMARY ***
Total pot $172.56 | Rake $2.50 
Board [Js 5h 8h 7s 9d]
Seat 1: Withnail23 showed [Ac Jh] and lost with a pair of Jacks
Seat 2: B19 5L1CK folded before Flop (didn't bet)
Seat 3: Espada Fish (button) showed [As Ts] and won ($170.06) with a straight, Seven to Jack (pot not awarded as player cashed out)
Seat 4: LuckyShikari (small blind) folded before Flop
Seat 5: Poker9803 (big blind) folded before Flop
Seat 6: yzuk folded before Flop (didn't bet)



PokerStars Hand #254694064790:  Hold'em No Limit ($0.50/$1.00 USD) - 2025/02/03 22:05:16 WET [2025/02/03 17:05:16 ET]
Table 'Altair II' 6-max Seat #4 is the button
Seat 1: Withnail23 ($0 in chips) is sitting out
Seat 2: B19 5L1CK ($5.30 in chips) 
Seat 3: Espada Fish ($107.91 in chips) 
Seat 4: LuckyShikari ($100 in chips) 
Seat 5: Poker9803 ($103 in chips) 
Seat 6: yzuk ($119.09 in chips) 
Poker9803: posts small blind $0.50
yzuk: posts big blind $1
*** HOLE CARDS ***
B19 5L1CK: raises $4.30 to $5.30 and is all-in
Espada Fish: folds 
LuckyShikari: folds 
Poker9803: folds 
yzuk: folds 
Uncalled bet ($4.30) returned to B19 5L1CK
B19 5L1CK collected $2.50 from pot
B19 5L1CK: doesn't show hand 
*** SUMMARY ***
Total pot $2.50 | Rake $0 
Seat 1: Withnail23
Seat 2: B19 5L1CK collected ($2.50)
Seat 3: Espada Fish folded before Flop (didn't bet)
Seat 4: LuckyShikari (button) folded before Flop (didn't bet)
Seat 5: Poker9803 (small blind) folded before Flop
Seat 6: yzuk (big blind) folded before Flop



PokerStars Hand #254694069788:  Hold'em No Limit ($0.50/$1.00 USD) - 2025/02/03 22:05:31 WET [2025/02/03 17:05:31 ET]
Table 'Altair II' 6-max Seat #5 is the button
Seat 1: Withnail23 ($0 in chips) is sitting out
Seat 2: B19 5L1CK ($6.80 in chips) 
Seat 3: Espada Fish ($107.91 in chips) 
Seat 4: LuckyShikari ($100 in chips) 
Seat 5: Poker9803 ($102.50 in chips) 
Seat 6: yzuk ($118.09 in chips) 
yzuk: posts small blind $0.50
B19 5L1CK: posts big blind $1
*** HOLE CARDS ***
Espada Fish: folds 
LuckyShikari: folds 
Poker9803: raises $1 to $2
yzuk: folds 
B19 5L1CK: calls $1
*** FLOP *** [7h 8c 6d]
B19 5L1CK: bets $4.80 and is all-in
Poker9803: calls $4.80
Withnail23 leaves the table
*** TURN *** [7h 8c 6d] [Tc]
*** RIVER *** [7h 8c 6d Tc] [2h]
*** SHOW DOWN ***
B19 5L1CK: shows [Ks 6s] (a pair of Sixes)
Poker9803: shows [Ah Qh] (high card Ace)
B19 5L1CK collected $13.40 from pot
*** SUMMARY ***
Total pot $14.10 | Rake $0.70 
Board [7h 8c 6d Tc 2h]
Seat 1: Withnail23
Seat 2: B19 5L1CK (big blind) showed [Ks 6s] and won ($13.40) with a pair of Sixes
Seat 3: Espada Fish folded before Flop (didn't bet)
Seat 4: LuckyShikari folded before Flop (didn't bet)
Seat 5: Poker9803 (button) showed [Ah Qh] and lost with high card Ace
Seat 6: yzuk (small blind) folded before Flop



PokerStars Hand #254694080903:  Hold'em No Limit ($0.50/$1.00 USD) - 2025/02/03 22:06:06 WET [2025/02/03 17:06:06 ET]
Table 'Altair II' 6-max Seat #6 is the button
Seat 3: Espada Fish ($107.91 in chips) is sitting out
Seat 2: B19 5L1CK ($13.40 in chips) 
Seat 4: LuckyShikari ($100 in chips) 
Seat 5: Poker9803 ($100 in chips) 
Seat 6: yzuk ($117.59 in chips) 
B19 5L1CK: posts small blind $0.50
Espada Fish: is sitting out 
LuckyShikari: posts big blind $1
*** HOLE CARDS ***
Poker9803: folds 
Espada Fish leaves the table
yzuk: folds 
B19 5L1CK: calls $0.50
LuckyShikari: checks 
*** FLOP *** [Jc Th 6d]
B19 5L1CK: checks 
LuckyShikari: checks 
*** TURN *** [Jc Th 6d] [Qs]
frankie31404 joins the table at seat #1 
frankie31404 is disconnected 
Espada Fish joins the table at seat #3 
B19 5L1CK: checks 
LuckyShikari: checks 
*** RIVER *** [Jc Th 6d Qs] [Ah]
B19 5L1CK: checks 
LuckyShikari: checks 
*** SHOW DOWN ***
B19 5L1CK: shows [4c 3s] (high card Ace)
LuckyShikari: shows [7c 9s] (high card Ace - Queen+Jack+Ten+Nine kicker)
LuckyShikari collected $1.90 from pot
*** SUMMARY ***
Total pot $2 | Rake $0.10 
Board [Jc Th 6d Qs Ah]
Seat 3: Espada Fish
Seat 2: B19 5L1CK (small blind) showed [4c 3s] and lost with high card Ace
Seat 4: LuckyShikari (big blind) showed [7c 9s] and won ($1.90) with high card Ace
Seat 5: Poker9803 folded before Flop (didn't bet)
Seat 6: yzuk (button) folded before Flop (didn't bet)



PokerStars Hand #254694099575:  Hold'em No Limit ($0.50/$1.00 USD) - 2025/02/03 22:07:05 WET [2025/02/03 17:07:05 ET]
Table 'Altair II' 6-max Seat #2 is the button
Seat 1: frankie31404 ($32.77 in chips) is sitting out
Seat 3: Espada Fish ($107.91 in chips) is sitting out
Seat 2: B19 5L1CK ($12.40 in chips) 
Seat 4: LuckyShikari ($100.90 in chips) 
Seat 5: Poker9803 ($100 in chips) 
Seat 6: yzuk ($117.59 in chips) 
LuckyShikari: posts small blind $0.50
Poker9803: posts big blind $1
frankie31404: sits out 
*** HOLE CARDS ***
yzuk: folds 
B19 5L1CK: folds 
LuckyShikari: raises $1.50 to $2.50
Poker9803: folds 
Uncalled bet ($1.50) returned to LuckyShikari
LuckyShikari collected $2 from pot
LuckyShikari: doesn't show hand 
*** SUMMARY ***
Total pot $2 | Rake $0 
Seat 1: frankie31404
Seat 3: Espada Fish
Seat 2: B19 5L1CK (button) folded before Flop (didn't bet)
Seat 4: LuckyShikari (small blind) collected ($2)
Seat 5: Poker9803 (big blind) folded before Flop
Seat 6: yzuk folded before Flop (didn't bet)



PokerStars Hand #254694108414:  Hold'em No Limit ($0.50/$1.00 USD) - 2025/02/03 22:07:33 WET [2025/02/03 17:07:33 ET]
Table 'Altair II' 6-max Seat #4 is the button
Seat 3: Espada Fish ($107.91 in chips) is sitting out
Seat 6: yzuk ($117.59 in chips) is sitting out
Seat 1: frankie31404 ($32.77 in chips) 
Seat 2: B19 5L1CK ($12.40 in chips) 
Seat 4: LuckyShikari ($101.90 in chips) 
Seat 5: Poker9803 ($100 in chips) 
Poker9803: posts small blind $0.50
yzuk: is sitting out 
frankie31404: posts big blind $1
Espada Fish: sits out 
*** HOLE CARDS ***
B19 5L1CK: folds 
LuckyShikari: raises $1.50 to $2.50
yzuk leaves the table
IREQO joins the table at seat #6 
Poker9803: folds 
frankie31404: folds 
Uncalled bet ($1.50) returned to LuckyShikari
LuckyShikari collected $2.50 from pot
LuckyShikari: doesn't show hand 
*** SUMMARY ***
Total pot $2.50 | Rake $0 
Seat 3: Espada Fish
Seat 6: yzuk
Seat 1: frankie31404 (big blind) folded before Flop
Seat 2: B19 5L1CK folded before Flop (didn't bet)
Seat 4: LuckyShikari (button) collected ($2.50)
Seat 5: Poker9803 (small blind) folded before Flop



PokerStars Hand #254694117961:  Hold'em No Limit ($0.50/$1.00 USD) - 2025/02/03 22:08:04 WET [2025/02/03 17:08:04 ET]
Table 'Altair II' 6-max Seat #5 is the button
Seat 3: Espada Fish ($107.91 in chips) is sitting out
Seat 6: IREQO ($100 in chips) is sitting out
Seat 1: frankie31404 ($31.77 in chips) 
Seat 2: B19 5L1CK ($12.40 in chips) 
Seat 4: LuckyShikari ($103.40 in chips) 
Seat 5: Poker9803 ($100 in chips) 
frankie31404: posts small blind $0.50
B19 5L1CK: posts big blind $1
Espada Fish: sits out 
*** HOLE CARDS ***
LuckyShikari: raises $1.50 to $2.50
Poker9803: folds 
frankie31404: folds 
B19 5L1CK: folds 
Uncalled bet ($1.50) returned to LuckyShikari
LuckyShikari collected $2.50 from pot
LuckyShikari: doesn't show hand 
*** SUMMARY ***
Total pot $2.50 | Rake $0 
Seat 3: Espada Fish
Seat 6: IREQO
Seat 1: frankie31404 (small blind) folded before Flop
Seat 2: B19 5L1CK (big blind) folded before Flop
Seat 4: LuckyShikari collected ($2.50)
Seat 5: Poker9803 (button) folded before Flop (didn't bet)



PokerStars Hand #254694313685:  Hold'em No Limit ($0.50/$1.00 USD) - 2025/02/03 22:18:38 WET [2025/02/03 17:18:38 ET]
Table 'Altair II' 6-max Seat #5 is the button
Seat 6: IREQO ($102.30 in chips) is sitting out
Seat 1: Enerone9090 ($26.66 in chips) 
Seat 2: B19 5L1CK ($13.49 in chips) 
Seat 3: BumHuntKing ($101 in chips) 
Seat 4: NoonTime1991 ($115.45 in chips) 
Seat 5: MaRKiToScoK ($103.94 in chips) 
Enerone9090: posts small blind $0.50
B19 5L1CK: posts big blind $1
*** HOLE CARDS ***
BumHuntKing: raises $1.20 to $2.20
NoonTime1991: raises $3.80 to $6
MaRKiToScoK: folds 
Enerone9090: folds 
B19 5L1CK: folds 
BumHuntKing: folds 
Uncalled bet ($3.80) returned to NoonTime1991
NoonTime1991 collected $5.90 from pot
NoonTime1991: doesn't show hand 
*** SUMMARY ***
Total pot $5.90 | Rake $0 
Seat 6: IREQO
Seat 1: Enerone9090 (small blind) folded before Flop
Seat 2: B19 5L1CK (big blind) folded before Flop
Seat 3: BumHuntKing folded before Flop
Seat 4: NoonTime1991 collected ($5.90)
Seat 5: MaRKiToScoK (button) folded before Flop (didn't bet)



PokerStars Hand #254694323649:  Hold'em No Limit ($0.50/$1.00 USD) - 2025/02/03 22:19:12 WET [2025/02/03 17:19:12 ET]
Table 'Altair II' 6-max Seat #1 is the button
Seat 6: IREQO ($102.30 in chips) is sitting out
Seat 1: Enerone9090 ($26.16 in chips) 
Seat 2: B19 5L1CK ($12.49 in chips) 
Seat 3: BumHuntKing ($100 in chips) 
Seat 4: NoonTime1991 ($119.15 in chips) 
Seat 5: MaRKiToScoK ($103.94 in chips) 
B19 5L1CK: posts small blind $0.50
BumHuntKing: posts big blind $1
IREQO: sits out 
*** HOLE CARDS ***
NoonTime1991: folds 
NoonTime1991 leaves the table
raketkasix joins the table at seat #4 
MaRKiToScoK: folds 
raketkasix leaves the table
Enerone9090: folds 
B19 5L1CK: calls $0.50
BumHuntKing: checks 
*** FLOP *** [5h 4c 2s]
z00mba joins the table at seat #4 
B19 5L1CK: bets $1
BumHuntKing: calls $1
*** TURN *** [5h 4c 2s] [Ac]
B19 5L1CK: checks 
BumHuntKing: checks 
*** RIVER *** [5h 4c 2s Ac] [8c]
B19 5L1CK: checks 
BumHuntKing: checks 
*** SHOW DOWN ***
B19 5L1CK: shows [6s 8d] (a pair of Eights)
BumHuntKing: mucks hand 
B19 5L1CK collected $3.80 from pot
*** SUMMARY ***
Total pot $4 | Rake $0.20 
Board [5h 4c 2s Ac 8c]
Seat 6: IREQO
Seat 1: Enerone9090 (button) folded before Flop (didn't bet)
Seat 2: B19 5L1CK (small blind) showed [6s 8d] and won ($3.80) with a pair of Eights
Seat 3: BumHuntKing (big blind) mucked
Seat 4: NoonTime1991 folded before Flop (didn't bet)
Seat 5: MaRKiToScoK folded before Flop (didn't bet)



PokerStars Hand #254694347665:  Hold'em No Limit ($0.50/$1.00 USD) - 2025/02/03 22:20:31 WET [2025/02/03 17:20:31 ET]
Table 'Altair II' 6-max Seat #2 is the button
Seat 6: IREQO ($102.30 in chips) is sitting out
Seat 1: Enerone9090 ($26.16 in chips) 
Seat 2: B19 5L1CK ($14.29 in chips) 
Seat 3: BumHuntKing ($100 in chips) 
Seat 4: z00mba ($100 in chips) 
Seat 5: MaRKiToScoK ($103.94 in chips) 
BumHuntKing: posts small blind $0.50
z00mba: posts big blind $1
IREQO: sits out 
*** HOLE CARDS ***
MaRKiToScoK: raises $1 to $2
Enerone9090: folds 
B19 5L1CK: folds 
BumHuntKing: folds 
z00mba: calls $1
*** FLOP *** [5c Ad Qd]
z00mba: checks 
MaRKiToScoK: bets $3.21
z00mba: folds 
Uncalled bet ($3.21) returned to MaRKiToScoK
MaRKiToScoK collected $4.28 from pot
*** SUMMARY ***
Total pot $4.50 | Rake $0.22 
Board [5c Ad Qd]
Seat 6: IREQO
Seat 1: Enerone9090 folded before Flop (didn't bet)
Seat 2: B19 5L1CK (button) folded before Flop (didn't bet)
Seat 3: BumHuntKing (small blind) folded before Flop
Seat 4: z00mba (big blind) folded on the Flop
Seat 5: MaRKiToScoK collected ($4.28)



PokerStars Hand #254694358238:  Hold'em No Limit ($0.50/$1.00 USD) - 2025/02/03 22:21:06 WET [2025/02/03 17:21:06 ET]
Table 'Altair II' 6-max Seat #3 is the button
Seat 6: IREQO ($102.30 in chips) is sitting out
Seat 1: Enerone9090 ($26.16 in chips) 
Seat 2: B19 5L1CK ($14.29 in chips) 
Seat 3: BumHuntKing ($100 in chips) 
Seat 4: z00mba ($100 in chips) 
Seat 5: MaRKiToScoK ($106.22 in chips) 
z00mba: posts small blind $0.50
MaRKiToScoK: posts big blind $1
IREQO: sits out 
*** HOLE CARDS ***
Enerone9090: folds 
B19 5L1CK: folds 
BumHuntKing: folds 
z00mba: folds 
Uncalled bet ($0.50) returned to MaRKiToScoK
MaRKiToScoK collected $1 from pot
*** SUMMARY ***
Total pot $1 | Rake $0 
Seat 6: IREQO
Seat 1: Enerone9090 folded before Flop (didn't bet)
Seat 2: B19 5L1CK folded before Flop (didn't bet)
Seat 3: BumHuntKing (button) folded before Flop (didn't bet)
Seat 4: z00mba (small blind) folded before Flop
Seat 5: MaRKiToScoK (big blind) collected ($1)



PokerStars Hand #254694365576:  Hold'em No Limit ($0.50/$1.00 USD) - 2025/02/03 22:21:30 WET [2025/02/03 17:21:30 ET]
Table 'Altair II' 6-max Seat #4 is the button
Seat 6: IREQO ($102.30 in chips) is sitting out
Seat 1: Enerone9090 ($26.16 in chips) 
Seat 2: B19 5L1CK ($14.29 in chips) 
Seat 3: BumHuntKing ($100 in chips) 
Seat 4: z00mba ($100 in chips) 
Seat 5: MaRKiToScoK ($106.72 in chips) 
MaRKiToScoK: posts small blind $0.50
IREQO: is sitting out 
Enerone9090: posts big blind $1
*** HOLE CARDS ***
B19 5L1CK: raises $1 to $2
BumHuntKing: raises $6.50 to $8.50
z00mba: folds 
IREQO leaves the table
MaRKiToScoK: folds 
Enerone9090: folds 
B19 5L1CK has timed out
B19 5L1CK: folds 
Uncalled bet ($6.50) returned to BumHuntKing
BumHuntKing collected $5.50 from pot
BumHuntKing: doesn't show hand 
*** SUMMARY ***
Total pot $5.50 | Rake $0 
Seat 6: IREQO
Seat 1: Enerone9090 (big blind) folded before Flop
Seat 2: B19 5L1CK folded before Flop
Seat 3: BumHuntKing collected ($5.50)
Seat 4: z00mba (button) folded before Flop (didn't bet)
Seat 5: MaRKiToScoK (small blind) folded before Flop



PokerStars Hand #254694381394:  Hold'em No Limit ($0.50/$1.00 USD) - 2025/02/03 22:22:23 WET [2025/02/03 17:22:23 ET]
Table 'Altair II' 6-max Seat #5 is the button
Seat 1: Enerone9090 ($25.16 in chips) 
Seat 2: B19 5L1CK ($12.29 in chips) 
Seat 3: BumHuntKing ($103.50 in chips) 
Seat 4: z00mba ($100 in chips) 
Seat 5: MaRKiToScoK ($106.22 in chips) 
Enerone9090: posts small blind $0.50
B19 5L1CK: posts big blind $1
*** HOLE CARDS ***
mariofcd joins the table at seat #6 
BumHuntKing: folds 
z00mba: folds 
MaRKiToScoK: folds 
Enerone9090: calls $0.50
B19 5L1CK: raises $11.29 to $12.29 and is all-in
Enerone9090: calls $11.29
*** FLOP *** [2d 7d As]
*** TURN *** [2d 7d As] [4c]
*** RIVER *** [2d 7d As 4c] [8c]
*** SHOW DOWN ***
Enerone9090: shows [6h 6c] (a pair of Sixes)
B19 5L1CK: shows [Ad 4s] (two pair, Aces and Fours)
B19 5L1CK collected $23.35 from pot
*** SUMMARY ***
Total pot $24.58 | Rake $1.23 
Board [2d 7d As 4c 8c]
Seat 1: Enerone9090 (small blind) showed [6h 6c] and lost with a pair of Sixes
Seat 2: B19 5L1CK (big blind) showed [Ad 4s] and won ($23.35) with two pair, Aces and Fours
Seat 3: BumHuntKing folded before Flop (didn't bet)
Seat 4: z00mba folded before Flop (didn't bet)
Seat 5: MaRKiToScoK (button) folded before Flop (didn't bet)



PokerStars Hand #254694392434:  Hold'em No Limit ($0.50/$1.00 USD) - 2025/02/03 22:23:00 WET [2025/02/03 17:23:00 ET]
Table 'Altair II' 6-max Seat #1 is the button
Seat 3: BumHuntKing ($103.50 in chips) is sitting out
Seat 4: z00mba ($100 in chips) is sitting out
Seat 6: mariofcd ($100 in chips) is sitting out
Seat 1: Enerone9090 ($12.87 in chips) 
Seat 2: B19 5L1CK ($23.35 in chips) 
Seat 5: MaRKiToScoK ($106.22 in chips) 
B19 5L1CK: posts small blind $0.50
BumHuntKing: is sitting out 
z00mba: is sitting out 
MaRKiToScoK: posts big blind $1
mariofcd: sits out 
*** HOLE CARDS ***
BumHuntKing leaves the table
Enerone9090: folds 
B19 5L1CK: calls $0.50
Supermegopro joins the table at seat #3 
MaRKiToScoK: checks 
*** FLOP *** [7c 8d 3s]
B19 5L1CK: checks 
MaRKiToScoK: checks 
*** TURN *** [7c 8d 3s] [9d]
B19 5L1CK: checks 
MaRKiToScoK: bets $2.53
B19 5L1CK: calls $2.53
*** RIVER *** [7c 8d 3s 9d] [9h]
B19 5L1CK: checks 
MaRKiToScoK: bets $102.69 and is all-in
B19 5L1CK: folds 
Uncalled bet ($102.69) returned to MaRKiToScoK
MaRKiToScoK collected $6.71 from pot
*** SUMMARY ***
Total pot $7.06 | Rake $0.35 
Board [7c 8d 3s 9d 9h]
Seat 3: BumHuntKing
Seat 4: z00mba
Seat 6: mariofcd
Seat 1: Enerone9090 (button) folded before Flop (didn't bet)
Seat 2: B19 5L1CK (small blind) folded on the River
Seat 5: MaRKiToScoK (big blind) collected ($6.71)



PokerStars Hand #254694416606:  Hold'em No Limit ($0.50/$1.00 USD) - 2025/02/03 22:24:21 WET [2025/02/03 17:24:21 ET]
Table 'Altair II' 6-max Seat #2 is the button
Seat 3: Supermegopro ($100 in chips) is sitting out
Seat 4: z00mba ($100 in chips) is sitting out
Seat 1: Enerone9090 ($12.87 in chips) 
Seat 2: B19 5L1CK ($19.82 in chips) 
Seat 5: MaRKiToScoK ($109.40 in chips) 
Seat 6: mariofcd ($100 in chips) 
MaRKiToScoK: posts small blind $0.50
mariofcd: posts big blind $1
*** HOLE CARDS ***
Enerone9090: raises $1 to $2
B19 5L1CK: folds 
MaRKiToScoK: folds 
mariofcd: folds 
Uncalled bet ($1) returned to Enerone9090
Enerone9090 collected $2.50 from pot
*** SUMMARY ***
Total pot $2.50 | Rake $0 
Seat 3: Supermegopro
Seat 4: z00mba
Seat 1: Enerone9090 collected ($2.50)
Seat 2: B19 5L1CK (button) folded before Flop (didn't bet)
Seat 5: MaRKiToScoK (small blind) folded before Flop
Seat 6: mariofcd (big blind) folded before Flop



PokerStars Hand #254694421776:  Hold'em No Limit ($0.50/$1.00 USD) - 2025/02/03 22:24:38 WET [2025/02/03 17:24:38 ET]
Table 'Altair II' 6-max Seat #5 is the button
Seat 3: Supermegopro ($100 in chips) is sitting out
Seat 4: z00mba ($100 in chips) is sitting out
Seat 1: Enerone9090 ($14.37 in chips) 
Seat 2: B19 5L1CK ($19.82 in chips) 
Seat 5: MaRKiToScoK ($108.90 in chips) 
Seat 6: mariofcd ($100 in chips) 
mariofcd: posts small blind $0.50
Enerone9090: posts big blind $1
Supermegopro: sits out 
z00mba: sits out 
*** HOLE CARDS ***
B19 5L1CK: folds 
MaRKiToScoK: raises $1.50 to $2.50
mariofcd: calls $2
Enerone9090: folds 
*** FLOP *** [Ah 7h Ts]
mariofcd: checks 
MaRKiToScoK: bets $1.88
mariofcd: calls $1.88
*** TURN *** [Ah 7h Ts] [Kd]
mariofcd: checks 
MaRKiToScoK: checks 
*** RIVER *** [Ah 7h Ts Kd] [4h]
mariofcd: checks 
MaRKiToScoK: checks 
*** SHOW DOWN ***
mariofcd: shows [Td Qd] (a pair of Tens)
MaRKiToScoK: shows [Kh 9d] (a pair of Kings)
MaRKiToScoK collected $9.27 from pot
*** SUMMARY ***
Total pot $9.76 | Rake $0.49 
Board [Ah 7h Ts Kd 4h]
Seat 3: Supermegopro
Seat 4: z00mba
Seat 1: Enerone9090 (big blind) folded before Flop
Seat 2: B19 5L1CK folded before Flop (didn't bet)
Seat 5: MaRKiToScoK (button) showed [Kh 9d] and won ($9.27) with a pair of Kings
Seat 6: mariofcd (small blind) showed [Td Qd] and lost with a pair of Tens



PokerStars Hand #254694439529:  Hold'em No Limit ($0.50/$1.00 USD) - 2025/02/03 22:25:37 WET [2025/02/03 17:25:37 ET]
Table 'Altair II' 6-max Seat #6 is the button
Seat 3: Supermegopro ($100 in chips) is sitting out
Seat 4: z00mba ($100 in chips) is sitting out
Seat 1: Enerone9090 ($13.37 in chips) 
Seat 2: B19 5L1CK ($19.82 in chips) 
Seat 5: MaRKiToScoK ($113.79 in chips) 
Seat 6: mariofcd ($100 in chips) 
Enerone9090: posts small blind $0.50
B19 5L1CK: posts big blind $1
Supermegopro: sits out 
z00mba: sits out 
*** HOLE CARDS ***
MaRKiToScoK: folds 
mariofcd: folds 
Enerone9090: calls $0.50
B19 5L1CK: raises $1.75 to $2.75
Enerone9090: folds 
Uncalled bet ($1.75) returned to B19 5L1CK
B19 5L1CK collected $2 from pot
B19 5L1CK: doesn't show hand 
*** SUMMARY ***
Total pot $2 | Rake $0 
Seat 3: Supermegopro
Seat 4: z00mba
Seat 1: Enerone9090 (small blind) folded before Flop
Seat 2: B19 5L1CK (big blind) collected ($2)
Seat 5: MaRKiToScoK folded before Flop (didn't bet)
Seat 6: mariofcd (button) folded before Flop (didn't bet)



PokerStars Hand #254694444638:  Hold'em No Limit ($0.50/$1.00 USD) - 2025/02/03 22:25:54 WET [2025/02/03 17:25:54 ET]
Table 'Altair II' 6-max Seat #1 is the button
Seat 4: z00mba ($100 in chips) is sitting out
Seat 1: Enerone9090 ($12.37 in chips) 
Seat 2: B19 5L1CK ($20.82 in chips) 
Seat 3: Supermegopro ($100 in chips) 
Seat 5: MaRKiToScoK ($113.79 in chips) 
Seat 6: mariofcd ($100 in chips) 
B19 5L1CK: posts small blind $0.50
Supermegopro: posts big blind $1
z00mba: sits out 
*** HOLE CARDS ***
MaRKiToScoK: folds 
mariofcd: folds 
Enerone9090: folds 
B19 5L1CK: folds 
Uncalled bet ($0.50) returned to Supermegopro
Supermegopro collected $1 from pot
Supermegopro: doesn't show hand 
*** SUMMARY ***
Total pot $1 | Rake $0 
Seat 4: z00mba
Seat 1: Enerone9090 (button) folded before Flop (didn't bet)
Seat 2: B19 5L1CK (small blind) folded before Flop
Seat 3: Supermegopro (big blind) collected ($1)
Seat 5: MaRKiToScoK folded before Flop (didn't bet)
Seat 6: mariofcd folded before Flop (didn't bet)



PokerStars Hand #254694447619:  Hold'em No Limit ($0.50/$1.00 USD) - 2025/02/03 22:26:04 WET [2025/02/03 17:26:04 ET]
Table 'Altair II' 6-max Seat #2 is the button
Seat 1: Enerone9090 ($12.37 in chips) 
Seat 2: B19 5L1CK ($20.32 in chips) 
Seat 3: Supermegopro ($100.50 in chips) 
Seat 4: z00mba ($100 in chips) 
Seat 5: MaRKiToScoK ($113.79 in chips) 
Seat 6: mariofcd ($100 in chips) 
Supermegopro: posts small blind $0.50
z00mba: posts big blind $1
*** HOLE CARDS ***
MaRKiToScoK: folds 
mariofcd: raises $1.20 to $2.20
Enerone9090: calls $2.20
B19 5L1CK: folds 
Supermegopro: raises $10.80 to $13
z00mba: folds 
mariofcd: folds 
Enerone9090: calls $10.17 and is all-in
Uncalled bet ($0.63) returned to Supermegopro
*** FLOP *** [Kh 2d 8s]
*** TURN *** [Kh 2d 8s] [4d]
*** RIVER *** [Kh 2d 8s 4d] [2c]
*** SHOW DOWN ***
Supermegopro: shows [Ad Td] (a pair of Deuces)
Enerone9090: shows [Jd Ah] (a pair of Deuces - Ace+King+Jack kicker)
Enerone9090 collected $26.19 from pot
*** SUMMARY ***
Total pot $27.94 | Rake $1.75 
Board [Kh 2d 8s 4d 2c]
Seat 1: Enerone9090 showed [Jd Ah] and won ($26.19) with a pair of Deuces
Seat 2: B19 5L1CK (button) folded before Flop (didn't bet)
Seat 3: Supermegopro (small blind) showed [Ad Td] and lost with a pair of Deuces
Seat 4: z00mba (big blind) folded before Flop
Seat 5: MaRKiToScoK folded before Flop (didn't bet)
Seat 6: mariofcd folded before Flop



PokerStars Hand #254694459367:  Hold'em No Limit ($0.50/$1.00 USD) - 2025/02/03 22:26:44 WET [2025/02/03 17:26:44 ET]
Table 'Altair II' 6-max Seat #3 is the button
Seat 1: Enerone9090 ($26.19 in chips) 
Seat 2: B19 5L1CK ($20.32 in chips) 
Seat 3: Supermegopro ($100 in chips) 
Seat 4: z00mba ($100 in chips) 
Seat 5: MaRKiToScoK ($113.79 in chips) 
Seat 6: mariofcd ($100 in chips) 
z00mba: posts small blind $0.50
MaRKiToScoK: posts big blind $1
*** HOLE CARDS ***
mariofcd: raises $1.20 to $2.20
Enerone9090: folds 
B19 5L1CK: folds 
Supermegopro: folds 
z00mba: folds 
MaRKiToScoK: calls $1.20
*** FLOP *** [8d Td 6d]
MaRKiToScoK: checks 
mariofcd: bets $1.40
MaRKiToScoK: calls $1.40
*** TURN *** [8d Td 6d] [Ad]
MaRKiToScoK: checks 
mariofcd: bets $5.49
MaRKiToScoK: folds 
Uncalled bet ($5.49) returned to mariofcd
mariofcd collected $7.32 from pot
mariofcd: doesn't show hand 
*** SUMMARY ***
Total pot $7.70 | Rake $0.38 
Board [8d Td 6d Ad]
Seat 1: Enerone9090 folded before Flop (didn't bet)
Seat 2: B19 5L1CK folded before Flop (didn't bet)
Seat 3: Supermegopro (button) folded before Flop (didn't bet)
Seat 4: z00mba (small blind) folded before Flop
Seat 5: MaRKiToScoK (big blind) folded on the Turn
Seat 6: mariofcd collected ($7.32)



PokerStars Hand #254694473295:  Hold'em No Limit ($0.50/$1.00 USD) - 2025/02/03 22:27:30 WET [2025/02/03 17:27:30 ET]
Table 'Altair II' 6-max Seat #4 is the button
Seat 1: Enerone9090 ($26.19 in chips) 
Seat 2: B19 5L1CK ($20.32 in chips) 
Seat 3: Supermegopro ($100 in chips) 
Seat 4: z00mba ($100 in chips) 
Seat 5: MaRKiToScoK ($110.19 in chips) 
Seat 6: mariofcd ($103.72 in chips) 
MaRKiToScoK: posts small blind $0.50
mariofcd: posts big blind $1
*** HOLE CARDS ***
Enerone9090: calls $1
B19 5L1CK: calls $1
Supermegopro: folds 
z00mba: folds 
MaRKiToScoK: folds 
mariofcd: checks 
*** FLOP *** [4h 6s 2s]
mariofcd: checks 
Enerone9090: checks 
B19 5L1CK: checks 
*** TURN *** [4h 6s 2s] [8d]
mariofcd: checks 
Enerone9090: bets $2
z00mba leaves the table
B19 5L1CK: calls $2
mariofcd: folds 
*** RIVER *** [4h 6s 2s 8d] [3h]
Dante21b joins the table at seat #4 
Enerone9090: bets $3
B19 5L1CK: folds 
Uncalled bet ($3) returned to Enerone9090
Enerone9090 collected $7.02 from pot
*** SUMMARY ***
Total pot $7.50 | Rake $0.48 
Board [4h 6s 2s 8d 3h]
Seat 1: Enerone9090 collected ($7.02)
Seat 2: B19 5L1CK folded on the River
Seat 3: Supermegopro folded before Flop (didn't bet)
Seat 4: z00mba (button) folded before Flop (didn't bet)
Seat 5: MaRKiToScoK (small blind) folded before Flop
Seat 6: mariofcd (big blind) folded on the Turn



PokerStars Hand #254694503199:  Hold'em No Limit ($0.50/$1.00 USD) - 2025/02/03 22:29:11 WET [2025/02/03 17:29:11 ET]
Table 'Altair II' 6-max Seat #5 is the button
Seat 4: Dante21b ($100 in chips) is sitting out
Seat 1: Enerone9090 ($30.21 in chips) 
Seat 2: B19 5L1CK ($17.32 in chips) 
Seat 3: Supermegopro ($100 in chips) 
Seat 5: MaRKiToScoK ($109.69 in chips) 
Seat 6: mariofcd ($102.72 in chips) 
mariofcd: posts small blind $0.50
Enerone9090: posts big blind $1
Dante21b: sits out 
*** HOLE CARDS ***
B19 5L1CK: folds 
Supermegopro: folds 
MaRKiToScoK: raises $1.50 to $2.50
mariofcd: folds 
Enerone9090: folds 
Uncalled bet ($1.50) returned to MaRKiToScoK
MaRKiToScoK collected $2.50 from pot
*** SUMMARY ***
Total pot $2.50 | Rake $0 
Seat 4: Dante21b
Seat 1: Enerone9090 (big blind) folded before Flop
Seat 2: B19 5L1CK folded before Flop (didn't bet)
Seat 3: Supermegopro folded before Flop (didn't bet)
Seat 5: MaRKiToScoK (button) collected ($2.50)
Seat 6: mariofcd (small blind) folded before Flop



PokerStars Hand #254694509847:  Hold'em No Limit ($0.50/$1.00 USD) - 2025/02/03 22:29:33 WET [2025/02/03 17:29:33 ET]
Table 'Altair II' 6-max Seat #6 is the button
Seat 4: Dante21b ($100 in chips) is sitting out
Seat 1: Enerone9090 ($29.21 in chips) 
Seat 2: B19 5L1CK ($17.32 in chips) 
Seat 3: Supermegopro ($100 in chips) 
Seat 5: MaRKiToScoK ($111.19 in chips) 
Seat 6: mariofcd ($102.22 in chips) 
Enerone9090: posts small blind $0.50
B19 5L1CK: posts big blind $1
Dante21b: sits out 
*** HOLE CARDS ***
Supermegopro: folds 
MaRKiToScoK: raises $1.20 to $2.20
mariofcd: folds 
Enerone9090: folds 
B19 5L1CK: folds 
Uncalled bet ($1.20) returned to MaRKiToScoK
MaRKiToScoK collected $2.50 from pot
*** SUMMARY ***
Total pot $2.50 | Rake $0 
Seat 4: Dante21b
Seat 1: Enerone9090 (small blind) folded before Flop
Seat 2: B19 5L1CK (big blind) folded before Flop
Seat 3: Supermegopro folded before Flop (didn't bet)
Seat 5: MaRKiToScoK collected ($2.50)
Seat 6: mariofcd (button) folded before Flop (didn't bet)



PokerStars Hand #254694514549:  Hold'em No Limit ($0.50/$1.00 USD) - 2025/02/03 22:29:49 WET [2025/02/03 17:29:49 ET]
Table 'Altair II' 6-max Seat #1 is the button
Seat 4: Dante21b ($100 in chips) is sitting out
Seat 1: Enerone9090 ($28.71 in chips) 
Seat 2: B19 5L1CK ($16.32 in chips) 
Seat 3: Supermegopro ($100 in chips) 
Seat 5: MaRKiToScoK ($112.69 in chips) 
Seat 6: mariofcd ($102.22 in chips) 
B19 5L1CK: posts small blind $0.50
Supermegopro: posts big blind $1
Dante21b: sits out 
*** HOLE CARDS ***
MaRKiToScoK: folds 
mariofcd: raises $1.25 to $2.25
Enerone9090: folds 
B19 5L1CK: folds 
Supermegopro: calls $1.25
*** FLOP *** [8c 5s Jh]
Supermegopro: checks 
mariofcd: checks 
*** TURN *** [8c 5s Jh] [3c]
Supermegopro: bets $7.13
mariofcd: calls $7.13
*** RIVER *** [8c 5s Jh 3c] [5d]
Supermegopro: bets $12.20
mariofcd: raises $80.64 to $92.84 and is all-in
Supermegopro: folds 
Uncalled bet ($80.64) returned to mariofcd
mariofcd collected $41.48 from pot
mariofcd: doesn't show hand 
*** SUMMARY ***
Total pot $43.66 | Rake $2.18 
Board [8c 5s Jh 3c 5d]
Seat 4: Dante21b
Seat 1: Enerone9090 (button) folded before Flop (didn't bet)
Seat 2: B19 5L1CK (small blind) folded before Flop
Seat 3: Supermegopro (big blind) folded on the River
Seat 5: MaRKiToScoK folded before Flop (didn't bet)
Seat 6: mariofcd collected ($41.48)



PokerStars Hand #254694528352:  Hold'em No Limit ($0.50/$1.00 USD) - 2025/02/03 22:30:36 WET [2025/02/03 17:30:36 ET]
Table 'Altair II' 6-max Seat #2 is the button
Seat 1: Enerone9090 ($28.71 in chips) 
Seat 2: B19 5L1CK ($15.82 in chips) 
Seat 3: Supermegopro ($100 in chips) 
Seat 4: Dante21b ($100 in chips) 
Seat 5: MaRKiToScoK ($112.69 in chips) 
Seat 6: mariofcd ($122.12 in chips) 
Supermegopro: posts small blind $0.50
Dante21b: posts big blind $1
*** HOLE CARDS ***
MaRKiToScoK: folds 
mariofcd: raises $1.20 to $2.20
Enerone9090: folds 
B19 5L1CK: folds 
Supermegopro: folds 
Dante21b: folds 
Uncalled bet ($1.20) returned to mariofcd
mariofcd collected $2.50 from pot
mariofcd: doesn't show hand 
*** SUMMARY ***
Total pot $2.50 | Rake $0 
Seat 1: Enerone9090 folded before Flop (didn't bet)
Seat 2: B19 5L1CK (button) folded before Flop (didn't bet)
Seat 3: Supermegopro (small blind) folded before Flop
Seat 4: Dante21b (big blind) folded before Flop
Seat 5: MaRKiToScoK folded before Flop (didn't bet)
Seat 6: mariofcd collected ($2.50)



PokerStars Hand #254694534484:  Hold'em No Limit ($0.50/$1.00 USD) - 2025/02/03 22:30:57 WET [2025/02/03 17:30:57 ET]
Table 'Altair II' 6-max Seat #3 is the button
Seat 1: Enerone9090 ($28.71 in chips) 
Seat 2: B19 5L1CK ($15.82 in chips) 
Seat 3: Supermegopro ($100 in chips) 
Seat 4: Dante21b ($99 in chips) 
Seat 5: MaRKiToScoK ($112.69 in chips) 
Seat 6: mariofcd ($123.62 in chips) 
Dante21b: posts small blind $0.50
MaRKiToScoK: posts big blind $1
*** HOLE CARDS ***
mariofcd: raises $1 to $2
Enerone9090: folds 
B19 5L1CK: folds 
Supermegopro: folds 
Dante21b: folds 
MaRKiToScoK: calls $1
*** FLOP *** [As 3c 4s]
MaRKiToScoK: checks 
mariofcd: checks 
*** TURN *** [As 3c 4s] [Td]
MaRKiToScoK: checks 
mariofcd: checks 
*** RIVER *** [As 3c 4s Td] [7d]
MaRKiToScoK: checks 
mariofcd: bets $1.28
MaRKiToScoK: folds 
Uncalled bet ($1.28) returned to mariofcd
mariofcd collected $4.28 from pot
mariofcd: doesn't show hand 
*** SUMMARY ***
Total pot $4.50 | Rake $0.22 
Board [As 3c 4s Td 7d]
Seat 1: Enerone9090 folded before Flop (didn't bet)
Seat 2: B19 5L1CK folded before Flop (didn't bet)
Seat 3: Supermegopro (button) folded before Flop (didn't bet)
Seat 4: Dante21b (small blind) folded before Flop
Seat 5: MaRKiToScoK (big blind) folded on the River
Seat 6: mariofcd collected ($4.28)



PokerStars Hand #254694546753:  Hold'em No Limit ($0.50/$1.00 USD) - 2025/02/03 22:31:38 WET [2025/02/03 17:31:38 ET]
Table 'Altair II' 6-max Seat #4 is the button
Seat 1: Enerone9090 ($28.71 in chips) 
Seat 2: B19 5L1CK ($15.82 in chips) 
Seat 3: Supermegopro ($100 in chips) 
Seat 4: Dante21b ($98.50 in chips) 
Seat 5: MaRKiToScoK ($110.69 in chips) 
Seat 6: mariofcd ($125.90 in chips) 
MaRKiToScoK: posts small blind $0.50
mariofcd: posts big blind $1
*** HOLE CARDS ***
Enerone9090: calls $1
B19 5L1CK: calls $1
Supermegopro: folds 
Dante21b: folds 
MaRKiToScoK: calls $0.50
mariofcd: checks 
*** FLOP *** [6h Js 6s]
MaRKiToScoK: checks 
mariofcd: checks 
Enerone9090: checks 
B19 5L1CK: checks 
*** TURN *** [6h Js 6s] [4s]
MaRKiToScoK: checks 
mariofcd: checks 
Enerone9090: checks 
B19 5L1CK: checks 
*** RIVER *** [6h Js 6s 4s] [7h]
MaRKiToScoK: checks 
mariofcd: checks 
Enerone9090: bets $2
B19 5L1CK: folds 
MaRKiToScoK: folds 
mariofcd: calls $2
*** SHOW DOWN ***
Enerone9090: shows [7c 9c] (two pair, Sevens and Sixes)
mariofcd: mucks hand 
Enerone9090 collected $7.50 from pot
*** SUMMARY ***
Total pot $8 | Rake $0.50 
Board [6h Js 6s 4s 7h]
Seat 1: Enerone9090 showed [7c 9c] and won ($7.50) with two pair, Sevens and Sixes
Seat 2: B19 5L1CK folded on the River
Seat 3: Supermegopro folded before Flop (didn't bet)
Seat 4: Dante21b (button) folded before Flop (didn't bet)
Seat 5: MaRKiToScoK (small blind) folded on the River
Seat 6: mariofcd (big blind) mucked



PokerStars Hand #254694561361:  Hold'em No Limit ($0.50/$1.00 USD) - 2025/02/03 22:32:27 WET [2025/02/03 17:32:27 ET]
Table 'Altair II' 6-max Seat #5 is the button
Seat 1: Enerone9090 ($33.21 in chips) 
Seat 2: B19 5L1CK ($14.82 in chips) 
Seat 3: Supermegopro ($100 in chips) 
Seat 4: Dante21b ($98.50 in chips) 
Seat 5: MaRKiToScoK ($109.69 in chips) 
Seat 6: mariofcd ($122.90 in chips) 
mariofcd: posts small blind $0.50
Enerone9090: posts big blind $1
*** HOLE CARDS ***
B19 5L1CK: folds 
Supermegopro: raises $1.50 to $2.50
Dante21b: folds 
MaRKiToScoK: folds 
mariofcd: folds 
Enerone9090: folds 
Uncalled bet ($1.50) returned to Supermegopro
Supermegopro collected $2.50 from pot
Supermegopro: doesn't show hand 
*** SUMMARY ***
Total pot $2.50 | Rake $0 
Seat 1: Enerone9090 (big blind) folded before Flop
Seat 2: B19 5L1CK folded before Flop (didn't bet)
Seat 3: Supermegopro collected ($2.50)
Seat 4: Dante21b folded before Flop (didn't bet)
Seat 5: MaRKiToScoK (button) folded before Flop (didn't bet)
Seat 6: mariofcd (small blind) folded before Flop



PokerStars Hand #254694568395:  Hold'em No Limit ($0.50/$1.00 USD) - 2025/02/03 22:32:51 WET [2025/02/03 17:32:51 ET]
Table 'Altair II' 6-max Seat #6 is the button
Seat 1: Enerone9090 ($32.21 in chips) 
Seat 2: B19 5L1CK ($14.82 in chips) 
Seat 3: Supermegopro ($101.50 in chips) 
Seat 4: Dante21b ($98.50 in chips) 
Seat 5: MaRKiToScoK ($109.69 in chips) 
Seat 6: mariofcd ($122.40 in chips) 
Enerone9090: posts small blind $0.50
B19 5L1CK: posts big blind $1
*** HOLE CARDS ***
Supermegopro: raises $1.50 to $2.50
Dante21b: folds 
MaRKiToScoK: folds 
mariofcd: folds 
Enerone9090: folds 
B19 5L1CK: folds 
Uncalled bet ($1.50) returned to Supermegopro
Supermegopro collected $2.50 from pot
Supermegopro: doesn't show hand 
*** SUMMARY ***
Total pot $2.50 | Rake $0 
Seat 1: Enerone9090 (small blind) folded before Flop
Seat 2: B19 5L1CK (big blind) folded before Flop
Seat 3: Supermegopro collected ($2.50)
Seat 4: Dante21b folded before Flop (didn't bet)
Seat 5: MaRKiToScoK folded before Flop (didn't bet)
Seat 6: mariofcd (button) folded before Flop (didn't bet)



PokerStars Hand #254694573377:  Hold'em No Limit ($0.50/$1.00 USD) - 2025/02/03 22:33:08 WET [2025/02/03 17:33:08 ET]
Table 'Altair II' 6-max Seat #1 is the button
Seat 1: Enerone9090 ($31.71 in chips) 
Seat 2: B19 5L1CK ($13.82 in chips) 
Seat 3: Supermegopro ($103 in chips) 
Seat 4: Dante21b ($98.50 in chips) 
Seat 5: MaRKiToScoK ($109.69 in chips) 
Seat 6: mariofcd ($122.40 in chips) 
B19 5L1CK: posts small blind $0.50
Supermegopro: posts big blind $1
*** HOLE CARDS ***
Dante21b: folds 
MaRKiToScoK: folds 
mariofcd: folds 
Enerone9090: calls $1
B19 5L1CK: calls $0.50
Supermegopro: checks 
*** FLOP *** [3h 9s Qc]
B19 5L1CK: checks 
Supermegopro: checks 
Enerone9090: bets $2
B19 5L1CK: folds 
Supermegopro: folds 
Uncalled bet ($2) returned to Enerone9090
Enerone9090 collected $2.81 from pot
*** SUMMARY ***
Total pot $3 | Rake $0.19 
Board [3h 9s Qc]
Seat 1: Enerone9090 (button) collected ($2.81)
Seat 2: B19 5L1CK (small blind) folded on the Flop
Seat 3: Supermegopro (big blind) folded on the Flop
Seat 4: Dante21b folded before Flop (didn't bet)
Seat 5: MaRKiToScoK folded before Flop (didn't bet)
Seat 6: mariofcd folded before Flop (didn't bet)



PokerStars Hand #254694585368:  Hold'em No Limit ($0.50/$1.00 USD) - 2025/02/03 22:33:49 WET [2025/02/03 17:33:49 ET]
Table 'Altair II' 6-max Seat #2 is the button
Seat 1: Enerone9090 ($33.52 in chips) 
Seat 2: B19 5L1CK ($12.82 in chips) 
Seat 3: Supermegopro ($102 in chips) 
Seat 4: Dante21b ($98.50 in chips) 
Seat 5: MaRKiToScoK ($109.69 in chips) 
Seat 6: mariofcd ($122.40 in chips) 
Supermegopro: posts small blind $0.50
Dante21b: posts big blind $1
*** HOLE CARDS ***
MaRKiToScoK: folds 
mariofcd: folds 
mariofcd leaves the table
Enerone9090: folds 
B19 5L1CK: raises $11.82 to $12.82 and is all-in
Supermegopro: folds 
Dante21b: folds 
Uncalled bet ($11.82) returned to B19 5L1CK
B19 5L1CK collected $2.50 from pot
B19 5L1CK: doesn't show hand 
*** SUMMARY ***
Total pot $2.50 | Rake $0 
Seat 1: Enerone9090 folded before Flop (didn't bet)
Seat 2: B19 5L1CK (button) collected ($2.50)
Seat 3: Supermegopro (small blind) folded before Flop
Seat 4: Dante21b (big blind) folded before Flop
Seat 5: MaRKiToScoK folded before Flop (didn't bet)
Seat 6: mariofcd folded before Flop (didn't bet)



PokerStars Hand #254694590677:  Hold'em No Limit ($0.50/$1.00 USD) - 2025/02/03 22:34:07 WET [2025/02/03 17:34:07 ET]
Table 'Altair II' 6-max Seat #3 is the button
Seat 1: Enerone9090 ($33.52 in chips) 
Seat 2: B19 5L1CK ($14.32 in chips) 
Seat 3: Supermegopro ($101.50 in chips) 
Seat 4: Dante21b ($97.50 in chips) 
Seat 5: MaRKiToScoK ($109.69 in chips) 
Dante21b: posts small blind $0.50
MaRKiToScoK: posts big blind $1
*** HOLE CARDS ***
Enerone9090: folds 
B19 5L1CK: calls $1
Supermegopro: folds 
Dante21b: folds 
MaRKiToScoK: raises $14 to $15
B19 5L1CK: calls $13.32 and is all-in
Uncalled bet ($0.68) returned to MaRKiToScoK
*** FLOP *** [Qh Ts 2c]
*** TURN *** [Qh Ts 2c] [Js]
*** RIVER *** [Qh Ts 2c Js] [Qs]
*** SHOW DOWN ***
MaRKiToScoK: shows [9d Ac] (a pair of Queens)
B19 5L1CK: shows [Kd Ks] (two pair, Kings and Queens)
B19 5L1CK collected $27.68 from pot
*** SUMMARY ***
Total pot $29.14 | Rake $1.46 
Board [Qh Ts 2c Js Qs]
Seat 1: Enerone9090 folded before Flop (didn't bet)
Seat 2: B19 5L1CK showed [Kd Ks] and won ($27.68) with two pair, Kings and Queens
Seat 3: Supermegopro (button) folded before Flop (didn't bet)
Seat 4: Dante21b (small blind) folded before Flop
Seat 5: MaRKiToScoK (big blind) showed [9d Ac] and lost with a pair of Queens



PokerStars Hand #254694598712:  Hold'em No Limit ($0.50/$1.00 USD) - 2025/02/03 22:34:35 WET [2025/02/03 17:34:35 ET]
Table 'Altair II' 6-max Seat #4 is the button
Seat 1: Enerone9090 ($33.52 in chips) 
Seat 2: B19 5L1CK ($27.68 in chips) 
Seat 3: Supermegopro ($101.50 in chips) 
Seat 4: Dante21b ($97 in chips) 
Seat 5: MaRKiToScoK ($100 in chips) 
MaRKiToScoK: posts small blind $0.50
Enerone9090: posts big blind $1
*** HOLE CARDS ***
B19 5L1CK: folds 
Supermegopro: raises $1.50 to $2.50
Dante21b: folds 
MaRKiToScoK: folds 
Enerone9090: folds 
Uncalled bet ($1.50) returned to Supermegopro
Supermegopro collected $2.50 from pot
Supermegopro: doesn't show hand 
*** SUMMARY ***
Total pot $2.50 | Rake $0 
Seat 1: Enerone9090 (big blind) folded before Flop
Seat 2: B19 5L1CK folded before Flop (didn't bet)
Seat 3: Supermegopro collected ($2.50)
Seat 4: Dante21b (button) folded before Flop (didn't bet)
Seat 5: MaRKiToScoK (small blind) folded before Flop



PokerStars Hand #254694603871:  Hold'em No Limit ($0.50/$1.00 USD) - 2025/02/03 22:34:53 WET [2025/02/03 17:34:53 ET]
Table 'Altair II' 6-max Seat #5 is the button
Seat 1: Enerone9090 ($32.52 in chips) 
Seat 2: B19 5L1CK ($27.68 in chips) 
Seat 3: Supermegopro ($103 in chips) 
Seat 4: Dante21b ($97 in chips) 
Seat 5: MaRKiToScoK ($100 in chips) 
Enerone9090: posts small blind $0.50
B19 5L1CK: posts big blind $1
*** HOLE CARDS ***
Supermegopro: folds 
Dante21b: folds 
MaRKiToScoK: raises $1.50 to $2.50
Enerone9090: folds 
pr0tecto joins the table at seat #6 
B19 5L1CK: calls $1.50
*** FLOP *** [4s Ac Tc]
B19 5L1CK: checks 
MaRKiToScoK: bets $1.72
B19 5L1CK: calls $1.72
*** TURN *** [4s Ac Tc] [3d]
B19 5L1CK: checks 
MaRKiToScoK: bets $5.50
B19 5L1CK: folds 
Uncalled bet ($5.50) returned to MaRKiToScoK
MaRKiToScoK collected $8.49 from pot
*** SUMMARY ***
Total pot $8.94 | Rake $0.45 
Board [4s Ac Tc 3d]
Seat 1: Enerone9090 (small blind) folded before Flop
Seat 2: B19 5L1CK (big blind) folded on the Turn
Seat 3: Supermegopro folded before Flop (didn't bet)
Seat 4: Dante21b folded before Flop (didn't bet)
Seat 5: MaRKiToScoK (button) collected ($8.49)



PokerStars Hand #254694625032:  Hold'em No Limit ($0.50/$1.00 USD) - 2025/02/03 22:36:06 WET [2025/02/03 17:36:06 ET]
Table 'Altair II' 6-max Seat #1 is the button
Seat 6: pr0tecto ($100 in chips) is sitting out
Seat 1: Enerone9090 ($32.02 in chips) 
Seat 2: B19 5L1CK ($23.46 in chips) 
Seat 3: Supermegopro ($103 in chips) 
Seat 4: Dante21b ($97 in chips) 
Seat 5: MaRKiToScoK ($104.27 in chips) 
B19 5L1CK: posts small blind $0.50
Supermegopro: posts big blind $1
pr0tecto: sits out 
*** HOLE CARDS ***
Dante21b: raises $1 to $2
MaRKiToScoK: folds 
Enerone9090: calls $2
B19 5L1CK: folds 
Supermegopro: folds 
*** FLOP *** [Qd Td 7h]
Dante21b: checks 
Enerone9090: checks 
*** TURN *** [Qd Td 7h] [4s]
Dante21b: bets $3.45
Enerone9090: folds 
Uncalled bet ($3.45) returned to Dante21b
Dante21b collected $5.22 from pot
Dante21b: doesn't show hand 
*** SUMMARY ***
Total pot $5.50 | Rake $0.28 
Board [Qd Td 7h 4s]
Seat 6: pr0tecto
Seat 1: Enerone9090 (button) folded on the Turn
Seat 2: B19 5L1CK (small blind) folded before Flop
Seat 3: Supermegopro (big blind) folded before Flop
Seat 4: Dante21b collected ($5.22)
Seat 5: MaRKiToScoK folded before Flop (didn't bet)



PokerStars Hand #254694638578:  Hold'em No Limit ($0.50/$1.00 USD) - 2025/02/03 22:36:52 WET [2025/02/03 17:36:52 ET]
Table 'Altair II' 6-max Seat #2 is the button
Seat 6: pr0tecto ($100 in chips) is sitting out
Seat 1: Enerone9090 ($30.02 in chips) 
Seat 2: B19 5L1CK ($22.96 in chips) 
Seat 3: Supermegopro ($102 in chips) 
Seat 4: Dante21b ($100.22 in chips) 
Seat 5: MaRKiToScoK ($104.27 in chips) 
Supermegopro: posts small blind $0.50
Dante21b: posts big blind $1
pr0tecto: sits out 
*** HOLE CARDS ***
MaRKiToScoK: folds 
Enerone9090: folds 
Enerone9090 leaves the table
B19 5L1CK: raises $1.25 to $2.25
Supermegopro: raises $9.75 to $12
Dante21b: folds 
B19 5L1CK: folds 
Uncalled bet ($9.75) returned to Supermegopro
Supermegopro collected $5.50 from pot
Supermegopro: doesn't show hand 
*** SUMMARY ***
Total pot $5.50 | Rake $0 
Seat 6: pr0tecto
Seat 1: Enerone9090 folded before Flop (didn't bet)
Seat 2: B19 5L1CK (button) folded before Flop
Seat 3: Supermegopro (small blind) collected ($5.50)
Seat 4: Dante21b (big blind) folded before Flop
Seat 5: MaRKiToScoK folded before Flop (didn't bet)



PokerStars Hand #254694649510:  Hold'em No Limit ($0.50/$1.00 USD) - 2025/02/03 22:37:30 WET [2025/02/03 17:37:30 ET]
Table 'Altair II' 6-max Seat #3 is the button
Seat 6: pr0tecto ($100 in chips) is sitting out
Seat 2: B19 5L1CK ($20.71 in chips) 
Seat 3: Supermegopro ($105.25 in chips) 
Seat 4: Dante21b ($99.22 in chips) 
Seat 5: MaRKiToScoK ($104.27 in chips) 
Dante21b: posts small blind $0.50
MaRKiToScoK: posts big blind $1
pr0tecto: sits out 
*** HOLE CARDS ***
B19 5L1CK: folds 
Supermegopro: raises $1.50 to $2.50
Dante21b: folds 
MaRKiToScoK: folds 
Uncalled bet ($1.50) returned to Supermegopro
Supermegopro collected $2.50 from pot
Supermegopro: doesn't show hand 
*** SUMMARY ***
Total pot $2.50 | Rake $0 
Seat 6: pr0tecto
Seat 2: B19 5L1CK folded before Flop (didn't bet)
Seat 3: Supermegopro (button) collected ($2.50)
Seat 4: Dante21b (small blind) folded before Flop
Seat 5: MaRKiToScoK (big blind) folded before Flop



PokerStars Hand #254694653098:  Hold'em No Limit ($0.50/$1.00 USD) - 2025/02/03 22:37:42 WET [2025/02/03 17:37:42 ET]
Table 'Altair II' 6-max Seat #4 is the button
Seat 2: B19 5L1CK ($20.71 in chips) 
Seat 3: Supermegopro ($106.75 in chips) 
Seat 4: Dante21b ($98.72 in chips) 
Seat 5: MaRKiToScoK ($103.27 in chips) 
Seat 6: pr0tecto ($100 in chips) 
MaRKiToScoK: posts small blind $0.50
pr0tecto: posts big blind $1
*** HOLE CARDS ***
B19 5L1CK: folds 
Supermegopro: folds 
Dante21b: folds 
avstero joins the table at seat #1 
MaRKiToScoK: folds 
Uncalled bet ($0.50) returned to pr0tecto
pr0tecto collected $1 from pot
pr0tecto: doesn't show hand 
*** SUMMARY ***
Total pot $1 | Rake $0 
Seat 2: B19 5L1CK folded before Flop (didn't bet)
Seat 3: Supermegopro folded before Flop (didn't bet)
Seat 4: Dante21b (button) folded before Flop (didn't bet)
Seat 5: MaRKiToScoK (small blind) folded before Flop
Seat 6: pr0tecto (big blind) collected ($1)



PokerStars Hand #254695300288:  Hold'em No Limit ($0.50/$1.00 USD) - 2025/02/03 22:46:21 WET [2025/02/03 17:46:21 ET]
Table 'Altair II' 6-max Seat #4 is the button
Seat 2: B19 5L1CK ($51.58 in chips) 
Seat 4: Dante21b ($100.90 in chips) 
Dante21b: posts small blind $0.50
B19 5L1CK: posts big blind $1
*** HOLE CARDS ***
Dante21b: raises $1.50 to $2.50
B19 5L1CK: folds 
Uncalled bet ($1.50) returned to Dante21b
Dante21b collected $2 from pot
Dante21b: doesn't show hand 
*** SUMMARY ***
Total pot $2 | Rake $0 
Seat 2: B19 5L1CK (big blind) folded before Flop
Seat 4: Dante21b (button) (small blind) collected ($2)



PokerStars Hand #254695304501:  Hold'em No Limit ($0.50/$1.00 USD) - 2025/02/03 22:46:35 WET [2025/02/03 17:46:35 ET]
Table 'Altair II' 6-max Seat #2 is the button
Seat 2: B19 5L1CK ($50.58 in chips) 
Seat 4: Dante21b ($101.90 in chips) 
B19 5L1CK: posts small blind $0.50
Dante21b: posts big blind $1
*** HOLE CARDS ***
B19 5L1CK: folds 
Uncalled bet ($0.50) returned to Dante21b
Dante21b collected $1 from pot
Dante21b: doesn't show hand 
*** SUMMARY ***
Total pot $1 | Rake $0 
Seat 2: B19 5L1CK (button) (small blind) folded before Flop
Seat 4: Dante21b (big blind) collected ($1)



PokerStars Hand #254695311001:  Hold'em No Limit ($0.50/$1.00 USD) - 2025/02/03 22:46:59 WET [2025/02/03 17:46:59 ET]
Table 'Altair II' 6-max Seat #4 is the button
Seat 2: B19 5L1CK ($50.08 in chips) is sitting out
Seat 4: Dante21b ($102.40 in chips) 
Seat 6: 12anglish ($27.87 in chips) 
Dante21b: posts small blind $0.50
12anglish: posts big blind $1
*** HOLE CARDS ***
Dante21b: folds 
Uncalled bet ($0.50) returned to 12anglish
12anglish collected $1 from pot
*** SUMMARY ***
Total pot $1 | Rake $0 
Seat 2: B19 5L1CK
Seat 4: Dante21b (button) (small blind) folded before Flop
Seat 6: 12anglish (big blind) collected ($1)



PokerStars Hand #254695313424:  Hold'em No Limit ($0.50/$1.00 USD) - 2025/02/03 22:47:07 WET [2025/02/03 17:47:07 ET]
Table 'Altair II' 6-max Seat #6 is the button
Seat 2: B19 5L1CK ($50.08 in chips) is sitting out
Seat 4: Dante21b ($101.90 in chips) 
Seat 6: 12anglish ($28.37 in chips) 
12anglish: posts small blind $0.50
Dante21b: posts big blind $1
*** HOLE CARDS ***
12anglish: calls $0.50
B19 5L1CK leaves the table
Dante21b: checks 
*** FLOP *** [2c 3c 4s]
Dante21b: checks 
12anglish: bets $1
Dante21b: folds 
Uncalled bet ($1) returned to 12anglish
12anglish collected $1.90 from pot
*** SUMMARY ***
Total pot $2 | Rake $0.10 
Board [2c 3c 4s]
Seat 2: B19 5L1CK
Seat 4: Dante21b (big blind) folded on the Flop
Seat 6: 12anglish (button) (small blind) collected ($1.90)



PokerStars Hand #254695322598:  Hold'em No Limit ($0.50/$1.00 USD) - 2025/02/03 22:47:40 WET [2025/02/03 17:47:40 ET]
Table 'Altair II' 6-max Seat #4 is the button
Seat 4: Dante21b ($100.90 in chips) 
Seat 6: 12anglish ($29.27 in chips) 
Dante21b: posts small blind $0.50
12anglish: posts big blind $1
*** HOLE CARDS ***
Dante21b: folds 
Uncalled bet ($0.50) returned to 12anglish
12anglish collected $1 from pot
*** SUMMARY ***
Total pot $1 | Rake $0 
Seat 4: Dante21b (button) (small blind) folded before Flop
Seat 6: 12anglish (big blind) collected ($1)



PokerStars Hand #254695324623:  Hold'em No Limit ($0.50/$1.00 USD) - 2025/02/03 22:47:47 WET [2025/02/03 17:47:47 ET]
Table 'Altair II' 6-max Seat #6 is the button
Seat 4: Dante21b ($100.40 in chips) 
Seat 6: 12anglish ($29.77 in chips) 
12anglish: posts small blind $0.50
Dante21b: posts big blind $1
*** HOLE CARDS ***
12anglish: folds 
Uncalled bet ($0.50) returned to Dante21b
Dante21b collected $1 from pot
Dante21b: doesn't show hand 
*** SUMMARY ***
Total pot $1 | Rake $0 
Seat 4: Dante21b (big blind) collected ($1)
Seat 6: 12anglish (button) (small blind) folded before Flop



PokerStars Hand #254695326275:  Hold'em No Limit ($0.50/$1.00 USD) - 2025/02/03 22:47:53 WET [2025/02/03 17:47:53 ET]
Table 'Altair II' 6-max Seat #4 is the button
Seat 4: Dante21b ($100.90 in chips) 
Seat 6: 12anglish ($29.27 in chips) 
Dante21b: posts small blind $0.50
12anglish: posts big blind $1
*** HOLE CARDS ***
Dante21b: raises $1.50 to $2.50
12anglish: calls $1.50
*** FLOP *** [8c 6s Ac]
12anglish: checks 
Dante21b: checks 
*** TURN *** [8c 6s Ac] [4s]
12anglish: bets $2
Dante21b: calls $2
*** RIVER *** [8c 6s Ac 4s] [2h]
12anglish: bets $8.55
Dante21b: calls $8.55
*** SHOW DOWN ***
12anglish: shows [5d 3d] (a straight, Deuce to Six)
Dante21b: mucks hand 
12anglish collected $25.10 from pot
*** SUMMARY ***
Total pot $26.10 | Rake $1 
Board [8c 6s Ac 4s 2h]
Seat 4: Dante21b (button) (small blind) mucked
Seat 6: 12anglish (big blind) showed [5d 3d] and won ($25.10) with a straight, Deuce to Six



PokerStars Hand #254695334128:  Hold'em No Limit ($0.50/$1.00 USD) - 2025/02/03 22:48:21 WET [2025/02/03 17:48:21 ET]
Table 'Altair II' 6-max Seat #6 is the button
Seat 4: Dante21b ($100 in chips) 
Seat 6: 12anglish ($41.32 in chips) 
12anglish: posts small blind $0.50
Dante21b: posts big blind $1
*** HOLE CARDS ***
12anglish: folds 
Uncalled bet ($0.50) returned to Dante21b
Dante21b collected $1 from pot
Dante21b: doesn't show hand 
*** SUMMARY ***
Total pot $1 | Rake $0 
Seat 4: Dante21b (big blind) collected ($1)
Seat 6: 12anglish (button) (small blind) folded before Flop



PokerStars Hand #254695335986:  Hold'em No Limit ($0.50/$1.00 USD) - 2025/02/03 22:48:28 WET [2025/02/03 17:48:28 ET]
Table 'Altair II' 6-max Seat #4 is the button
Seat 4: Dante21b ($100.50 in chips) 
Seat 6: 12anglish ($40.82 in chips) 
Dante21b: posts small blind $0.50
12anglish: posts big blind $1
*** HOLE CARDS ***
Dante21b: raises $1.50 to $2.50
12anglish: calls $1.50
*** FLOP *** [7c 8c 4s]
12anglish: checks 
Dante21b: checks 
*** TURN *** [7c 8c 4s] [8h]
12anglish: checks 
Dante21b: bets $3.14
12anglish: folds 
Uncalled bet ($3.14) returned to Dante21b
Dante21b collected $4.75 from pot
Dante21b: doesn't show hand 
*** SUMMARY ***
Total pot $5 | Rake $0.25 
Board [7c 8c 4s 8h]
Seat 4: Dante21b (button) (small blind) collected ($4.75)
Seat 6: 12anglish (big blind) folded on the Turn



PokerStars Hand #254695342134:  Hold'em No Limit ($0.50/$1.00 USD) - 2025/02/03 22:48:49 WET [2025/02/03 17:48:49 ET]
Table 'Altair II' 6-max Seat #6 is the button
Seat 4: Dante21b ($102.75 in chips) 
Seat 6: 12anglish ($38.32 in chips) 
12anglish: posts small blind $0.50
Dante21b: posts big blind $1
*** HOLE CARDS ***
12anglish: raises $1 to $2
Dante21b: folds 
Uncalled bet ($1) returned to 12anglish
12anglish collected $2 from pot
*** SUMMARY ***
Total pot $2 | Rake $0 
Seat 4: Dante21b (big blind) folded before Flop
Seat 6: 12anglish (button) (small blind) collected ($2)



PokerStars Hand #254695345167:  Hold'em No Limit ($0.50/$1.00 USD) - 2025/02/03 22:49:00 WET [2025/02/03 17:49:00 ET]
Table 'Altair II' 6-max Seat #4 is the button
Seat 4: Dante21b ($101.75 in chips) 
Seat 6: 12anglish ($39.32 in chips) 
Dante21b: posts small blind $0.50
12anglish: posts big blind $1
*** HOLE CARDS ***
Dante21b: raises $2 to $3
12anglish: calls $2
*** FLOP *** [2d 4h 8s]
12anglish: checks 
Dante21b: checks 
*** TURN *** [2d 4h 8s] [8c]
12anglish: checks 
Dante21b: bets $3.76
12anglish: calls $3.76
*** RIVER *** [2d 4h 8s 8c] [Qc]
12anglish: bets $6.42
Dante21b: folds 
Uncalled bet ($6.42) returned to 12anglish
12anglish collected $12.84 from pot
*** SUMMARY ***
Total pot $13.52 | Rake $0.68 
Board [2d 4h 8s 8c Qc]
Seat 4: Dante21b (button) (small blind) folded on the River
Seat 6: 12anglish (big blind) collected ($12.84)



PokerStars Hand #254695357619:  Hold'em No Limit ($0.50/$1.00 USD) - 2025/02/03 22:49:44 WET [2025/02/03 17:49:44 ET]
Table 'Altair II' 6-max Seat #6 is the button
Seat 4: Dante21b ($100 in chips) 
Seat 6: 12anglish ($45.40 in chips) 
12anglish: posts small blind $0.50
Dante21b: posts big blind $1
*** HOLE CARDS ***
12anglish: calls $0.50
Dante21b: checks 
*** FLOP *** [Jh 5d 9h]
Dante21b: checks 
12anglish: bets $1
Dante21b: calls $1
*** TURN *** [Jh 5d 9h] [8c]
Dante21b: checks 
12anglish: checks 
*** RIVER *** [Jh 5d 9h 8c] [Qc]
Dante21b: checks 
12anglish: bets $1
Dante21b: calls $1
*** SHOW DOWN ***
12anglish: shows [Qh Jd] (two pair, Queens and Jacks)
Dante21b: mucks hand 
12anglish collected $5.70 from pot
*** SUMMARY ***
Total pot $6 | Rake $0.30 
Board [Jh 5d 9h 8c Qc]
Seat 4: Dante21b (big blind) mucked
Seat 6: 12anglish (button) (small blind) showed [Qh Jd] and won ($5.70) with two pair, Queens and Jacks



PokerStars Hand #254695368433:  Hold'em No Limit ($0.50/$1.00 USD) - 2025/02/03 22:50:23 WET [2025/02/03 17:50:23 ET]
Table 'Altair II' 6-max Seat #4 is the button
Seat 4: Dante21b ($97 in chips) 
Seat 6: 12anglish ($48.10 in chips) 
Dante21b: posts small blind $0.50
12anglish: posts big blind $1
*** HOLE CARDS ***
Dante21b: folds 
Uncalled bet ($0.50) returned to 12anglish
12anglish collected $1 from pot
*** SUMMARY ***
Total pot $1 | Rake $0 
Seat 4: Dante21b (button) (small blind) folded before Flop
Seat 6: 12anglish (big blind) collected ($1)



PokerStars Hand #254695370001:  Hold'em No Limit ($0.50/$1.00 USD) - 2025/02/03 22:50:28 WET [2025/02/03 17:50:28 ET]
Table 'Altair II' 6-max Seat #6 is the button
Seat 4: Dante21b ($96.50 in chips) 
Seat 6: 12anglish ($48.60 in chips) 
12anglish: posts small blind $0.50
Dante21b: posts big blind $1
*** HOLE CARDS ***
12anglish: calls $0.50
Dante21b: checks 
*** FLOP *** [6d Td 5s]
Dante21b: checks 
12anglish: bets $1
Dante21b: calls $1
*** TURN *** [6d Td 5s] [9d]
Dante21b: checks 
12anglish: bets $1
Dante21b: calls $1
*** RIVER *** [6d Td 5s 9d] [2h]
Dante21b: checks 
12anglish: checks 
*** SHOW DOWN ***
Dante21b: shows [3h 6c] (a pair of Sixes)
12anglish: shows [Th Qh] (a pair of Tens)
12anglish collected $5.70 from pot
*** SUMMARY ***
Total pot $6 | Rake $0.30 
Board [6d Td 5s 9d 2h]
Seat 4: Dante21b (big blind) showed [3h 6c] and lost with a pair of Sixes
Seat 6: 12anglish (button) (small blind) showed [Th Qh] and won ($5.70) with a pair of Tens



PokerStars Hand #254695377348:  Hold'em No Limit ($0.50/$1.00 USD) - 2025/02/03 22:50:54 WET [2025/02/03 17:50:54 ET]
Table 'Altair II' 6-max Seat #4 is the button
Seat 4: Dante21b ($100 in chips) 
Seat 6: 12anglish ($51.30 in chips) 
Dante21b: posts small blind $0.50
12anglish: posts big blind $1
*** HOLE CARDS ***
Dante21b: raises $1.50 to $2.50
12anglish: folds 
Uncalled bet ($1.50) returned to Dante21b
Dante21b collected $2 from pot
Dante21b: doesn't show hand 
*** SUMMARY ***
Total pot $2 | Rake $0 
Seat 4: Dante21b (button) (small blind) collected ($2)
Seat 6: 12anglish (big blind) folded before Flop



PokerStars Hand #254695379559:  Hold'em No Limit ($0.50/$1.00 USD) - 2025/02/03 22:51:02 WET [2025/02/03 17:51:02 ET]
Table 'Altair II' 6-max Seat #6 is the button
Seat 4: Dante21b ($101 in chips) 
Seat 6: 12anglish ($50.30 in chips) 
12anglish: posts small blind $0.50
Dante21b: posts big blind $1
*** HOLE CARDS ***
12anglish: calls $0.50
Dante21b: checks 
*** FLOP *** [8s Td 4d]
Dante21b: checks 
12anglish: bets $1
Dante21b: folds 
Uncalled bet ($1) returned to 12anglish
12anglish collected $1.90 from pot
*** SUMMARY ***
Total pot $2 | Rake $0.10 
Board [8s Td 4d]
Seat 4: Dante21b (big blind) folded on the Flop
Seat 6: 12anglish (button) (small blind) collected ($1.90)



PokerStars Hand #254695386164:  Hold'em No Limit ($0.50/$1.00 USD) - 2025/02/03 22:51:26 WET [2025/02/03 17:51:26 ET]
Table 'Altair II' 6-max Seat #4 is the button
Seat 4: Dante21b ($100 in chips) 
Seat 6: 12anglish ($51.20 in chips) 
Dante21b: posts small blind $0.50
12anglish: posts big blind $1
*** HOLE CARDS ***
Dante21b: raises $1.50 to $2.50
12anglish: folds 
Uncalled bet ($1.50) returned to Dante21b
Dante21b collected $2 from pot
Dante21b: doesn't show hand 
*** SUMMARY ***
Total pot $2 | Rake $0 
Seat 4: Dante21b (button) (small blind) collected ($2)
Seat 6: 12anglish (big blind) folded before Flop



PokerStars Hand #254695388574:  Hold'em No Limit ($0.50/$1.00 USD) - 2025/02/03 22:51:35 WET [2025/02/03 17:51:35 ET]
Table 'Altair II' 6-max Seat #6 is the button
Seat 4: Dante21b ($101 in chips) 
Seat 6: 12anglish ($50.20 in chips) 
12anglish: posts small blind $0.50
Dante21b: posts big blind $1
*** HOLE CARDS ***
12anglish: calls $0.50
Dante21b: checks 
*** FLOP *** [8c Ac 2s]
Dante21b: checks 
12anglish: bets $1
Dante21b: calls $1
*** TURN *** [8c Ac 2s] [7h]
Dante21b: checks 
12anglish: bets $2
Dante21b: calls $2
*** RIVER *** [8c Ac 2s 7h] [Qs]
Dante21b: checks 
12anglish: bets $3.80
Dante21b: calls $3.80
*** SHOW DOWN ***
12anglish: shows [7s As] (two pair, Aces and Sevens)
Dante21b: mucks hand 
12anglish collected $14.82 from pot
*** SUMMARY ***
Total pot $15.60 | Rake $0.78 
Board [8c Ac 2s 7h Qs]
Seat 4: Dante21b (big blind) mucked
Seat 6: 12anglish (button) (small blind) showed [7s As] and won ($14.82) with two pair, Aces and Sevens



PokerStars Hand #254695398690:  Hold'em No Limit ($0.50/$1.00 USD) - 2025/02/03 22:52:11 WET [2025/02/03 17:52:11 ET]
Table 'Altair II' 6-max Seat #4 is the button
Seat 4: Dante21b ($100 in chips) 
Seat 6: 12anglish ($57.22 in chips) 
Dante21b: posts small blind $0.50
12anglish: posts big blind $1
*** HOLE CARDS ***
Dante21b: folds 
Uncalled bet ($0.50) returned to 12anglish
12anglish collected $1 from pot
*** SUMMARY ***
Total pot $1 | Rake $0 
Seat 4: Dante21b (button) (small blind) folded before Flop
Seat 6: 12anglish (big blind) collected ($1)



PokerStars Hand #254695400241:  Hold'em No Limit ($0.50/$1.00 USD) - 2025/02/03 22:52:17 WET [2025/02/03 17:52:17 ET]
Table 'Altair II' 6-max Seat #6 is the button
Seat 4: Dante21b ($99.50 in chips) 
Seat 6: 12anglish ($57.72 in chips) 
12anglish: posts small blind $0.50
Dante21b: posts big blind $1
*** HOLE CARDS ***
12anglish: folds 
Uncalled bet ($0.50) returned to Dante21b
Dante21b collected $1 from pot
Dante21b: doesn't show hand 
*** SUMMARY ***
Total pot $1 | Rake $0 
Seat 4: Dante21b (big blind) collected ($1)
Seat 6: 12anglish (button) (small blind) folded before Flop



PokerStars Hand #254695401987:  Hold'em No Limit ($0.50/$1.00 USD) - 2025/02/03 22:52:23 WET [2025/02/03 17:52:23 ET]
Table 'Altair II' 6-max Seat #4 is the button
Seat 4: Dante21b ($100 in chips) 
Seat 6: 12anglish ($57.22 in chips) 
Dante21b: posts small blind $0.50
12anglish: posts big blind $1
*** HOLE CARDS ***
Dante21b: folds 
Uncalled bet ($0.50) returned to 12anglish
12anglish collected $1 from pot
*** SUMMARY ***
Total pot $1 | Rake $0 
Seat 4: Dante21b (button) (small blind) folded before Flop
Seat 6: 12anglish (big blind) collected ($1)



PokerStars Hand #254695404278:  Hold'em No Limit ($0.50/$1.00 USD) - 2025/02/03 22:52:31 WET [2025/02/03 17:52:31 ET]
Table 'Altair II' 6-max Seat #6 is the button
Seat 4: Dante21b ($99.50 in chips) 
Seat 6: 12anglish ($57.72 in chips) 
12anglish: posts small blind $0.50
Dante21b: posts big blind $1
*** HOLE CARDS ***
12anglish: folds 
Uncalled bet ($0.50) returned to Dante21b
Dante21b collected $1 from pot
Dante21b: doesn't show hand 
*** SUMMARY ***
Total pot $1 | Rake $0 
Seat 4: Dante21b (big blind) collected ($1)
Seat 6: 12anglish (button) (small blind) folded before Flop



PokerStars Hand #254695405938:  Hold'em No Limit ($0.50/$1.00 USD) - 2025/02/03 22:52:37 WET [2025/02/03 17:52:37 ET]
Table 'Altair II' 6-max Seat #4 is the button
Seat 4: Dante21b ($100 in chips) 
Seat 6: 12anglish ($57.22 in chips) 
Dante21b: posts small blind $0.50
12anglish: posts big blind $1
*** HOLE CARDS ***
Dante21b: folds 
Uncalled bet ($0.50) returned to 12anglish
12anglish collected $1 from pot
*** SUMMARY ***
Total pot $1 | Rake $0 
Seat 4: Dante21b (button) (small blind) folded before Flop
Seat 6: 12anglish (big blind) collected ($1)



PokerStars Hand #254695407657:  Hold'em No Limit ($0.50/$1.00 USD) - 2025/02/03 22:52:43 WET [2025/02/03 17:52:43 ET]
Table 'Altair II' 6-max Seat #6 is the button
Seat 4: Dante21b ($99.50 in chips) 
Seat 6: 12anglish ($57.72 in chips) 
12anglish: posts small blind $0.50
Dante21b: posts big blind $1
*** HOLE CARDS ***
12anglish: calls $0.50
Dante21b: raises $2 to $3
12anglish: calls $2
*** FLOP *** [5d 9d 4h]
Dante21b: checks 
12anglish: checks 
*** TURN *** [5d 9d 4h] [9c]
Dante21b: bets $3.76
12anglish: calls $3.76
*** RIVER *** [5d 9d 4h 9c] [3h]
Dante21b: bets $9
12anglish: folds 
Uncalled bet ($9) returned to Dante21b
Dante21b collected $12.84 from pot
Dante21b: doesn't show hand 
*** SUMMARY ***
Total pot $13.52 | Rake $0.68 
Board [5d 9d 4h 9c 3h]
Seat 4: Dante21b (big blind) collected ($12.84)
Seat 6: 12anglish (button) (small blind) folded on the River



PokerStars Hand #254695420149:  Hold'em No Limit ($0.50/$1.00 USD) - 2025/02/03 22:53:28 WET [2025/02/03 17:53:28 ET]
Table 'Altair II' 6-max Seat #4 is the button
Seat 4: Dante21b ($105.58 in chips) 
Seat 6: 12anglish ($50.96 in chips) 
Dante21b: posts small blind $0.50
12anglish: posts big blind $1
*** HOLE CARDS ***
Dante21b: folds 
Uncalled bet ($0.50) returned to 12anglish
12anglish collected $1 from pot
*** SUMMARY ***
Total pot $1 | Rake $0 
Seat 4: Dante21b (button) (small blind) folded before Flop
Seat 6: 12anglish (big blind) collected ($1)



PokerStars Hand #254695421639:  Hold'em No Limit ($0.50/$1.00 USD) - 2025/02/03 22:53:34 WET [2025/02/03 17:53:34 ET]
Table 'Altair II' 6-max Seat #6 is the button
Seat 4: Dante21b ($105.08 in chips) 
Seat 6: 12anglish ($51.46 in chips) 
12anglish: posts small blind $0.50
Dante21b: posts big blind $1
*** HOLE CARDS ***
12anglish: folds 
Uncalled bet ($0.50) returned to Dante21b
Dante21b collected $1 from pot
Dante21b: doesn't show hand 
*** SUMMARY ***
Total pot $1 | Rake $0 
Seat 4: Dante21b (big blind) collected ($1)
Seat 6: 12anglish (button) (small blind) folded before Flop



PokerStars Hand #254695423333:  Hold'em No Limit ($0.50/$1.00 USD) - 2025/02/03 22:53:39 WET [2025/02/03 17:53:39 ET]
Table 'Altair II' 6-max Seat #4 is the button
Seat 4: Dante21b ($105.58 in chips) 
Seat 6: 12anglish ($50.96 in chips) 
Dante21b: posts small blind $0.50
12anglish: posts big blind $1
*** HOLE CARDS ***
Dante21b: raises $2 to $3
12anglish: folds 
Uncalled bet ($2) returned to Dante21b
Dante21b collected $2 from pot
Dante21b: doesn't show hand 
*** SUMMARY ***
Total pot $2 | Rake $0 
Seat 4: Dante21b (button) (small blind) collected ($2)
Seat 6: 12anglish (big blind) folded before Flop



PokerStars Hand #254695425719:  Hold'em No Limit ($0.50/$1.00 USD) - 2025/02/03 22:53:48 WET [2025/02/03 17:53:48 ET]
Table 'Altair II' 6-max Seat #6 is the button
Seat 4: Dante21b ($106.58 in chips) 
Seat 6: 12anglish ($49.96 in chips) 
12anglish: posts small blind $0.50
Dante21b: posts big blind $1
*** HOLE CARDS ***
12anglish: calls $0.50
Dante21b: checks 
*** FLOP *** [9h Kc 5d]
Dante21b: checks 
12anglish: checks 
*** TURN *** [9h Kc 5d] [Jh]
Dante21b: checks 
12anglish: checks 
*** RIVER *** [9h Kc 5d Jh] [8s]
Dante21b: checks 
12anglish: checks 
*** SHOW DOWN ***
Dante21b: shows [9c 3c] (a pair of Nines)
12anglish: mucks hand 
Dante21b collected $1.90 from pot
*** SUMMARY ***
Total pot $2 | Rake $0.10 
Board [9h Kc 5d Jh 8s]
Seat 4: Dante21b (big blind) showed [9c 3c] and won ($1.90) with a pair of Nines
Seat 6: 12anglish (button) (small blind) mucked



PokerStars Hand #254695437373:  Hold'em No Limit ($0.50/$1.00 USD) - 2025/02/03 22:54:31 WET [2025/02/03 17:54:31 ET]
Table 'Altair II' 6-max Seat #4 is the button
Seat 4: Dante21b ($107.48 in chips) 
Seat 6: 12anglish ($48.96 in chips) 
Dante21b: posts small blind $0.50
12anglish: posts big blind $1
*** HOLE CARDS ***
Dante21b: folds 
Uncalled bet ($0.50) returned to 12anglish
12anglish collected $1 from pot
*** SUMMARY ***
Total pot $1 | Rake $0 
Seat 4: Dante21b (button) (small blind) folded before Flop
Seat 6: 12anglish (big blind) collected ($1)



PokerStars Hand #254695438811:  Hold'em No Limit ($0.50/$1.00 USD) - 2025/02/03 22:54:36 WET [2025/02/03 17:54:36 ET]
Table 'Altair II' 6-max Seat #6 is the button
Seat 4: Dante21b ($106.98 in chips) 
Seat 6: 12anglish ($49.46 in chips) 
12anglish: posts small blind $0.50
Dante21b: posts big blind $1
*** HOLE CARDS ***
12anglish: calls $0.50
Dante21b: checks 
*** FLOP *** [Js 5d Qc]
Dante21b: checks 
12anglish: bets $1
Dante21b: folds 
Uncalled bet ($1) returned to 12anglish
12anglish collected $1.90 from pot
*** SUMMARY ***
Total pot $2 | Rake $0.10 
Board [Js 5d Qc]
Seat 4: Dante21b (big blind) folded on the Flop
Seat 6: 12anglish (button) (small blind) collected ($1.90)



PokerStars Hand #254695446037:  Hold'em No Limit ($0.50/$1.00 USD) - 2025/02/03 22:55:02 WET [2025/02/03 17:55:02 ET]
Table 'Altair II' 6-max Seat #4 is the button
Seat 4: Dante21b ($105.98 in chips) 
Seat 6: 12anglish ($50.36 in chips) 
Dante21b: posts small blind $0.50
12anglish: posts big blind $1
*** HOLE CARDS ***
Dante21b: raises $2 to $3
12anglish: calls $2
*** FLOP *** [9c 8s Ks]
12anglish: checks 
Dante21b: checks 
*** TURN *** [9c 8s Ks] [Ad]
12anglish: checks 
Dante21b: bets $3.76
12anglish: calls $3.76
*** RIVER *** [9c 8s Ks Ad] [4s]
12anglish: checks 
Dante21b: bets $19.26
12anglish: folds 
Uncalled bet ($19.26) returned to Dante21b
Dante21b collected $12.84 from pot
Dante21b: doesn't show hand 
*** SUMMARY ***
Total pot $13.52 | Rake $0.68 
Board [9c 8s Ks Ad 4s]
Seat 4: Dante21b (button) (small blind) collected ($12.84)
Seat 6: 12anglish (big blind) folded on the River



PokerStars Hand #254695458481:  Hold'em No Limit ($0.50/$1.00 USD) - 2025/02/03 22:56:02 WET [2025/02/03 17:56:02 ET]
Table 'Altair II' 6-max Seat #6 is the button
Seat 4: Dante21b ($112.06 in chips) 
Seat 6: 12anglish ($43.60 in chips) 
12anglish: posts small blind $0.50
Dante21b: posts big blind $1
*** HOLE CARDS ***
12anglish: folds 
Uncalled bet ($0.50) returned to Dante21b
Dante21b collected $1 from pot
Dante21b: doesn't show hand 
*** SUMMARY ***
Total pot $1 | Rake $0 
Seat 4: Dante21b (big blind) collected ($1)
Seat 6: 12anglish (button) (small blind) folded before Flop



PokerStars Hand #254695460458:  Hold'em No Limit ($0.50/$1.00 USD) - 2025/02/03 22:56:12 WET [2025/02/03 17:56:12 ET]
Table 'Altair II' 6-max Seat #4 is the button
Seat 4: Dante21b ($112.56 in chips) 
Seat 6: 12anglish ($43.10 in chips) 
Dante21b: posts small blind $0.50
12anglish: posts big blind $1
*** HOLE CARDS ***
Dante21b: raises $1.50 to $2.50
12anglish: calls $1.50
*** FLOP *** [Qc Ks 2s]
12anglish: checks 
Dante21b: checks 
*** TURN *** [Qc Ks 2s] [5s]
12anglish: bets $2
Dante21b: raises $5 to $7
12anglish: raises $33.60 to $40.60 and is all-in
Dante21b: folds 
Uncalled bet ($33.60) returned to 12anglish
12anglish collected $18.05 from pot
*** SUMMARY ***
Total pot $19 | Rake $0.95 
Board [Qc Ks 2s 5s]
Seat 4: Dante21b (button) (small blind) folded on the Turn
Seat 6: 12anglish (big blind) collected ($18.05)



PokerStars Hand #254695469728:  Hold'em No Limit ($0.50/$1.00 USD) - 2025/02/03 22:56:57 WET [2025/02/03 17:56:57 ET]
Table 'Altair II' 6-max Seat #6 is the button
Seat 4: Dante21b ($103.06 in chips) 
Seat 6: 12anglish ($51.65 in chips) 
12anglish: posts small blind $0.50
Dante21b: posts big blind $1
*** HOLE CARDS ***
12anglish: raises $2 to $3
Dante21b: folds 
Uncalled bet ($2) returned to 12anglish
12anglish collected $2 from pot
*** SUMMARY ***
Total pot $2 | Rake $0 
Seat 4: Dante21b (big blind) folded before Flop
Seat 6: 12anglish (button) (small blind) collected ($2)



PokerStars Hand #254695471522:  Hold'em No Limit ($0.50/$1.00 USD) - 2025/02/03 22:57:06 WET [2025/02/03 17:57:06 ET]
Table 'Altair II' 6-max Seat #4 is the button
Seat 4: Dante21b ($102.06 in chips) 
Seat 6: 12anglish ($52.65 in chips) 
Dante21b: posts small blind $0.50
12anglish: posts big blind $1
*** HOLE CARDS ***
Dante21b: raises $1.50 to $2.50
12anglish: folds 
Uncalled bet ($1.50) returned to Dante21b
Dante21b collected $2 from pot
Dante21b: doesn't show hand 
*** SUMMARY ***
Total pot $2 | Rake $0 
Seat 4: Dante21b (button) (small blind) collected ($2)
Seat 6: 12anglish (big blind) folded before Flop



PokerStars Hand #254695475865:  Hold'em No Limit ($0.50/$1.00 USD) - 2025/02/03 22:57:28 WET [2025/02/03 17:57:28 ET]
Table 'Altair II' 6-max Seat #6 is the button
Seat 4: Dante21b ($103.06 in chips) 
Seat 6: 12anglish ($51.65 in chips) 
12anglish: posts small blind $0.50
Dante21b: posts big blind $1
*** HOLE CARDS ***
12anglish: raises $2 to $3
Dante21b: folds 
Uncalled bet ($2) returned to 12anglish
12anglish collected $2 from pot
*** SUMMARY ***
Total pot $2 | Rake $0 
Seat 4: Dante21b (big blind) folded before Flop
Seat 6: 12anglish (button) (small blind) collected ($2)



PokerStars Hand #254695478164:  Hold'em No Limit ($0.50/$1.00 USD) - 2025/02/03 22:57:40 WET [2025/02/03 17:57:40 ET]
Table 'Altair II' 6-max Seat #4 is the button
Seat 4: Dante21b ($102.06 in chips) 
Seat 6: 12anglish ($52.65 in chips) 
Dante21b: posts small blind $0.50
12anglish: posts big blind $1
*** HOLE CARDS ***
Dante21b: raises $1.50 to $2.50
12anglish: calls $1.50
*** FLOP *** [3h 2c Kc]
12anglish: checks 
Dante21b: checks 
*** TURN *** [3h 2c Kc] [Qd]
12anglish: checks 
Dante21b: bets $3.14
12anglish: calls $3.14
*** RIVER *** [3h 2c Kc Qd] [9c]
12anglish: checks 
Dante21b: bets $8
12anglish: folds 
Uncalled bet ($8) returned to Dante21b
Dante21b collected $10.72 from pot
Dante21b: doesn't show hand 
*** SUMMARY ***
Total pot $11.28 | Rake $0.56 
Board [3h 2c Kc Qd 9c]
Seat 4: Dante21b (button) (small blind) collected ($10.72)
Seat 6: 12anglish (big blind) folded on the River



PokerStars Hand #254695484687:  Hold'em No Limit ($0.50/$1.00 USD) - 2025/02/03 22:58:12 WET [2025/02/03 17:58:12 ET]
Table 'Altair II' 6-max Seat #6 is the button
Seat 4: Dante21b ($107.14 in chips) 
Seat 6: 12anglish ($47.01 in chips) 
12anglish: posts small blind $0.50
Dante21b: posts big blind $1
*** HOLE CARDS ***
12anglish: calls $0.50
Dante21b: checks 
*** FLOP *** [3s Ks 9d]
Dante21b: checks 
12anglish: checks 
*** TURN *** [3s Ks 9d] [Ad]
Dante21b: bets $1.25
12anglish: calls $1.25
*** RIVER *** [3s Ks 9d Ad] [Td]
Dante21b: bets $2.82
12anglish: calls $2.82
*** SHOW DOWN ***
Dante21b: shows [6h 8c] (high card Ace)
12anglish: shows [Ac 7c] (a pair of Aces)
12anglish collected $9.63 from pot
*** SUMMARY ***
Total pot $10.14 | Rake $0.51 
Board [3s Ks 9d Ad Td]
Seat 4: Dante21b (big blind) showed [6h 8c] and lost with high card Ace
Seat 6: 12anglish (button) (small blind) showed [Ac 7c] and won ($9.63) with a pair of Aces



PokerStars Hand #254695495011:  Hold'em No Limit ($0.50/$1.00 USD) - 2025/02/03 22:59:03 WET [2025/02/03 17:59:03 ET]
Table 'Altair II' 6-max Seat #4 is the button
Seat 4: Dante21b ($102.07 in chips) 
Seat 6: 12anglish ($51.57 in chips) 
Dante21b: posts small blind $0.50
12anglish: posts big blind $1
*** HOLE CARDS ***
Dante21b: folds 
Uncalled bet ($0.50) returned to 12anglish
12anglish collected $1 from pot
*** SUMMARY ***
Total pot $1 | Rake $0 
Seat 4: Dante21b (button) (small blind) folded before Flop
Seat 6: 12anglish (big blind) collected ($1)



PokerStars Hand #254695496207:  Hold'em No Limit ($0.50/$1.00 USD) - 2025/02/03 22:59:09 WET [2025/02/03 17:59:09 ET]
Table 'Altair II' 6-max Seat #6 is the button
Seat 4: Dante21b ($101.57 in chips) 
Seat 6: 12anglish ($52.07 in chips) 
12anglish: posts small blind $0.50
Dante21b: posts big blind $1
*** HOLE CARDS ***
12anglish: calls $0.50
Dante21b: raises $4 to $5
12anglish: folds 
Uncalled bet ($4) returned to Dante21b
Dante21b collected $2 from pot
Dante21b: doesn't show hand 
*** SUMMARY ***
Total pot $2 | Rake $0 
Seat 4: Dante21b (big blind) collected ($2)
Seat 6: 12anglish (button) (small blind) folded before Flop



PokerStars Hand #254695500574:  Hold'em No Limit ($0.50/$1.00 USD) - 2025/02/03 22:59:30 WET [2025/02/03 17:59:30 ET]
Table 'Altair II' 6-max Seat #4 is the button
Seat 4: Dante21b ($102.57 in chips) 
Seat 6: 12anglish ($51.07 in chips) 
Dante21b: posts small blind $0.50
12anglish: posts big blind $1
*** HOLE CARDS ***
Dante21b: raises $2 to $3
12anglish: calls $2
*** FLOP *** [Js Kd Th]
12anglish: checks 
Dante21b: checks 
*** TURN *** [Js Kd Th] [4h]
12anglish: checks 
Dante21b: bets $3.76
12anglish: folds 
Uncalled bet ($3.76) returned to Dante21b
Dante21b collected $5.70 from pot
Dante21b: doesn't show hand 
*** SUMMARY ***
Total pot $6 | Rake $0.30 
Board [Js Kd Th 4h]
Seat 4: Dante21b (button) (small blind) collected ($5.70)
Seat 6: 12anglish (big blind) folded on the Turn



PokerStars Hand #254695510863:  Hold'em No Limit ($0.50/$1.00 USD) - 2025/02/03 23:00:21 WET [2025/02/03 18:00:21 ET]
Table 'Altair II' 6-max Seat #6 is the button
Seat 4: Dante21b ($105.27 in chips) 
Seat 6: 12anglish ($48.07 in chips) 
12anglish: posts small blind $0.50
Dante21b: posts big blind $1
*** HOLE CARDS ***
12anglish: calls $0.50
Dante21b: checks 
*** FLOP *** [Jh 9s 8c]
Dante21b: checks 
12anglish: bets $1
Dante21b: raises $2.50 to $3.50
12anglish: folds 
Uncalled bet ($2.50) returned to Dante21b
Dante21b collected $3.80 from pot
Dante21b: doesn't show hand 
*** SUMMARY ***
Total pot $4 | Rake $0.20 
Board [Jh 9s 8c]
Seat 4: Dante21b (big blind) collected ($3.80)
Seat 6: 12anglish (button) (small blind) folded on the Flop



PokerStars Hand #254695523609:  Hold'em No Limit ($0.50/$1.00 USD) - 2025/02/03 23:01:18 WET [2025/02/03 18:01:18 ET]
Table 'Altair II' 6-max Seat #4 is the button
Seat 4: Dante21b ($107.07 in chips) 
Seat 6: 12anglish ($46.07 in chips) 
Dante21b: posts small blind $0.50
12anglish: posts big blind $1
*** HOLE CARDS ***
Dante21b: raises $1.50 to $2.50
12anglish: folds 
Uncalled bet ($1.50) returned to Dante21b
Dante21b collected $2 from pot
Dante21b: doesn't show hand 
*** SUMMARY ***
Total pot $2 | Rake $0 
Seat 4: Dante21b (button) (small blind) collected ($2)
Seat 6: 12anglish (big blind) folded before Flop



PokerStars Hand #254695526223:  Hold'em No Limit ($0.50/$1.00 USD) - 2025/02/03 23:01:29 WET [2025/02/03 18:01:29 ET]
Table 'Altair II' 6-max Seat #6 is the button
Seat 4: Dante21b ($108.07 in chips) 
Seat 6: 12anglish ($45.07 in chips) 
12anglish: posts small blind $0.50
Dante21b: posts big blind $1
*** HOLE CARDS ***
12anglish: calls $0.50
Dante21b: raises $3.50 to $4.50
12anglish: calls $3.50
*** FLOP *** [Td As Qc]
Dante21b: bets $2.82
12anglish: calls $2.82
*** TURN *** [Td As Qc] [Qh]
Dante21b: checks 
12anglish: checks 
*** RIVER *** [Td As Qc Qh] [3s]
Dante21b: bets $100.75 and is all-in
12anglish: folds 
Uncalled bet ($100.75) returned to Dante21b
Dante21b collected $13.91 from pot
Dante21b: doesn't show hand 
*** SUMMARY ***
Total pot $14.64 | Rake $0.73 
Board [Td As Qc Qh 3s]
Seat 4: Dante21b (big blind) collected ($13.91)
Seat 6: 12anglish (button) (small blind) folded on the River



