PokerStars Hand #254683472913:  Hold'em No Limit ($0.50/$1.00 USD) - 2025/02/03 5:12:00 WET [2025/02/03 0:12:00 ET]
Table 'Eukrate' 6-max Seat #2 is the button
Seat 5: joaquin612 ($100 in chips) is sitting out
Seat 2: CaHek-Ty3 ($100 in chips) 
Seat 4: Supermegopro ($100 in chips) 
CaHek-Ty3: posts small blind $0.50
Supermegopro: posts big blind $1
*** HOLE CARDS ***
CaHek-Ty3: folds 
Uncalled bet ($0.50) returned to Supermegopro
Supermegopro collected $1 from pot
Supermegopro: doesn't show hand 
*** SUMMARY ***
Total pot $1 | Rake $0 
Seat 5: joaquin612
Seat 2: CaHek-Ty3 (button) (small blind) folded before Flop
Seat 4: Supermegopro (big blind) collected ($1)



PokerStars Hand #254683473980:  Hold'em No Limit ($0.50/$1.00 USD) - 2025/02/03 5:12:14 WET [2025/02/03 0:12:14 ET]
Table 'Eukrate' 6-max Seat #4 is the button
Seat 5: joaquin612 ($100 in chips) is sitting out
Seat 2: CaHek-Ty3 ($100 in chips) 
Seat 4: Supermegopro ($100.50 in chips) 
Supermegopro: posts small blind $0.50
CaHek-Ty3: posts big blind $1
*** HOLE CARDS ***
Supermegopro: folds 
Uncalled bet ($0.50) returned to CaHek-Ty3
CaHek-Ty3 collected $1 from pot
*** SUMMARY ***
Total pot $1 | Rake $0 
Seat 5: joaquin612
Seat 2: CaHek-Ty3 (big blind) collected ($1)
Seat 4: Supermegopro (button) (small blind) folded before Flop



PokerStars Hand #254683474447:  Hold'em No Limit ($0.50/$1.00 USD) - 2025/02/03 5:12:20 WET [2025/02/03 0:12:20 ET]
Table 'Eukrate' 6-max Seat #2 is the button
Seat 2: CaHek-Ty3 ($100.50 in chips) 
Seat 4: Supermegopro ($100 in chips) 
Seat 5: joaquin612 ($100 in chips) 
Supermegopro: posts small blind $0.50
joaquin612: posts big blind $1
*** HOLE CARDS ***
CaHek-Ty3: raises $1.50 to $2.50
Supermegopro: folds 
joaquin612: folds 
Uncalled bet ($1.50) returned to CaHek-Ty3
CaHek-Ty3 collected $2.50 from pot
*** SUMMARY ***
Total pot $2.50 | Rake $0 
Seat 2: CaHek-Ty3 (button) collected ($2.50)
Seat 4: Supermegopro (small blind) folded before Flop
Seat 5: joaquin612 (big blind) folded before Flop



PokerStars Hand #254683475182:  Hold'em No Limit ($0.50/$1.00 USD) - 2025/02/03 5:12:29 WET [2025/02/03 0:12:29 ET]
Table 'Eukrate' 6-max Seat #5 is the button
Seat 2: CaHek-Ty3 ($102 in chips) is sitting out
Seat 4: Supermegopro ($100 in chips) 
Seat 5: joaquin612 ($100 in chips) 
joaquin612: posts small blind $0.50
CaHek-Ty3: is sitting out 
Supermegopro: posts big blind $1
*** HOLE CARDS ***
joaquin612: raises $2 to $3
Supermegopro: calls $2
*** FLOP *** [3d 6c 6d]
Supermegopro: checks 
CaHek-Ty3 leaves the table
joaquin612: checks 
*** TURN *** [3d 6c 6d] [4s]
Supermegopro: checks 
joaquin612: bets $1.88
Supermegopro: folds 
Uncalled bet ($1.88) returned to joaquin612
joaquin612 collected $5.70 from pot
joaquin612: doesn't show hand 
*** SUMMARY ***
Total pot $6 | Rake $0.30 
Board [3d 6c 6d 4s]
Seat 2: CaHek-Ty3
Seat 4: Supermegopro (big blind) folded on the Turn
Seat 5: joaquin612 (button) (small blind) collected ($5.70)



PokerStars Hand #254683477547:  Hold'em No Limit ($0.50/$1.00 USD) - 2025/02/03 5:12:58 WET [2025/02/03 0:12:58 ET]
Table 'Eukrate' 6-max Seat #4 is the button
Seat 4: Supermegopro ($100 in chips) 
Seat 5: joaquin612 ($102.70 in chips) 
Supermegopro: posts small blind $0.50
joaquin612: posts big blind $1
*** HOLE CARDS ***
Supermegopro: raises $2 to $3
joaquin612: folds 
Uncalled bet ($2) returned to Supermegopro
Supermegopro collected $2 from pot
Supermegopro: doesn't show hand 
*** SUMMARY ***
Total pot $2 | Rake $0 
Seat 4: Supermegopro (button) (small blind) collected ($2)
Seat 5: joaquin612 (big blind) folded before Flop



PokerStars Hand #254683478456:  Hold'em No Limit ($0.50/$1.00 USD) - 2025/02/03 5:13:10 WET [2025/02/03 0:13:10 ET]
Table 'Eukrate' 6-max Seat #5 is the button
Seat 4: Supermegopro ($101 in chips) 
Seat 5: joaquin612 ($101.70 in chips) 
joaquin612: posts small blind $0.50
Supermegopro: posts big blind $1
*** HOLE CARDS ***
joaquin612: folds 
Uncalled bet ($0.50) returned to Supermegopro
joaquin612 leaves the table
Supermegopro collected $1 from pot
Supermegopro: doesn't show hand 
*** SUMMARY ***
Total pot $1 | Rake $0 
Seat 4: Supermegopro (big blind) collected ($1)
Seat 5: joaquin612 (button) (small blind) folded before Flop



