PokerStars Hand #254690682900:  Hold'em No Limit ($0.50/$1.00 USD) - 2025/02/03 19:03:55 WET [2025/02/03 14:03:55 ET]
Table 'Varsavia' 6-max Seat #4 is the button
Seat 1: grumpymace ($100 in chips) 
Seat 2: z00mba ($100 in chips) 
Seat 3: G.Andrei95 ($100 in chips) 
Seat 4: blackclan7 ($100 in chips) 
Seat 6: Becar_06 ($10 in chips) 
Becar_06: posts small blind $0.50
grumpymace: posts big blind $1
*** HOLE CARDS ***
coeeeelho joins the table at seat #5 
z00mba: folds 
G.Andrei95: folds 
blackclan7: raises $1.50 to $2.50
Becar_06: raises $7.50 to $10 and is all-in
grumpymace: folds 
blackclan7: calls $7.50
*** FLOP *** [8c 9h 7d]
*** TURN *** [8c 9h 7d] [6h]
*** RIVER *** [8c 9h 7d 6h] [Kc]
*** SHOW DOWN ***
Becar_06: shows [Kd Qd] (a pair of Kings)
blackclan7: shows [Jh As] (high card Ace)
Becar_06 collected $19.95 from pot
blackclan7 cashed out the hand for $10.91 | Cash Out Fee $0.22
*** SUMMARY ***
Total pot $21 | Rake $1.05 
Board [8c 9h 7d 6h Kc]
Seat 1: grumpymace (big blind) folded before Flop
Seat 2: z00mba folded before Flop (didn't bet)
Seat 3: G.Andrei95 folded before Flop (didn't bet)
Seat 4: blackclan7 (button) showed [Jh As] and lost with high card Ace (cashed out).
Seat 6: Becar_06 (small blind) showed [Kd Qd] and won ($19.95) with a pair of Kings



PokerStars Hand #254690700185:  Hold'em No Limit ($0.50/$1.00 USD) - 2025/02/03 19:04:55 WET [2025/02/03 14:04:55 ET]
Table 'Varsavia' 6-max Seat #6 is the button
Seat 5: coeeeelho ($100 in chips) is sitting out
Seat 1: grumpymace ($99 in chips) 
Seat 2: z00mba ($100 in chips) 
Seat 3: G.Andrei95 ($100 in chips) 
Seat 4: blackclan7 ($100.91 in chips) 
Seat 6: Becar_06 ($50.95 in chips) 
grumpymace: posts small blind $0.50
z00mba: posts big blind $1
coeeeelho: sits out 
*** HOLE CARDS ***
G.Andrei95: folds 
blackclan7: folds 
Becar_06: folds 
grumpymace: raises $1 to $2
z00mba: calls $1
*** FLOP *** [6s 8h Ac]
grumpymace: checks 
z00mba: checks 
*** TURN *** [6s 8h Ac] [4c]
grumpymace: checks 
z00mba: bets $2
grumpymace: folds 
Uncalled bet ($2) returned to z00mba
z00mba collected $3.80 from pot
z00mba: doesn't show hand 
*** SUMMARY ***
Total pot $4 | Rake $0.20 
Board [6s 8h Ac 4c]
Seat 5: coeeeelho
Seat 1: grumpymace (small blind) folded on the Turn
Seat 2: z00mba (big blind) collected ($3.80)
Seat 3: G.Andrei95 folded before Flop (didn't bet)
Seat 4: blackclan7 folded before Flop (didn't bet)
Seat 6: Becar_06 (button) folded before Flop (didn't bet)



PokerStars Hand #254690710807:  Hold'em No Limit ($0.50/$1.00 USD) - 2025/02/03 19:05:31 WET [2025/02/03 14:05:31 ET]
Table 'Varsavia' 6-max Seat #1 is the button
Seat 5: coeeeelho ($100 in chips) is sitting out
Seat 1: grumpymace ($97 in chips) 
Seat 2: z00mba ($101.80 in chips) 
Seat 3: G.Andrei95 ($100 in chips) 
Seat 4: blackclan7 ($100.91 in chips) 
Seat 6: Becar_06 ($50.95 in chips) 
z00mba: posts small blind $0.50
G.Andrei95: posts big blind $1
coeeeelho: sits out 
*** HOLE CARDS ***
blackclan7: folds 
Becar_06: folds 
grumpymace: folds 
z00mba: folds 
Uncalled bet ($0.50) returned to G.Andrei95
G.Andrei95 collected $1 from pot
G.Andrei95: doesn't show hand 
*** SUMMARY ***
Total pot $1 | Rake $0 
Seat 5: coeeeelho
Seat 1: grumpymace (button) folded before Flop (didn't bet)
Seat 2: z00mba (small blind) folded before Flop
Seat 3: G.Andrei95 (big blind) collected ($1)
Seat 4: blackclan7 folded before Flop (didn't bet)
Seat 6: Becar_06 folded before Flop (didn't bet)



PokerStars Hand #254690714131:  Hold'em No Limit ($0.50/$1.00 USD) - 2025/02/03 19:05:43 WET [2025/02/03 14:05:43 ET]
Table 'Varsavia' 6-max Seat #2 is the button
Seat 5: coeeeelho ($100 in chips) is sitting out
Seat 1: grumpymace ($97 in chips) 
Seat 2: z00mba ($101.30 in chips) 
Seat 3: G.Andrei95 ($100.50 in chips) 
Seat 4: blackclan7 ($100.91 in chips) 
Seat 6: Becar_06 ($50.95 in chips) 
G.Andrei95: posts small blind $0.50
blackclan7: posts big blind $1
coeeeelho: sits out 
*** HOLE CARDS ***
Becar_06: folds 
grumpymace: calls $1
z00mba: folds 
G.Andrei95: calls $0.50
blackclan7: checks 
*** FLOP *** [9s Qs 8h]
G.Andrei95: checks 
blackclan7: checks 
grumpymace: checks 
*** TURN *** [9s Qs 8h] [9h]
G.Andrei95: checks 
blackclan7: bets $1.45
grumpymace: calls $1.45
G.Andrei95: folds 
*** RIVER *** [9s Qs 8h 9h] [7s]
blackclan7: bets $4.20
grumpymace: folds 
Uncalled bet ($4.20) returned to blackclan7
blackclan7 collected $5.60 from pot
blackclan7: doesn't show hand 
*** SUMMARY ***
Total pot $5.90 | Rake $0.30 
Board [9s Qs 8h 9h 7s]
Seat 5: coeeeelho
Seat 1: grumpymace folded on the River
Seat 2: z00mba (button) folded before Flop (didn't bet)
Seat 3: G.Andrei95 (small blind) folded on the Turn
Seat 4: blackclan7 (big blind) collected ($5.60)
Seat 6: Becar_06 folded before Flop (didn't bet)



PokerStars Hand #254690740791:  Hold'em No Limit ($0.50/$1.00 USD) - 2025/02/03 19:07:12 WET [2025/02/03 14:07:12 ET]
Table 'Varsavia' 6-max Seat #3 is the button
Seat 1: grumpymace ($94.55 in chips) 
Seat 2: z00mba ($101.30 in chips) 
Seat 3: G.Andrei95 ($100 in chips) 
Seat 4: blackclan7 ($104.06 in chips) 
Seat 5: coeeeelho ($100 in chips) 
Seat 6: Becar_06 ($50.95 in chips) 
blackclan7: posts small blind $0.50
coeeeelho: posts big blind $1
*** HOLE CARDS ***
Becar_06: raises $1 to $2
grumpymace: calls $2
z00mba: folds 
G.Andrei95: folds 
blackclan7: folds 
coeeeelho: folds 
*** FLOP *** [2h 8c 9d]
Becar_06: bets $3.92
grumpymace: calls $3.92
*** TURN *** [2h 8c 9d] [3c]
Becar_06: checks 
grumpymace: bets $6.34
Becar_06: calls $6.34
*** RIVER *** [2h 8c 9d 3c] [Qd]
Becar_06: checks 
grumpymace: bets $14
Becar_06: folds 
Uncalled bet ($14) returned to grumpymace
grumpymace collected $24.72 from pot
grumpymace: doesn't show hand 
*** SUMMARY ***
Total pot $26.02 | Rake $1.30 
Board [2h 8c 9d 3c Qd]
Seat 1: grumpymace collected ($24.72)
Seat 2: z00mba folded before Flop (didn't bet)
Seat 3: G.Andrei95 (button) folded before Flop (didn't bet)
Seat 4: blackclan7 (small blind) folded before Flop
Seat 5: coeeeelho (big blind) folded before Flop
Seat 6: Becar_06 folded on the River



PokerStars Hand #254690766330:  Hold'em No Limit ($0.50/$1.00 USD) - 2025/02/03 19:08:38 WET [2025/02/03 14:08:38 ET]
Table 'Varsavia' 6-max Seat #4 is the button
Seat 1: grumpymace ($107.01 in chips) 
Seat 2: z00mba ($101.30 in chips) 
Seat 3: G.Andrei95 ($100 in chips) 
Seat 4: blackclan7 ($103.56 in chips) 
Seat 5: coeeeelho ($100 in chips) 
Seat 6: Becar_06 ($38.69 in chips) 
coeeeelho: posts small blind $0.50
Becar_06: posts big blind $1
*** HOLE CARDS ***
grumpymace: calls $1
z00mba: raises $2.50 to $3.50
G.Andrei95: folds 
blackclan7: folds 
coeeeelho: folds 
Becar_06: folds 
grumpymace: calls $2.50
*** FLOP *** [4c 6s As]
grumpymace: bets $4.04
z00mba: calls $4.04
*** TURN *** [4c 6s As] [4d]
grumpymace: bets $12
z00mba: folds 
Uncalled bet ($12) returned to grumpymace
grumpymace collected $15.75 from pot
grumpymace: doesn't show hand 
*** SUMMARY ***
Total pot $16.58 | Rake $0.83 
Board [4c 6s As 4d]
Seat 1: grumpymace collected ($15.75)
Seat 2: z00mba folded on the Turn
Seat 3: G.Andrei95 folded before Flop (didn't bet)
Seat 4: blackclan7 (button) folded before Flop (didn't bet)
Seat 5: coeeeelho (small blind) folded before Flop
Seat 6: Becar_06 (big blind) folded before Flop



PokerStars Hand #254690781889:  Hold'em No Limit ($0.50/$1.00 USD) - 2025/02/03 19:09:30 WET [2025/02/03 14:09:30 ET]
Table 'Varsavia' 6-max Seat #5 is the button
Seat 1: grumpymace ($115.22 in chips) 
Seat 2: z00mba ($100 in chips) 
Seat 3: G.Andrei95 ($100 in chips) 
Seat 4: blackclan7 ($103.56 in chips) 
Seat 5: coeeeelho ($100 in chips) 
Seat 6: Becar_06 ($100 in chips) 
Becar_06: posts small blind $0.50
grumpymace: posts big blind $1
*** HOLE CARDS ***
z00mba: raises $1.50 to $2.50
G.Andrei95: folds 
blackclan7: folds 
coeeeelho: folds 
Becar_06: folds 
grumpymace: folds 
Uncalled bet ($1.50) returned to z00mba
z00mba collected $2.50 from pot
z00mba: doesn't show hand 
*** SUMMARY ***
Total pot $2.50 | Rake $0 
Seat 1: grumpymace (big blind) folded before Flop
Seat 2: z00mba collected ($2.50)
Seat 3: G.Andrei95 folded before Flop (didn't bet)
Seat 4: blackclan7 folded before Flop (didn't bet)
Seat 5: coeeeelho (button) folded before Flop (didn't bet)
Seat 6: Becar_06 (small blind) folded before Flop



PokerStars Hand #254690788226:  Hold'em No Limit ($0.50/$1.00 USD) - 2025/02/03 19:09:52 WET [2025/02/03 14:09:52 ET]
Table 'Varsavia' 6-max Seat #6 is the button
Seat 1: grumpymace ($114.22 in chips) 
Seat 2: z00mba ($101.50 in chips) 
Seat 3: G.Andrei95 ($100 in chips) 
Seat 4: blackclan7 ($103.56 in chips) 
Seat 5: coeeeelho ($100 in chips) 
Seat 6: Becar_06 ($99.50 in chips) 
grumpymace: posts small blind $0.50
z00mba: posts big blind $1
*** HOLE CARDS ***
G.Andrei95: folds 
blackclan7: raises $1 to $2
coeeeelho: folds 
Becar_06: folds 
grumpymace: raises $2 to $4
z00mba: folds 
blackclan7: calls $2
*** FLOP *** [7h 5h 4h]
grumpymace: checks 
blackclan7: checks 
*** TURN *** [7h 5h 4h] [4c]
grumpymace: bets $6
blackclan7: folds 
Uncalled bet ($6) returned to grumpymace
grumpymace collected $8.55 from pot
grumpymace: doesn't show hand 
*** SUMMARY ***
Total pot $9 | Rake $0.45 
Board [7h 5h 4h 4c]
Seat 1: grumpymace (small blind) collected ($8.55)
Seat 2: z00mba (big blind) folded before Flop
Seat 3: G.Andrei95 folded before Flop (didn't bet)
Seat 4: blackclan7 folded on the Turn
Seat 5: coeeeelho folded before Flop (didn't bet)
Seat 6: Becar_06 (button) folded before Flop (didn't bet)



PokerStars Hand #254690806287:  Hold'em No Limit ($0.50/$1.00 USD) - 2025/02/03 19:10:52 WET [2025/02/03 14:10:52 ET]
Table 'Varsavia' 6-max Seat #1 is the button
Seat 1: grumpymace ($118.77 in chips) 
Seat 2: z00mba ($100.50 in chips) 
Seat 3: G.Andrei95 ($100 in chips) 
Seat 4: blackclan7 ($100 in chips) 
Seat 5: coeeeelho ($100 in chips) 
Seat 6: Becar_06 ($99.50 in chips) 
z00mba: posts small blind $0.50
G.Andrei95: posts big blind $1
*** HOLE CARDS ***
blackclan7: folds 
coeeeelho: raises $1.20 to $2.20
Becar_06: folds 
grumpymace: folds 
z00mba: folds 
G.Andrei95: folds 
Uncalled bet ($1.20) returned to coeeeelho
coeeeelho collected $2.50 from pot
*** SUMMARY ***
Total pot $2.50 | Rake $0 
Seat 1: grumpymace (button) folded before Flop (didn't bet)
Seat 2: z00mba (small blind) folded before Flop
Seat 3: G.Andrei95 (big blind) folded before Flop
Seat 4: blackclan7 folded before Flop (didn't bet)
Seat 5: coeeeelho collected ($2.50)
Seat 6: Becar_06 folded before Flop (didn't bet)



PokerStars Hand #254690813453:  Hold'em No Limit ($0.50/$1.00 USD) - 2025/02/03 19:11:16 WET [2025/02/03 14:11:16 ET]
Table 'Varsavia' 6-max Seat #2 is the button
Seat 4: blackclan7 ($100 in chips) is sitting out
Seat 1: grumpymace ($118.77 in chips) 
Seat 2: z00mba ($100 in chips) 
Seat 3: G.Andrei95 ($100 in chips) 
Seat 5: coeeeelho ($101.50 in chips) 
Seat 6: Becar_06 ($99.50 in chips) 
G.Andrei95: posts small blind $0.50
blackclan7: is sitting out 
coeeeelho: posts big blind $1
*** HOLE CARDS ***
Becar_06: folds 
grumpymace: folds 
z00mba: raises $1.50 to $2.50
G.Andrei95: folds 
blackclan7 leaves the table
LuckyShikari joins the table at seat #4 
coeeeelho: calls $1.50
*** FLOP *** [2c 3s 7c]
coeeeelho: checks 
z00mba: bets $3.97
coeeeelho: calls $3.97
*** TURN *** [2c 3s 7c] [Kh]
coeeeelho: checks 
z00mba: checks 
*** RIVER *** [2c 3s 7c Kh] [Th]
coeeeelho: checks 
z00mba: checks 
*** SHOW DOWN ***
coeeeelho: shows [Jc Qs] (high card King)
z00mba: shows [8s 7s] (a pair of Sevens)
z00mba collected $12.77 from pot
*** SUMMARY ***
Total pot $13.44 | Rake $0.67 
Board [2c 3s 7c Kh Th]
Seat 4: blackclan7
Seat 1: grumpymace folded before Flop (didn't bet)
Seat 2: z00mba (button) showed [8s 7s] and won ($12.77) with a pair of Sevens
Seat 3: G.Andrei95 (small blind) folded before Flop
Seat 5: coeeeelho (big blind) showed [Jc Qs] and lost with high card King
Seat 6: Becar_06 folded before Flop (didn't bet)



PokerStars Hand #254690833959:  Hold'em No Limit ($0.50/$1.00 USD) - 2025/02/03 19:12:24 WET [2025/02/03 14:12:24 ET]
Table 'Varsavia' 6-max Seat #3 is the button
Seat 4: LuckyShikari ($100 in chips) is sitting out
Seat 6: Becar_06 ($99.50 in chips) is sitting out
Seat 1: grumpymace ($118.77 in chips) 
Seat 2: z00mba ($106.30 in chips) 
Seat 3: G.Andrei95 ($100 in chips) 
Seat 5: coeeeelho ($100 in chips) 
coeeeelho: posts small blind $0.50
Becar_06: is sitting out 
grumpymace: posts big blind $1
*** HOLE CARDS ***
z00mba: folds 
Becar_06 leaves the table
G.Andrei95: folds 
coeeeelho: folds 
Uncalled bet ($0.50) returned to grumpymace
grumpymace collected $1 from pot
grumpymace: doesn't show hand 
*** SUMMARY ***
Total pot $1 | Rake $0 
Seat 4: LuckyShikari
Seat 6: Becar_06
Seat 1: grumpymace (big blind) collected ($1)
Seat 2: z00mba folded before Flop (didn't bet)
Seat 3: G.Andrei95 (button) folded before Flop (didn't bet)
Seat 5: coeeeelho (small blind) folded before Flop



PokerStars Hand #254690837394:  Hold'em No Limit ($0.50/$1.00 USD) - 2025/02/03 19:12:36 WET [2025/02/03 14:12:36 ET]
Table 'Varsavia' 6-max Seat #5 is the button
Seat 4: LuckyShikari ($100 in chips) is sitting out
Seat 1: grumpymace ($119.27 in chips) 
Seat 2: z00mba ($106.30 in chips) 
Seat 3: G.Andrei95 ($100 in chips) 
Seat 5: coeeeelho ($100 in chips) 
grumpymace: posts small blind $0.50
z00mba: posts big blind $1
LuckyShikari: sits out 
*** HOLE CARDS ***
G.Andrei95: folds 
coeeeelho: folds 
grumpymace: raises $1 to $2
z00mba: calls $1
*** FLOP *** [Ts 2h Ad]
grumpymace: checks 
BGS013 joins the table at seat #6 
z00mba: checks 
*** TURN *** [Ts 2h Ad] [Qc]
grumpymace: checks 
z00mba: checks 
*** RIVER *** [Ts 2h Ad Qc] [3c]
grumpymace: checks 
z00mba: bets $1.50
grumpymace: folds 
Uncalled bet ($1.50) returned to z00mba
z00mba collected $3.80 from pot
z00mba: doesn't show hand 
*** SUMMARY ***
Total pot $4 | Rake $0.20 
Board [Ts 2h Ad Qc 3c]
Seat 4: LuckyShikari
Seat 1: grumpymace (small blind) folded on the River
Seat 2: z00mba (big blind) collected ($3.80)
Seat 3: G.Andrei95 folded before Flop (didn't bet)
Seat 5: coeeeelho (button) folded before Flop (didn't bet)



PokerStars Hand #254690852548:  Hold'em No Limit ($0.50/$1.00 USD) - 2025/02/03 19:13:27 WET [2025/02/03 14:13:27 ET]
Table 'Varsavia' 6-max Seat #1 is the button
Seat 4: LuckyShikari ($100 in chips) is sitting out
Seat 6: BGS013 ($100 in chips) is sitting out
Seat 1: grumpymace ($117.27 in chips) 
Seat 2: z00mba ($108.10 in chips) 
Seat 3: G.Andrei95 ($100 in chips) 
Seat 5: coeeeelho ($100 in chips) 
z00mba: posts small blind $0.50
G.Andrei95: posts big blind $1
LuckyShikari: sits out 
BGS013: sits out 
*** HOLE CARDS ***
coeeeelho: folds 
grumpymace: folds 
z00mba: folds 
Uncalled bet ($0.50) returned to G.Andrei95
G.Andrei95 collected $1 from pot
G.Andrei95: doesn't show hand 
*** SUMMARY ***
Total pot $1 | Rake $0 
Seat 4: LuckyShikari
Seat 6: BGS013
Seat 1: grumpymace (button) folded before Flop (didn't bet)
Seat 2: z00mba (small blind) folded before Flop
Seat 3: G.Andrei95 (big blind) collected ($1)
Seat 5: coeeeelho folded before Flop (didn't bet)



PokerStars Hand #254690855284:  Hold'em No Limit ($0.50/$1.00 USD) - 2025/02/03 19:13:36 WET [2025/02/03 14:13:36 ET]
Table 'Varsavia' 6-max Seat #2 is the button
Seat 6: BGS013 ($100 in chips) is sitting out
Seat 1: grumpymace ($117.27 in chips) 
Seat 2: z00mba ($107.60 in chips) 
Seat 3: G.Andrei95 ($100.50 in chips) 
Seat 4: LuckyShikari ($100 in chips) 
Seat 5: coeeeelho ($100 in chips) 
G.Andrei95: posts small blind $0.50
LuckyShikari: posts big blind $1
BGS013: sits out 
*** HOLE CARDS ***
coeeeelho: folds 
grumpymace: raises $2 to $3
z00mba: folds 
G.Andrei95: raises $9 to $12
LuckyShikari: folds 
grumpymace: calls $9
*** FLOP *** [As 3c Js]
G.Andrei95: checks 
grumpymace: bets $15
G.Andrei95: calls $15
*** TURN *** [As 3c Js] [6d]
G.Andrei95: checks 
grumpymace: bets $28
G.Andrei95: calls $28
*** RIVER *** [As 3c Js 6d] [2s]
G.Andrei95: checks 
grumpymace: checks 
*** SHOW DOWN ***
G.Andrei95: shows [Jh Kh] (a pair of Jacks)
grumpymace: mucks hand 
G.Andrei95 collected $108.50 from pot
*** SUMMARY ***
Total pot $111 | Rake $2.50 
Board [As 3c Js 6d 2s]
Seat 6: BGS013
Seat 1: grumpymace mucked
Seat 2: z00mba (button) folded before Flop (didn't bet)
Seat 3: G.Andrei95 (small blind) showed [Jh Kh] and won ($108.50) with a pair of Jacks
Seat 4: LuckyShikari (big blind) folded before Flop
Seat 5: coeeeelho folded before Flop (didn't bet)



PokerStars Hand #254690874517:  Hold'em No Limit ($0.50/$1.00 USD) - 2025/02/03 19:14:39 WET [2025/02/03 14:14:39 ET]
Table 'Varsavia' 6-max Seat #3 is the button
Seat 6: BGS013 ($100 in chips) is sitting out
Seat 1: grumpymace ($62.27 in chips) 
Seat 2: z00mba ($107.60 in chips) 
Seat 3: G.Andrei95 ($154 in chips) 
Seat 4: LuckyShikari ($100 in chips) 
Seat 5: coeeeelho ($100 in chips) 
LuckyShikari: posts small blind $0.50
coeeeelho: posts big blind $1
BGS013: sits out 
*** HOLE CARDS ***
grumpymace: raises $2.50 to $3.50
z00mba: folds 
G.Andrei95: folds 
LuckyShikari: folds 
coeeeelho: calls $2.50
*** FLOP *** [Ah 5d 2s]
coeeeelho: checks 
grumpymace: checks 
*** TURN *** [Ah 5d 2s] [8d]
coeeeelho: bets $5.34
grumpymace: calls $5.34
*** RIVER *** [Ah 5d 2s 8d] [2h]
coeeeelho: bets $12.95
grumpymace: calls $12.95
*** SHOW DOWN ***
coeeeelho: shows [Jh Ad] (two pair, Aces and Deuces)
grumpymace: mucks hand 
coeeeelho collected $41.88 from pot
*** SUMMARY ***
Total pot $44.08 | Rake $2.20 
Board [Ah 5d 2s 8d 2h]
Seat 6: BGS013
Seat 1: grumpymace mucked
Seat 2: z00mba folded before Flop (didn't bet)
Seat 3: G.Andrei95 (button) folded before Flop (didn't bet)
Seat 4: LuckyShikari (small blind) folded before Flop
Seat 5: coeeeelho (big blind) showed [Jh Ad] and won ($41.88) with two pair, Aces and Deuces



PokerStars Hand #254690890425:  Hold'em No Limit ($0.50/$1.00 USD) - 2025/02/03 19:15:32 WET [2025/02/03 14:15:32 ET]
Table 'Varsavia' 6-max Seat #4 is the button
Seat 1: grumpymace ($81.71 in chips) 
Seat 2: z00mba ($107.60 in chips) 
Seat 3: G.Andrei95 ($154 in chips) 
Seat 4: LuckyShikari ($100 in chips) 
Seat 5: coeeeelho ($120.09 in chips) 
Seat 6: BGS013 ($100 in chips) 
coeeeelho: posts small blind $0.50
BGS013: posts big blind $1
*** HOLE CARDS ***
grumpymace: raises $2 to $3
z00mba: folds 
G.Andrei95: folds 
LuckyShikari: calls $3
coeeeelho: folds 
BGS013: calls $2
*** FLOP *** [5s 5d 6s]
BGS013: checks 
grumpymace: checks 
LuckyShikari: bets $3
BGS013: folds 
grumpymace: calls $3
*** TURN *** [5s 5d 6s] [6h]
grumpymace: checks 
LuckyShikari: bets $8.50
grumpymace: folds 
Uncalled bet ($8.50) returned to LuckyShikari
LuckyShikari collected $14.72 from pot
LuckyShikari: doesn't show hand 
*** SUMMARY ***
Total pot $15.50 | Rake $0.78 
Board [5s 5d 6s 6h]
Seat 1: grumpymace folded on the Turn
Seat 2: z00mba folded before Flop (didn't bet)
Seat 3: G.Andrei95 folded before Flop (didn't bet)
Seat 4: LuckyShikari (button) collected ($14.72)
Seat 5: coeeeelho (small blind) folded before Flop
Seat 6: BGS013 (big blind) folded on the Flop



PokerStars Hand #254690906222:  Hold'em No Limit ($0.50/$1.00 USD) - 2025/02/03 19:16:24 WET [2025/02/03 14:16:24 ET]
Table 'Varsavia' 6-max Seat #5 is the button
Seat 1: grumpymace ($75.71 in chips) 
Seat 2: z00mba ($107.60 in chips) 
Seat 3: G.Andrei95 ($154 in chips) 
Seat 4: LuckyShikari ($108.72 in chips) 
Seat 5: coeeeelho ($119.59 in chips) 
Seat 6: BGS013 ($100 in chips) 
BGS013: posts small blind $0.50
grumpymace: posts big blind $1
*** HOLE CARDS ***
z00mba: folds 
G.Andrei95: raises $1.50 to $2.50
LuckyShikari: folds 
coeeeelho: folds 
BGS013: folds 
grumpymace: calls $1.50
*** FLOP *** [9d 7c As]
grumpymace: checks 
G.Andrei95: bets $1.72
grumpymace: calls $1.72
*** TURN *** [9d 7c As] [2d]
grumpymace: checks 
G.Andrei95: bets $14
grumpymace: folds 
Uncalled bet ($14) returned to G.Andrei95
G.Andrei95 collected $8.49 from pot
G.Andrei95: doesn't show hand 
*** SUMMARY ***
Total pot $8.94 | Rake $0.45 
Board [9d 7c As 2d]
Seat 1: grumpymace (big blind) folded on the Turn
Seat 2: z00mba folded before Flop (didn't bet)
Seat 3: G.Andrei95 collected ($8.49)
Seat 4: LuckyShikari folded before Flop (didn't bet)
Seat 5: coeeeelho (button) folded before Flop (didn't bet)
Seat 6: BGS013 (small blind) folded before Flop



PokerStars Hand #254690926513:  Hold'em No Limit ($0.50/$1.00 USD) - 2025/02/03 19:17:31 WET [2025/02/03 14:17:31 ET]
Table 'Varsavia' 6-max Seat #6 is the button
Seat 1: grumpymace ($71.49 in chips) 
Seat 2: z00mba ($107.60 in chips) 
Seat 3: G.Andrei95 ($158.27 in chips) 
Seat 4: LuckyShikari ($108.72 in chips) 
Seat 5: coeeeelho ($119.59 in chips) 
Seat 6: BGS013 ($100 in chips) 
grumpymace: posts small blind $0.50
z00mba: posts big blind $1
*** HOLE CARDS ***
G.Andrei95: raises $1.50 to $2.50
LuckyShikari: folds 
coeeeelho: folds 
BGS013: folds 
grumpymace: calls $2
z00mba: folds 
*** FLOP *** [2s Ah 3s]
grumpymace: checks 
G.Andrei95: checks 
*** TURN *** [2s Ah 3s] [2d]
grumpymace: bets $5.70
G.Andrei95: calls $5.70
*** RIVER *** [2s Ah 3s 2d] [Jh]
grumpymace: checks 
G.Andrei95: bets $5.45
grumpymace: calls $5.45
*** SHOW DOWN ***
G.Andrei95: shows [Qs Qh] (two pair, Queens and Deuces)
grumpymace: mucks hand 
G.Andrei95 collected $26.88 from pot
*** SUMMARY ***
Total pot $28.30 | Rake $1.42 
Board [2s Ah 3s 2d Jh]
Seat 1: grumpymace (small blind) mucked
Seat 2: z00mba (big blind) folded before Flop
Seat 3: G.Andrei95 showed [Qs Qh] and won ($26.88) with two pair, Queens and Deuces
Seat 4: LuckyShikari folded before Flop (didn't bet)
Seat 5: coeeeelho folded before Flop (didn't bet)
Seat 6: BGS013 (button) folded before Flop (didn't bet)



PokerStars Hand #254690943394:  Hold'em No Limit ($0.50/$1.00 USD) - 2025/02/03 19:18:27 WET [2025/02/03 14:18:27 ET]
Table 'Varsavia' 6-max Seat #1 is the button
Seat 1: grumpymace ($57.84 in chips) 
Seat 2: z00mba ($106.60 in chips) 
Seat 3: G.Andrei95 ($171.50 in chips) 
Seat 4: LuckyShikari ($108.72 in chips) 
Seat 5: coeeeelho ($119.59 in chips) 
Seat 6: BGS013 ($100 in chips) 
z00mba: posts small blind $0.50
G.Andrei95: posts big blind $1
*** HOLE CARDS ***
LuckyShikari: folds 
coeeeelho: raises $1.20 to $2.20
BGS013: folds 
grumpymace: calls $2.20
z00mba: folds 
G.Andrei95: folds 
*** FLOP *** [Th 8c 3c]
coeeeelho: checks 
grumpymace: bets $3
coeeeelho: folds 
Uncalled bet ($3) returned to grumpymace
grumpymace collected $5.60 from pot
grumpymace: doesn't show hand 
*** SUMMARY ***
Total pot $5.90 | Rake $0.30 
Board [Th 8c 3c]
Seat 1: grumpymace (button) collected ($5.60)
Seat 2: z00mba (small blind) folded before Flop
Seat 3: G.Andrei95 (big blind) folded before Flop
Seat 4: LuckyShikari folded before Flop (didn't bet)
Seat 5: coeeeelho folded on the Flop
Seat 6: BGS013 folded before Flop (didn't bet)



PokerStars Hand #254690950572:  Hold'em No Limit ($0.50/$1.00 USD) - 2025/02/03 19:18:51 WET [2025/02/03 14:18:51 ET]
Table 'Varsavia' 6-max Seat #2 is the button
Seat 1: grumpymace ($61.24 in chips) 
Seat 2: z00mba ($106.10 in chips) 
Seat 3: G.Andrei95 ($170.50 in chips) 
Seat 4: LuckyShikari ($108.72 in chips) 
Seat 5: coeeeelho ($117.39 in chips) 
Seat 6: BGS013 ($100 in chips) 
G.Andrei95: posts small blind $0.50
LuckyShikari: posts big blind $1
*** HOLE CARDS ***
coeeeelho: raises $1.20 to $2.20
BGS013: folds 
grumpymace: calls $2.20
z00mba: folds 
G.Andrei95: raises $10.80 to $13
LuckyShikari: folds 
coeeeelho: folds 
grumpymace: calls $10.80
*** FLOP *** [Qd Ks Kc]
G.Andrei95: checks 
grumpymace: checks 
*** TURN *** [Qd Ks Kc] [6s]
G.Andrei95: bets $20.50
grumpymace: folds 
Uncalled bet ($20.50) returned to G.Andrei95
G.Andrei95 collected $27.74 from pot
G.Andrei95: doesn't show hand 
*** SUMMARY ***
Total pot $29.20 | Rake $1.46 
Board [Qd Ks Kc 6s]
Seat 1: grumpymace folded on the Turn
Seat 2: z00mba (button) folded before Flop (didn't bet)
Seat 3: G.Andrei95 (small blind) collected ($27.74)
Seat 4: LuckyShikari (big blind) folded before Flop
Seat 5: coeeeelho folded before Flop
Seat 6: BGS013 folded before Flop (didn't bet)



PokerStars Hand #254690964638:  Hold'em No Limit ($0.50/$1.00 USD) - 2025/02/03 19:19:37 WET [2025/02/03 14:19:37 ET]
Table 'Varsavia' 6-max Seat #3 is the button
Seat 1: grumpymace ($48.24 in chips) 
Seat 2: z00mba ($106.10 in chips) 
Seat 3: G.Andrei95 ($185.24 in chips) 
Seat 4: LuckyShikari ($107.72 in chips) 
Seat 5: coeeeelho ($115.19 in chips) 
Seat 6: BGS013 ($100 in chips) 
LuckyShikari: posts small blind $0.50
coeeeelho: posts big blind $1
*** HOLE CARDS ***
BGS013: folds 
grumpymace: folds 
z00mba: raises $1.50 to $2.50
G.Andrei95: folds 
LuckyShikari: folds 
coeeeelho: calls $1.50
*** FLOP *** [Ah 3h 5s]
coeeeelho: checks 
z00mba: checks 
*** TURN *** [Ah 3h 5s] [2s]
coeeeelho: checks 
z00mba: checks 
*** RIVER *** [Ah 3h 5s 2s] [9s]
coeeeelho: checks 
z00mba: checks 
*** SHOW DOWN ***
coeeeelho: shows [Tc Ad] (a pair of Aces)
z00mba: mucks hand 
coeeeelho collected $5.22 from pot
*** SUMMARY ***
Total pot $5.50 | Rake $0.28 
Board [Ah 3h 5s 2s 9s]
Seat 1: grumpymace folded before Flop (didn't bet)
Seat 2: z00mba mucked
Seat 3: G.Andrei95 (button) folded before Flop (didn't bet)
Seat 4: LuckyShikari (small blind) folded before Flop
Seat 5: coeeeelho (big blind) showed [Tc Ad] and won ($5.22) with a pair of Aces
Seat 6: BGS013 folded before Flop (didn't bet)



PokerStars Hand #254690979748:  Hold'em No Limit ($0.50/$1.00 USD) - 2025/02/03 19:20:28 WET [2025/02/03 14:20:28 ET]
Table 'Varsavia' 6-max Seat #4 is the button
Seat 1: grumpymace ($48.24 in chips) 
Seat 2: z00mba ($103.60 in chips) 
Seat 3: G.Andrei95 ($185.24 in chips) 
Seat 4: LuckyShikari ($107.22 in chips) 
Seat 5: coeeeelho ($117.91 in chips) 
Seat 6: BGS013 ($100 in chips) 
coeeeelho: posts small blind $0.50
BGS013: posts big blind $1
*** HOLE CARDS ***
grumpymace: calls $1
z00mba: folds 
G.Andrei95: raises $2.50 to $3.50
LuckyShikari: folds 
coeeeelho: folds 
BGS013: folds 
grumpymace: calls $2.50
*** FLOP *** [Qd Qc 9d]
grumpymace: bets $6
G.Andrei95: calls $6
*** TURN *** [Qd Qc 9d] [9h]
grumpymace: bets $38.74 and is all-in
G.Andrei95: calls $38.74
*** RIVER *** [Qd Qc 9d 9h] [Qh]
*** SHOW DOWN ***
grumpymace: shows [Jh Td] (a full house, Queens full of Nines)
G.Andrei95: shows [Qs Js] (four of a kind, Queens)
G.Andrei95 collected $95.48 from pot
*** SUMMARY ***
Total pot $97.98 | Rake $2.50 
Board [Qd Qc 9d 9h Qh]
Seat 1: grumpymace showed [Jh Td] and lost with a full house, Queens full of Nines
Seat 2: z00mba folded before Flop (didn't bet)
Seat 3: G.Andrei95 showed [Qs Js] and won ($95.48) with four of a kind, Queens
Seat 4: LuckyShikari (button) folded before Flop (didn't bet)
Seat 5: coeeeelho (small blind) folded before Flop
Seat 6: BGS013 (big blind) folded before Flop



PokerStars Hand #254690992589:  Hold'em No Limit ($0.50/$1.00 USD) - 2025/02/03 19:21:10 WET [2025/02/03 14:21:10 ET]
Table 'Varsavia' 6-max Seat #5 is the button
Seat 1: grumpymace ($0 in chips) is sitting out
Seat 2: z00mba ($103.60 in chips) 
Seat 3: G.Andrei95 ($232.48 in chips) 
Seat 4: LuckyShikari ($107.22 in chips) 
Seat 5: coeeeelho ($117.41 in chips) 
Seat 6: BGS013 ($100 in chips) 
BGS013: posts small blind $0.50
z00mba: posts big blind $1
*** HOLE CARDS ***
G.Andrei95: folds 
LuckyShikari: raises $1.50 to $2.50
coeeeelho: folds 
BGS013: folds 
grumpymace leaves the table
z00mba: folds 
Uncalled bet ($1.50) returned to LuckyShikari
LuckyShikari collected $2.50 from pot
LuckyShikari: doesn't show hand 
*** SUMMARY ***
Total pot $2.50 | Rake $0 
Seat 1: grumpymace
Seat 2: z00mba (big blind) folded before Flop
Seat 3: G.Andrei95 folded before Flop (didn't bet)
Seat 4: LuckyShikari collected ($2.50)
Seat 5: coeeeelho (button) folded before Flop (didn't bet)
Seat 6: BGS013 (small blind) folded before Flop



PokerStars Hand #254690997040:  Hold'em No Limit ($0.50/$1.00 USD) - 2025/02/03 19:21:25 WET [2025/02/03 14:21:25 ET]
Table 'Varsavia' 6-max Seat #6 is the button
Seat 2: z00mba ($102.60 in chips) 
Seat 3: G.Andrei95 ($232.48 in chips) 
Seat 4: LuckyShikari ($108.72 in chips) 
Seat 5: coeeeelho ($117.41 in chips) 
Seat 6: BGS013 ($100 in chips) 
z00mba: posts small blind $0.50
G.Andrei95: posts big blind $1
*** HOLE CARDS ***
LuckyShikari: folds 
coeeeelho: folds 
BGS013: folds 
z00mba: folds 
Uncalled bet ($0.50) returned to G.Andrei95
G.Andrei95 collected $1 from pot
G.Andrei95: doesn't show hand 
*** SUMMARY ***
Total pot $1 | Rake $0 
Seat 2: z00mba (small blind) folded before Flop
Seat 3: G.Andrei95 (big blind) collected ($1)
Seat 4: LuckyShikari folded before Flop (didn't bet)
Seat 5: coeeeelho folded before Flop (didn't bet)
Seat 6: BGS013 (button) folded before Flop (didn't bet)



PokerStars Hand #254691000277:  Hold'em No Limit ($0.50/$1.00 USD) - 2025/02/03 19:21:36 WET [2025/02/03 14:21:36 ET]
Table 'Varsavia' 6-max Seat #2 is the button
Seat 2: z00mba ($102.10 in chips) 
Seat 3: G.Andrei95 ($232.98 in chips) 
Seat 4: LuckyShikari ($108.72 in chips) 
Seat 5: coeeeelho ($117.41 in chips) 
Seat 6: BGS013 ($100 in chips) 
G.Andrei95: posts small blind $0.50
LuckyShikari: posts big blind $1
*** HOLE CARDS ***
coeeeelho: folds 
BGS013: raises $1.50 to $2.50
z00mba: folds 
G.Andrei95: folds 
LuckyShikari: folds 
Uncalled bet ($1.50) returned to BGS013
BGS013 collected $2.50 from pot
BGS013: doesn't show hand 
*** SUMMARY ***
Total pot $2.50 | Rake $0 
Seat 2: z00mba (button) folded before Flop (didn't bet)
Seat 3: G.Andrei95 (small blind) folded before Flop
Seat 4: LuckyShikari (big blind) folded before Flop
Seat 5: coeeeelho folded before Flop (didn't bet)
Seat 6: BGS013 collected ($2.50)



PokerStars Hand #254691006297:  Hold'em No Limit ($0.50/$1.00 USD) - 2025/02/03 19:21:56 WET [2025/02/03 14:21:56 ET]
Table 'Varsavia' 6-max Seat #3 is the button
Seat 2: z00mba ($102.10 in chips) 
Seat 3: G.Andrei95 ($232.48 in chips) 
Seat 4: LuckyShikari ($107.72 in chips) 
Seat 5: coeeeelho ($117.41 in chips) 
Seat 6: BGS013 ($101.50 in chips) 
LuckyShikari: posts small blind $0.50
coeeeelho: posts big blind $1
*** HOLE CARDS ***
BGS013: folds 
z00mba: folds 
G.Andrei95: folds 
LuckyShikari: folds 
Uncalled bet ($0.50) returned to coeeeelho
coeeeelho collected $1 from pot
*** SUMMARY ***
Total pot $1 | Rake $0 
Seat 2: z00mba folded before Flop (didn't bet)
Seat 3: G.Andrei95 (button) folded before Flop (didn't bet)
Seat 4: LuckyShikari (small blind) folded before Flop
Seat 5: coeeeelho (big blind) collected ($1)
Seat 6: BGS013 folded before Flop (didn't bet)



PokerStars Hand #254691009172:  Hold'em No Limit ($0.50/$1.00 USD) - 2025/02/03 19:22:05 WET [2025/02/03 14:22:05 ET]
Table 'Varsavia' 6-max Seat #5 is the button
Seat 2: z00mba ($102.10 in chips) is sitting out
Seat 3: G.Andrei95 ($232.48 in chips) is sitting out
Seat 6: BGS013 ($101.50 in chips) is sitting out
Seat 4: LuckyShikari ($107.22 in chips) 
Seat 5: coeeeelho ($117.91 in chips) 
coeeeelho: posts small blind $0.50
BGS013: is sitting out 
z00mba: is sitting out 
G.Andrei95: is sitting out 
LuckyShikari: posts big blind $1
*** HOLE CARDS ***
G.Andrei95 leaves the table
coeeeelho: raises $1.50 to $2.50
LuckyShikari: folds 
Uncalled bet ($1.50) returned to coeeeelho
coeeeelho collected $2 from pot
BGS013 leaves the table
*** SUMMARY ***
Total pot $2 | Rake $0 
Seat 2: z00mba
Seat 3: G.Andrei95
Seat 6: BGS013
Seat 4: LuckyShikari (big blind) folded before Flop
Seat 5: coeeeelho (button) (small blind) collected ($2)



