PokerStars Hand #254683321301:  Hold'em No Limit ($0.50/$1.00 USD) - 2025/02/03 4:40:52 WET [2025/02/02 23:40:52 ET]
Table 'Echepolos' 6-max Seat #1 is the button
Seat 1: Nicedaymybro ($100 in chips) 
Seat 2: DL1B ($101.85 in chips) 
Seat 3: Manifestorr ($113.28 in chips) 
Seat 4: Rysiff ($104.38 in chips) 
Seat 5: Rodiampy ($43.32 in chips) 
Seat 6: Supermegopro ($123.03 in chips) 
DL1B: posts small blind $0.50
Manifestorr: posts big blind $1
*** HOLE CARDS ***
Rysiff: folds 
Rodiampy: folds 
Supermegopro: raises $1.50 to $2.50
Nicedaymybro: folds 
DL1B: folds 
Manifestorr: folds 
Uncalled bet ($1.50) returned to Supermegopro
Supermegopro collected $2.50 from pot
Supermegopro: doesn't show hand 
*** SUMMARY ***
Total pot $2.50 | Rake $0 
Seat 1: Nicedaymybro (button) folded before Flop (didn't bet)
Seat 2: DL1B (small blind) folded before Flop
Seat 3: Manifestorr (big blind) folded before Flop
Seat 4: Rysiff folded before Flop (didn't bet)
Seat 5: Rodiampy folded before Flop (didn't bet)
Seat 6: Supermegopro collected ($2.50)



PokerStars Hand #254683322544:  Hold'em No Limit ($0.50/$1.00 USD) - 2025/02/03 4:41:06 WET [2025/02/02 23:41:06 ET]
Table 'Echepolos' 6-max Seat #2 is the button
Seat 1: Nicedaymybro ($100 in chips) 
Seat 2: DL1B ($101.35 in chips) 
Seat 3: Manifestorr ($112.28 in chips) 
Seat 4: Rysiff ($104.38 in chips) 
Seat 5: Rodiampy ($43.32 in chips) 
Seat 6: Supermegopro ($124.53 in chips) 
Manifestorr: posts small blind $0.50
Rysiff: posts big blind $1
*** HOLE CARDS ***
Rodiampy: folds 
Supermegopro: folds 
Nicedaymybro: raises $1.50 to $2.50
DL1B: folds 
Manifestorr: folds 
Rysiff: calls $1.50
*** FLOP *** [Qc 9d Qd]
Rysiff: checks 
Nicedaymybro: bets $1.72
Rysiff: raises $3.28 to $5
Nicedaymybro: calls $3.28
*** TURN *** [Qc 9d Qd] [Td]
Rysiff: bets $4.86
Nicedaymybro: folds 
Uncalled bet ($4.86) returned to Rysiff
Rysiff collected $14.72 from pot
Rysiff: doesn't show hand 
*** SUMMARY ***
Total pot $15.50 | Rake $0.78 
Board [Qc 9d Qd Td]
Seat 1: Nicedaymybro folded on the Turn
Seat 2: DL1B (button) folded before Flop (didn't bet)
Seat 3: Manifestorr (small blind) folded before Flop
Seat 4: Rysiff (big blind) collected ($14.72)
Seat 5: Rodiampy folded before Flop (didn't bet)
Seat 6: Supermegopro folded before Flop (didn't bet)



PokerStars Hand #254683328166:  Hold'em No Limit ($0.50/$1.00 USD) - 2025/02/03 4:42:10 WET [2025/02/02 23:42:10 ET]
Table 'Echepolos' 6-max Seat #3 is the button
Seat 1: Nicedaymybro ($100 in chips) 
Seat 2: DL1B ($101.35 in chips) 
Seat 3: Manifestorr ($111.78 in chips) 
Seat 4: Rysiff ($111.60 in chips) 
Seat 5: Rodiampy ($43.32 in chips) 
Seat 6: Supermegopro ($124.53 in chips) 
Rysiff: posts small blind $0.50
Rodiampy: posts big blind $1
*** HOLE CARDS ***
Supermegopro: folds 
Nicedaymybro: folds 
DL1B: raises $1.50 to $2.50
Manifestorr: folds 
Rysiff: folds 
Rodiampy: folds 
Uncalled bet ($1.50) returned to DL1B
DL1B collected $2.50 from pot
DL1B: doesn't show hand 
*** SUMMARY ***
Total pot $2.50 | Rake $0 
Seat 1: Nicedaymybro folded before Flop (didn't bet)
Seat 2: DL1B collected ($2.50)
Seat 3: Manifestorr (button) folded before Flop (didn't bet)
Seat 4: Rysiff (small blind) folded before Flop
Seat 5: Rodiampy (big blind) folded before Flop
Seat 6: Supermegopro folded before Flop (didn't bet)



PokerStars Hand #254683329713:  Hold'em No Limit ($0.50/$1.00 USD) - 2025/02/03 4:42:28 WET [2025/02/02 23:42:28 ET]
Table 'Echepolos' 6-max Seat #4 is the button
Seat 1: Nicedaymybro ($100 in chips) 
Seat 2: DL1B ($102.85 in chips) 
Seat 3: Manifestorr ($111.78 in chips) 
Seat 4: Rysiff ($111.10 in chips) 
Seat 5: Rodiampy ($42.32 in chips) 
Seat 6: Supermegopro ($124.53 in chips) 
Rodiampy: posts small blind $0.50
Supermegopro: posts big blind $1
*** HOLE CARDS ***
Nicedaymybro: folds 
DL1B: folds 
Manifestorr: folds 
Rysiff: folds 
Rodiampy: folds 
Uncalled bet ($0.50) returned to Supermegopro
Supermegopro collected $1 from pot
Supermegopro: doesn't show hand 
*** SUMMARY ***
Total pot $1 | Rake $0 
Seat 1: Nicedaymybro folded before Flop (didn't bet)
Seat 2: DL1B folded before Flop (didn't bet)
Seat 3: Manifestorr folded before Flop (didn't bet)
Seat 4: Rysiff (button) folded before Flop (didn't bet)
Seat 5: Rodiampy (small blind) folded before Flop
Seat 6: Supermegopro (big blind) collected ($1)



PokerStars Hand #254683330589:  Hold'em No Limit ($0.50/$1.00 USD) - 2025/02/03 4:42:38 WET [2025/02/02 23:42:38 ET]
Table 'Echepolos' 6-max Seat #5 is the button
Seat 1: Nicedaymybro ($100 in chips) 
Seat 2: DL1B ($102.85 in chips) 
Seat 3: Manifestorr ($111.78 in chips) 
Seat 4: Rysiff ($111.10 in chips) 
Seat 5: Rodiampy ($41.82 in chips) 
Seat 6: Supermegopro ($125.03 in chips) 
Supermegopro: posts small blind $0.50
Nicedaymybro: posts big blind $1
*** HOLE CARDS ***
DL1B: folds 
Manifestorr: folds 
Rysiff: folds 
Rodiampy: raises $1 to $2
Supermegopro: calls $1.50
Nicedaymybro: folds 
*** FLOP *** [6c 3d 3h]
Supermegopro: checks 
Rodiampy: checks 
*** TURN *** [6c 3d 3h] [Kh]
Supermegopro: checks 
Rodiampy: checks 
*** RIVER *** [6c 3d 3h Kh] [Qd]
Supermegopro: bets $1.57
Rodiampy: folds 
Uncalled bet ($1.57) returned to Supermegopro
Supermegopro collected $4.75 from pot
Supermegopro: doesn't show hand 
*** SUMMARY ***
Total pot $5 | Rake $0.25 
Board [6c 3d 3h Kh Qd]
Seat 1: Nicedaymybro (big blind) folded before Flop
Seat 2: DL1B folded before Flop (didn't bet)
Seat 3: Manifestorr folded before Flop (didn't bet)
Seat 4: Rysiff folded before Flop (didn't bet)
Seat 5: Rodiampy (button) folded on the River
Seat 6: Supermegopro (small blind) collected ($4.75)



PokerStars Hand #254683334075:  Hold'em No Limit ($0.50/$1.00 USD) - 2025/02/03 4:43:17 WET [2025/02/02 23:43:17 ET]
Table 'Echepolos' 6-max Seat #6 is the button
Seat 1: Nicedaymybro ($100 in chips) 
Seat 2: DL1B ($102.85 in chips) 
Seat 3: Manifestorr ($111.78 in chips) 
Seat 4: Rysiff ($111.10 in chips) 
Seat 5: Rodiampy ($39.82 in chips) 
Seat 6: Supermegopro ($127.78 in chips) 
Nicedaymybro: posts small blind $0.50
DL1B: posts big blind $1
*** HOLE CARDS ***
Manifestorr: folds 
Rysiff: folds 
Rodiampy: raises $3 to $4
Supermegopro: folds 
Nicedaymybro: folds 
DL1B: calls $3
*** FLOP *** [5d 8s Ks]
DL1B: checks 
Rodiampy: bets $4.04
DL1B: raises $8.29 to $12.33
Rodiampy: folds [As]
Uncalled bet ($8.29) returned to DL1B
DL1B collected $15.75 from pot
DL1B: doesn't show hand 
*** SUMMARY ***
Total pot $16.58 | Rake $0.83 
Board [5d 8s Ks]
Seat 1: Nicedaymybro (small blind) folded before Flop
Seat 2: DL1B (big blind) collected ($15.75)
Seat 3: Manifestorr folded before Flop (didn't bet)
Seat 4: Rysiff folded before Flop (didn't bet)
Seat 5: Rodiampy folded on the Flop
Seat 6: Supermegopro (button) folded before Flop (didn't bet)



PokerStars Hand #254683337127:  Hold'em No Limit ($0.50/$1.00 USD) - 2025/02/03 4:43:52 WET [2025/02/02 23:43:52 ET]
Table 'Echepolos' 6-max Seat #1 is the button
Seat 1: Nicedaymybro ($100 in chips) 
Seat 2: DL1B ($110.56 in chips) 
Seat 3: Manifestorr ($111.78 in chips) 
Seat 4: Rysiff ($111.10 in chips) 
Seat 5: Rodiampy ($31.78 in chips) 
Seat 6: Supermegopro ($127.78 in chips) 
DL1B: posts small blind $0.50
Manifestorr: posts big blind $1
*** HOLE CARDS ***
Rysiff: raises $1.50 to $2.50
Rodiampy: folds 
Supermegopro: folds 
Nicedaymybro: folds 
DL1B: folds 
Manifestorr: calls $1.50
*** FLOP *** [5d Ah Jd]
Manifestorr: checks 
Rysiff: bets $1.72
Manifestorr: folds 
Uncalled bet ($1.72) returned to Rysiff
Rysiff collected $5.22 from pot
Rysiff: doesn't show hand 
*** SUMMARY ***
Total pot $5.50 | Rake $0.28 
Board [5d Ah Jd]
Seat 1: Nicedaymybro (button) folded before Flop (didn't bet)
Seat 2: DL1B (small blind) folded before Flop
Seat 3: Manifestorr (big blind) folded on the Flop
Seat 4: Rysiff collected ($5.22)
Seat 5: Rodiampy folded before Flop (didn't bet)
Seat 6: Supermegopro folded before Flop (didn't bet)



PokerStars Hand #254683339722:  Hold'em No Limit ($0.50/$1.00 USD) - 2025/02/03 4:44:21 WET [2025/02/02 23:44:21 ET]
Table 'Echepolos' 6-max Seat #2 is the button
Seat 1: Nicedaymybro ($100 in chips) 
Seat 2: DL1B ($110.06 in chips) 
Seat 3: Manifestorr ($109.28 in chips) 
Seat 4: Rysiff ($113.82 in chips) 
Seat 5: Rodiampy ($31.78 in chips) 
Seat 6: Supermegopro ($127.78 in chips) 
Manifestorr: posts small blind $0.50
Rysiff: posts big blind $1
*** HOLE CARDS ***
Rodiampy: calls $1
Supermegopro: folds 
Nicedaymybro: folds 
DL1B: raises $2.50 to $3.50
Manifestorr: raises $10.50 to $14
Rysiff: folds 
Rodiampy: folds 
DL1B: raises $17 to $31
Manifestorr: folds 
Uncalled bet ($17) returned to DL1B
DL1B collected $30 from pot
DL1B: doesn't show hand 
*** SUMMARY ***
Total pot $30 | Rake $0 
Seat 1: Nicedaymybro folded before Flop (didn't bet)
Seat 2: DL1B (button) collected ($30)
Seat 3: Manifestorr (small blind) folded before Flop
Seat 4: Rysiff (big blind) folded before Flop
Seat 5: Rodiampy folded before Flop
Seat 6: Supermegopro folded before Flop (didn't bet)



PokerStars Hand #254683342987:  Hold'em No Limit ($0.50/$1.00 USD) - 2025/02/03 4:44:58 WET [2025/02/02 23:44:58 ET]
Table 'Echepolos' 6-max Seat #3 is the button
Seat 1: Nicedaymybro ($100 in chips) 
Seat 2: DL1B ($126.06 in chips) 
Seat 3: Manifestorr ($100 in chips) 
Seat 4: Rysiff ($112.82 in chips) 
Seat 5: Rodiampy ($30.78 in chips) 
Seat 6: Supermegopro ($127.78 in chips) 
Rysiff: posts small blind $0.50
Rodiampy: posts big blind $1
*** HOLE CARDS ***
Supermegopro: folds 
Nicedaymybro: raises $1.50 to $2.50
DL1B: raises $4 to $6.50
Manifestorr: raises $11.50 to $18
Rysiff: folds 
Rodiampy: folds 
Nicedaymybro: folds 
DL1B: folds 
Uncalled bet ($11.50) returned to Manifestorr
Manifestorr collected $17 from pot
*** SUMMARY ***
Total pot $17 | Rake $0 
Seat 1: Nicedaymybro folded before Flop
Seat 2: DL1B folded before Flop
Seat 3: Manifestorr (button) collected ($17)
Seat 4: Rysiff (small blind) folded before Flop
Seat 5: Rodiampy (big blind) folded before Flop
Seat 6: Supermegopro folded before Flop (didn't bet)



PokerStars Hand #254683344595:  Hold'em No Limit ($0.50/$1.00 USD) - 2025/02/03 4:45:17 WET [2025/02/02 23:45:17 ET]
Table 'Echepolos' 6-max Seat #4 is the button
Seat 1: Nicedaymybro ($100 in chips) 
Seat 2: DL1B ($119.56 in chips) 
Seat 3: Manifestorr ($110.50 in chips) 
Seat 4: Rysiff ($112.32 in chips) 
Seat 5: Rodiampy ($29.78 in chips) 
Seat 6: Supermegopro ($127.78 in chips) 
Rodiampy: posts small blind $0.50
Supermegopro: posts big blind $1
*** HOLE CARDS ***
Nicedaymybro: folds 
DL1B: raises $1 to $2
Manifestorr: folds 
Rysiff: folds 
Rodiampy: calls $1.50
Supermegopro: calls $1
*** FLOP *** [Tc As Ks]
Rodiampy: checks 
Supermegopro: checks 
DL1B: checks 
*** TURN *** [Tc As Ks] [Ah]
Rodiampy: bets $5.70
Supermegopro: calls $5.70
DL1B: folds 
*** RIVER *** [Tc As Ks Ah] [8d]
Rodiampy: bets $16.53
Supermegopro: folds 
Uncalled bet ($16.53) returned to Rodiampy
Rodiampy collected $16.53 from pot
*** SUMMARY ***
Total pot $17.40 | Rake $0.87 
Board [Tc As Ks Ah 8d]
Seat 1: Nicedaymybro folded before Flop (didn't bet)
Seat 2: DL1B folded on the Turn
Seat 3: Manifestorr folded before Flop (didn't bet)
Seat 4: Rysiff (button) folded before Flop (didn't bet)
Seat 5: Rodiampy (small blind) collected ($16.53)
Seat 6: Supermegopro (big blind) folded on the River



PokerStars Hand #254683349307:  Hold'em No Limit ($0.50/$1.00 USD) - 2025/02/03 4:46:10 WET [2025/02/02 23:46:10 ET]
Table 'Echepolos' 6-max Seat #5 is the button
Seat 1: Nicedaymybro ($100 in chips) 
Seat 2: DL1B ($117.56 in chips) 
Seat 3: Manifestorr ($110.50 in chips) 
Seat 4: Rysiff ($112.32 in chips) 
Seat 5: Rodiampy ($38.61 in chips) 
Seat 6: Supermegopro ($120.08 in chips) 
Supermegopro: posts small blind $0.50
Nicedaymybro: posts big blind $1
*** HOLE CARDS ***
DL1B: folds 
Manifestorr: folds 
Rysiff: raises $1.50 to $2.50
Rodiampy: calls $2.50
Supermegopro: folds 
Nicedaymybro: calls $1.50
*** FLOP *** [Kh Kc 7d]
Nicedaymybro: checks 
Rysiff: bets $2.51
Rodiampy: folds 
Nicedaymybro: folds 
Uncalled bet ($2.51) returned to Rysiff
Rysiff collected $7.60 from pot
Rysiff: doesn't show hand 
*** SUMMARY ***
Total pot $8 | Rake $0.40 
Board [Kh Kc 7d]
Seat 1: Nicedaymybro (big blind) folded on the Flop
Seat 2: DL1B folded before Flop (didn't bet)
Seat 3: Manifestorr folded before Flop (didn't bet)
Seat 4: Rysiff collected ($7.60)
Seat 5: Rodiampy (button) folded on the Flop
Seat 6: Supermegopro (small blind) folded before Flop



PokerStars Hand #254683351945:  Hold'em No Limit ($0.50/$1.00 USD) - 2025/02/03 4:46:40 WET [2025/02/02 23:46:40 ET]
Table 'Echepolos' 6-max Seat #6 is the button
Seat 1: Nicedaymybro ($100 in chips) 
Seat 2: DL1B ($117.56 in chips) 
Seat 3: Manifestorr ($110.50 in chips) 
Seat 4: Rysiff ($117.42 in chips) 
Seat 5: Rodiampy ($36.11 in chips) 
Seat 6: Supermegopro ($119.58 in chips) 
Nicedaymybro: posts small blind $0.50
DL1B: posts big blind $1
*** HOLE CARDS ***
Manifestorr: raises $1.20 to $2.20
Rysiff: folds 
Rodiampy: folds 
Supermegopro: folds 
Nicedaymybro: folds 
DL1B: folds 
Uncalled bet ($1.20) returned to Manifestorr
Manifestorr collected $2.50 from pot
*** SUMMARY ***
Total pot $2.50 | Rake $0 
Seat 1: Nicedaymybro (small blind) folded before Flop
Seat 2: DL1B (big blind) folded before Flop
Seat 3: Manifestorr collected ($2.50)
Seat 4: Rysiff folded before Flop (didn't bet)
Seat 5: Rodiampy folded before Flop (didn't bet)
Seat 6: Supermegopro (button) folded before Flop (didn't bet)



PokerStars Hand #254683353567:  Hold'em No Limit ($0.50/$1.00 USD) - 2025/02/03 4:46:59 WET [2025/02/02 23:46:59 ET]
Table 'Echepolos' 6-max Seat #1 is the button
Seat 1: Nicedaymybro ($100 in chips) 
Seat 2: DL1B ($116.56 in chips) 
Seat 3: Manifestorr ($112 in chips) 
Seat 4: Rysiff ($117.42 in chips) 
Seat 5: Rodiampy ($36.11 in chips) 
Seat 6: Supermegopro ($119.58 in chips) 
DL1B: posts small blind $0.50
Manifestorr: posts big blind $1
*** HOLE CARDS ***
Rysiff: folds 
Rodiampy: calls $1
Supermegopro: folds 
Nicedaymybro: raises $2.50 to $3.50
DL1B: folds 
Manifestorr: folds 
Rodiampy: calls $2.50
*** FLOP *** [Kh 5c 8h]
Rodiampy: checks 
Nicedaymybro: bets $4.04
Rodiampy: folds 
Uncalled bet ($4.04) returned to Nicedaymybro
Nicedaymybro collected $8.08 from pot
Nicedaymybro: doesn't show hand 
*** SUMMARY ***
Total pot $8.50 | Rake $0.42 
Board [Kh 5c 8h]
Seat 1: Nicedaymybro (button) collected ($8.08)
Seat 2: DL1B (small blind) folded before Flop
Seat 3: Manifestorr (big blind) folded before Flop
Seat 4: Rysiff folded before Flop (didn't bet)
Seat 5: Rodiampy folded on the Flop
Seat 6: Supermegopro folded before Flop (didn't bet)



PokerStars Hand #254683357323:  Hold'em No Limit ($0.50/$1.00 USD) - 2025/02/03 4:47:42 WET [2025/02/02 23:47:42 ET]
Table 'Echepolos' 6-max Seat #2 is the button
Seat 1: Nicedaymybro ($104.58 in chips) 
Seat 2: DL1B ($116.06 in chips) 
Seat 3: Manifestorr ($111 in chips) 
Seat 4: Rysiff ($117.42 in chips) 
Seat 5: Rodiampy ($32.61 in chips) 
Seat 6: Supermegopro ($119.58 in chips) 
Manifestorr: posts small blind $0.50
Rysiff: posts big blind $1
*** HOLE CARDS ***
Rodiampy: folds 
Supermegopro: raises $1.50 to $2.50
Nicedaymybro: folds 
DL1B: folds 
Manifestorr: folds 
Rysiff: calls $1.50
*** FLOP *** [Jc Qs 5h]
Rysiff: checks 
Supermegopro: bets $3.48
Rysiff: calls $3.48
*** TURN *** [Jc Qs 5h] [8h]
Rysiff: checks 
Supermegopro: bets $7.89
Rysiff: raises $22.10 to $29.99
Supermegopro: raises $83.61 to $113.60 and is all-in
Rysiff: calls $81.45 and is all-in
Uncalled bet ($2.16) returned to Supermegopro
*** RIVER *** [Jc Qs 5h 8h] [3s]
*** SHOW DOWN ***
Rysiff: shows [Jh Js] (three of a kind, Jacks)
Supermegopro: shows [5c 5s] (three of a kind, Fives)
Rysiff collected $232.84 from pot
*** SUMMARY ***
Total pot $235.34 | Rake $2.50 
Board [Jc Qs 5h 8h 3s]
Seat 1: Nicedaymybro folded before Flop (didn't bet)
Seat 2: DL1B (button) folded before Flop (didn't bet)
Seat 3: Manifestorr (small blind) folded before Flop
Seat 4: Rysiff (big blind) showed [Jh Js] and won ($232.84) with three of a kind, Jacks
Seat 5: Rodiampy folded before Flop (didn't bet)
Seat 6: Supermegopro showed [5c 5s] and lost with three of a kind, Fives



PokerStars Hand #254683362560:  Hold'em No Limit ($0.50/$1.00 USD) - 2025/02/03 4:48:42 WET [2025/02/02 23:48:42 ET]
Table 'Echepolos' 6-max Seat #3 is the button
Seat 1: Nicedaymybro ($104.58 in chips) 
Seat 2: DL1B ($116.06 in chips) 
Seat 3: Manifestorr ($110.50 in chips) 
Seat 4: Rysiff ($232.84 in chips) 
Seat 5: Rodiampy ($32.61 in chips) 
Seat 6: Supermegopro ($100 in chips) 
Rysiff: posts small blind $0.50
Rodiampy: posts big blind $1
*** HOLE CARDS ***
Supermegopro: raises $1.50 to $2.50
Nicedaymybro: folds 
DL1B: raises $4 to $6.50
Manifestorr: folds 
Rysiff: folds 
Rodiampy: folds 
Supermegopro: folds 
Uncalled bet ($4) returned to DL1B
DL1B collected $6.50 from pot
DL1B: doesn't show hand 
*** SUMMARY ***
Total pot $6.50 | Rake $0 
Seat 1: Nicedaymybro folded before Flop (didn't bet)
Seat 2: DL1B collected ($6.50)
Seat 3: Manifestorr (button) folded before Flop (didn't bet)
Seat 4: Rysiff (small blind) folded before Flop
Seat 5: Rodiampy (big blind) folded before Flop
Seat 6: Supermegopro folded before Flop



PokerStars Hand #254683364207:  Hold'em No Limit ($0.50/$1.00 USD) - 2025/02/03 4:49:01 WET [2025/02/02 23:49:01 ET]
Table 'Echepolos' 6-max Seat #4 is the button
Seat 1: Nicedaymybro ($104.58 in chips) 
Seat 2: DL1B ($120.06 in chips) 
Seat 3: Manifestorr ($110.50 in chips) 
Seat 4: Rysiff ($232.34 in chips) 
Seat 5: Rodiampy ($31.61 in chips) 
Seat 6: Supermegopro ($100 in chips) 
Rodiampy: posts small blind $0.50
Supermegopro: posts big blind $1
*** HOLE CARDS ***
Nicedaymybro: folds 
DL1B: folds 
Manifestorr: folds 
Rysiff: folds 
Rodiampy: calls $0.50
Supermegopro: raises $2 to $3
Rodiampy: calls $2
*** FLOP *** [4d 3c 6h]
Rodiampy: checks 
Supermegopro: bets $3.80
Rodiampy: calls $3.80
*** TURN *** [4d 3c 6h] [4c]
Rodiampy: checks 
Supermegopro: checks 
*** RIVER *** [4d 3c 6h 4c] [Ad]
Rodiampy: checks 
Supermegopro: checks 
*** SHOW DOWN ***
Rodiampy: shows [9d Kd] (a pair of Fours)
Supermegopro: mucks hand 
Rodiampy collected $12.92 from pot
*** SUMMARY ***
Total pot $13.60 | Rake $0.68 
Board [4d 3c 6h 4c Ad]
Seat 1: Nicedaymybro folded before Flop (didn't bet)
Seat 2: DL1B folded before Flop (didn't bet)
Seat 3: Manifestorr folded before Flop (didn't bet)
Seat 4: Rysiff (button) folded before Flop (didn't bet)
Seat 5: Rodiampy (small blind) showed [9d Kd] and won ($12.92) with a pair of Fours
Seat 6: Supermegopro (big blind) mucked



PokerStars Hand #254683367929:  Hold'em No Limit ($0.50/$1.00 USD) - 2025/02/03 4:49:46 WET [2025/02/02 23:49:46 ET]
Table 'Echepolos' 6-max Seat #5 is the button
Seat 1: Nicedaymybro ($104.58 in chips) 
Seat 2: DL1B ($120.06 in chips) 
Seat 3: Manifestorr ($110.50 in chips) 
Seat 4: Rysiff ($232.34 in chips) 
Seat 5: Rodiampy ($37.73 in chips) 
Seat 6: Supermegopro ($100 in chips) 
Supermegopro: posts small blind $0.50
Nicedaymybro: posts big blind $1
*** HOLE CARDS ***
DL1B: folds 
Manifestorr: raises $1.20 to $2.20
Rysiff: folds 
Rodiampy: folds 
Supermegopro: folds 
Nicedaymybro: folds 
Uncalled bet ($1.20) returned to Manifestorr
Manifestorr collected $2.50 from pot
*** SUMMARY ***
Total pot $2.50 | Rake $0 
Seat 1: Nicedaymybro (big blind) folded before Flop
Seat 2: DL1B folded before Flop (didn't bet)
Seat 3: Manifestorr collected ($2.50)
Seat 4: Rysiff folded before Flop (didn't bet)
Seat 5: Rodiampy (button) folded before Flop (didn't bet)
Seat 6: Supermegopro (small blind) folded before Flop



PokerStars Hand #254683369657:  Hold'em No Limit ($0.50/$1.00 USD) - 2025/02/03 4:50:06 WET [2025/02/02 23:50:06 ET]
Table 'Echepolos' 6-max Seat #6 is the button
Seat 1: Nicedaymybro ($103.58 in chips) 
Seat 2: DL1B ($120.06 in chips) 
Seat 3: Manifestorr ($112 in chips) 
Seat 4: Rysiff ($232.34 in chips) 
Seat 5: Rodiampy ($37.73 in chips) 
Seat 6: Supermegopro ($100 in chips) 
Nicedaymybro: posts small blind $0.50
DL1B: posts big blind $1
*** HOLE CARDS ***
Manifestorr: folds 
Rysiff: raises $1.50 to $2.50
Rodiampy: folds 
Supermegopro: folds 
Nicedaymybro: folds 
DL1B: folds 
Uncalled bet ($1.50) returned to Rysiff
Rysiff collected $2.50 from pot
Rysiff: doesn't show hand 
*** SUMMARY ***
Total pot $2.50 | Rake $0 
Seat 1: Nicedaymybro (small blind) folded before Flop
Seat 2: DL1B (big blind) folded before Flop
Seat 3: Manifestorr folded before Flop (didn't bet)
Seat 4: Rysiff collected ($2.50)
Seat 5: Rodiampy folded before Flop (didn't bet)
Seat 6: Supermegopro (button) folded before Flop (didn't bet)



PokerStars Hand #254683371463:  Hold'em No Limit ($0.50/$1.00 USD) - 2025/02/03 4:50:27 WET [2025/02/02 23:50:27 ET]
Table 'Echepolos' 6-max Seat #1 is the button
Seat 1: Nicedaymybro ($103.08 in chips) 
Seat 2: DL1B ($119.06 in chips) 
Seat 3: Manifestorr ($112 in chips) 
Seat 4: Rysiff ($233.84 in chips) 
Seat 5: Rodiampy ($37.73 in chips) 
Seat 6: Supermegopro ($100 in chips) 
DL1B: posts small blind $0.50
Manifestorr: posts big blind $1
*** HOLE CARDS ***
Rysiff: folds 
Rodiampy: calls $1
Supermegopro: folds 
Nicedaymybro: folds 
DL1B: folds 
Manifestorr: checks 
*** FLOP *** [Tc 2h Kc]
Manifestorr: checks 
Rodiampy: checks 
*** TURN *** [Tc 2h Kc] [Qh]
Manifestorr: checks 
Rodiampy: checks 
*** RIVER *** [Tc 2h Kc Qh] [Ac]
Manifestorr: checks 
Rodiampy: bets $4.38
Manifestorr: folds 
Uncalled bet ($4.38) returned to Rodiampy
Rodiampy collected $2.38 from pot
*** SUMMARY ***
Total pot $2.50 | Rake $0.12 
Board [Tc 2h Kc Qh Ac]
Seat 1: Nicedaymybro (button) folded before Flop (didn't bet)
Seat 2: DL1B (small blind) folded before Flop
Seat 3: Manifestorr (big blind) folded on the River
Seat 4: Rysiff folded before Flop (didn't bet)
Seat 5: Rodiampy collected ($2.38)
Seat 6: Supermegopro folded before Flop (didn't bet)



PokerStars Hand #254683375049:  Hold'em No Limit ($0.50/$1.00 USD) - 2025/02/03 4:51:10 WET [2025/02/02 23:51:10 ET]
Table 'Echepolos' 6-max Seat #2 is the button
Seat 1: Nicedaymybro ($103.08 in chips) 
Seat 2: DL1B ($118.56 in chips) 
Seat 3: Manifestorr ($111 in chips) 
Seat 4: Rysiff ($233.84 in chips) 
Seat 5: Rodiampy ($39.11 in chips) 
Seat 6: Supermegopro ($100 in chips) 
Manifestorr: posts small blind $0.50
Rysiff: posts big blind $1
*** HOLE CARDS ***
Rodiampy: folds 
Supermegopro: raises $1.50 to $2.50
Nicedaymybro: raises $5 to $7.50
DL1B: folds 
Manifestorr: folds 
Rysiff: folds 
Supermegopro: folds 
Uncalled bet ($5) returned to Nicedaymybro
Nicedaymybro collected $6.50 from pot
Nicedaymybro: doesn't show hand 
*** SUMMARY ***
Total pot $6.50 | Rake $0 
Seat 1: Nicedaymybro collected ($6.50)
Seat 2: DL1B (button) folded before Flop (didn't bet)
Seat 3: Manifestorr (small blind) folded before Flop
Seat 4: Rysiff (big blind) folded before Flop
Seat 5: Rodiampy folded before Flop (didn't bet)
Seat 6: Supermegopro folded before Flop



PokerStars Hand #254683377026:  Hold'em No Limit ($0.50/$1.00 USD) - 2025/02/03 4:51:33 WET [2025/02/02 23:51:33 ET]
Table 'Echepolos' 6-max Seat #3 is the button
Seat 1: Nicedaymybro ($107.08 in chips) 
Seat 2: DL1B ($118.56 in chips) 
Seat 3: Manifestorr ($110.50 in chips) 
Seat 4: Rysiff ($232.84 in chips) 
Seat 5: Rodiampy ($39.11 in chips) 
Seat 6: Supermegopro ($100 in chips) 
Rysiff: posts small blind $0.50
Rodiampy: posts big blind $1
*** HOLE CARDS ***
Supermegopro: folds 
Nicedaymybro: folds 
DL1B: folds 
Manifestorr: raises $1.20 to $2.20
Rysiff: folds 
Rodiampy: calls $1.20
*** FLOP *** [Kd As Jh]
Rodiampy: checks 
Manifestorr: bets $1.54
Rodiampy: calls $1.54
*** TURN *** [Kd As Jh] [5c]
Rodiampy: checks 
Manifestorr: bets $5.69
Rodiampy: folds 
Uncalled bet ($5.69) returned to Manifestorr
Manifestorr collected $7.58 from pot
*** SUMMARY ***
Total pot $7.98 | Rake $0.40 
Board [Kd As Jh 5c]
Seat 1: Nicedaymybro folded before Flop (didn't bet)
Seat 2: DL1B folded before Flop (didn't bet)
Seat 3: Manifestorr (button) collected ($7.58)
Seat 4: Rysiff (small blind) folded before Flop
Seat 5: Rodiampy (big blind) folded on the Turn
Seat 6: Supermegopro folded before Flop (didn't bet)



PokerStars Hand #254683380036:  Hold'em No Limit ($0.50/$1.00 USD) - 2025/02/03 4:52:09 WET [2025/02/02 23:52:09 ET]
Table 'Echepolos' 6-max Seat #4 is the button
Seat 1: Nicedaymybro ($107.08 in chips) 
Seat 2: DL1B ($118.56 in chips) 
Seat 3: Manifestorr ($114.34 in chips) 
Seat 4: Rysiff ($232.34 in chips) 
Seat 5: Rodiampy ($35.37 in chips) 
Seat 6: Supermegopro ($100 in chips) 
Rodiampy: posts small blind $0.50
Supermegopro: posts big blind $1
*** HOLE CARDS ***
Nicedaymybro: folds 
DL1B: folds 
Manifestorr: folds 
Rysiff: folds 
Rodiampy: folds 
Uncalled bet ($0.50) returned to Supermegopro
Supermegopro collected $1 from pot
Supermegopro: doesn't show hand 
*** SUMMARY ***
Total pot $1 | Rake $0 
Seat 1: Nicedaymybro folded before Flop (didn't bet)
Seat 2: DL1B folded before Flop (didn't bet)
Seat 3: Manifestorr folded before Flop (didn't bet)
Seat 4: Rysiff (button) folded before Flop (didn't bet)
Seat 5: Rodiampy (small blind) folded before Flop
Seat 6: Supermegopro (big blind) collected ($1)



PokerStars Hand #254683381705:  Hold'em No Limit ($0.50/$1.00 USD) - 2025/02/03 4:52:29 WET [2025/02/02 23:52:29 ET]
Table 'Echepolos' 6-max Seat #5 is the button
Seat 1: Nicedaymybro ($107.08 in chips) 
Seat 2: DL1B ($118.56 in chips) 
Seat 3: Manifestorr ($114.34 in chips) 
Seat 4: Rysiff ($232.34 in chips) 
Seat 5: Rodiampy ($34.87 in chips) 
Seat 6: Supermegopro ($100.50 in chips) 
Supermegopro: posts small blind $0.50
Nicedaymybro: posts big blind $1
*** HOLE CARDS ***
DL1B: folds 
Manifestorr: raises $1.20 to $2.20
Rysiff: folds 
Rodiampy: calls $2.20
Supermegopro: folds 
Nicedaymybro: folds 
*** FLOP *** [3h Ac Ad]
Manifestorr: bets $1.85
Rodiampy: folds 
Uncalled bet ($1.85) returned to Manifestorr
Manifestorr collected $5.60 from pot
*** SUMMARY ***
Total pot $5.90 | Rake $0.30 
Board [3h Ac Ad]
Seat 1: Nicedaymybro (big blind) folded before Flop
Seat 2: DL1B folded before Flop (didn't bet)
Seat 3: Manifestorr collected ($5.60)
Seat 4: Rysiff folded before Flop (didn't bet)
Seat 5: Rodiampy (button) folded on the Flop
Seat 6: Supermegopro (small blind) folded before Flop



PokerStars Hand #254683383429:  Hold'em No Limit ($0.50/$1.00 USD) - 2025/02/03 4:52:50 WET [2025/02/02 23:52:50 ET]
Table 'Echepolos' 6-max Seat #6 is the button
Seat 1: Nicedaymybro ($106.08 in chips) 
Seat 2: DL1B ($118.56 in chips) 
Seat 3: Manifestorr ($117.74 in chips) 
Seat 4: Rysiff ($232.34 in chips) 
Seat 5: Rodiampy ($32.67 in chips) 
Seat 6: Supermegopro ($100 in chips) 
Nicedaymybro: posts small blind $0.50
DL1B: posts big blind $1
*** HOLE CARDS ***
Manifestorr: raises $1.20 to $2.20
Rysiff: folds 
Rodiampy: calls $2.20
Supermegopro: calls $2.20
Nicedaymybro: folds 
DL1B: folds 
*** FLOP *** [Qd 3h 2d]
Manifestorr: checks 
Rodiampy: checks 
Supermegopro: checks 
*** TURN *** [Qd 3h 2d] [Kc]
Manifestorr: checks 
Rodiampy: checks 
Supermegopro: checks 
*** RIVER *** [Qd 3h 2d Kc] [8d]
Manifestorr: checks 
Rodiampy: checks 
Supermegopro: checks 
*** SHOW DOWN ***
Manifestorr: shows [Js Qs] (a pair of Queens)
Rodiampy: mucks hand 
Supermegopro: mucks hand 
Manifestorr collected $7.70 from pot
*** SUMMARY ***
Total pot $8.10 | Rake $0.40 
Board [Qd 3h 2d Kc 8d]
Seat 1: Nicedaymybro (small blind) folded before Flop
Seat 2: DL1B (big blind) folded before Flop
Seat 3: Manifestorr showed [Js Qs] and won ($7.70) with a pair of Queens
Seat 4: Rysiff folded before Flop (didn't bet)
Seat 5: Rodiampy mucked
Seat 6: Supermegopro (button) mucked



PokerStars Hand #254683387372:  Hold'em No Limit ($0.50/$1.00 USD) - 2025/02/03 4:53:38 WET [2025/02/02 23:53:38 ET]
Table 'Echepolos' 6-max Seat #1 is the button
Seat 1: Nicedaymybro ($105.58 in chips) 
Seat 2: DL1B ($117.56 in chips) 
Seat 3: Manifestorr ($123.24 in chips) 
Seat 4: Rysiff ($232.34 in chips) 
Seat 5: Rodiampy ($30.47 in chips) 
Seat 6: Supermegopro ($100 in chips) 
DL1B: posts small blind $0.50
Manifestorr: posts big blind $1
*** HOLE CARDS ***
Rysiff: folds 
Rodiampy: calls $1
Supermegopro: raises $4 to $5
Nicedaymybro: folds 
DL1B: folds 
Manifestorr: folds 
Rodiampy: folds 
Uncalled bet ($4) returned to Supermegopro
Supermegopro collected $3.50 from pot
Supermegopro: doesn't show hand 
*** SUMMARY ***
Total pot $3.50 | Rake $0 
Seat 1: Nicedaymybro (button) folded before Flop (didn't bet)
Seat 2: DL1B (small blind) folded before Flop
Seat 3: Manifestorr (big blind) folded before Flop
Seat 4: Rysiff folded before Flop (didn't bet)
Seat 5: Rodiampy folded before Flop
Seat 6: Supermegopro collected ($3.50)



PokerStars Hand #254683389494:  Hold'em No Limit ($0.50/$1.00 USD) - 2025/02/03 4:54:04 WET [2025/02/02 23:54:04 ET]
Table 'Echepolos' 6-max Seat #2 is the button
Seat 1: Nicedaymybro ($105.58 in chips) 
Seat 2: DL1B ($117.06 in chips) 
Seat 3: Manifestorr ($122.24 in chips) 
Seat 4: Rysiff ($232.34 in chips) 
Seat 5: Rodiampy ($29.47 in chips) 
Seat 6: Supermegopro ($102.50 in chips) 
Manifestorr: posts small blind $0.50
Rysiff: posts big blind $1
*** HOLE CARDS ***
Rodiampy: folds 
Supermegopro: folds 
Nicedaymybro: folds 
DL1B: raises $1.50 to $2.50
Manifestorr: folds 
Rysiff: folds 
Uncalled bet ($1.50) returned to DL1B
DL1B collected $2.50 from pot
DL1B: doesn't show hand 
*** SUMMARY ***
Total pot $2.50 | Rake $0 
Seat 1: Nicedaymybro folded before Flop (didn't bet)
Seat 2: DL1B (button) collected ($2.50)
Seat 3: Manifestorr (small blind) folded before Flop
Seat 4: Rysiff (big blind) folded before Flop
Seat 5: Rodiampy folded before Flop (didn't bet)
Seat 6: Supermegopro folded before Flop (didn't bet)



PokerStars Hand #254683391147:  Hold'em No Limit ($0.50/$1.00 USD) - 2025/02/03 4:54:24 WET [2025/02/02 23:54:24 ET]
Table 'Echepolos' 6-max Seat #3 is the button
Seat 1: Nicedaymybro ($105.58 in chips) 
Seat 2: DL1B ($118.56 in chips) 
Seat 3: Manifestorr ($121.74 in chips) 
Seat 4: Rysiff ($231.34 in chips) 
Seat 5: Rodiampy ($29.47 in chips) 
Seat 6: Supermegopro ($102.50 in chips) 
Rysiff: posts small blind $0.50
Rodiampy: posts big blind $1
*** HOLE CARDS ***
Supermegopro: folds 
Nicedaymybro: folds 
DL1B: folds 
Manifestorr: folds 
Rysiff: raises $2 to $3
Rodiampy: folds 
Uncalled bet ($2) returned to Rysiff
Rysiff collected $2 from pot
Rysiff: doesn't show hand 
*** SUMMARY ***
Total pot $2 | Rake $0 
Seat 1: Nicedaymybro folded before Flop (didn't bet)
Seat 2: DL1B folded before Flop (didn't bet)
Seat 3: Manifestorr (button) folded before Flop (didn't bet)
Seat 4: Rysiff (small blind) collected ($2)
Seat 5: Rodiampy (big blind) folded before Flop
Seat 6: Supermegopro folded before Flop (didn't bet)



PokerStars Hand #254683392763:  Hold'em No Limit ($0.50/$1.00 USD) - 2025/02/03 4:54:44 WET [2025/02/02 23:54:44 ET]
Table 'Echepolos' 6-max Seat #4 is the button
Seat 1: Nicedaymybro ($105.58 in chips) 
Seat 2: DL1B ($118.56 in chips) 
Seat 3: Manifestorr ($121.74 in chips) 
Seat 4: Rysiff ($232.34 in chips) 
Seat 5: Rodiampy ($28.47 in chips) 
Seat 6: Supermegopro ($102.50 in chips) 
Rodiampy: posts small blind $0.50
Supermegopro: posts big blind $1
*** HOLE CARDS ***
Nicedaymybro: folds 
DL1B: raises $1 to $2
Manifestorr: folds 
Rysiff: folds 
Rodiampy: raises $2 to $4
Supermegopro: folds 
DL1B: calls $2
*** FLOP *** [Kd Ah 7h]
Rodiampy: bets $4.28
DL1B: folds 
Uncalled bet ($4.28) returned to Rodiampy
Rodiampy collected $8.55 from pot
*** SUMMARY ***
Total pot $9 | Rake $0.45 
Board [Kd Ah 7h]
Seat 1: Nicedaymybro folded before Flop (didn't bet)
Seat 2: DL1B folded on the Flop
Seat 3: Manifestorr folded before Flop (didn't bet)
Seat 4: Rysiff (button) folded before Flop (didn't bet)
Seat 5: Rodiampy (small blind) collected ($8.55)
Seat 6: Supermegopro (big blind) folded before Flop



PokerStars Hand #254683394687:  Hold'em No Limit ($0.50/$1.00 USD) - 2025/02/03 4:55:07 WET [2025/02/02 23:55:07 ET]
Table 'Echepolos' 6-max Seat #5 is the button
Seat 1: Nicedaymybro ($105.58 in chips) 
Seat 2: DL1B ($114.56 in chips) 
Seat 3: Manifestorr ($121.74 in chips) 
Seat 4: Rysiff ($232.34 in chips) 
Seat 5: Rodiampy ($33.02 in chips) 
Seat 6: Supermegopro ($101.50 in chips) 
Supermegopro: posts small blind $0.50
Nicedaymybro: posts big blind $1
*** HOLE CARDS ***
DL1B: folds 
Manifestorr: folds 
Rysiff: folds 
Rodiampy: calls $1
Supermegopro: folds 
Nicedaymybro: checks 
*** FLOP *** [5s Ts 8d]
Nicedaymybro: checks 
Rodiampy: checks 
*** TURN *** [5s Ts 8d] [Kc]
Nicedaymybro: checks 
Rodiampy: checks 
*** RIVER *** [5s Ts 8d Kc] [Ks]
Nicedaymybro: bets $1.19
Rodiampy: folds 
Uncalled bet ($1.19) returned to Nicedaymybro
Nicedaymybro collected $2.38 from pot
Nicedaymybro: doesn't show hand 
*** SUMMARY ***
Total pot $2.50 | Rake $0.12 
Board [5s Ts 8d Kc Ks]
Seat 1: Nicedaymybro (big blind) collected ($2.38)
Seat 2: DL1B folded before Flop (didn't bet)
Seat 3: Manifestorr folded before Flop (didn't bet)
Seat 4: Rysiff folded before Flop (didn't bet)
Seat 5: Rodiampy (button) folded on the River
Seat 6: Supermegopro (small blind) folded before Flop



PokerStars Hand #254683397048:  Hold'em No Limit ($0.50/$1.00 USD) - 2025/02/03 4:55:41 WET [2025/02/02 23:55:41 ET]
Table 'Echepolos' 6-max Seat #6 is the button
Seat 1: Nicedaymybro ($106.96 in chips) 
Seat 2: DL1B ($114.56 in chips) 
Seat 3: Manifestorr ($121.74 in chips) 
Seat 4: Rysiff ($232.34 in chips) 
Seat 5: Rodiampy ($32.02 in chips) 
Seat 6: Supermegopro ($101 in chips) 
Nicedaymybro: posts small blind $0.50
DL1B: posts big blind $1
*** HOLE CARDS ***
Manifestorr: folds 
Rysiff: folds 
Rodiampy: raises $3 to $4
Supermegopro: folds 
Nicedaymybro: folds 
DL1B: folds 
Uncalled bet ($3) returned to Rodiampy
Rodiampy collected $2.50 from pot
*** SUMMARY ***
Total pot $2.50 | Rake $0 
Seat 1: Nicedaymybro (small blind) folded before Flop
Seat 2: DL1B (big blind) folded before Flop
Seat 3: Manifestorr folded before Flop (didn't bet)
Seat 4: Rysiff folded before Flop (didn't bet)
Seat 5: Rodiampy collected ($2.50)
Seat 6: Supermegopro (button) folded before Flop (didn't bet)



PokerStars Hand #254683398274:  Hold'em No Limit ($0.50/$1.00 USD) - 2025/02/03 4:55:58 WET [2025/02/02 23:55:58 ET]
Table 'Echepolos' 6-max Seat #1 is the button
Seat 1: Nicedaymybro ($106.46 in chips) 
Seat 2: DL1B ($113.56 in chips) 
Seat 3: Manifestorr ($121.74 in chips) 
Seat 4: Rysiff ($232.34 in chips) 
Seat 5: Rodiampy ($33.52 in chips) 
Seat 6: Supermegopro ($101 in chips) 
DL1B: posts small blind $0.50
Manifestorr: posts big blind $1
*** HOLE CARDS ***
Rysiff: folds 
Rodiampy: calls $1
Supermegopro: folds 
Nicedaymybro: folds 
DL1B: folds 
Manifestorr: checks 
*** FLOP *** [2c 5h 3h]
Manifestorr: checks 
Rodiampy: checks 
*** TURN *** [2c 5h 3h] [Ks]
Manifestorr: checks 
Rodiampy: checks 
*** RIVER *** [2c 5h 3h Ks] [8c]
Manifestorr: bets $1.79
Rodiampy: calls $1.79
*** SHOW DOWN ***
Manifestorr: shows [9d Js] (high card King)
Rodiampy: shows [Td 8d] (a pair of Eights)
Rodiampy collected $5.78 from pot
Rysiff leaves the table
*** SUMMARY ***
Total pot $6.08 | Rake $0.30 
Board [2c 5h 3h Ks 8c]
Seat 1: Nicedaymybro (button) folded before Flop (didn't bet)
Seat 2: DL1B (small blind) folded before Flop
Seat 3: Manifestorr (big blind) showed [9d Js] and lost with high card King
Seat 4: Rysiff folded before Flop (didn't bet)
Seat 5: Rodiampy showed [Td 8d] and won ($5.78) with a pair of Eights
Seat 6: Supermegopro folded before Flop (didn't bet)



PokerStars Hand #254683401086:  Hold'em No Limit ($0.50/$1.00 USD) - 2025/02/03 4:56:39 WET [2025/02/02 23:56:39 ET]
Table 'Echepolos' 6-max Seat #2 is the button
Seat 1: Nicedaymybro ($106.46 in chips) 
Seat 2: DL1B ($113.06 in chips) 
Seat 3: Manifestorr ($118.95 in chips) 
Seat 5: Rodiampy ($36.51 in chips) 
Seat 6: Supermegopro ($101 in chips) 
Manifestorr: posts small blind $0.50
Rodiampy: posts big blind $1
*** HOLE CARDS ***
shootingGRID joins the table at seat #4 
Supermegopro: folds 
Nicedaymybro: folds 
DL1B: raises $1.50 to $2.50
Manifestorr: folds 
Rodiampy: folds 
Uncalled bet ($1.50) returned to DL1B
DL1B collected $2.50 from pot
DL1B: doesn't show hand 
*** SUMMARY ***
Total pot $2.50 | Rake $0 
Seat 1: Nicedaymybro folded before Flop (didn't bet)
Seat 2: DL1B (button) collected ($2.50)
Seat 3: Manifestorr (small blind) folded before Flop
Seat 5: Rodiampy (big blind) folded before Flop
Seat 6: Supermegopro folded before Flop (didn't bet)



PokerStars Hand #254683402145:  Hold'em No Limit ($0.50/$1.00 USD) - 2025/02/03 4:56:55 WET [2025/02/02 23:56:55 ET]
Table 'Echepolos' 6-max Seat #3 is the button
Seat 4: shootingGRID ($100 in chips) is sitting out
Seat 1: Nicedaymybro ($106.46 in chips) 
Seat 2: DL1B ($114.56 in chips) 
Seat 3: Manifestorr ($118.45 in chips) 
Seat 5: Rodiampy ($35.51 in chips) 
Seat 6: Supermegopro ($101 in chips) 
Rodiampy: posts small blind $0.50
Supermegopro: posts big blind $1
*** HOLE CARDS ***
Nicedaymybro: folds 
DL1B: folds 
Manifestorr: folds 
Rodiampy: calls $0.50
Supermegopro: checks 
*** FLOP *** [Jh 9d 4s]
Rodiampy: bets $2
Supermegopro: raises $4 to $6
Rodiampy: calls $4
*** TURN *** [Jh 9d 4s] [Jd]
Rodiampy: checks 
Supermegopro: bets $3.32
Rodiampy: calls $3.32
*** RIVER *** [Jh 9d 4s Jd] [Kd]
Rodiampy: checks 
Supermegopro: checks 
*** SHOW DOWN ***
Rodiampy: shows [9h 6h] (two pair, Jacks and Nines)
Supermegopro: shows [6d 9s] (two pair, Jacks and Nines)
Rodiampy collected $9.81 from pot
Supermegopro collected $9.80 from pot
*** SUMMARY ***
Total pot $20.64 | Rake $1.03 
Board [Jh 9d 4s Jd Kd]
Seat 4: shootingGRID
Seat 1: Nicedaymybro folded before Flop (didn't bet)
Seat 2: DL1B folded before Flop (didn't bet)
Seat 3: Manifestorr (button) folded before Flop (didn't bet)
Seat 5: Rodiampy (small blind) showed [9h 6h] and won ($9.81) with two pair, Jacks and Nines
Seat 6: Supermegopro (big blind) showed [6d 9s] and won ($9.80) with two pair, Jacks and Nines



PokerStars Hand #254683405126:  Hold'em No Limit ($0.50/$1.00 USD) - 2025/02/03 4:57:39 WET [2025/02/02 23:57:39 ET]
Table 'Echepolos' 6-max Seat #5 is the button
Seat 4: shootingGRID ($100 in chips) is sitting out
Seat 1: Nicedaymybro ($106.46 in chips) 
Seat 2: DL1B ($114.56 in chips) 
Seat 3: Manifestorr ($118.45 in chips) 
Seat 5: Rodiampy ($35 in chips) 
Seat 6: Supermegopro ($100.48 in chips) 
Supermegopro: posts small blind $0.50
Nicedaymybro: posts big blind $1
shootingGRID: sits out 
*** HOLE CARDS ***
DL1B: folds 
Manifestorr: folds 
Rodiampy: calls $1
Supermegopro: raises $4 to $5
Nicedaymybro: folds 
Rodiampy: calls $4
*** FLOP *** [6h 8h 9d]
Supermegopro: bets $8
Rodiampy: raises $22 to $30 and is all-in
Supermegopro: calls $22
*** TURN *** [6h 8h 9d] [Ad]
*** RIVER *** [6h 8h 9d Ad] [Ts]
*** SHOW DOWN ***
Supermegopro: shows [Kh 2h] (high card Ace)
Rodiampy: shows [6c 7c] (a straight, Six to Ten)
Rodiampy collected $68.50 from pot
*** SUMMARY ***
Total pot $71 | Rake $2.50 
Board [6h 8h 9d Ad Ts]
Seat 4: shootingGRID
Seat 1: Nicedaymybro (big blind) folded before Flop
Seat 2: DL1B folded before Flop (didn't bet)
Seat 3: Manifestorr folded before Flop (didn't bet)
Seat 5: Rodiampy (button) showed [6c 7c] and won ($68.50) with a straight, Six to Ten
Seat 6: Supermegopro (small blind) showed [Kh 2h] and lost with high card Ace



PokerStars Hand #254683407840:  Hold'em No Limit ($0.50/$1.00 USD) - 2025/02/03 4:58:20 WET [2025/02/02 23:58:20 ET]
Table 'Echepolos' 6-max Seat #6 is the button
Seat 4: shootingGRID ($100 in chips) is sitting out
Seat 1: Nicedaymybro ($105.46 in chips) 
Seat 2: DL1B ($114.56 in chips) 
Seat 3: Manifestorr ($118.45 in chips) 
Seat 5: Rodiampy ($68.50 in chips) 
Seat 6: Supermegopro ($100 in chips) 
Nicedaymybro: posts small blind $0.50
DL1B: posts big blind $1
shootingGRID: sits out 
*** HOLE CARDS ***
Manifestorr: folds 
Rodiampy: raises $3 to $4
Supermegopro: calls $4
Nicedaymybro: folds 
DL1B: folds 
*** FLOP *** [9s 9h Qc]
Rodiampy: bets $8.51
Supermegopro: calls $8.51
*** TURN *** [9s 9h Qc] [Js]
Rodiampy: bets $12.60
Supermegopro: raises $42.83 to $55.43
Rodiampy: calls $42.83
*** RIVER *** [9s 9h Qc Js] [5s]
Rodiampy: bets $0.56 and is all-in
Supermegopro: calls $0.56
*** SHOW DOWN ***
Rodiampy: shows [Ts Td] (two pair, Tens and Nines)
Supermegopro: shows [9c Ac] (three of a kind, Nines)
Supermegopro collected $136 from pot
*** SUMMARY ***
Total pot $138.50 | Rake $2.50 
Board [9s 9h Qc Js 5s]
Seat 4: shootingGRID
Seat 1: Nicedaymybro (small blind) folded before Flop
Seat 2: DL1B (big blind) folded before Flop
Seat 3: Manifestorr folded before Flop (didn't bet)
Seat 5: Rodiampy showed [Ts Td] and lost with two pair, Tens and Nines
Seat 6: Supermegopro (button) showed [9c Ac] and won ($136) with three of a kind, Nines



PokerStars Hand #254683410946:  Hold'em No Limit ($0.50/$1.00 USD) - 2025/02/03 4:59:07 WET [2025/02/02 23:59:07 ET]
Table 'Echepolos' 6-max Seat #1 is the button
Seat 4: shootingGRID ($100 in chips) is sitting out
Seat 5: Rodiampy ($0 in chips) is sitting out
Seat 1: Nicedaymybro ($104.96 in chips) 
Seat 2: DL1B ($113.56 in chips) 
Seat 3: Manifestorr ($118.45 in chips) 
Seat 6: Supermegopro ($167.50 in chips) 
DL1B: posts small blind $0.50
Manifestorr: posts big blind $1
shootingGRID: sits out 
*** HOLE CARDS ***
Supermegopro: folds 
Nicedaymybro: raises $1.50 to $2.50
DL1B: folds 
Manifestorr: calls $1.50
*** FLOP *** [Qd 7h 4h]
Manifestorr: checks 
Rodiampy leaves the table
Nicedaymybro: checks 
*** TURN *** [Qd 7h 4h] [Qc]
Manifestorr: checks 
Nicedaymybro: bets $3.92
Manifestorr: raises $11.08 to $15
Nicedaymybro: folds 
Uncalled bet ($11.08) returned to Manifestorr
Manifestorr collected $12.67 from pot
*** SUMMARY ***
Total pot $13.34 | Rake $0.67 
Board [Qd 7h 4h Qc]
Seat 4: shootingGRID
Seat 5: Rodiampy
Seat 1: Nicedaymybro (button) folded on the Turn
Seat 2: DL1B (small blind) folded before Flop
Seat 3: Manifestorr (big blind) collected ($12.67)
Seat 6: Supermegopro folded before Flop (didn't bet)



PokerStars Hand #254683413188:  Hold'em No Limit ($0.50/$1.00 USD) - 2025/02/03 4:59:41 WET [2025/02/02 23:59:41 ET]
Table 'Echepolos' 6-max Seat #2 is the button
Seat 1: Nicedaymybro ($100 in chips) 
Seat 2: DL1B ($113.06 in chips) 
Seat 3: Manifestorr ($124.70 in chips) 
Seat 4: shootingGRID ($100 in chips) 
Seat 6: Supermegopro ($167.50 in chips) 
Manifestorr: posts small blind $0.50
shootingGRID: posts big blind $1
*** HOLE CARDS ***
Supermegopro: folds 
Nicedaymybro: folds 
DL1B: raises $1.50 to $2.50
Supermegopro leaves the table
Manifestorr: folds 
Nicedaymybro leaves the table
shootingGRID: calls $1.50
*** FLOP *** [Js 5h 5s]
shootingGRID: checks 
DL1B: bets $1.47
shootingGRID: calls $1.47
*** TURN *** [Js 5h 5s] [7d]
shootingGRID: checks 
DL1B: bets $6.10
shootingGRID: folds 
Uncalled bet ($6.10) returned to DL1B
DL1B collected $8.02 from pot
DL1B: doesn't show hand 
*** SUMMARY ***
Total pot $8.44 | Rake $0.42 
Board [Js 5h 5s 7d]
Seat 1: Nicedaymybro folded before Flop (didn't bet)
Seat 2: DL1B (button) collected ($8.02)
Seat 3: Manifestorr (small blind) folded before Flop
Seat 4: shootingGRID (big blind) folded on the Turn
Seat 6: Supermegopro folded before Flop (didn't bet)



PokerStars Hand #254683422419:  Hold'em No Limit ($0.50/$1.00 USD) - 2025/02/03 5:01:44 WET [2025/02/03 0:01:44 ET]
Table 'Echepolos' 6-max Seat #2 is the button
Seat 2: DL1B ($114.61 in chips) 
Seat 3: Manifestorr ($125.70 in chips) 
DL1B: posts small blind $0.50
Manifestorr: posts big blind $1
*** HOLE CARDS ***
DL1B: raises $1.50 to $2.50
Manifestorr: calls $1.50
*** FLOP *** [Tc 5s 6h]
Manifestorr: checks 
DL1B: bets $2.38
Manifestorr: raises $4.62 to $7
DL1B: folds 
Uncalled bet ($4.62) returned to Manifestorr
Manifestorr collected $9.27 from pot
Manifestorr: doesn't show hand 
*** SUMMARY ***
Total pot $9.76 | Rake $0.49 
Board [Tc 5s 6h]
Seat 2: DL1B (button) (small blind) folded on the Flop
Seat 3: Manifestorr (big blind) collected ($9.27)



PokerStars Hand #254683418467:  Hold'em No Limit ($0.50/$1.00 USD) - 2025/02/03 5:00:54 WET [2025/02/03 0:00:54 ET]
Table 'Echepolos' 6-max Seat #3 is the button
Seat 2: DL1B ($117.11 in chips) 
Seat 3: Manifestorr ($124.20 in chips) 
Seat 4: shootingGRID ($100 in chips) 
shootingGRID: posts small blind $0.50
DL1B: posts big blind $1
*** HOLE CARDS ***
Manifestorr: folds 
shootingGRID: raises $2 to $3
DL1B: folds 
Uncalled bet ($2) returned to shootingGRID
shootingGRID collected $2 from pot
*** SUMMARY ***
Total pot $2 | Rake $0 
Seat 2: DL1B (big blind) folded before Flop
Seat 3: Manifestorr (button) folded before Flop (didn't bet)
Seat 4: shootingGRID (small blind) collected ($2)



PokerStars Hand #254683419732:  Hold'em No Limit ($0.50/$1.00 USD) - 2025/02/03 5:01:11 WET [2025/02/03 0:01:11 ET]
Table 'Echepolos' 6-max Seat #4 is the button
Seat 2: DL1B ($116.11 in chips) 
Seat 3: Manifestorr ($124.20 in chips) 
Seat 4: shootingGRID ($101 in chips) 
DL1B: posts small blind $0.50
Manifestorr: posts big blind $1
*** HOLE CARDS ***
shootingGRID: folds 
DL1B: folds 
Uncalled bet ($0.50) returned to Manifestorr
shootingGRID leaves the table
Manifestorr collected $1 from pot
*** SUMMARY ***
Total pot $1 | Rake $0 
Seat 2: DL1B (small blind) folded before Flop
Seat 3: Manifestorr (big blind) collected ($1)
Seat 4: shootingGRID (button) folded before Flop (didn't bet)



PokerStars Hand #254683421177:  Hold'em No Limit ($0.50/$1.00 USD) - 2025/02/03 5:01:29 WET [2025/02/03 0:01:29 ET]
Table 'Echepolos' 6-max Seat #3 is the button
Seat 2: DL1B ($115.61 in chips) 
Seat 3: Manifestorr ($124.70 in chips) 
Manifestorr: posts small blind $0.50
DL1B: posts big blind $1
*** HOLE CARDS ***
Manifestorr: raises $1 to $2
DL1B: folds 
Uncalled bet ($1) returned to Manifestorr
Manifestorr collected $2 from pot
*** SUMMARY ***
Total pot $2 | Rake $0 
Seat 2: DL1B (big blind) folded before Flop
Seat 3: Manifestorr (button) (small blind) collected ($2)



PokerStars Hand #254683123137:  Hold'em No Limit ($0.50/$1.00 USD) - 2025/02/03 4:05:28 WET [2025/02/02 23:05:28 ET]
Table 'Echepolos' 6-max Seat #4 is the button
Seat 1: derek5858 ($100 in chips) is sitting out
Seat 4: uuzka ($100.50 in chips) 
Seat 6: Supermegopro ($100 in chips) 
uuzka: posts small blind $0.50
Supermegopro: posts big blind $1
*** HOLE CARDS ***
uuzka: folds 
Uncalled bet ($0.50) returned to Supermegopro
Supermegopro collected $1 from pot
Supermegopro: doesn't show hand 
*** SUMMARY ***
Total pot $1 | Rake $0 
Seat 1: derek5858
Seat 4: uuzka (button) (small blind) folded before Flop
Seat 6: Supermegopro (big blind) collected ($1)



PokerStars Hand #254683124481:  Hold'em No Limit ($0.50/$1.00 USD) - 2025/02/03 4:05:42 WET [2025/02/02 23:05:42 ET]
Table 'Echepolos' 6-max Seat #4 is the button
Seat 1: derek5858 ($100 in chips) 
Seat 4: uuzka ($100 in chips) 
Seat 6: Supermegopro ($100.50 in chips) 
Supermegopro: posts small blind $0.50
derek5858: posts big blind $1
*** HOLE CARDS ***
uuzka: raises $1.50 to $2.50
Supermegopro: folds 
derek5858: folds 
Uncalled bet ($1.50) returned to uuzka
uuzka collected $2.50 from pot
uuzka: doesn't show hand 
*** SUMMARY ***
Total pot $2.50 | Rake $0 
Seat 1: derek5858 (big blind) folded before Flop
Seat 4: uuzka (button) collected ($2.50)
Seat 6: Supermegopro (small blind) folded before Flop



PokerStars Hand #254683126810:  Hold'em No Limit ($0.50/$1.00 USD) - 2025/02/03 4:06:05 WET [2025/02/02 23:06:05 ET]
Table 'Echepolos' 6-max Seat #6 is the button
Seat 1: derek5858 ($100 in chips) 
Seat 4: uuzka ($101.50 in chips) 
Seat 6: Supermegopro ($100 in chips) 
derek5858: posts small blind $0.50
uuzka: posts big blind $1
*** HOLE CARDS ***
Supermegopro: folds 
derek5858: raises $2 to $3
uuzka: raises $7 to $10
derek5858: folds 
Uncalled bet ($7) returned to uuzka
uuzka collected $6 from pot
uuzka: doesn't show hand 
*** SUMMARY ***
Total pot $6 | Rake $0 
Seat 1: derek5858 (small blind) folded before Flop
Seat 4: uuzka (big blind) collected ($6)
Seat 6: Supermegopro (button) folded before Flop (didn't bet)



PokerStars Hand #254683130143:  Hold'em No Limit ($0.50/$1.00 USD) - 2025/02/03 4:06:40 WET [2025/02/02 23:06:40 ET]
Table 'Echepolos' 6-max Seat #1 is the button
Seat 1: derek5858 ($100 in chips) 
Seat 4: uuzka ($104.50 in chips) 
Seat 6: Supermegopro ($100 in chips) 
uuzka: posts small blind $0.50
Supermegopro: posts big blind $1
*** HOLE CARDS ***
derek5858: raises $1.50 to $2.50
uuzka: folds 
Supermegopro: raises $9.50 to $12
derek5858: folds 
Uncalled bet ($9.50) returned to Supermegopro
Supermegopro collected $5.50 from pot
Supermegopro: doesn't show hand 
*** SUMMARY ***
Total pot $5.50 | Rake $0 
Seat 1: derek5858 (button) folded before Flop
Seat 4: uuzka (small blind) folded before Flop
Seat 6: Supermegopro (big blind) collected ($5.50)



PokerStars Hand #254683133549:  Hold'em No Limit ($0.50/$1.00 USD) - 2025/02/03 4:07:14 WET [2025/02/02 23:07:14 ET]
Table 'Echepolos' 6-max Seat #4 is the button
Seat 1: derek5858 ($100 in chips) 
Seat 4: uuzka ($104 in chips) 
Seat 6: Supermegopro ($103 in chips) 
Supermegopro: posts small blind $0.50
derek5858: posts big blind $1
*** HOLE CARDS ***
uuzka: folds 
Supermegopro: raises $2 to $3
derek5858: calls $2
*** FLOP *** [Qc 5d Td]
Supermegopro: bets $3.80
derek5858: calls $3.80
*** TURN *** [Qc 5d Td] [Ts]
Supermegopro: bets $16.15
derek5858: calls $16.15
*** RIVER *** [Qc 5d Td Ts] [9h]
Supermegopro: checks 
derek5858: checks 
*** SHOW DOWN ***
Supermegopro: shows [Qd Ks] (two pair, Queens and Tens)
derek5858: mucks hand 
Supermegopro collected $44.90 from pot
*** SUMMARY ***
Total pot $45.90 | Rake $1 
Board [Qc 5d Td Ts 9h]
Seat 1: derek5858 (big blind) mucked
Seat 4: uuzka (button) folded before Flop (didn't bet)
Seat 6: Supermegopro (small blind) showed [Qd Ks] and won ($44.90) with two pair, Queens and Tens



PokerStars Hand #254683138669:  Hold'em No Limit ($0.50/$1.00 USD) - 2025/02/03 4:08:07 WET [2025/02/02 23:08:07 ET]
Table 'Echepolos' 6-max Seat #6 is the button
Seat 1: derek5858 ($100 in chips) 
Seat 4: uuzka ($104 in chips) 
Seat 6: Supermegopro ($124.95 in chips) 
derek5858: posts small blind $0.50
uuzka: posts big blind $1
*** HOLE CARDS ***
Supermegopro: raises $2 to $3
derek5858: folds 
uuzka: calls $2
*** FLOP *** [Kc 6d Qc]
uuzka: checks 
Supermegopro: bets $2.04
uuzka: raises $8.41 to $10.45
Supermegopro: calls $8.41
*** TURN *** [Kc 6d Qc] [2c]
uuzka: bets $7.34
Supermegopro: folds 
Uncalled bet ($7.34) returned to uuzka
uuzka collected $26.40 from pot
uuzka: doesn't show hand 
*** SUMMARY ***
Total pot $27.40 | Rake $1 
Board [Kc 6d Qc 2c]
Seat 1: derek5858 (small blind) folded before Flop
Seat 4: uuzka (big blind) collected ($26.40)
Seat 6: Supermegopro (button) folded on the Turn



PokerStars Hand #254683144886:  Hold'em No Limit ($0.50/$1.00 USD) - 2025/02/03 4:09:11 WET [2025/02/02 23:09:11 ET]
Table 'Echepolos' 6-max Seat #1 is the button
Seat 1: derek5858 ($100 in chips) 
Seat 4: uuzka ($116.95 in chips) 
Seat 6: Supermegopro ($111.50 in chips) 
uuzka: posts small blind $0.50
Supermegopro: posts big blind $1
*** HOLE CARDS ***
derek5858: raises $1.50 to $2.50
uuzka: folds 
Supermegopro: folds 
Uncalled bet ($1.50) returned to derek5858
derek5858 collected $2.50 from pot
*** SUMMARY ***
Total pot $2.50 | Rake $0 
Seat 1: derek5858 (button) collected ($2.50)
Seat 4: uuzka (small blind) folded before Flop
Seat 6: Supermegopro (big blind) folded before Flop



PokerStars Hand #254683146114:  Hold'em No Limit ($0.50/$1.00 USD) - 2025/02/03 4:09:24 WET [2025/02/02 23:09:24 ET]
Table 'Echepolos' 6-max Seat #4 is the button
Seat 1: derek5858 ($101.50 in chips) 
Seat 4: uuzka ($116.45 in chips) 
Seat 6: Supermegopro ($110.50 in chips) 
Supermegopro: posts small blind $0.50
derek5858: posts big blind $1
*** HOLE CARDS ***
uuzka: folds 
Supermegopro: raises $2 to $3
derek5858: folds 
Uncalled bet ($2) returned to Supermegopro
Supermegopro collected $2 from pot
Supermegopro: doesn't show hand 
*** SUMMARY ***
Total pot $2 | Rake $0 
Seat 1: derek5858 (big blind) folded before Flop
Seat 4: uuzka (button) folded before Flop (didn't bet)
Seat 6: Supermegopro (small blind) collected ($2)



PokerStars Hand #254683148196:  Hold'em No Limit ($0.50/$1.00 USD) - 2025/02/03 4:09:45 WET [2025/02/02 23:09:45 ET]
Table 'Echepolos' 6-max Seat #6 is the button
Seat 1: derek5858 ($100.50 in chips) 
Seat 4: uuzka ($116.45 in chips) 
Seat 6: Supermegopro ($111.50 in chips) 
derek5858: posts small blind $0.50
uuzka: posts big blind $1
*** HOLE CARDS ***
Supermegopro: folds 
derek5858: raises $2 to $3
uuzka: folds 
Uncalled bet ($2) returned to derek5858
derek5858 collected $2 from pot
*** SUMMARY ***
Total pot $2 | Rake $0 
Seat 1: derek5858 (small blind) collected ($2)
Seat 4: uuzka (big blind) folded before Flop
Seat 6: Supermegopro (button) folded before Flop (didn't bet)



PokerStars Hand #254683149441:  Hold'em No Limit ($0.50/$1.00 USD) - 2025/02/03 4:09:58 WET [2025/02/02 23:09:58 ET]
Table 'Echepolos' 6-max Seat #1 is the button
Seat 1: derek5858 ($101.50 in chips) 
Seat 4: uuzka ($115.45 in chips) 
Seat 6: Supermegopro ($111.50 in chips) 
uuzka: posts small blind $0.50
Supermegopro: posts big blind $1
*** HOLE CARDS ***
derek5858: raises $1.50 to $2.50
uuzka: folds 
Supermegopro: calls $1.50
*** FLOP *** [3c 6d 9c]
Supermegopro: checks 
derek5858: checks 
*** TURN *** [3c 6d 9c] [Kd]
Supermegopro: checks 
derek5858: checks 
*** RIVER *** [3c 6d 9c Kd] [Ad]
Supermegopro: checks 
derek5858: checks 
*** SHOW DOWN ***
Supermegopro: shows [2s 2c] (a pair of Deuces)
derek5858: shows [9h Jh] (a pair of Nines)
derek5858 collected $5.22 from pot
*** SUMMARY ***
Total pot $5.50 | Rake $0.28 
Board [3c 6d 9c Kd Ad]
Seat 1: derek5858 (button) showed [9h Jh] and won ($5.22) with a pair of Nines
Seat 4: uuzka (small blind) folded before Flop
Seat 6: Supermegopro (big blind) showed [2s 2c] and lost with a pair of Deuces



PokerStars Hand #254683152011:  Hold'em No Limit ($0.50/$1.00 USD) - 2025/02/03 4:10:24 WET [2025/02/02 23:10:24 ET]
Table 'Echepolos' 6-max Seat #4 is the button
Seat 1: derek5858 ($104.22 in chips) 
Seat 4: uuzka ($114.95 in chips) 
Seat 6: Supermegopro ($109 in chips) 
Supermegopro: posts small blind $0.50
derek5858: posts big blind $1
*** HOLE CARDS ***
uuzka: raises $1.50 to $2.50
Supermegopro: raises $9.50 to $12
derek5858: folds 
uuzka: folds 
Uncalled bet ($9.50) returned to Supermegopro
Supermegopro collected $6 from pot
Supermegopro: doesn't show hand 
*** SUMMARY ***
Total pot $6 | Rake $0 
Seat 1: derek5858 (big blind) folded before Flop
Seat 4: uuzka (button) folded before Flop
Seat 6: Supermegopro (small blind) collected ($6)



PokerStars Hand #254683155578:  Hold'em No Limit ($0.50/$1.00 USD) - 2025/02/03 4:11:01 WET [2025/02/02 23:11:01 ET]
Table 'Echepolos' 6-max Seat #6 is the button
Seat 1: derek5858 ($103.22 in chips) 
Seat 4: uuzka ($112.45 in chips) 
Seat 6: Supermegopro ($112.50 in chips) 
derek5858: posts small blind $0.50
uuzka: posts big blind $1
*** HOLE CARDS ***
Supermegopro: raises $2 to $3
derek5858: folds 
uuzka: calls $2
*** FLOP *** [3c Kc 2c]
uuzka: checks 
Supermegopro: bets $3.09
uuzka: calls $3.09
*** TURN *** [3c Kc 2c] [Td]
uuzka: checks 
Supermegopro: bets $24.10
uuzka: folds 
Uncalled bet ($24.10) returned to Supermegopro
Supermegopro collected $12.05 from pot
Supermegopro: doesn't show hand 
*** SUMMARY ***
Total pot $12.68 | Rake $0.63 
Board [3c Kc 2c Td]
Seat 1: derek5858 (small blind) folded before Flop
Seat 4: uuzka (big blind) folded on the Turn
Seat 6: Supermegopro (button) collected ($12.05)



PokerStars Hand #254683159138:  Hold'em No Limit ($0.50/$1.00 USD) - 2025/02/03 4:11:39 WET [2025/02/02 23:11:39 ET]
Table 'Echepolos' 6-max Seat #1 is the button
Seat 4: uuzka ($106.36 in chips) is sitting out
Seat 1: derek5858 ($102.72 in chips) 
Seat 6: Supermegopro ($118.46 in chips) 
derek5858: posts small blind $0.50
Supermegopro: posts big blind $1
*** HOLE CARDS ***
derek5858: raises $1.50 to $2.50
Supermegopro: calls $1.50
*** FLOP *** [5h 4s 4c]
uuzka leaves the table
Supermegopro: checks 
derek5858: bets $1
Supermegopro: calls $1
*** TURN *** [5h 4s 4c] [2d]
Supermegopro: checks 
derek5858: bets $4.66
Supermegopro: folds 
Uncalled bet ($4.66) returned to derek5858
derek5858 collected $6.65 from pot
*** SUMMARY ***
Total pot $7 | Rake $0.35 
Board [5h 4s 4c 2d]
Seat 4: uuzka
Seat 1: derek5858 (button) (small blind) collected ($6.65)
Seat 6: Supermegopro (big blind) folded on the Turn



PokerStars Hand #254683163493:  Hold'em No Limit ($0.50/$1.00 USD) - 2025/02/03 4:12:25 WET [2025/02/02 23:12:25 ET]
Table 'Echepolos' 6-max Seat #6 is the button
Seat 1: derek5858 ($105.87 in chips) 
Seat 6: Supermegopro ($114.96 in chips) 
Supermegopro: posts small blind $0.50
derek5858: posts big blind $1
*** HOLE CARDS ***
Supermegopro: raises $2 to $3
derek5858: folds 
Uncalled bet ($2) returned to Supermegopro
Supermegopro collected $2 from pot
Supermegopro: doesn't show hand 
*** SUMMARY ***
Total pot $2 | Rake $0 
Seat 1: derek5858 (big blind) folded before Flop
Seat 6: Supermegopro (button) (small blind) collected ($2)



PokerStars Hand #254683164371:  Hold'em No Limit ($0.50/$1.00 USD) - 2025/02/03 4:12:34 WET [2025/02/02 23:12:34 ET]
Table 'Echepolos' 6-max Seat #1 is the button
Seat 1: derek5858 ($104.87 in chips) 
Seat 6: Supermegopro ($115.96 in chips) 
derek5858: posts small blind $0.50
Supermegopro: posts big blind $1
*** HOLE CARDS ***
derek5858: raises $1.50 to $2.50
Supermegopro: folds 
Uncalled bet ($1.50) returned to derek5858
derek5858 collected $2 from pot
*** SUMMARY ***
Total pot $2 | Rake $0 
Seat 1: derek5858 (button) (small blind) collected ($2)
Seat 6: Supermegopro (big blind) folded before Flop



PokerStars Hand #254683262432:  Hold'em No Limit ($0.50/$1.00 USD) - 2025/02/03 4:29:55 WET [2025/02/02 23:29:55 ET]
Table 'Echepolos' 6-max Seat #2 is the button
Seat 1: Nicedaymybro ($100 in chips) 
Seat 2: DL1B ($100 in chips) 
Seat 3: Manifestorr ($100 in chips) 
Seat 4: Rysiff ($100 in chips) 
Seat 5: Rodiampy ($50.89 in chips) 
Seat 6: Supermegopro ($114.96 in chips) 
Manifestorr: posts small blind $0.50
Rysiff: posts big blind $1
*** HOLE CARDS ***
Rodiampy: calls $1
Supermegopro: folds 
Nicedaymybro: folds 
DL1B: raises $2.50 to $3.50
Manifestorr: folds 
Rysiff: folds 
Rodiampy: calls $2.50
*** FLOP *** [Jc 6s 9h]
Rodiampy: checks 
DL1B: bets $2.67
Rodiampy: calls $2.67
*** TURN *** [Jc 6s 9h] [Kh]
Rodiampy: checks 
DL1B: checks 
*** RIVER *** [Jc 6s 9h Kh] [8d]
Rodiampy: bets $13.15
DL1B: folds 
Uncalled bet ($13.15) returned to Rodiampy
Rodiampy collected $13.15 from pot
*** SUMMARY ***
Total pot $13.84 | Rake $0.69 
Board [Jc 6s 9h Kh 8d]
Seat 1: Nicedaymybro folded before Flop (didn't bet)
Seat 2: DL1B (button) folded on the River
Seat 3: Manifestorr (small blind) folded before Flop
Seat 4: Rysiff (big blind) folded before Flop
Seat 5: Rodiampy collected ($13.15)
Seat 6: Supermegopro folded before Flop (didn't bet)



PokerStars Hand #254683267433:  Hold'em No Limit ($0.50/$1.00 USD) - 2025/02/03 4:30:50 WET [2025/02/02 23:30:50 ET]
Table 'Echepolos' 6-max Seat #3 is the button
Seat 1: Nicedaymybro ($100 in chips) 
Seat 2: DL1B ($100 in chips) 
Seat 3: Manifestorr ($100 in chips) 
Seat 4: Rysiff ($100 in chips) 
Seat 5: Rodiampy ($57.87 in chips) 
Seat 6: Supermegopro ($114.96 in chips) 
Rysiff: posts small blind $0.50
Rodiampy: posts big blind $1
*** HOLE CARDS ***
Supermegopro: raises $1.50 to $2.50
Nicedaymybro: folds 
DL1B: raises $5 to $7.50
Manifestorr: folds 
Rysiff: folds 
Rodiampy: folds 
Supermegopro: folds 
Uncalled bet ($5) returned to DL1B
DL1B collected $6.50 from pot
DL1B: doesn't show hand 
*** SUMMARY ***
Total pot $6.50 | Rake $0 
Seat 1: Nicedaymybro folded before Flop (didn't bet)
Seat 2: DL1B collected ($6.50)
Seat 3: Manifestorr (button) folded before Flop (didn't bet)
Seat 4: Rysiff (small blind) folded before Flop
Seat 5: Rodiampy (big blind) folded before Flop
Seat 6: Supermegopro folded before Flop



PokerStars Hand #254683269282:  Hold'em No Limit ($0.50/$1.00 USD) - 2025/02/03 4:31:11 WET [2025/02/02 23:31:11 ET]
Table 'Echepolos' 6-max Seat #4 is the button
Seat 1: Nicedaymybro ($100 in chips) 
Seat 2: DL1B ($104 in chips) 
Seat 3: Manifestorr ($100 in chips) 
Seat 4: Rysiff ($100 in chips) 
Seat 5: Rodiampy ($56.87 in chips) 
Seat 6: Supermegopro ($112.46 in chips) 
Rodiampy: posts small blind $0.50
Supermegopro: posts big blind $1
*** HOLE CARDS ***
Nicedaymybro: folds 
DL1B: folds 
Manifestorr: raises $1.20 to $2.20
Rysiff: folds 
Rodiampy: calls $1.70
Supermegopro: raises $11.80 to $14
Manifestorr: folds 
Rodiampy: folds 
Uncalled bet ($11.80) returned to Supermegopro
Supermegopro collected $6.60 from pot
Supermegopro: doesn't show hand 
*** SUMMARY ***
Total pot $6.60 | Rake $0 
Seat 1: Nicedaymybro folded before Flop (didn't bet)
Seat 2: DL1B folded before Flop (didn't bet)
Seat 3: Manifestorr folded before Flop
Seat 4: Rysiff (button) folded before Flop (didn't bet)
Seat 5: Rodiampy (small blind) folded before Flop
Seat 6: Supermegopro (big blind) collected ($6.60)



PokerStars Hand #254683271984:  Hold'em No Limit ($0.50/$1.00 USD) - 2025/02/03 4:31:41 WET [2025/02/02 23:31:41 ET]
Table 'Echepolos' 6-max Seat #5 is the button
Seat 1: Nicedaymybro ($100 in chips) 
Seat 2: DL1B ($104 in chips) 
Seat 3: Manifestorr ($100 in chips) 
Seat 4: Rysiff ($100 in chips) 
Seat 5: Rodiampy ($54.67 in chips) 
Seat 6: Supermegopro ($116.86 in chips) 
Supermegopro: posts small blind $0.50
Nicedaymybro: posts big blind $1
*** HOLE CARDS ***
DL1B: folds 
Manifestorr: folds 
Rysiff: folds 
Rodiampy: calls $1
Supermegopro: folds 
Nicedaymybro: checks 
*** FLOP *** [6c 2h 9d]
Nicedaymybro: checks 
Rodiampy: checks 
*** TURN *** [6c 2h 9d] [9c]
Nicedaymybro: checks 
Rodiampy: checks 
*** RIVER *** [6c 2h 9d 9c] [Qs]
Nicedaymybro: checks 
Rodiampy: bets $6.38
Nicedaymybro: folds 
Uncalled bet ($6.38) returned to Rodiampy
Rodiampy collected $2.38 from pot
*** SUMMARY ***
Total pot $2.50 | Rake $0.12 
Board [6c 2h 9d 9c Qs]
Seat 1: Nicedaymybro (big blind) folded on the River
Seat 2: DL1B folded before Flop (didn't bet)
Seat 3: Manifestorr folded before Flop (didn't bet)
Seat 4: Rysiff folded before Flop (didn't bet)
Seat 5: Rodiampy (button) collected ($2.38)
Seat 6: Supermegopro (small blind) folded before Flop



PokerStars Hand #254683275092:  Hold'em No Limit ($0.50/$1.00 USD) - 2025/02/03 4:32:17 WET [2025/02/02 23:32:17 ET]
Table 'Echepolos' 6-max Seat #6 is the button
Seat 1: Nicedaymybro ($100 in chips) 
Seat 2: DL1B ($104 in chips) 
Seat 3: Manifestorr ($100 in chips) 
Seat 4: Rysiff ($100 in chips) 
Seat 5: Rodiampy ($56.05 in chips) 
Seat 6: Supermegopro ($116.36 in chips) 
Nicedaymybro: posts small blind $0.50
DL1B: posts big blind $1
*** HOLE CARDS ***
Manifestorr: raises $1.20 to $2.20
Rysiff: folds 
Rodiampy: folds 
Supermegopro: folds 
Nicedaymybro: folds 
DL1B: folds 
Uncalled bet ($1.20) returned to Manifestorr
Manifestorr collected $2.50 from pot
*** SUMMARY ***
Total pot $2.50 | Rake $0 
Seat 1: Nicedaymybro (small blind) folded before Flop
Seat 2: DL1B (big blind) folded before Flop
Seat 3: Manifestorr collected ($2.50)
Seat 4: Rysiff folded before Flop (didn't bet)
Seat 5: Rodiampy folded before Flop (didn't bet)
Seat 6: Supermegopro (button) folded before Flop (didn't bet)



PokerStars Hand #254683277458:  Hold'em No Limit ($0.50/$1.00 USD) - 2025/02/03 4:32:43 WET [2025/02/02 23:32:43 ET]
Table 'Echepolos' 6-max Seat #1 is the button
Seat 1: Nicedaymybro ($100 in chips) 
Seat 2: DL1B ($103 in chips) 
Seat 3: Manifestorr ($101.50 in chips) 
Seat 4: Rysiff ($100 in chips) 
Seat 5: Rodiampy ($56.05 in chips) 
Seat 6: Supermegopro ($116.36 in chips) 
DL1B: posts small blind $0.50
Manifestorr: posts big blind $1
*** HOLE CARDS ***
Rysiff: folds 
Rodiampy: folds 
Supermegopro: folds 
Nicedaymybro: folds 
DL1B: raises $2 to $3
Manifestorr: calls $2
*** FLOP *** [4d Kc 6h]
DL1B: checks 
Manifestorr: bets $4.28
DL1B: folds 
Uncalled bet ($4.28) returned to Manifestorr
Manifestorr collected $5.70 from pot
*** SUMMARY ***
Total pot $6 | Rake $0.30 
Board [4d Kc 6h]
Seat 1: Nicedaymybro (button) folded before Flop (didn't bet)
Seat 2: DL1B (small blind) folded on the Flop
Seat 3: Manifestorr (big blind) collected ($5.70)
Seat 4: Rysiff folded before Flop (didn't bet)
Seat 5: Rodiampy folded before Flop (didn't bet)
Seat 6: Supermegopro folded before Flop (didn't bet)



PokerStars Hand #254683280253:  Hold'em No Limit ($0.50/$1.00 USD) - 2025/02/03 4:33:14 WET [2025/02/02 23:33:14 ET]
Table 'Echepolos' 6-max Seat #2 is the button
Seat 1: Nicedaymybro ($100 in chips) 
Seat 2: DL1B ($100 in chips) 
Seat 3: Manifestorr ($104.20 in chips) 
Seat 4: Rysiff ($100 in chips) 
Seat 5: Rodiampy ($56.05 in chips) 
Seat 6: Supermegopro ($116.36 in chips) 
Manifestorr: posts small blind $0.50
Rysiff: posts big blind $1
*** HOLE CARDS ***
Rodiampy: folds 
Supermegopro: folds 
Nicedaymybro: folds 
DL1B: folds 
Manifestorr: folds 
Uncalled bet ($0.50) returned to Rysiff
Rysiff collected $1 from pot
Rysiff: doesn't show hand 
*** SUMMARY ***
Total pot $1 | Rake $0 
Seat 1: Nicedaymybro folded before Flop (didn't bet)
Seat 2: DL1B (button) folded before Flop (didn't bet)
Seat 3: Manifestorr (small blind) folded before Flop
Seat 4: Rysiff (big blind) collected ($1)
Seat 5: Rodiampy folded before Flop (didn't bet)
Seat 6: Supermegopro folded before Flop (didn't bet)



PokerStars Hand #254683281128:  Hold'em No Limit ($0.50/$1.00 USD) - 2025/02/03 4:33:24 WET [2025/02/02 23:33:24 ET]
Table 'Echepolos' 6-max Seat #3 is the button
Seat 1: Nicedaymybro ($100 in chips) 
Seat 2: DL1B ($100 in chips) 
Seat 3: Manifestorr ($103.70 in chips) 
Seat 4: Rysiff ($100.50 in chips) 
Seat 5: Rodiampy ($56.05 in chips) 
Seat 6: Supermegopro ($116.36 in chips) 
Rysiff: posts small blind $0.50
Rodiampy: posts big blind $1
*** HOLE CARDS ***
Supermegopro: raises $2 to $3
Nicedaymybro: folds 
DL1B: folds 
Manifestorr: folds 
Rysiff: folds 
Rodiampy: folds 
Uncalled bet ($2) returned to Supermegopro
Supermegopro collected $2.50 from pot
Supermegopro: doesn't show hand 
*** SUMMARY ***
Total pot $2.50 | Rake $0 
Seat 1: Nicedaymybro folded before Flop (didn't bet)
Seat 2: DL1B folded before Flop (didn't bet)
Seat 3: Manifestorr (button) folded before Flop (didn't bet)
Seat 4: Rysiff (small blind) folded before Flop
Seat 5: Rodiampy (big blind) folded before Flop
Seat 6: Supermegopro collected ($2.50)



PokerStars Hand #254683282589:  Hold'em No Limit ($0.50/$1.00 USD) - 2025/02/03 4:33:40 WET [2025/02/02 23:33:40 ET]
Table 'Echepolos' 6-max Seat #4 is the button
Seat 1: Nicedaymybro ($100 in chips) 
Seat 2: DL1B ($100 in chips) 
Seat 3: Manifestorr ($103.70 in chips) 
Seat 4: Rysiff ($100 in chips) 
Seat 5: Rodiampy ($55.05 in chips) 
Seat 6: Supermegopro ($117.86 in chips) 
Rodiampy: posts small blind $0.50
Supermegopro: posts big blind $1
*** HOLE CARDS ***
Nicedaymybro: folds 
DL1B: folds 
Manifestorr: folds 
Rysiff: folds 
Rodiampy: folds 
Uncalled bet ($0.50) returned to Supermegopro
Supermegopro collected $1 from pot
Supermegopro: doesn't show hand 
*** SUMMARY ***
Total pot $1 | Rake $0 
Seat 1: Nicedaymybro folded before Flop (didn't bet)
Seat 2: DL1B folded before Flop (didn't bet)
Seat 3: Manifestorr folded before Flop (didn't bet)
Seat 4: Rysiff (button) folded before Flop (didn't bet)
Seat 5: Rodiampy (small blind) folded before Flop
Seat 6: Supermegopro (big blind) collected ($1)



PokerStars Hand #254683284093:  Hold'em No Limit ($0.50/$1.00 USD) - 2025/02/03 4:33:56 WET [2025/02/02 23:33:56 ET]
Table 'Echepolos' 6-max Seat #5 is the button
Seat 1: Nicedaymybro ($100 in chips) 
Seat 2: DL1B ($100 in chips) 
Seat 3: Manifestorr ($103.70 in chips) 
Seat 4: Rysiff ($100 in chips) 
Seat 5: Rodiampy ($54.55 in chips) 
Seat 6: Supermegopro ($118.36 in chips) 
Supermegopro: posts small blind $0.50
Nicedaymybro: posts big blind $1
*** HOLE CARDS ***
DL1B: folds 
Manifestorr: raises $1.20 to $2.20
Rysiff: folds 
Rodiampy: calls $2.20
Supermegopro: folds 
Nicedaymybro: folds 
*** FLOP *** [4c 9c 2c]
Manifestorr: checks 
Rodiampy: checks 
*** TURN *** [4c 9c 2c] [Tc]
Manifestorr: checks 
Rodiampy: checks 
*** RIVER *** [4c 9c 2c Tc] [Kh]
Manifestorr: bets $1.85
Rodiampy: calls $1.85
*** SHOW DOWN ***
Manifestorr: shows [3c 3s] (a flush, Ten high)
Rodiampy: mucks hand 
Manifestorr collected $9.12 from pot
*** SUMMARY ***
Total pot $9.60 | Rake $0.48 
Board [4c 9c 2c Tc Kh]
Seat 1: Nicedaymybro (big blind) folded before Flop
Seat 2: DL1B folded before Flop (didn't bet)
Seat 3: Manifestorr showed [3c 3s] and won ($9.12) with a flush, Ten high
Seat 4: Rysiff folded before Flop (didn't bet)
Seat 5: Rodiampy (button) mucked
Seat 6: Supermegopro (small blind) folded before Flop



PokerStars Hand #254683287350:  Hold'em No Limit ($0.50/$1.00 USD) - 2025/02/03 4:34:32 WET [2025/02/02 23:34:32 ET]
Table 'Echepolos' 6-max Seat #6 is the button
Seat 1: Nicedaymybro ($100 in chips) 
Seat 2: DL1B ($100 in chips) 
Seat 3: Manifestorr ($108.77 in chips) 
Seat 4: Rysiff ($100 in chips) 
Seat 5: Rodiampy ($50.50 in chips) 
Seat 6: Supermegopro ($117.86 in chips) 
Nicedaymybro: posts small blind $0.50
DL1B: posts big blind $1
*** HOLE CARDS ***
Manifestorr: folds 
Rysiff: folds 
Rodiampy: calls $1
Supermegopro: folds 
Nicedaymybro: calls $0.50
DL1B: checks 
*** FLOP *** [Kc 5h 8d]
Nicedaymybro: checks 
DL1B: checks 
Rodiampy: checks 
*** TURN *** [Kc 5h 8d] [5s]
Nicedaymybro: checks 
DL1B: bets $1.67
Rodiampy: calls $1.67
Nicedaymybro: folds 
*** RIVER *** [Kc 5h 8d 5s] [9d]
DL1B: checks 
Rodiampy: checks 
*** SHOW DOWN ***
DL1B: shows [8c Ts] (two pair, Eights and Fives)
Rodiampy: mucks hand 
DL1B collected $6.02 from pot
*** SUMMARY ***
Total pot $6.34 | Rake $0.32 
Board [Kc 5h 8d 5s 9d]
Seat 1: Nicedaymybro (small blind) folded on the Turn
Seat 2: DL1B (big blind) showed [8c Ts] and won ($6.02) with two pair, Eights and Fives
Seat 3: Manifestorr folded before Flop (didn't bet)
Seat 4: Rysiff folded before Flop (didn't bet)
Seat 5: Rodiampy mucked
Seat 6: Supermegopro (button) folded before Flop (didn't bet)



PokerStars Hand #254683290613:  Hold'em No Limit ($0.50/$1.00 USD) - 2025/02/03 4:35:08 WET [2025/02/02 23:35:08 ET]
Table 'Echepolos' 6-max Seat #1 is the button
Seat 1: Nicedaymybro ($100 in chips) 
Seat 2: DL1B ($103.35 in chips) 
Seat 3: Manifestorr ($108.77 in chips) 
Seat 4: Rysiff ($100 in chips) 
Seat 5: Rodiampy ($47.83 in chips) 
Seat 6: Supermegopro ($117.86 in chips) 
DL1B: posts small blind $0.50
Manifestorr: posts big blind $1
*** HOLE CARDS ***
Rysiff: raises $1.50 to $2.50
Rodiampy: calls $2.50
Supermegopro: folds 
Nicedaymybro: folds 
DL1B: folds 
Manifestorr: folds 
*** FLOP *** [7h 6s Jh]
Rysiff: checks 
Rodiampy: checks 
*** TURN *** [7h 6s Jh] [3h]
Rysiff: checks 
Rodiampy: checks 
*** RIVER *** [7h 6s Jh 3h] [3d]
Rysiff: checks 
Rodiampy: checks 
*** SHOW DOWN ***
Rysiff: shows [As Ks] (a pair of Threes)
Rodiampy: mucks hand 
Rysiff collected $6.18 from pot
*** SUMMARY ***
Total pot $6.50 | Rake $0.32 
Board [7h 6s Jh 3h 3d]
Seat 1: Nicedaymybro (button) folded before Flop (didn't bet)
Seat 2: DL1B (small blind) folded before Flop
Seat 3: Manifestorr (big blind) folded before Flop
Seat 4: Rysiff showed [As Ks] and won ($6.18) with a pair of Threes
Seat 5: Rodiampy mucked
Seat 6: Supermegopro folded before Flop (didn't bet)



PokerStars Hand #254683294372:  Hold'em No Limit ($0.50/$1.00 USD) - 2025/02/03 4:35:50 WET [2025/02/02 23:35:50 ET]
Table 'Echepolos' 6-max Seat #2 is the button
Seat 1: Nicedaymybro ($100 in chips) 
Seat 2: DL1B ($102.85 in chips) 
Seat 3: Manifestorr ($107.77 in chips) 
Seat 4: Rysiff ($103.68 in chips) 
Seat 5: Rodiampy ($45.33 in chips) 
Seat 6: Supermegopro ($117.86 in chips) 
Manifestorr: posts small blind $0.50
Rysiff: posts big blind $1
*** HOLE CARDS ***
Rodiampy: folds 
Supermegopro: folds 
Nicedaymybro: raises $1.50 to $2.50
DL1B: folds 
Manifestorr: folds 
Rysiff: folds 
Uncalled bet ($1.50) returned to Nicedaymybro
Nicedaymybro collected $2.50 from pot
Nicedaymybro: doesn't show hand 
*** SUMMARY ***
Total pot $2.50 | Rake $0 
Seat 1: Nicedaymybro collected ($2.50)
Seat 2: DL1B (button) folded before Flop (didn't bet)
Seat 3: Manifestorr (small blind) folded before Flop
Seat 4: Rysiff (big blind) folded before Flop
Seat 5: Rodiampy folded before Flop (didn't bet)
Seat 6: Supermegopro folded before Flop (didn't bet)



PokerStars Hand #254683296349:  Hold'em No Limit ($0.50/$1.00 USD) - 2025/02/03 4:36:12 WET [2025/02/02 23:36:12 ET]
Table 'Echepolos' 6-max Seat #3 is the button
Seat 1: Nicedaymybro ($101.50 in chips) 
Seat 2: DL1B ($102.85 in chips) 
Seat 3: Manifestorr ($107.27 in chips) 
Seat 4: Rysiff ($102.68 in chips) 
Seat 5: Rodiampy ($45.33 in chips) 
Seat 6: Supermegopro ($117.86 in chips) 
Rysiff: posts small blind $0.50
Rodiampy: posts big blind $1
*** HOLE CARDS ***
Supermegopro: folds 
Nicedaymybro: folds 
DL1B: folds 
Manifestorr: raises $1.20 to $2.20
Rysiff: folds 
Rodiampy: calls $1.20
*** FLOP *** [6c Tc Qs]
Rodiampy: checks 
Manifestorr: bets $6.29
Rodiampy: folds 
Uncalled bet ($6.29) returned to Manifestorr
Manifestorr collected $4.66 from pot
*** SUMMARY ***
Total pot $4.90 | Rake $0.24 
Board [6c Tc Qs]
Seat 1: Nicedaymybro folded before Flop (didn't bet)
Seat 2: DL1B folded before Flop (didn't bet)
Seat 3: Manifestorr (button) collected ($4.66)
Seat 4: Rysiff (small blind) folded before Flop
Seat 5: Rodiampy (big blind) folded on the Flop
Seat 6: Supermegopro folded before Flop (didn't bet)



PokerStars Hand #254683298225:  Hold'em No Limit ($0.50/$1.00 USD) - 2025/02/03 4:36:33 WET [2025/02/02 23:36:33 ET]
Table 'Echepolos' 6-max Seat #4 is the button
Seat 1: Nicedaymybro ($101.50 in chips) 
Seat 2: DL1B ($102.85 in chips) 
Seat 3: Manifestorr ($109.73 in chips) 
Seat 4: Rysiff ($102.18 in chips) 
Seat 5: Rodiampy ($43.13 in chips) 
Seat 6: Supermegopro ($117.86 in chips) 
Rodiampy: posts small blind $0.50
Supermegopro: posts big blind $1
*** HOLE CARDS ***
Nicedaymybro: raises $1.50 to $2.50
DL1B: folds 
Manifestorr: folds 
Rysiff: folds 
Rodiampy: calls $2
Supermegopro: raises $11.50 to $14
Nicedaymybro: folds 
Rodiampy: folds 
Uncalled bet ($11.50) returned to Supermegopro
Supermegopro collected $7.50 from pot
Supermegopro: doesn't show hand 
*** SUMMARY ***
Total pot $7.50 | Rake $0 
Seat 1: Nicedaymybro folded before Flop
Seat 2: DL1B folded before Flop (didn't bet)
Seat 3: Manifestorr folded before Flop (didn't bet)
Seat 4: Rysiff (button) folded before Flop (didn't bet)
Seat 5: Rodiampy (small blind) folded before Flop
Seat 6: Supermegopro (big blind) collected ($7.50)



PokerStars Hand #254683301439:  Hold'em No Limit ($0.50/$1.00 USD) - 2025/02/03 4:37:09 WET [2025/02/02 23:37:09 ET]
Table 'Echepolos' 6-max Seat #5 is the button
Seat 1: Nicedaymybro ($100 in chips) 
Seat 2: DL1B ($102.85 in chips) 
Seat 3: Manifestorr ($109.73 in chips) 
Seat 4: Rysiff ($102.18 in chips) 
Seat 5: Rodiampy ($40.63 in chips) 
Seat 6: Supermegopro ($122.86 in chips) 
Supermegopro: posts small blind $0.50
Nicedaymybro: posts big blind $1
*** HOLE CARDS ***
DL1B: folds 
Manifestorr: raises $1.20 to $2.20
Rysiff: raises $5.80 to $8
Rodiampy: folds 
Supermegopro: folds 
Nicedaymybro: folds 
Manifestorr: folds 
Uncalled bet ($5.80) returned to Rysiff
Rysiff collected $5.90 from pot
Rysiff: doesn't show hand 
*** SUMMARY ***
Total pot $5.90 | Rake $0 
Seat 1: Nicedaymybro (big blind) folded before Flop
Seat 2: DL1B folded before Flop (didn't bet)
Seat 3: Manifestorr folded before Flop
Seat 4: Rysiff collected ($5.90)
Seat 5: Rodiampy (button) folded before Flop (didn't bet)
Seat 6: Supermegopro (small blind) folded before Flop



PokerStars Hand #254683303322:  Hold'em No Limit ($0.50/$1.00 USD) - 2025/02/03 4:37:30 WET [2025/02/02 23:37:30 ET]
Table 'Echepolos' 6-max Seat #6 is the button
Seat 1: Nicedaymybro ($100 in chips) 
Seat 2: DL1B ($102.85 in chips) 
Seat 3: Manifestorr ($107.53 in chips) 
Seat 4: Rysiff ($105.88 in chips) 
Seat 5: Rodiampy ($40.63 in chips) 
Seat 6: Supermegopro ($122.36 in chips) 
Nicedaymybro: posts small blind $0.50
DL1B: posts big blind $1
*** HOLE CARDS ***
Manifestorr: folds 
Rysiff: folds 
Rodiampy: folds 
Supermegopro: folds 
Nicedaymybro: folds 
Uncalled bet ($0.50) returned to DL1B
DL1B collected $1 from pot
DL1B: doesn't show hand 
*** SUMMARY ***
Total pot $1 | Rake $0 
Seat 1: Nicedaymybro (small blind) folded before Flop
Seat 2: DL1B (big blind) collected ($1)
Seat 3: Manifestorr folded before Flop (didn't bet)
Seat 4: Rysiff folded before Flop (didn't bet)
Seat 5: Rodiampy folded before Flop (didn't bet)
Seat 6: Supermegopro (button) folded before Flop (didn't bet)



PokerStars Hand #254683304777:  Hold'em No Limit ($0.50/$1.00 USD) - 2025/02/03 4:37:46 WET [2025/02/02 23:37:46 ET]
Table 'Echepolos' 6-max Seat #1 is the button
Seat 1: Nicedaymybro ($100 in chips) 
Seat 2: DL1B ($103.35 in chips) 
Seat 3: Manifestorr ($107.53 in chips) 
Seat 4: Rysiff ($105.88 in chips) 
Seat 5: Rodiampy ($40.63 in chips) 
Seat 6: Supermegopro ($122.36 in chips) 
DL1B: posts small blind $0.50
Manifestorr: posts big blind $1
*** HOLE CARDS ***
Rysiff: folds 
Rodiampy: folds 
Supermegopro: folds 
Nicedaymybro: raises $1.50 to $2.50
DL1B: folds 
Manifestorr: calls $1.50
*** FLOP *** [2h 4c 7h]
Manifestorr: checks 
Nicedaymybro: checks 
*** TURN *** [2h 4c 7h] [7c]
Manifestorr: checks 
Nicedaymybro: bets $3.92
Manifestorr: raises $11.08 to $15
Nicedaymybro: folds 
Uncalled bet ($11.08) returned to Manifestorr
Manifestorr collected $12.67 from pot
*** SUMMARY ***
Total pot $13.34 | Rake $0.67 
Board [2h 4c 7h 7c]
Seat 1: Nicedaymybro (button) folded on the Turn
Seat 2: DL1B (small blind) folded before Flop
Seat 3: Manifestorr (big blind) collected ($12.67)
Seat 4: Rysiff folded before Flop (didn't bet)
Seat 5: Rodiampy folded before Flop (didn't bet)
Seat 6: Supermegopro folded before Flop (didn't bet)



PokerStars Hand #254683309710:  Hold'em No Limit ($0.50/$1.00 USD) - 2025/02/03 4:38:41 WET [2025/02/02 23:38:41 ET]
Table 'Echepolos' 6-max Seat #2 is the button
Seat 1: Nicedaymybro ($100 in chips) 
Seat 2: DL1B ($102.85 in chips) 
Seat 3: Manifestorr ($113.78 in chips) 
Seat 4: Rysiff ($105.88 in chips) 
Seat 5: Rodiampy ($40.63 in chips) 
Seat 6: Supermegopro ($122.36 in chips) 
Manifestorr: posts small blind $0.50
Rysiff: posts big blind $1
*** HOLE CARDS ***
Rodiampy: calls $1
Supermegopro: raises $3 to $4
Nicedaymybro: folds 
DL1B: folds 
Manifestorr: folds 
Rysiff: folds 
Rodiampy: calls $3
*** FLOP *** [3d Js 3c]
Rodiampy: checks 
Supermegopro: bets $3.61
Rodiampy: folds 
Uncalled bet ($3.61) returned to Supermegopro
Supermegopro collected $9.02 from pot
Supermegopro: doesn't show hand 
*** SUMMARY ***
Total pot $9.50 | Rake $0.48 
Board [3d Js 3c]
Seat 1: Nicedaymybro folded before Flop (didn't bet)
Seat 2: DL1B (button) folded before Flop (didn't bet)
Seat 3: Manifestorr (small blind) folded before Flop
Seat 4: Rysiff (big blind) folded before Flop
Seat 5: Rodiampy folded on the Flop
Seat 6: Supermegopro collected ($9.02)



PokerStars Hand #254683312311:  Hold'em No Limit ($0.50/$1.00 USD) - 2025/02/03 4:39:10 WET [2025/02/02 23:39:10 ET]
Table 'Echepolos' 6-max Seat #3 is the button
Seat 1: Nicedaymybro ($100 in chips) 
Seat 2: DL1B ($102.85 in chips) 
Seat 3: Manifestorr ($113.28 in chips) 
Seat 4: Rysiff ($104.88 in chips) 
Seat 5: Rodiampy ($36.63 in chips) 
Seat 6: Supermegopro ($127.38 in chips) 
Rysiff: posts small blind $0.50
Rodiampy: posts big blind $1
*** HOLE CARDS ***
Supermegopro: raises $1.50 to $2.50
Nicedaymybro: folds 
DL1B: folds 
Manifestorr: folds 
Rysiff: folds 
Rodiampy: folds 
Uncalled bet ($1.50) returned to Supermegopro
Supermegopro collected $2.50 from pot
Supermegopro: doesn't show hand 
*** SUMMARY ***
Total pot $2.50 | Rake $0 
Seat 1: Nicedaymybro folded before Flop (didn't bet)
Seat 2: DL1B folded before Flop (didn't bet)
Seat 3: Manifestorr (button) folded before Flop (didn't bet)
Seat 4: Rysiff (small blind) folded before Flop
Seat 5: Rodiampy (big blind) folded before Flop
Seat 6: Supermegopro collected ($2.50)



PokerStars Hand #254683314652:  Hold'em No Limit ($0.50/$1.00 USD) - 2025/02/03 4:39:37 WET [2025/02/02 23:39:37 ET]
Table 'Echepolos' 6-max Seat #4 is the button
Seat 1: Nicedaymybro ($100 in chips) 
Seat 2: DL1B ($102.85 in chips) 
Seat 3: Manifestorr ($113.28 in chips) 
Seat 4: Rysiff ($104.38 in chips) 
Seat 5: Rodiampy ($35.63 in chips) 
Seat 6: Supermegopro ($128.88 in chips) 
Rodiampy: posts small blind $0.50
Supermegopro: posts big blind $1
*** HOLE CARDS ***
Nicedaymybro: folds 
DL1B: folds 
Manifestorr: folds 
Rysiff: folds 
Rodiampy: folds 
Uncalled bet ($0.50) returned to Supermegopro
Supermegopro collected $1 from pot
Supermegopro: doesn't show hand 
*** SUMMARY ***
Total pot $1 | Rake $0 
Seat 1: Nicedaymybro folded before Flop (didn't bet)
Seat 2: DL1B folded before Flop (didn't bet)
Seat 3: Manifestorr folded before Flop (didn't bet)
Seat 4: Rysiff (button) folded before Flop (didn't bet)
Seat 5: Rodiampy (small blind) folded before Flop
Seat 6: Supermegopro (big blind) collected ($1)



PokerStars Hand #254683316227:  Hold'em No Limit ($0.50/$1.00 USD) - 2025/02/03 4:39:54 WET [2025/02/02 23:39:54 ET]
Table 'Echepolos' 6-max Seat #5 is the button
Seat 1: Nicedaymybro ($100 in chips) 
Seat 2: DL1B ($102.85 in chips) 
Seat 3: Manifestorr ($113.28 in chips) 
Seat 4: Rysiff ($104.38 in chips) 
Seat 5: Rodiampy ($35.13 in chips) 
Seat 6: Supermegopro ($129.38 in chips) 
Supermegopro: posts small blind $0.50
Nicedaymybro: posts big blind $1
*** HOLE CARDS ***
DL1B: folds 
Manifestorr: folds 
Rysiff: folds 
Rodiampy: raises $2 to $3
Supermegopro: folds 
Nicedaymybro: folds 
Uncalled bet ($2) returned to Rodiampy
Rodiampy collected $2.50 from pot
*** SUMMARY ***
Total pot $2.50 | Rake $0 
Seat 1: Nicedaymybro (big blind) folded before Flop
Seat 2: DL1B folded before Flop (didn't bet)
Seat 3: Manifestorr folded before Flop (didn't bet)
Seat 4: Rysiff folded before Flop (didn't bet)
Seat 5: Rodiampy (button) collected ($2.50)
Seat 6: Supermegopro (small blind) folded before Flop



PokerStars Hand #254683318006:  Hold'em No Limit ($0.50/$1.00 USD) - 2025/02/03 4:40:14 WET [2025/02/02 23:40:14 ET]
Table 'Echepolos' 6-max Seat #6 is the button
Seat 1: Nicedaymybro ($100 in chips) 
Seat 2: DL1B ($102.85 in chips) 
Seat 3: Manifestorr ($113.28 in chips) 
Seat 4: Rysiff ($104.38 in chips) 
Seat 5: Rodiampy ($36.63 in chips) 
Seat 6: Supermegopro ($128.88 in chips) 
Nicedaymybro: posts small blind $0.50
DL1B: posts big blind $1
*** HOLE CARDS ***
Manifestorr: folds 
Rysiff: folds 
Rodiampy: raises $2 to $3
Supermegopro: calls $3
Nicedaymybro: folds 
DL1B: folds 
*** FLOP *** [5c 3s 8d]
Rodiampy: checks 
Supermegopro: bets $2.85
Rodiampy: raises $4.15 to $7
Supermegopro: folds 
Uncalled bet ($4.15) returned to Rodiampy
Rodiampy collected $12.54 from pot
*** SUMMARY ***
Total pot $13.20 | Rake $0.66 
Board [5c 3s 8d]
Seat 1: Nicedaymybro (small blind) folded before Flop
Seat 2: DL1B (big blind) folded before Flop
Seat 3: Manifestorr folded before Flop (didn't bet)
Seat 4: Rysiff folded before Flop (didn't bet)
Seat 5: Rodiampy collected ($12.54)
Seat 6: Supermegopro (button) folded on the Flop



