PokerStars Hand #254687694357:  Hold'em No Limit ($0.50/$1.00 USD) - 2025/02/03 15:39:13 WET [2025/02/03 10:39:13 ET]
Table 'Gaea' 6-max Seat #4 is the button
Seat 1: steepfell ($100 in chips) 
Seat 2: wiley2025 ($63.33 in chips) 
Seat 3: Joker007r ($100 in chips) 
Seat 4: rao999 ($105.47 in chips) 
Seat 5: ReVeu710 ($100 in chips) 
Seat 6: VahTang_89 ($100 in chips) 
ReVeu710: posts small blind $0.50
VahTang_89: posts big blind $1
*** HOLE CARDS ***
steepfell: folds 
wiley2025: folds 
Joker007r: folds 
rao999: raises $1.50 to $2.50
ReVeu710: folds 
VahTang_89: folds 
Uncalled bet ($1.50) returned to rao999
rao999 collected $2.50 from pot
rao999: doesn't show hand 
*** SUMMARY ***
Total pot $2.50 | Rake $0 
Seat 1: steepfell folded before Flop (didn't bet)
Seat 2: wiley2025 folded before Flop (didn't bet)
Seat 3: Joker007r folded before Flop (didn't bet)
Seat 4: rao999 (button) collected ($2.50)
Seat 5: ReVeu710 (small blind) folded before Flop
Seat 6: VahTang_89 (big blind) folded before Flop



PokerStars Hand #254687697655:  Hold'em No Limit ($0.50/$1.00 USD) - 2025/02/03 15:39:29 WET [2025/02/03 10:39:29 ET]
Table 'Gaea' 6-max Seat #5 is the button
Seat 1: steepfell ($100 in chips) 
Seat 2: wiley2025 ($63.33 in chips) 
Seat 3: Joker007r ($100 in chips) 
Seat 4: rao999 ($106.97 in chips) 
Seat 5: ReVeu710 ($100 in chips) 
Seat 6: VahTang_89 ($100 in chips) 
VahTang_89: posts small blind $0.50
steepfell: posts big blind $1
*** HOLE CARDS ***
wiley2025: calls $1
Joker007r: folds 
rao999: folds 
ReVeu710: raises $3.60 to $4.60
VahTang_89: folds 
steepfell: folds 
wiley2025: folds 
Uncalled bet ($3.60) returned to ReVeu710
ReVeu710 collected $3.50 from pot
ReVeu710: doesn't show hand 
*** SUMMARY ***
Total pot $3.50 | Rake $0 
Seat 1: steepfell (big blind) folded before Flop
Seat 2: wiley2025 folded before Flop
Seat 3: Joker007r folded before Flop (didn't bet)
Seat 4: rao999 folded before Flop (didn't bet)
Seat 5: ReVeu710 (button) collected ($3.50)
Seat 6: VahTang_89 (small blind) folded before Flop



PokerStars Hand #254687703516:  Hold'em No Limit ($0.50/$1.00 USD) - 2025/02/03 15:39:57 WET [2025/02/03 10:39:57 ET]
Table 'Gaea' 6-max Seat #6 is the button
Seat 1: steepfell ($100 in chips) 
Seat 2: wiley2025 ($62.33 in chips) 
Seat 3: Joker007r ($100 in chips) 
Seat 4: rao999 ($106.97 in chips) 
Seat 5: ReVeu710 ($102.50 in chips) 
Seat 6: VahTang_89 ($100 in chips) 
steepfell: posts small blind $0.50
wiley2025: posts big blind $1
*** HOLE CARDS ***
Joker007r: folds 
rao999: folds 
ReVeu710: raises $1.30 to $2.30
VahTang_89: folds 
steepfell: folds 
wiley2025: raises $5.10 to $7.40
ReVeu710: folds 
Uncalled bet ($5.10) returned to wiley2025
wiley2025 collected $5.10 from pot
*** SUMMARY ***
Total pot $5.10 | Rake $0 
Seat 1: steepfell (small blind) folded before Flop
Seat 2: wiley2025 (big blind) collected ($5.10)
Seat 3: Joker007r folded before Flop (didn't bet)
Seat 4: rao999 folded before Flop (didn't bet)
Seat 5: ReVeu710 folded before Flop
Seat 6: VahTang_89 (button) folded before Flop (didn't bet)



PokerStars Hand #254687708640:  Hold'em No Limit ($0.50/$1.00 USD) - 2025/02/03 15:40:21 WET [2025/02/03 10:40:21 ET]
Table 'Gaea' 6-max Seat #1 is the button
Seat 1: steepfell ($100 in chips) 
Seat 2: wiley2025 ($65.13 in chips) 
Seat 3: Joker007r ($100 in chips) 
Seat 4: rao999 ($106.97 in chips) 
Seat 5: ReVeu710 ($100.20 in chips) 
Seat 6: VahTang_89 ($100 in chips) 
wiley2025: posts small blind $0.50
Joker007r: posts big blind $1
*** HOLE CARDS ***
rao999: folds 
ReVeu710: raises $1 to $2
VahTang_89: folds 
steepfell: folds 
wiley2025: folds 
Joker007r: folds 
Uncalled bet ($1) returned to ReVeu710
ReVeu710 collected $2.50 from pot
ReVeu710: doesn't show hand 
*** SUMMARY ***
Total pot $2.50 | Rake $0 
Seat 1: steepfell (button) folded before Flop (didn't bet)
Seat 2: wiley2025 (small blind) folded before Flop
Seat 3: Joker007r (big blind) folded before Flop
Seat 4: rao999 folded before Flop (didn't bet)
Seat 5: ReVeu710 collected ($2.50)
Seat 6: VahTang_89 folded before Flop (didn't bet)



PokerStars Hand #254687711186:  Hold'em No Limit ($0.50/$1.00 USD) - 2025/02/03 15:40:34 WET [2025/02/03 10:40:34 ET]
Table 'Gaea' 6-max Seat #2 is the button
Seat 1: steepfell ($100 in chips) 
Seat 2: wiley2025 ($64.63 in chips) 
Seat 3: Joker007r ($100 in chips) 
Seat 4: rao999 ($106.97 in chips) 
Seat 5: ReVeu710 ($101.70 in chips) 
Seat 6: VahTang_89 ($100 in chips) 
Joker007r: posts small blind $0.50
rao999: posts big blind $1
*** HOLE CARDS ***
ReVeu710: folds 
VahTang_89: raises $1.20 to $2.20
steepfell: folds 
wiley2025: folds 
Joker007r: folds 
rao999: folds 
Uncalled bet ($1.20) returned to VahTang_89
VahTang_89 collected $2.50 from pot
VahTang_89: doesn't show hand 
*** SUMMARY ***
Total pot $2.50 | Rake $0 
Seat 1: steepfell folded before Flop (didn't bet)
Seat 2: wiley2025 (button) folded before Flop (didn't bet)
Seat 3: Joker007r (small blind) folded before Flop
Seat 4: rao999 (big blind) folded before Flop
Seat 5: ReVeu710 folded before Flop (didn't bet)
Seat 6: VahTang_89 collected ($2.50)



PokerStars Hand #254687713075:  Hold'em No Limit ($0.50/$1.00 USD) - 2025/02/03 15:40:43 WET [2025/02/03 10:40:43 ET]
Table 'Gaea' 6-max Seat #3 is the button
Seat 1: steepfell ($100 in chips) 
Seat 2: wiley2025 ($64.63 in chips) 
Seat 3: Joker007r ($100 in chips) 
Seat 4: rao999 ($105.97 in chips) 
Seat 5: ReVeu710 ($101.70 in chips) 
Seat 6: VahTang_89 ($101.50 in chips) 
rao999: posts small blind $0.50
ReVeu710: posts big blind $1
*** HOLE CARDS ***
VahTang_89: folds 
steepfell: raises $1.50 to $2.50
wiley2025: folds 
Joker007r: folds 
rao999: folds 
ReVeu710: folds 
Uncalled bet ($1.50) returned to steepfell
steepfell collected $2.50 from pot
steepfell: doesn't show hand 
*** SUMMARY ***
Total pot $2.50 | Rake $0 
Seat 1: steepfell collected ($2.50)
Seat 2: wiley2025 folded before Flop (didn't bet)
Seat 3: Joker007r (button) folded before Flop (didn't bet)
Seat 4: rao999 (small blind) folded before Flop
Seat 5: ReVeu710 (big blind) folded before Flop
Seat 6: VahTang_89 folded before Flop (didn't bet)



PokerStars Hand #254687716041:  Hold'em No Limit ($0.50/$1.00 USD) - 2025/02/03 15:40:57 WET [2025/02/03 10:40:57 ET]
Table 'Gaea' 6-max Seat #4 is the button
Seat 1: steepfell ($101.50 in chips) 
Seat 2: wiley2025 ($64.63 in chips) 
Seat 3: Joker007r ($100 in chips) 
Seat 4: rao999 ($105.47 in chips) 
Seat 5: ReVeu710 ($100.70 in chips) 
Seat 6: VahTang_89 ($101.50 in chips) 
ReVeu710: posts small blind $0.50
VahTang_89: posts big blind $1
*** HOLE CARDS ***
steepfell: folds 
wiley2025: folds 
Joker007r: raises $1.50 to $2.50
rao999: folds 
ReVeu710: folds 
VahTang_89: raises $8.50 to $11
Joker007r: calls $8.50
*** FLOP *** [Td 6s 8c]
VahTang_89: checks 
Joker007r: bets $7.06
VahTang_89: folds 
Uncalled bet ($7.06) returned to Joker007r
Joker007r collected $21.38 from pot
Joker007r: doesn't show hand 
*** SUMMARY ***
Total pot $22.50 | Rake $1.12 
Board [Td 6s 8c]
Seat 1: steepfell folded before Flop (didn't bet)
Seat 2: wiley2025 folded before Flop (didn't bet)
Seat 3: Joker007r collected ($21.38)
Seat 4: rao999 (button) folded before Flop (didn't bet)
Seat 5: ReVeu710 (small blind) folded before Flop
Seat 6: VahTang_89 (big blind) folded on the Flop



PokerStars Hand #254687725173:  Hold'em No Limit ($0.50/$1.00 USD) - 2025/02/03 15:41:41 WET [2025/02/03 10:41:41 ET]
Table 'Gaea' 6-max Seat #5 is the button
Seat 1: steepfell ($101.50 in chips) 
Seat 2: wiley2025 ($64.63 in chips) 
Seat 3: Joker007r ($110.38 in chips) 
Seat 4: rao999 ($105.47 in chips) 
Seat 5: ReVeu710 ($100.20 in chips) 
Seat 6: VahTang_89 ($100 in chips) 
VahTang_89: posts small blind $0.50
steepfell: posts big blind $1
*** HOLE CARDS ***
wiley2025: calls $1
Joker007r: folds 
rao999: folds 
ReVeu710: folds 
VahTang_89: raises $3.50 to $4.50
steepfell: folds 
wiley2025: calls $3.50
*** FLOP *** [8d 3d 7d]
VahTang_89: bets $3.14
wiley2025: calls $3.14
*** TURN *** [8d 3d 7d] [Js]
VahTang_89: checks 
wiley2025: bets $1
VahTang_89: calls $1
*** RIVER *** [8d 3d 7d Js] [2d]
VahTang_89: checks 
wiley2025: checks 
*** SHOW DOWN ***
VahTang_89: shows [As 4s] (high card Ace)
wiley2025: shows [9s 8s] (a pair of Eights)
wiley2025 collected $17.37 from pot
*** SUMMARY ***
Total pot $18.28 | Rake $0.91 
Board [8d 3d 7d Js 2d]
Seat 1: steepfell (big blind) folded before Flop
Seat 2: wiley2025 showed [9s 8s] and won ($17.37) with a pair of Eights
Seat 3: Joker007r folded before Flop (didn't bet)
Seat 4: rao999 folded before Flop (didn't bet)
Seat 5: ReVeu710 (button) folded before Flop (didn't bet)
Seat 6: VahTang_89 (small blind) showed [As 4s] and lost with high card Ace



PokerStars Hand #254687734668:  Hold'em No Limit ($0.50/$1.00 USD) - 2025/02/03 15:42:27 WET [2025/02/03 10:42:27 ET]
Table 'Gaea' 6-max Seat #6 is the button
Seat 1: steepfell ($100.50 in chips) 
Seat 2: wiley2025 ($73.36 in chips) 
Seat 3: Joker007r ($110.38 in chips) 
Seat 4: rao999 ($105.47 in chips) 
Seat 5: ReVeu710 ($100.20 in chips) 
Seat 6: VahTang_89 ($100 in chips) 
steepfell: posts small blind $0.50
wiley2025: posts big blind $1
*** HOLE CARDS ***
Joker007r: raises $1.38 to $2.38
rao999: folds 
ReVeu710: folds 
VahTang_89: folds 
steepfell: folds 
wiley2025: folds 
Uncalled bet ($1.38) returned to Joker007r
Joker007r collected $2.50 from pot
Joker007r: doesn't show hand 
*** SUMMARY ***
Total pot $2.50 | Rake $0 
Seat 1: steepfell (small blind) folded before Flop
Seat 2: wiley2025 (big blind) folded before Flop
Seat 3: Joker007r collected ($2.50)
Seat 4: rao999 folded before Flop (didn't bet)
Seat 5: ReVeu710 folded before Flop (didn't bet)
Seat 6: VahTang_89 (button) folded before Flop (didn't bet)



PokerStars Hand #254687738546:  Hold'em No Limit ($0.50/$1.00 USD) - 2025/02/03 15:42:46 WET [2025/02/03 10:42:46 ET]
Table 'Gaea' 6-max Seat #1 is the button
Seat 1: steepfell ($100 in chips) 
Seat 2: wiley2025 ($72.36 in chips) 
Seat 3: Joker007r ($111.88 in chips) 
Seat 4: rao999 ($105.47 in chips) 
Seat 5: ReVeu710 ($100.20 in chips) 
Seat 6: VahTang_89 ($100 in chips) 
wiley2025: posts small blind $0.50
Joker007r: posts big blind $1
*** HOLE CARDS ***
rao999: raises $1.50 to $2.50
ReVeu710: folds 
VahTang_89: folds 
steepfell: folds 
wiley2025: folds 
Joker007r: folds 
Uncalled bet ($1.50) returned to rao999
rao999 collected $2.50 from pot
rao999: doesn't show hand 
*** SUMMARY ***
Total pot $2.50 | Rake $0 
Seat 1: steepfell (button) folded before Flop (didn't bet)
Seat 2: wiley2025 (small blind) folded before Flop
Seat 3: Joker007r (big blind) folded before Flop
Seat 4: rao999 collected ($2.50)
Seat 5: ReVeu710 folded before Flop (didn't bet)
Seat 6: VahTang_89 folded before Flop (didn't bet)



PokerStars Hand #254687741318:  Hold'em No Limit ($0.50/$1.00 USD) - 2025/02/03 15:42:59 WET [2025/02/03 10:42:59 ET]
Table 'Gaea' 6-max Seat #2 is the button
Seat 1: steepfell ($100 in chips) 
Seat 2: wiley2025 ($71.86 in chips) 
Seat 3: Joker007r ($110.88 in chips) 
Seat 4: rao999 ($106.97 in chips) 
Seat 5: ReVeu710 ($100.20 in chips) 
Seat 6: VahTang_89 ($100 in chips) 
Joker007r: posts small blind $0.50
rao999: posts big blind $1
*** HOLE CARDS ***
ReVeu710: folds 
VahTang_89: folds 
steepfell: folds 
wiley2025: folds 
Joker007r: folds 
Uncalled bet ($0.50) returned to rao999
rao999 collected $1 from pot
rao999: doesn't show hand 
*** SUMMARY ***
Total pot $1 | Rake $0 
Seat 1: steepfell folded before Flop (didn't bet)
Seat 2: wiley2025 (button) folded before Flop (didn't bet)
Seat 3: Joker007r (small blind) folded before Flop
Seat 4: rao999 (big blind) collected ($1)
Seat 5: ReVeu710 folded before Flop (didn't bet)
Seat 6: VahTang_89 folded before Flop (didn't bet)



PokerStars Hand #254687743803:  Hold'em No Limit ($0.50/$1.00 USD) - 2025/02/03 15:43:11 WET [2025/02/03 10:43:11 ET]
Table 'Gaea' 6-max Seat #3 is the button
Seat 1: steepfell ($100 in chips) 
Seat 2: wiley2025 ($71.86 in chips) 
Seat 3: Joker007r ($110.38 in chips) 
Seat 4: rao999 ($107.47 in chips) 
Seat 5: ReVeu710 ($100.20 in chips) 
Seat 6: VahTang_89 ($100 in chips) 
rao999: posts small blind $0.50
ReVeu710: posts big blind $1
*** HOLE CARDS ***
VahTang_89: folds 
steepfell: folds 
wiley2025: folds 
Joker007r: raises $1.50 to $2.50
rao999: folds 
ReVeu710: folds 
Uncalled bet ($1.50) returned to Joker007r
Joker007r collected $2.50 from pot
Joker007r: doesn't show hand 
*** SUMMARY ***
Total pot $2.50 | Rake $0 
Seat 1: steepfell folded before Flop (didn't bet)
Seat 2: wiley2025 folded before Flop (didn't bet)
Seat 3: Joker007r (button) collected ($2.50)
Seat 4: rao999 (small blind) folded before Flop
Seat 5: ReVeu710 (big blind) folded before Flop
Seat 6: VahTang_89 folded before Flop (didn't bet)



PokerStars Hand #254687747892:  Hold'em No Limit ($0.50/$1.00 USD) - 2025/02/03 15:43:31 WET [2025/02/03 10:43:31 ET]
Table 'Gaea' 6-max Seat #4 is the button
Seat 1: steepfell ($100 in chips) 
Seat 2: wiley2025 ($71.86 in chips) 
Seat 3: Joker007r ($111.88 in chips) 
Seat 4: rao999 ($106.97 in chips) 
Seat 5: ReVeu710 ($100 in chips) 
Seat 6: VahTang_89 ($100 in chips) 
ReVeu710: posts small blind $0.50
VahTang_89: posts big blind $1
*** HOLE CARDS ***
steepfell: raises $1.50 to $2.50
wiley2025: calls $2.50
Joker007r: calls $2.50
rao999: folds 
ReVeu710: raises $13.50 to $16
VahTang_89: folds 
steepfell: folds 
wiley2025: folds 
Joker007r: folds 
Uncalled bet ($13.50) returned to ReVeu710
ReVeu710 collected $11 from pot
ReVeu710: doesn't show hand 
*** SUMMARY ***
Total pot $11 | Rake $0 
Seat 1: steepfell folded before Flop
Seat 2: wiley2025 folded before Flop
Seat 3: Joker007r folded before Flop
Seat 4: rao999 (button) folded before Flop (didn't bet)
Seat 5: ReVeu710 (small blind) collected ($11)
Seat 6: VahTang_89 (big blind) folded before Flop



PokerStars Hand #254687752494:  Hold'em No Limit ($0.50/$1.00 USD) - 2025/02/03 15:43:53 WET [2025/02/03 10:43:53 ET]
Table 'Gaea' 6-max Seat #5 is the button
Seat 1: steepfell ($100 in chips) 
Seat 2: wiley2025 ($69.36 in chips) 
Seat 3: Joker007r ($109.38 in chips) 
Seat 4: rao999 ($106.97 in chips) 
Seat 5: ReVeu710 ($108.50 in chips) 
Seat 6: VahTang_89 ($100 in chips) 
VahTang_89: posts small blind $0.50
steepfell: posts big blind $1
*** HOLE CARDS ***
wiley2025: folds 
Joker007r: folds 
rao999: folds 
ReVeu710: raises $1.50 to $2.50
VahTang_89: folds 
steepfell: calls $1.50
*** FLOP *** [Ad 5c 6d]
steepfell: checks 
ReVeu710: checks 
*** TURN *** [Ad 5c 6d] [3s]
steepfell: checks 
ReVeu710: bets $2.82
steepfell: folds 
Uncalled bet ($2.82) returned to ReVeu710
ReVeu710 collected $5.22 from pot
ReVeu710: doesn't show hand 
*** SUMMARY ***
Total pot $5.50 | Rake $0.28 
Board [Ad 5c 6d 3s]
Seat 1: steepfell (big blind) folded on the Turn
Seat 2: wiley2025 folded before Flop (didn't bet)
Seat 3: Joker007r folded before Flop (didn't bet)
Seat 4: rao999 folded before Flop (didn't bet)
Seat 5: ReVeu710 (button) collected ($5.22)
Seat 6: VahTang_89 (small blind) folded before Flop



PokerStars Hand #254687761002:  Hold'em No Limit ($0.50/$1.00 USD) - 2025/02/03 15:44:34 WET [2025/02/03 10:44:34 ET]
Table 'Gaea' 6-max Seat #6 is the button
Seat 1: steepfell ($100 in chips) 
Seat 2: wiley2025 ($69.36 in chips) 
Seat 3: Joker007r ($109.38 in chips) 
Seat 4: rao999 ($106.97 in chips) 
Seat 5: ReVeu710 ($111.22 in chips) 
Seat 6: VahTang_89 ($100 in chips) 
steepfell: posts small blind $0.50
wiley2025: posts big blind $1
*** HOLE CARDS ***
Joker007r: folds 
rao999: raises $1.50 to $2.50
ReVeu710: folds 
VahTang_89: raises $5 to $7.50
steepfell: folds 
wiley2025: calls $6.50
rao999: folds 
*** FLOP *** [Js Ad 5h]
wiley2025: checks 
VahTang_89: bets $1
wiley2025: raises $1 to $2
VahTang_89: calls $1
*** TURN *** [Js Ad 5h] [6s]
wiley2025: checks 
VahTang_89: checks 
*** RIVER *** [Js Ad 5h 6s] [Ts]
wiley2025: bets $20.90
VahTang_89: folds 
Uncalled bet ($20.90) returned to wiley2025
wiley2025 collected $20.90 from pot
*** SUMMARY ***
Total pot $22 | Rake $1.10 
Board [Js Ad 5h 6s Ts]
Seat 1: steepfell (small blind) folded before Flop
Seat 2: wiley2025 (big blind) collected ($20.90)
Seat 3: Joker007r folded before Flop (didn't bet)
Seat 4: rao999 folded before Flop
Seat 5: ReVeu710 folded before Flop (didn't bet)
Seat 6: VahTang_89 (button) folded on the River



PokerStars Hand #254687771297:  Hold'em No Limit ($0.50/$1.00 USD) - 2025/02/03 15:45:23 WET [2025/02/03 10:45:23 ET]
Table 'Gaea' 6-max Seat #1 is the button
Seat 1: steepfell ($100 in chips) 
Seat 2: wiley2025 ($80.76 in chips) 
Seat 3: Joker007r ($109.38 in chips) 
Seat 4: rao999 ($104.47 in chips) 
Seat 5: ReVeu710 ($111.22 in chips) 
Seat 6: VahTang_89 ($100 in chips) 
wiley2025: posts small blind $0.50
Joker007r: posts big blind $1
*** HOLE CARDS ***
rao999: folds 
ReVeu710: raises $1 to $2
VahTang_89: folds 
steepfell: folds 
wiley2025: folds 
Joker007r: folds 
Uncalled bet ($1) returned to ReVeu710
ReVeu710 collected $2.50 from pot
ReVeu710: doesn't show hand 
*** SUMMARY ***
Total pot $2.50 | Rake $0 
Seat 1: steepfell (button) folded before Flop (didn't bet)
Seat 2: wiley2025 (small blind) folded before Flop
Seat 3: Joker007r (big blind) folded before Flop
Seat 4: rao999 folded before Flop (didn't bet)
Seat 5: ReVeu710 collected ($2.50)
Seat 6: VahTang_89 folded before Flop (didn't bet)



PokerStars Hand #254687773213:  Hold'em No Limit ($0.50/$1.00 USD) - 2025/02/03 15:45:32 WET [2025/02/03 10:45:32 ET]
Table 'Gaea' 6-max Seat #2 is the button
Seat 1: steepfell ($100 in chips) 
Seat 2: wiley2025 ($80.26 in chips) 
Seat 3: Joker007r ($108.38 in chips) 
Seat 4: rao999 ($104.47 in chips) 
Seat 5: ReVeu710 ($112.72 in chips) 
Seat 6: VahTang_89 ($100 in chips) 
Joker007r: posts small blind $0.50
rao999: posts big blind $1
*** HOLE CARDS ***
ReVeu710: folds 
VahTang_89: raises $1.20 to $2.20
steepfell: folds 
wiley2025: folds 
Joker007r: folds 
rao999: folds 
Uncalled bet ($1.20) returned to VahTang_89
VahTang_89 collected $2.50 from pot
VahTang_89: doesn't show hand 
*** SUMMARY ***
Total pot $2.50 | Rake $0 
Seat 1: steepfell folded before Flop (didn't bet)
Seat 2: wiley2025 (button) folded before Flop (didn't bet)
Seat 3: Joker007r (small blind) folded before Flop
Seat 4: rao999 (big blind) folded before Flop
Seat 5: ReVeu710 folded before Flop (didn't bet)
Seat 6: VahTang_89 collected ($2.50)



PokerStars Hand #254687777246:  Hold'em No Limit ($0.50/$1.00 USD) - 2025/02/03 15:45:51 WET [2025/02/03 10:45:51 ET]
Table 'Gaea' 6-max Seat #3 is the button
Seat 1: steepfell ($100 in chips) 
Seat 2: wiley2025 ($80.26 in chips) 
Seat 3: Joker007r ($107.88 in chips) 
Seat 4: rao999 ($103.47 in chips) 
Seat 5: ReVeu710 ($112.72 in chips) 
Seat 6: VahTang_89 ($101.50 in chips) 
rao999: posts small blind $0.50
ReVeu710: posts big blind $1
*** HOLE CARDS ***
VahTang_89: folds 
steepfell: folds 
wiley2025: folds 
Joker007r: folds 
rao999: folds 
Uncalled bet ($0.50) returned to ReVeu710
ReVeu710 collected $1 from pot
ReVeu710: doesn't show hand 
*** SUMMARY ***
Total pot $1 | Rake $0 
Seat 1: steepfell folded before Flop (didn't bet)
Seat 2: wiley2025 folded before Flop (didn't bet)
Seat 3: Joker007r (button) folded before Flop (didn't bet)
Seat 4: rao999 (small blind) folded before Flop
Seat 5: ReVeu710 (big blind) collected ($1)
Seat 6: VahTang_89 folded before Flop (didn't bet)



PokerStars Hand #254687779550:  Hold'em No Limit ($0.50/$1.00 USD) - 2025/02/03 15:46:02 WET [2025/02/03 10:46:02 ET]
Table 'Gaea' 6-max Seat #4 is the button
Seat 1: steepfell ($100 in chips) 
Seat 2: wiley2025 ($80.26 in chips) 
Seat 3: Joker007r ($107.88 in chips) 
Seat 4: rao999 ($102.97 in chips) 
Seat 5: ReVeu710 ($113.22 in chips) 
Seat 6: VahTang_89 ($101.50 in chips) 
ReVeu710: posts small blind $0.50
VahTang_89: posts big blind $1
*** HOLE CARDS ***
steepfell: raises $1.50 to $2.50
wiley2025: calls $2.50
Joker007r: folds 
rao999: folds 
ReVeu710: folds 
VahTang_89: folds 
*** FLOP *** [Ad 4d Jc]
steepfell: bets $3.09
wiley2025: folds 
Uncalled bet ($3.09) returned to steepfell
steepfell collected $6.18 from pot
steepfell: doesn't show hand 
*** SUMMARY ***
Total pot $6.50 | Rake $0.32 
Board [Ad 4d Jc]
Seat 1: steepfell collected ($6.18)
Seat 2: wiley2025 folded on the Flop
Seat 3: Joker007r folded before Flop (didn't bet)
Seat 4: rao999 (button) folded before Flop (didn't bet)
Seat 5: ReVeu710 (small blind) folded before Flop
Seat 6: VahTang_89 (big blind) folded before Flop



PokerStars Hand #254687784918:  Hold'em No Limit ($0.50/$1.00 USD) - 2025/02/03 15:46:29 WET [2025/02/03 10:46:29 ET]
Table 'Gaea' 6-max Seat #5 is the button
Seat 1: steepfell ($103.68 in chips) 
Seat 2: wiley2025 ($77.76 in chips) 
Seat 3: Joker007r ($107.88 in chips) 
Seat 4: rao999 ($102.97 in chips) 
Seat 5: ReVeu710 ($112.72 in chips) 
Seat 6: VahTang_89 ($100.50 in chips) 
VahTang_89: posts small blind $0.50
steepfell: posts big blind $1
*** HOLE CARDS ***
wiley2025: folds 
Joker007r: folds 
rao999: folds 
ReVeu710: folds 
VahTang_89: raises $2 to $3
steepfell: folds 
Uncalled bet ($2) returned to VahTang_89
VahTang_89 collected $2 from pot
VahTang_89: doesn't show hand 
*** SUMMARY ***
Total pot $2 | Rake $0 
Seat 1: steepfell (big blind) folded before Flop
Seat 2: wiley2025 folded before Flop (didn't bet)
Seat 3: Joker007r folded before Flop (didn't bet)
Seat 4: rao999 folded before Flop (didn't bet)
Seat 5: ReVeu710 (button) folded before Flop (didn't bet)
Seat 6: VahTang_89 (small blind) collected ($2)



PokerStars Hand #254687789808:  Hold'em No Limit ($0.50/$1.00 USD) - 2025/02/03 15:46:52 WET [2025/02/03 10:46:52 ET]
Table 'Gaea' 6-max Seat #6 is the button
Seat 1: steepfell ($102.68 in chips) 
Seat 2: wiley2025 ($77.76 in chips) 
Seat 3: Joker007r ($107.88 in chips) 
Seat 4: rao999 ($102.97 in chips) 
Seat 5: ReVeu710 ($112.72 in chips) 
Seat 6: VahTang_89 ($101.50 in chips) 
steepfell: posts small blind $0.50
wiley2025: posts big blind $1
*** HOLE CARDS ***
Joker007r: folds 
rao999: folds 
ReVeu710: folds 
VahTang_89: raises $1.20 to $2.20
steepfell: folds 
wiley2025: calls $1.20
*** FLOP *** [4h 4d Th]
wiley2025: bets $1
VahTang_89: calls $1
*** TURN *** [4h 4d Th] [7d]
wiley2025: checks 
VahTang_89: checks 
*** RIVER *** [4h 4d Th 7d] [5h]
wiley2025: bets $1
VahTang_89: folds 
Uncalled bet ($1) returned to wiley2025
wiley2025 collected $6.56 from pot
*** SUMMARY ***
Total pot $6.90 | Rake $0.34 
Board [4h 4d Th 7d 5h]
Seat 1: steepfell (small blind) folded before Flop
Seat 2: wiley2025 (big blind) collected ($6.56)
Seat 3: Joker007r folded before Flop (didn't bet)
Seat 4: rao999 folded before Flop (didn't bet)
Seat 5: ReVeu710 folded before Flop (didn't bet)
Seat 6: VahTang_89 (button) folded on the River



PokerStars Hand #254687795977:  Hold'em No Limit ($0.50/$1.00 USD) - 2025/02/03 15:47:21 WET [2025/02/03 10:47:21 ET]
Table 'Gaea' 6-max Seat #1 is the button
Seat 1: steepfell ($102.18 in chips) 
Seat 2: wiley2025 ($81.12 in chips) 
Seat 3: Joker007r ($107.88 in chips) 
Seat 4: rao999 ($102.97 in chips) 
Seat 5: ReVeu710 ($112.72 in chips) 
Seat 6: VahTang_89 ($100 in chips) 
wiley2025: posts small blind $0.50
Joker007r: posts big blind $1
*** HOLE CARDS ***
rao999: folds 
ReVeu710: raises $1 to $2
VahTang_89: folds 
steepfell: folds 
wiley2025: calls $1.50
Joker007r: calls $1
*** FLOP *** [6s 3s 6h]
wiley2025: checks 
Joker007r: checks 
ReVeu710: bets $3.08
wiley2025: calls $3.08
Joker007r: folds 
*** TURN *** [6s 3s 6h] [6d]
wiley2025: checks 
ReVeu710: bets $8.89
wiley2025: calls $8.89
*** RIVER *** [6s 3s 6h 6d] [3h]
wiley2025: bets $67.15 and is all-in
ReVeu710: calls $67.15
*** SHOW DOWN ***
wiley2025: shows [As 9s] (a full house, Sixes full of Threes)
ReVeu710: shows [Kh Kc] (a full house, Sixes full of Kings)
ReVeu710 collected $161.74 from pot
*** SUMMARY ***
Total pot $164.24 | Rake $2.50 
Board [6s 3s 6h 6d 3h]
Seat 1: steepfell (button) folded before Flop (didn't bet)
Seat 2: wiley2025 (small blind) showed [As 9s] and lost with a full house, Sixes full of Threes
Seat 3: Joker007r (big blind) folded on the Flop
Seat 4: rao999 folded before Flop (didn't bet)
Seat 5: ReVeu710 showed [Kh Kc] and won ($161.74) with a full house, Sixes full of Kings
Seat 6: VahTang_89 folded before Flop (didn't bet)



PokerStars Hand #254687805046:  Hold'em No Limit ($0.50/$1.00 USD) - 2025/02/03 15:48:04 WET [2025/02/03 10:48:04 ET]
Table 'Gaea' 6-max Seat #3 is the button
Seat 2: wiley2025 ($0 in chips) is sitting out
Seat 1: steepfell ($102.18 in chips) 
Seat 3: Joker007r ($105.88 in chips) 
Seat 4: rao999 ($102.97 in chips) 
Seat 5: ReVeu710 ($193.34 in chips) 
Seat 6: VahTang_89 ($100 in chips) 
rao999: posts small blind $0.50
ReVeu710: posts big blind $1
*** HOLE CARDS ***
VahTang_89: folds 
steepfell: folds 
wiley2025 leaves the table
Joker007r: raises $1.50 to $2.50
rao999: folds 
ReVeu710: folds 
Uncalled bet ($1.50) returned to Joker007r
xxxZeka joins the table at seat #2 
Joker007r collected $2.50 from pot
Joker007r: doesn't show hand 
xxxZeka leaves the table
*** SUMMARY ***
Total pot $2.50 | Rake $0 
Seat 2: wiley2025
Seat 1: steepfell folded before Flop (didn't bet)
Seat 3: Joker007r (button) collected ($2.50)
Seat 4: rao999 (small blind) folded before Flop
Seat 5: ReVeu710 (big blind) folded before Flop
Seat 6: VahTang_89 folded before Flop (didn't bet)



PokerStars Hand #254687808776:  Hold'em No Limit ($0.50/$1.00 USD) - 2025/02/03 15:48:22 WET [2025/02/03 10:48:22 ET]
Table 'Gaea' 6-max Seat #4 is the button
Seat 1: steepfell ($102.18 in chips) 
Seat 3: Joker007r ($107.38 in chips) 
Seat 4: rao999 ($102.47 in chips) 
Seat 5: ReVeu710 ($192.34 in chips) 
Seat 6: VahTang_89 ($100 in chips) 
ReVeu710: posts small blind $0.50
VahTang_89: posts big blind $1
*** HOLE CARDS ***
steepfell: raises $1.50 to $2.50
Joker007r: folds 
rao999: folds 
ReVeu710: calls $2
VahTang_89: folds 
*** FLOP *** [Kh 4h 5s]
ReVeu710: checks 
steepfell: bets $2.85
ReVeu710: calls $2.85
*** TURN *** [Kh 4h 5s] [Ad]
ReVeu710: checks 
Mfabozzo joins the table at seat #2 
steepfell: bets $8.34
ReVeu710: folds 
Uncalled bet ($8.34) returned to steepfell
steepfell collected $11.12 from pot
steepfell: doesn't show hand 
*** SUMMARY ***
Total pot $11.70 | Rake $0.58 
Board [Kh 4h 5s Ad]
Seat 1: steepfell collected ($11.12)
Seat 3: Joker007r folded before Flop (didn't bet)
Seat 4: rao999 (button) folded before Flop (didn't bet)
Seat 5: ReVeu710 (small blind) folded on the Turn
Seat 6: VahTang_89 (big blind) folded before Flop



PokerStars Hand #254687816491:  Hold'em No Limit ($0.50/$1.00 USD) - 2025/02/03 15:48:59 WET [2025/02/03 10:48:59 ET]
Table 'Gaea' 6-max Seat #5 is the button
Seat 1: steepfell ($107.95 in chips) is sitting out
Seat 2: Mfabozzo ($100 in chips) 
Seat 3: Joker007r ($107.38 in chips) 
Seat 4: rao999 ($102.47 in chips) 
Seat 5: ReVeu710 ($186.99 in chips) 
Seat 6: VahTang_89 ($100 in chips) 
VahTang_89: posts small blind $0.50
steepfell: is sitting out 
Mfabozzo: posts big blind $1
*** HOLE CARDS ***
Joker007r: folds 
rao999: folds 
ReVeu710: folds 
VahTang_89: raises $2 to $3
Mfabozzo: folds 
Uncalled bet ($2) returned to VahTang_89
VahTang_89 collected $2 from pot
VahTang_89: doesn't show hand 
*** SUMMARY ***
Total pot $2 | Rake $0 
Seat 1: steepfell
Seat 2: Mfabozzo (big blind) folded before Flop
Seat 3: Joker007r folded before Flop (didn't bet)
Seat 4: rao999 folded before Flop (didn't bet)
Seat 5: ReVeu710 (button) folded before Flop (didn't bet)
Seat 6: VahTang_89 (small blind) collected ($2)



PokerStars Hand #254687819464:  Hold'em No Limit ($0.50/$1.00 USD) - 2025/02/03 15:49:13 WET [2025/02/03 10:49:13 ET]
Table 'Gaea' 6-max Seat #6 is the button
Seat 1: steepfell ($107.95 in chips) is sitting out
Seat 2: Mfabozzo ($99 in chips) 
Seat 3: Joker007r ($107.38 in chips) 
Seat 4: rao999 ($102.47 in chips) 
Seat 5: ReVeu710 ($186.99 in chips) 
Seat 6: VahTang_89 ($101 in chips) 
Mfabozzo: posts small blind $0.50
Joker007r: posts big blind $1
*** HOLE CARDS ***
rao999: folds 
ReVeu710: folds 
VahTang_89: raises $1.20 to $2.20
Mfabozzo: folds 
Joker007r: folds 
Uncalled bet ($1.20) returned to VahTang_89
VahTang_89 collected $2.50 from pot
VahTang_89: doesn't show hand 
*** SUMMARY ***
Total pot $2.50 | Rake $0 
Seat 1: steepfell
Seat 2: Mfabozzo (small blind) folded before Flop
Seat 3: Joker007r (big blind) folded before Flop
Seat 4: rao999 folded before Flop (didn't bet)
Seat 5: ReVeu710 folded before Flop (didn't bet)
Seat 6: VahTang_89 (button) collected ($2.50)



PokerStars Hand #254687822614:  Hold'em No Limit ($0.50/$1.00 USD) - 2025/02/03 15:49:27 WET [2025/02/03 10:49:27 ET]
Table 'Gaea' 6-max Seat #2 is the button
Seat 1: steepfell ($107.95 in chips) is sitting out
Seat 2: Mfabozzo ($98.50 in chips) 
Seat 3: Joker007r ($106.38 in chips) 
Seat 4: rao999 ($102.47 in chips) 
Seat 5: ReVeu710 ($186.99 in chips) 
Seat 6: VahTang_89 ($102.50 in chips) 
Joker007r: posts small blind $0.50
rao999: posts big blind $1
*** HOLE CARDS ***
ReVeu710: raises $1 to $2
VahTang_89: folds 
Mfabozzo: folds 
Joker007r: folds 
rao999: folds 
Uncalled bet ($1) returned to ReVeu710
ReVeu710 collected $2.50 from pot
ReVeu710: doesn't show hand 
*** SUMMARY ***
Total pot $2.50 | Rake $0 
Seat 1: steepfell
Seat 2: Mfabozzo (button) folded before Flop (didn't bet)
Seat 3: Joker007r (small blind) folded before Flop
Seat 4: rao999 (big blind) folded before Flop
Seat 5: ReVeu710 collected ($2.50)
Seat 6: VahTang_89 folded before Flop (didn't bet)



PokerStars Hand #254687824885:  Hold'em No Limit ($0.50/$1.00 USD) - 2025/02/03 15:49:38 WET [2025/02/03 10:49:38 ET]
Table 'Gaea' 6-max Seat #3 is the button
Seat 1: steepfell ($107.95 in chips) is sitting out
Seat 5: ReVeu710 ($188.49 in chips) is sitting out
Seat 2: Mfabozzo ($98.50 in chips) 
Seat 3: Joker007r ($105.88 in chips) 
Seat 4: rao999 ($101.47 in chips) 
Seat 6: VahTang_89 ($102.50 in chips) 
rao999: posts small blind $0.50
ReVeu710: is sitting out 
VahTang_89: posts big blind $1
steepfell: sits out 
*** HOLE CARDS ***
Mfabozzo: raises $2 to $3
Joker007r: folds 
rao999: folds 
VahTang_89: folds 
Uncalled bet ($2) returned to Mfabozzo
Mfabozzo collected $2.50 from pot
Mfabozzo: doesn't show hand 
*** SUMMARY ***
Total pot $2.50 | Rake $0 
Seat 1: steepfell
Seat 5: ReVeu710
Seat 2: Mfabozzo collected ($2.50)
Seat 3: Joker007r (button) folded before Flop (didn't bet)
Seat 4: rao999 (small blind) folded before Flop
Seat 6: VahTang_89 (big blind) folded before Flop



PokerStars Hand #254687828300:  Hold'em No Limit ($0.50/$1.00 USD) - 2025/02/03 15:49:54 WET [2025/02/03 10:49:54 ET]
Table 'Gaea' 6-max Seat #4 is the button
Seat 5: ReVeu710 ($188.49 in chips) is sitting out
Seat 1: steepfell ($107.95 in chips) 
Seat 2: Mfabozzo ($100 in chips) 
Seat 3: Joker007r ($105.88 in chips) 
Seat 4: rao999 ($100.97 in chips) 
Seat 6: VahTang_89 ($101.50 in chips) 
VahTang_89: posts small blind $0.50
steepfell: posts big blind $1
*** HOLE CARDS ***
Mfabozzo: calls $1
Joker007r: folds 
rao999: folds 
VahTang_89: raises $3.50 to $4.50
steepfell: folds 
Mfabozzo: folds 
Uncalled bet ($3.50) returned to VahTang_89
VahTang_89 collected $3 from pot
VahTang_89: doesn't show hand 
*** SUMMARY ***
Total pot $3 | Rake $0 
Seat 5: ReVeu710
Seat 1: steepfell (big blind) folded before Flop
Seat 2: Mfabozzo folded before Flop
Seat 3: Joker007r folded before Flop (didn't bet)
Seat 4: rao999 (button) folded before Flop (didn't bet)
Seat 6: VahTang_89 (small blind) collected ($3)



PokerStars Hand #254687831192:  Hold'em No Limit ($0.50/$1.00 USD) - 2025/02/03 15:50:08 WET [2025/02/03 10:50:08 ET]
Table 'Gaea' 6-max Seat #6 is the button
Seat 5: ReVeu710 ($188.49 in chips) is sitting out
Seat 1: steepfell ($106.95 in chips) 
Seat 2: Mfabozzo ($99 in chips) 
Seat 3: Joker007r ($105.88 in chips) 
Seat 4: rao999 ($100.97 in chips) 
Seat 6: VahTang_89 ($103.50 in chips) 
steepfell: posts small blind $0.50
Mfabozzo: posts big blind $1
ReVeu710: sits out 
*** HOLE CARDS ***
Joker007r: folds 
rao999: folds 
VahTang_89: folds 
steepfell: raises $2 to $3
Mfabozzo: calls $2
*** FLOP *** [Kd 3s 9d]
steepfell: bets $1.88
Mfabozzo: folds 
Uncalled bet ($1.88) returned to steepfell
steepfell collected $5.70 from pot
steepfell: doesn't show hand 
*** SUMMARY ***
Total pot $6 | Rake $0.30 
Board [Kd 3s 9d]
Seat 5: ReVeu710
Seat 1: steepfell (small blind) collected ($5.70)
Seat 2: Mfabozzo (big blind) folded on the Flop
Seat 3: Joker007r folded before Flop (didn't bet)
Seat 4: rao999 folded before Flop (didn't bet)
Seat 6: VahTang_89 (button) folded before Flop (didn't bet)



PokerStars Hand #254687835834:  Hold'em No Limit ($0.50/$1.00 USD) - 2025/02/03 15:50:29 WET [2025/02/03 10:50:29 ET]
Table 'Gaea' 6-max Seat #1 is the button
Seat 5: ReVeu710 ($188.49 in chips) is sitting out
Seat 1: steepfell ($109.65 in chips) 
Seat 2: Mfabozzo ($96 in chips) 
Seat 3: Joker007r ($105.88 in chips) 
Seat 4: rao999 ($100.97 in chips) 
Seat 6: VahTang_89 ($103.50 in chips) 
Mfabozzo: posts small blind $0.50
Joker007r: posts big blind $1
ReVeu710: sits out 
*** HOLE CARDS ***
rao999: folds 
VahTang_89: folds 
steepfell: folds 
Mfabozzo: raises $2 to $3
Joker007r: calls $2
*** FLOP *** [6c 2d 7d]
Mfabozzo: bets $2.85
Joker007r: folds 
Uncalled bet ($2.85) returned to Mfabozzo
Mfabozzo collected $5.70 from pot
Mfabozzo: doesn't show hand 
*** SUMMARY ***
Total pot $6 | Rake $0.30 
Board [6c 2d 7d]
Seat 5: ReVeu710
Seat 1: steepfell (button) folded before Flop (didn't bet)
Seat 2: Mfabozzo (small blind) collected ($5.70)
Seat 3: Joker007r (big blind) folded on the Flop
Seat 4: rao999 folded before Flop (didn't bet)
Seat 6: VahTang_89 folded before Flop (didn't bet)



PokerStars Hand #254687841639:  Hold'em No Limit ($0.50/$1.00 USD) - 2025/02/03 15:50:56 WET [2025/02/03 10:50:56 ET]
Table 'Gaea' 6-max Seat #2 is the button
Seat 5: ReVeu710 ($188.49 in chips) is sitting out
Seat 1: steepfell ($109.65 in chips) 
Seat 2: Mfabozzo ($98.70 in chips) 
Seat 3: Joker007r ($102.88 in chips) 
Seat 4: rao999 ($100.97 in chips) 
Seat 6: VahTang_89 ($103.50 in chips) 
Joker007r: posts small blind $0.50
rao999: posts big blind $1
ReVeu710: sits out 
*** HOLE CARDS ***
VahTang_89: folds 
steepfell: folds 
Mfabozzo: raises $2 to $3
Joker007r: folds 
rao999: folds 
Uncalled bet ($2) returned to Mfabozzo
Mfabozzo collected $2.50 from pot
Mfabozzo: doesn't show hand 
*** SUMMARY ***
Total pot $2.50 | Rake $0 
Seat 5: ReVeu710
Seat 1: steepfell folded before Flop (didn't bet)
Seat 2: Mfabozzo (button) collected ($2.50)
Seat 3: Joker007r (small blind) folded before Flop
Seat 4: rao999 (big blind) folded before Flop
Seat 6: VahTang_89 folded before Flop (didn't bet)



PokerStars Hand #254687844429:  Hold'em No Limit ($0.50/$1.00 USD) - 2025/02/03 15:51:10 WET [2025/02/03 10:51:10 ET]
Table 'Gaea' 6-max Seat #3 is the button
Seat 1: steepfell ($109.65 in chips) 
Seat 2: Mfabozzo ($100.20 in chips) 
Seat 3: Joker007r ($102.38 in chips) 
Seat 4: rao999 ($100 in chips) 
Seat 5: ReVeu710 ($188.49 in chips) 
Seat 6: VahTang_89 ($103.50 in chips) 
rao999: posts small blind $0.50
ReVeu710: posts big blind $1
*** HOLE CARDS ***
VahTang_89: folds 
steepfell: folds 
Mfabozzo: raises $2 to $3
Joker007r: folds 
rao999: folds 
ReVeu710: calls $2
*** FLOP *** [6s 3h Ah]
ReVeu710: checks 
Mfabozzo: bets $3.09
ReVeu710: folds 
Uncalled bet ($3.09) returned to Mfabozzo
Mfabozzo collected $6.18 from pot
Mfabozzo: doesn't show hand 
*** SUMMARY ***
Total pot $6.50 | Rake $0.32 
Board [6s 3h Ah]
Seat 1: steepfell folded before Flop (didn't bet)
Seat 2: Mfabozzo collected ($6.18)
Seat 3: Joker007r (button) folded before Flop (didn't bet)
Seat 4: rao999 (small blind) folded before Flop
Seat 5: ReVeu710 (big blind) folded on the Flop
Seat 6: VahTang_89 folded before Flop (didn't bet)



PokerStars Hand #254687851140:  Hold'em No Limit ($0.50/$1.00 USD) - 2025/02/03 15:51:41 WET [2025/02/03 10:51:41 ET]
Table 'Gaea' 6-max Seat #4 is the button
Seat 1: steepfell ($109.65 in chips) 
Seat 2: Mfabozzo ($103.38 in chips) 
Seat 3: Joker007r ($102.38 in chips) 
Seat 4: rao999 ($100 in chips) 
Seat 5: ReVeu710 ($185.49 in chips) 
Seat 6: VahTang_89 ($103.50 in chips) 
ReVeu710: posts small blind $0.50
VahTang_89: posts big blind $1
*** HOLE CARDS ***
steepfell: folds 
Mfabozzo: calls $1
Joker007r: folds 
rao999: folds 
ReVeu710: folds 
VahTang_89: checks 
*** FLOP *** [4d 9h 7d]
VahTang_89: checks 
Mfabozzo: bets $1.19
VahTang_89: folds 
Uncalled bet ($1.19) returned to Mfabozzo
Mfabozzo collected $2.38 from pot
Mfabozzo: doesn't show hand 
*** SUMMARY ***
Total pot $2.50 | Rake $0.12 
Board [4d 9h 7d]
Seat 1: steepfell folded before Flop (didn't bet)
Seat 2: Mfabozzo collected ($2.38)
Seat 3: Joker007r folded before Flop (didn't bet)
Seat 4: rao999 (button) folded before Flop (didn't bet)
Seat 5: ReVeu710 (small blind) folded before Flop
Seat 6: VahTang_89 (big blind) folded on the Flop



PokerStars Hand #254687854587:  Hold'em No Limit ($0.50/$1.00 USD) - 2025/02/03 15:51:58 WET [2025/02/03 10:51:58 ET]
Table 'Gaea' 6-max Seat #5 is the button
Seat 1: steepfell ($109.65 in chips) 
Seat 2: Mfabozzo ($104.76 in chips) 
Seat 3: Joker007r ($102.38 in chips) 
Seat 4: rao999 ($100 in chips) 
Seat 5: ReVeu710 ($184.99 in chips) 
Seat 6: VahTang_89 ($102.50 in chips) 
VahTang_89: posts small blind $0.50
steepfell: posts big blind $1
*** HOLE CARDS ***
Mfabozzo: folds 
Joker007r: folds 
rao999: raises $1.50 to $2.50
ReVeu710: folds 
VahTang_89: raises $8.50 to $11
steepfell: folds 
rao999: folds 
Uncalled bet ($8.50) returned to VahTang_89
VahTang_89 collected $6 from pot
VahTang_89: doesn't show hand 
*** SUMMARY ***
Total pot $6 | Rake $0 
Seat 1: steepfell (big blind) folded before Flop
Seat 2: Mfabozzo folded before Flop (didn't bet)
Seat 3: Joker007r folded before Flop (didn't bet)
Seat 4: rao999 folded before Flop
Seat 5: ReVeu710 (button) folded before Flop (didn't bet)
Seat 6: VahTang_89 (small blind) collected ($6)



PokerStars Hand #254687861673:  Hold'em No Limit ($0.50/$1.00 USD) - 2025/02/03 15:52:31 WET [2025/02/03 10:52:31 ET]
Table 'Gaea' 6-max Seat #6 is the button
Seat 1: steepfell ($108.65 in chips) 
Seat 2: Mfabozzo ($104.76 in chips) 
Seat 3: Joker007r ($102.38 in chips) 
Seat 4: rao999 ($100 in chips) 
Seat 5: ReVeu710 ($184.99 in chips) 
Seat 6: VahTang_89 ($106 in chips) 
steepfell: posts small blind $0.50
Mfabozzo: posts big blind $1
*** HOLE CARDS ***
Joker007r: raises $1.38 to $2.38
rao999: folds 
ReVeu710: folds 
VahTang_89: folds 
steepfell: folds 
Mfabozzo: calls $1.38
*** FLOP *** [Th 5d 5s]
Mfabozzo: checks 
Joker007r: bets $1.65
Mfabozzo: raises $2.65 to $4.30
Joker007r: folds 
Uncalled bet ($2.65) returned to Mfabozzo
Mfabozzo collected $8.13 from pot
Mfabozzo: doesn't show hand 
*** SUMMARY ***
Total pot $8.56 | Rake $0.43 
Board [Th 5d 5s]
Seat 1: steepfell (small blind) folded before Flop
Seat 2: Mfabozzo (big blind) collected ($8.13)
Seat 3: Joker007r folded on the Flop
Seat 4: rao999 folded before Flop (didn't bet)
Seat 5: ReVeu710 folded before Flop (didn't bet)
Seat 6: VahTang_89 (button) folded before Flop (didn't bet)



PokerStars Hand #254687866705:  Hold'em No Limit ($0.50/$1.00 USD) - 2025/02/03 15:52:55 WET [2025/02/03 10:52:55 ET]
Table 'Gaea' 6-max Seat #1 is the button
Seat 1: steepfell ($108.15 in chips) 
Seat 2: Mfabozzo ($108.86 in chips) 
Seat 3: Joker007r ($100 in chips) 
Seat 4: rao999 ($100 in chips) 
Seat 5: ReVeu710 ($184.99 in chips) 
Seat 6: VahTang_89 ($106 in chips) 
Mfabozzo: posts small blind $0.50
Joker007r: posts big blind $1
*** HOLE CARDS ***
rao999: folds 
ReVeu710: raises $1 to $2
VahTang_89: folds 
steepfell: folds 
Mfabozzo: calls $1.50
Joker007r: calls $1
*** FLOP *** [Jd As 7d]
Mfabozzo: checks 
Joker007r: checks 
ReVeu710: bets $1.43
Mfabozzo: calls $1.43
Joker007r: calls $1.43
*** TURN *** [Jd As 7d] [8d]
Mfabozzo: checks 
Joker007r: bets $3.23
ReVeu710: folds 
Mfabozzo: calls $3.23
*** RIVER *** [Jd As 7d 8d] [2s]
Mfabozzo: checks 
Joker007r: bets $25.14
Mfabozzo: folds 
Uncalled bet ($25.14) returned to Joker007r
Joker007r collected $15.91 from pot
Joker007r: doesn't show hand 
*** SUMMARY ***
Total pot $16.75 | Rake $0.84 
Board [Jd As 7d 8d 2s]
Seat 1: steepfell (button) folded before Flop (didn't bet)
Seat 2: Mfabozzo (small blind) folded on the River
Seat 3: Joker007r (big blind) collected ($15.91)
Seat 4: rao999 folded before Flop (didn't bet)
Seat 5: ReVeu710 folded on the Turn
Seat 6: VahTang_89 folded before Flop (didn't bet)



PokerStars Hand #254687878011:  Hold'em No Limit ($0.50/$1.00 USD) - 2025/02/03 15:53:48 WET [2025/02/03 10:53:48 ET]
Table 'Gaea' 6-max Seat #2 is the button
Seat 1: steepfell ($108.15 in chips) 
Seat 2: Mfabozzo ($102.20 in chips) 
Seat 3: Joker007r ($109.25 in chips) 
Seat 4: rao999 ($100 in chips) 
Seat 5: ReVeu710 ($181.56 in chips) 
Seat 6: VahTang_89 ($106 in chips) 
Joker007r: posts small blind $0.50
rao999: posts big blind $1
*** HOLE CARDS ***
ReVeu710: folds 
VahTang_89: folds 
steepfell: folds 
Mfabozzo: calls $1
Joker007r: calls $0.50
rao999: checks 
*** FLOP *** [5c 2s Tc]
Joker007r: checks 
rao999: checks 
Mfabozzo: bets $1.43
Joker007r: folds 
rao999: calls $1.43
*** TURN *** [5c 2s Tc] [6d]
rao999: checks 
Mfabozzo: bets $2.79
rao999: calls $2.79
*** RIVER *** [5c 2s Tc 6d] [6s]
rao999: checks 
Mfabozzo: bets $10.87
rao999: raises $19.13 to $30
Mfabozzo: calls $19.13
*** SHOW DOWN ***
rao999: shows [Ac 3s] (a pair of Sixes)
Mfabozzo: shows [3d 4d] (a straight, Deuce to Six)
Mfabozzo collected $68.94 from pot
*** SUMMARY ***
Total pot $71.44 | Rake $2.50 
Board [5c 2s Tc 6d 6s]
Seat 1: steepfell folded before Flop (didn't bet)
Seat 2: Mfabozzo (button) showed [3d 4d] and won ($68.94) with a straight, Deuce to Six
Seat 3: Joker007r (small blind) folded on the Flop
Seat 4: rao999 (big blind) showed [Ac 3s] and lost with a pair of Sixes
Seat 5: ReVeu710 folded before Flop (didn't bet)
Seat 6: VahTang_89 folded before Flop (didn't bet)



PokerStars Hand #254687893464:  Hold'em No Limit ($0.50/$1.00 USD) - 2025/02/03 15:55:01 WET [2025/02/03 10:55:01 ET]
Table 'Gaea' 6-max Seat #3 is the button
Seat 1: steepfell ($108.15 in chips) 
Seat 2: Mfabozzo ($135.92 in chips) 
Seat 3: Joker007r ($108.25 in chips) 
Seat 4: rao999 ($100 in chips) 
Seat 5: ReVeu710 ($181.56 in chips) 
Seat 6: VahTang_89 ($106 in chips) 
rao999: posts small blind $0.50
ReVeu710: posts big blind $1
*** HOLE CARDS ***
VahTang_89: folds 
steepfell: folds 
Mfabozzo: calls $1
Joker007r: folds 
rao999: folds 
ReVeu710: checks 
*** FLOP *** [Ks 5h 9d]
ReVeu710: checks 
Mfabozzo: checks 
*** TURN *** [Ks 5h 9d] [Kd]
ReVeu710: bets $1.83
Mfabozzo: calls $1.83
*** RIVER *** [Ks 5h 9d Kd] [8d]
ReVeu710: bets $4.50
Mfabozzo: raises $6.50 to $11
ReVeu710: folds 
Uncalled bet ($6.50) returned to Mfabozzo
Mfabozzo collected $14.40 from pot
Mfabozzo: doesn't show hand 
*** SUMMARY ***
Total pot $15.16 | Rake $0.76 
Board [Ks 5h 9d Kd 8d]
Seat 1: steepfell folded before Flop (didn't bet)
Seat 2: Mfabozzo collected ($14.40)
Seat 3: Joker007r (button) folded before Flop (didn't bet)
Seat 4: rao999 (small blind) folded before Flop
Seat 5: ReVeu710 (big blind) folded on the River
Seat 6: VahTang_89 folded before Flop (didn't bet)



PokerStars Hand #254687899523:  Hold'em No Limit ($0.50/$1.00 USD) - 2025/02/03 15:55:37 WET [2025/02/03 10:55:37 ET]
Table 'Gaea' 6-max Seat #4 is the button
Seat 1: steepfell ($108.15 in chips) 
Seat 2: Mfabozzo ($142.99 in chips) 
Seat 3: Joker007r ($108.25 in chips) 
Seat 4: rao999 ($100 in chips) 
Seat 5: ReVeu710 ($174.23 in chips) 
Seat 6: VahTang_89 ($106 in chips) 
ReVeu710: posts small blind $0.50
VahTang_89: posts big blind $1
*** HOLE CARDS ***
steepfell: folds 
Mfabozzo: calls $1
Joker007r: raises $2.50 to $3.50
rao999: folds 
ReVeu710: folds 
VahTang_89: folds 
Mfabozzo: calls $2.50
*** FLOP *** [5s 3s Jd]
Mfabozzo: checks 
Joker007r: checks 
*** TURN *** [5s 3s Jd] [2h]
Mfabozzo: bets $4.04
Joker007r: folds 
Uncalled bet ($4.04) returned to Mfabozzo
Mfabozzo collected $8.08 from pot
Mfabozzo: doesn't show hand 
*** SUMMARY ***
Total pot $8.50 | Rake $0.42 
Board [5s 3s Jd 2h]
Seat 1: steepfell folded before Flop (didn't bet)
Seat 2: Mfabozzo collected ($8.08)
Seat 3: Joker007r folded on the Turn
Seat 4: rao999 (button) folded before Flop (didn't bet)
Seat 5: ReVeu710 (small blind) folded before Flop
Seat 6: VahTang_89 (big blind) folded before Flop



PokerStars Hand #254687905731:  Hold'em No Limit ($0.50/$1.00 USD) - 2025/02/03 15:56:15 WET [2025/02/03 10:56:15 ET]
Table 'Gaea' 6-max Seat #5 is the button
Seat 1: steepfell ($108.15 in chips) 
Seat 2: Mfabozzo ($147.57 in chips) 
Seat 3: Joker007r ($104.75 in chips) 
Seat 4: rao999 ($100 in chips) 
Seat 5: ReVeu710 ($173.73 in chips) 
Seat 6: VahTang_89 ($105 in chips) 
VahTang_89: posts small blind $0.50
steepfell: posts big blind $1
*** HOLE CARDS ***
Mfabozzo: calls $1
Joker007r: folds 
rao999: raises $2.50 to $3.50
ReVeu710: folds 
VahTang_89: folds 
steepfell: folds 
Mfabozzo: calls $2.50
*** FLOP *** [6d Qc 5c]
Mfabozzo: checks 
rao999: bets $4.50
Mfabozzo: calls $4.50
*** TURN *** [6d Qc 5c] [2s]
Mfabozzo: checks 
rao999: bets $10.97
Mfabozzo: folds 
Uncalled bet ($10.97) returned to rao999
rao999 collected $16.62 from pot
rao999: doesn't show hand 
*** SUMMARY ***
Total pot $17.50 | Rake $0.88 
Board [6d Qc 5c 2s]
Seat 1: steepfell (big blind) folded before Flop
Seat 2: Mfabozzo folded on the Turn
Seat 3: Joker007r folded before Flop (didn't bet)
Seat 4: rao999 collected ($16.62)
Seat 5: ReVeu710 (button) folded before Flop (didn't bet)
Seat 6: VahTang_89 (small blind) folded before Flop



PokerStars Hand #254687913072:  Hold'em No Limit ($0.50/$1.00 USD) - 2025/02/03 15:57:01 WET [2025/02/03 10:57:01 ET]
Table 'Gaea' 6-max Seat #6 is the button
Seat 1: steepfell ($107.15 in chips) 
Seat 2: Mfabozzo ($139.57 in chips) 
Seat 3: Joker007r ($104.75 in chips) 
Seat 4: rao999 ($108.62 in chips) 
Seat 5: ReVeu710 ($173.73 in chips) 
Seat 6: VahTang_89 ($104.50 in chips) 
steepfell: posts small blind $0.50
Mfabozzo: posts big blind $1
*** HOLE CARDS ***
Joker007r: raises $2 to $3
rao999: folds 
ReVeu710: folds 
VahTang_89: folds 
steepfell: folds 
Mfabozzo: folds 
Uncalled bet ($2) returned to Joker007r
Joker007r collected $2.50 from pot
Joker007r: doesn't show hand 
*** SUMMARY ***
Total pot $2.50 | Rake $0 
Seat 1: steepfell (small blind) folded before Flop
Seat 2: Mfabozzo (big blind) folded before Flop
Seat 3: Joker007r collected ($2.50)
Seat 4: rao999 folded before Flop (didn't bet)
Seat 5: ReVeu710 folded before Flop (didn't bet)
Seat 6: VahTang_89 (button) folded before Flop (didn't bet)



PokerStars Hand #254687914535:  Hold'em No Limit ($0.50/$1.00 USD) - 2025/02/03 15:57:10 WET [2025/02/03 10:57:10 ET]
Table 'Gaea' 6-max Seat #1 is the button
Seat 1: steepfell ($106.65 in chips) 
Seat 2: Mfabozzo ($138.57 in chips) 
Seat 3: Joker007r ($106.25 in chips) 
Seat 4: rao999 ($108.62 in chips) 
Seat 5: ReVeu710 ($173.73 in chips) 
Seat 6: VahTang_89 ($104.50 in chips) 
Mfabozzo: posts small blind $0.50
Joker007r: posts big blind $1
*** HOLE CARDS ***
rao999: folds 
ReVeu710: folds 
VahTang_89: raises $1.20 to $2.20
steepfell: folds 
Mfabozzo: folds 
Joker007r: raises $7.80 to $10
VahTang_89: calls $7.80
*** FLOP *** [Ah 9h 9d]
Joker007r: bets $1.95
VahTang_89: calls $1.95
*** TURN *** [Ah 9h 9d] [Kd]
Joker007r: bets $15.45
VahTang_89: folds 
Uncalled bet ($15.45) returned to Joker007r
Joker007r collected $23.18 from pot
Joker007r: doesn't show hand 
*** SUMMARY ***
Total pot $24.40 | Rake $1.22 
Board [Ah 9h 9d Kd]
Seat 1: steepfell (button) folded before Flop (didn't bet)
Seat 2: Mfabozzo (small blind) folded before Flop
Seat 3: Joker007r (big blind) collected ($23.18)
Seat 4: rao999 folded before Flop (didn't bet)
Seat 5: ReVeu710 folded before Flop (didn't bet)
Seat 6: VahTang_89 folded on the Turn



PokerStars Hand #254687921694:  Hold'em No Limit ($0.50/$1.00 USD) - 2025/02/03 15:57:55 WET [2025/02/03 10:57:55 ET]
Table 'Gaea' 6-max Seat #2 is the button
Seat 1: steepfell ($106.65 in chips) 
Seat 2: Mfabozzo ($138.07 in chips) 
Seat 3: Joker007r ($117.48 in chips) 
Seat 4: rao999 ($108.62 in chips) 
Seat 5: ReVeu710 ($173.73 in chips) 
Seat 6: VahTang_89 ($100 in chips) 
Joker007r: posts small blind $0.50
rao999: posts big blind $1
*** HOLE CARDS ***
ReVeu710: raises $1 to $2
VahTang_89: folds 
steepfell: folds 
Mfabozzo: calls $2
Joker007r: folds 
rao999: folds 
*** FLOP *** [Kc 2c 5s]
ReVeu710: bets $1.30
Mfabozzo: calls $1.30
*** TURN *** [Kc 2c 5s] [3h]
ReVeu710: bets $4.16
Mfabozzo: calls $4.16
*** RIVER *** [Kc 2c 5s 3h] [Jd]
ReVeu710: checks 
Mfabozzo: bets $15.60
ReVeu710: calls $15.60
*** SHOW DOWN ***
Mfabozzo: shows [Ac 8h] (high card Ace)
ReVeu710: shows [9d 9c] (a pair of Nines)
ReVeu710 collected $45.24 from pot
*** SUMMARY ***
Total pot $47.62 | Rake $2.38 
Board [Kc 2c 5s 3h Jd]
Seat 1: steepfell folded before Flop (didn't bet)
Seat 2: Mfabozzo (button) showed [Ac 8h] and lost with high card Ace
Seat 3: Joker007r (small blind) folded before Flop
Seat 4: rao999 (big blind) folded before Flop
Seat 5: ReVeu710 showed [9d 9c] and won ($45.24) with a pair of Nines
Seat 6: VahTang_89 folded before Flop (didn't bet)



PokerStars Hand #254687929721:  Hold'em No Limit ($0.50/$1.00 USD) - 2025/02/03 15:58:45 WET [2025/02/03 10:58:45 ET]
Table 'Gaea' 6-max Seat #3 is the button
Seat 1: steepfell ($106.65 in chips) 
Seat 2: Mfabozzo ($115.01 in chips) 
Seat 3: Joker007r ($116.98 in chips) 
Seat 4: rao999 ($107.62 in chips) 
Seat 5: ReVeu710 ($195.91 in chips) 
Seat 6: VahTang_89 ($100 in chips) 
rao999: posts small blind $0.50
ReVeu710: posts big blind $1
*** HOLE CARDS ***
VahTang_89: folds 
steepfell: folds 
Mfabozzo: folds 
Joker007r: folds 
rao999: folds 
Uncalled bet ($0.50) returned to ReVeu710
ReVeu710 collected $1 from pot
ReVeu710: doesn't show hand 
*** SUMMARY ***
Total pot $1 | Rake $0 
Seat 1: steepfell folded before Flop (didn't bet)
Seat 2: Mfabozzo folded before Flop (didn't bet)
Seat 3: Joker007r (button) folded before Flop (didn't bet)
Seat 4: rao999 (small blind) folded before Flop
Seat 5: ReVeu710 (big blind) collected ($1)
Seat 6: VahTang_89 folded before Flop (didn't bet)



PokerStars Hand #254687931571:  Hold'em No Limit ($0.50/$1.00 USD) - 2025/02/03 15:58:56 WET [2025/02/03 10:58:56 ET]
Table 'Gaea' 6-max Seat #4 is the button
Seat 1: steepfell ($106.65 in chips) 
Seat 2: Mfabozzo ($115.01 in chips) 
Seat 3: Joker007r ($116.98 in chips) 
Seat 4: rao999 ($107.12 in chips) 
Seat 5: ReVeu710 ($196.41 in chips) 
Seat 6: VahTang_89 ($100 in chips) 
ReVeu710: posts small blind $0.50
VahTang_89: posts big blind $1
*** HOLE CARDS ***
steepfell: folds 
Mfabozzo: folds 
Joker007r: raises $1.50 to $2.50
rao999: raises $5 to $7.50
ReVeu710: folds 
VahTang_89: folds 
Joker007r: raises $15.30 to $22.80
rao999: calls $15.30
*** FLOP *** [Kd 2d Th]
Joker007r: bets $11.19
rao999: calls $11.19
*** TURN *** [Kd 2d Th] [2c]
Joker007r: bets $22.10
rao999: folds 
Uncalled bet ($22.10) returned to Joker007r
Joker007r collected $66.98 from pot
Joker007r: doesn't show hand 
*** SUMMARY ***
Total pot $69.48 | Rake $2.50 
Board [Kd 2d Th 2c]
Seat 1: steepfell folded before Flop (didn't bet)
Seat 2: Mfabozzo folded before Flop (didn't bet)
Seat 3: Joker007r collected ($66.98)
Seat 4: rao999 (button) folded on the Turn
Seat 5: ReVeu710 (small blind) folded before Flop
Seat 6: VahTang_89 (big blind) folded before Flop



PokerStars Hand #254687941244:  Hold'em No Limit ($0.50/$1.00 USD) - 2025/02/03 15:59:56 WET [2025/02/03 10:59:56 ET]
Table 'Gaea' 6-max Seat #5 is the button
Seat 1: steepfell ($106.65 in chips) 
Seat 2: Mfabozzo ($115.01 in chips) 
Seat 3: Joker007r ($149.97 in chips) 
Seat 4: rao999 ($100 in chips) 
Seat 5: ReVeu710 ($195.91 in chips) 
Seat 6: VahTang_89 ($100 in chips) 
VahTang_89: posts small blind $0.50
steepfell: posts big blind $1
*** HOLE CARDS ***
Mfabozzo: calls $1
Joker007r: folds 
rao999: folds 
ReVeu710: raises $3.50 to $4.50
VahTang_89: folds 
steepfell: folds 
Mfabozzo: calls $3.50
*** FLOP *** [5c Jd Tc]
Mfabozzo: checks 
ReVeu710: bets $6.09
Mfabozzo: calls $6.09
*** TURN *** [5c Jd Tc] [Ah]
Mfabozzo: bets $10.78
ReVeu710: calls $10.78
*** RIVER *** [5c Jd Tc Ah] [7h]
Mfabozzo: bets $42.03
ReVeu710: calls $42.03
*** SHOW DOWN ***
Mfabozzo: shows [Qs 9s] (high card Ace)
ReVeu710: shows [Jh Kh] (a pair of Jacks)
ReVeu710 collected $125.80 from pot
*** SUMMARY ***
Total pot $128.30 | Rake $2.50 
Board [5c Jd Tc Ah 7h]
Seat 1: steepfell (big blind) folded before Flop
Seat 2: Mfabozzo showed [Qs 9s] and lost with high card Ace
Seat 3: Joker007r folded before Flop (didn't bet)
Seat 4: rao999 folded before Flop (didn't bet)
Seat 5: ReVeu710 (button) showed [Jh Kh] and won ($125.80) with a pair of Jacks
Seat 6: VahTang_89 (small blind) folded before Flop



PokerStars Hand #254687953068:  Hold'em No Limit ($0.50/$1.00 USD) - 2025/02/03 16:01:04 WET [2025/02/03 11:01:04 ET]
Table 'Gaea' 6-max Seat #6 is the button
Seat 1: steepfell ($105.65 in chips) 
Seat 2: Mfabozzo ($51.61 in chips) 
Seat 3: Joker007r ($149.97 in chips) 
Seat 4: rao999 ($100 in chips) 
Seat 5: ReVeu710 ($258.31 in chips) 
Seat 6: VahTang_89 ($100 in chips) 
steepfell: posts small blind $0.50
Mfabozzo: posts big blind $1
*** HOLE CARDS ***
Joker007r: folds 
rao999: raises $1.50 to $2.50
ReVeu710: folds 
VahTang_89: folds 
steepfell: folds 
Mfabozzo: folds 
Uncalled bet ($1.50) returned to rao999
rao999 collected $2.50 from pot
rao999: doesn't show hand 
*** SUMMARY ***
Total pot $2.50 | Rake $0 
Seat 1: steepfell (small blind) folded before Flop
Seat 2: Mfabozzo (big blind) folded before Flop
Seat 3: Joker007r folded before Flop (didn't bet)
Seat 4: rao999 collected ($2.50)
Seat 5: ReVeu710 folded before Flop (didn't bet)
Seat 6: VahTang_89 (button) folded before Flop (didn't bet)



PokerStars Hand #254687955893:  Hold'em No Limit ($0.50/$1.00 USD) - 2025/02/03 16:01:18 WET [2025/02/03 11:01:18 ET]
Table 'Gaea' 6-max Seat #1 is the button
Seat 1: steepfell ($105.15 in chips) 
Seat 2: Mfabozzo ($50.61 in chips) 
Seat 3: Joker007r ($149.97 in chips) 
Seat 4: rao999 ($101.50 in chips) 
Seat 5: ReVeu710 ($258.31 in chips) 
Seat 6: VahTang_89 ($100 in chips) 
Mfabozzo: posts small blind $0.50
Joker007r: posts big blind $1
*** HOLE CARDS ***
rao999: folds 
ReVeu710: folds 
VahTang_89: folds 
steepfell: folds 
Mfabozzo: folds 
Uncalled bet ($0.50) returned to Joker007r
Joker007r collected $1 from pot
Joker007r: doesn't show hand 
*** SUMMARY ***
Total pot $1 | Rake $0 
Seat 1: steepfell (button) folded before Flop (didn't bet)
Seat 2: Mfabozzo (small blind) folded before Flop
Seat 3: Joker007r (big blind) collected ($1)
Seat 4: rao999 folded before Flop (didn't bet)
Seat 5: ReVeu710 folded before Flop (didn't bet)
Seat 6: VahTang_89 folded before Flop (didn't bet)



PokerStars Hand #254687958942:  Hold'em No Limit ($0.50/$1.00 USD) - 2025/02/03 16:01:34 WET [2025/02/03 11:01:34 ET]
Table 'Gaea' 6-max Seat #2 is the button
Seat 1: steepfell ($105.15 in chips) 
Seat 2: Mfabozzo ($50.11 in chips) 
Seat 3: Joker007r ($150.47 in chips) 
Seat 4: rao999 ($101.50 in chips) 
Seat 5: ReVeu710 ($258.31 in chips) 
Seat 6: VahTang_89 ($100 in chips) 
Joker007r: posts small blind $0.50
rao999: posts big blind $1
*** HOLE CARDS ***
ReVeu710: folds 
VahTang_89: folds 
steepfell: folds 
Mfabozzo: raises $2 to $3
Joker007r: folds 
rao999: calls $2
*** FLOP *** [9d 6s 3c]
rao999: checks 
Mfabozzo: checks 
*** TURN *** [9d 6s 3c] [4c]
rao999: bets $8.50
Mfabozzo: folds 
Uncalled bet ($8.50) returned to rao999
rao999 collected $6.18 from pot
rao999: doesn't show hand 
*** SUMMARY ***
Total pot $6.50 | Rake $0.32 
Board [9d 6s 3c 4c]
Seat 1: steepfell folded before Flop (didn't bet)
Seat 2: Mfabozzo (button) folded on the Turn
Seat 3: Joker007r (small blind) folded before Flop
Seat 4: rao999 (big blind) collected ($6.18)
Seat 5: ReVeu710 folded before Flop (didn't bet)
Seat 6: VahTang_89 folded before Flop (didn't bet)



PokerStars Hand #254687965598:  Hold'em No Limit ($0.50/$1.00 USD) - 2025/02/03 16:02:06 WET [2025/02/03 11:02:06 ET]
Table 'Gaea' 6-max Seat #3 is the button
Seat 1: steepfell ($105.15 in chips) 
Seat 2: Mfabozzo ($47.11 in chips) 
Seat 3: Joker007r ($149.97 in chips) 
Seat 4: rao999 ($104.68 in chips) 
Seat 5: ReVeu710 ($258.31 in chips) 
Seat 6: VahTang_89 ($100 in chips) 
rao999: posts small blind $0.50
ReVeu710: posts big blind $1
*** HOLE CARDS ***
VahTang_89: folds 
steepfell: folds 
Mfabozzo: folds 
Joker007r: raises $1.50 to $2.50
rao999: folds 
ReVeu710: calls $1.50
*** FLOP *** [Qh 3h 9d]
ReVeu710: checks 
Joker007r: checks 
*** TURN *** [Qh 3h 9d] [6d]
ReVeu710: checks 
Joker007r: checks 
*** RIVER *** [Qh 3h 9d 6d] [9h]
ReVeu710: checks 
Joker007r: bets $2.71
ReVeu710: folds 
Uncalled bet ($2.71) returned to Joker007r
Joker007r collected $5.22 from pot
Joker007r: doesn't show hand 
*** SUMMARY ***
Total pot $5.50 | Rake $0.28 
Board [Qh 3h 9d 6d 9h]
Seat 1: steepfell folded before Flop (didn't bet)
Seat 2: Mfabozzo folded before Flop (didn't bet)
Seat 3: Joker007r (button) collected ($5.22)
Seat 4: rao999 (small blind) folded before Flop
Seat 5: ReVeu710 (big blind) folded on the River
Seat 6: VahTang_89 folded before Flop (didn't bet)



PokerStars Hand #254687973112:  Hold'em No Limit ($0.50/$1.00 USD) - 2025/02/03 16:02:42 WET [2025/02/03 11:02:42 ET]
Table 'Gaea' 6-max Seat #4 is the button
Seat 1: steepfell ($105.15 in chips) 
Seat 2: Mfabozzo ($68.18 in chips) 
Seat 3: Joker007r ($152.69 in chips) 
Seat 4: rao999 ($104.18 in chips) 
Seat 5: ReVeu710 ($255.81 in chips) 
Seat 6: VahTang_89 ($100 in chips) 
ReVeu710: posts small blind $0.50
VahTang_89: posts big blind $1
*** HOLE CARDS ***
steepfell: folds 
Mfabozzo: calls $1
Joker007r: folds 
rao999: folds 
ReVeu710: folds 
VahTang_89: checks 
*** FLOP *** [8s 2d Qs]
VahTang_89: checks 
Mfabozzo: checks 
*** TURN *** [8s 2d Qs] [7h]
VahTang_89: checks 
Mfabozzo: checks 
*** RIVER *** [8s 2d Qs 7h] [3s]
VahTang_89: checks 
Mfabozzo: checks 
*** SHOW DOWN ***
VahTang_89: shows [Kh 7c] (a pair of Sevens)
Mfabozzo: mucks hand 
VahTang_89 collected $2.38 from pot
*** SUMMARY ***
Total pot $2.50 | Rake $0.12 
Board [8s 2d Qs 7h 3s]
Seat 1: steepfell folded before Flop (didn't bet)
Seat 2: Mfabozzo mucked
Seat 3: Joker007r folded before Flop (didn't bet)
Seat 4: rao999 (button) folded before Flop (didn't bet)
Seat 5: ReVeu710 (small blind) folded before Flop
Seat 6: VahTang_89 (big blind) showed [Kh 7c] and won ($2.38) with a pair of Sevens



PokerStars Hand #254687978817:  Hold'em No Limit ($0.50/$1.00 USD) - 2025/02/03 16:03:10 WET [2025/02/03 11:03:10 ET]
Table 'Gaea' 6-max Seat #5 is the button
Seat 1: steepfell ($105.15 in chips) 
Seat 2: Mfabozzo ($67.18 in chips) 
Seat 3: Joker007r ($152.69 in chips) 
Seat 4: rao999 ($104.18 in chips) 
Seat 5: ReVeu710 ($255.31 in chips) 
Seat 6: VahTang_89 ($101.38 in chips) 
VahTang_89: posts small blind $0.50
steepfell: posts big blind $1
*** HOLE CARDS ***
Mfabozzo: folds 
Joker007r: folds 
rao999: folds 
ReVeu710: raises $1.50 to $2.50
VahTang_89: folds 
steepfell: folds 
Uncalled bet ($1.50) returned to ReVeu710
ReVeu710 collected $2.50 from pot
ReVeu710: doesn't show hand 
*** SUMMARY ***
Total pot $2.50 | Rake $0 
Seat 1: steepfell (big blind) folded before Flop
Seat 2: Mfabozzo folded before Flop (didn't bet)
Seat 3: Joker007r folded before Flop (didn't bet)
Seat 4: rao999 folded before Flop (didn't bet)
Seat 5: ReVeu710 (button) collected ($2.50)
Seat 6: VahTang_89 (small blind) folded before Flop



PokerStars Hand #254687981821:  Hold'em No Limit ($0.50/$1.00 USD) - 2025/02/03 16:03:24 WET [2025/02/03 11:03:24 ET]
Table 'Gaea' 6-max Seat #6 is the button
Seat 1: steepfell ($104.15 in chips) 
Seat 2: Mfabozzo ($67.18 in chips) 
Seat 3: Joker007r ($152.69 in chips) 
Seat 4: rao999 ($104.18 in chips) 
Seat 5: ReVeu710 ($256.81 in chips) 
Seat 6: VahTang_89 ($100.88 in chips) 
steepfell: posts small blind $0.50
Mfabozzo: posts big blind $1
*** HOLE CARDS ***
Joker007r: raises $1.38 to $2.38
rao999: folds 
ReVeu710: calls $2.38
VahTang_89: calls $2.38
steepfell: folds 
Mfabozzo: folds 
*** FLOP *** [Jd Kh Ts]
Joker007r: checks 
ReVeu710: checks 
VahTang_89: checks 
*** TURN *** [Jd Kh Ts] [4h]
Joker007r: checks 
ReVeu710: bets $2.71
VahTang_89: raises $6.42 to $9.13
Joker007r: raises $18.26 to $27.39
ReVeu710: folds 
VahTang_89: folds 
Uncalled bet ($18.26) returned to Joker007r
Joker007r collected $28.13 from pot
Joker007r: doesn't show hand 
*** SUMMARY ***
Total pot $29.61 | Rake $1.48 
Board [Jd Kh Ts 4h]
Seat 1: steepfell (small blind) folded before Flop
Seat 2: Mfabozzo (big blind) folded before Flop
Seat 3: Joker007r collected ($28.13)
Seat 4: rao999 folded before Flop (didn't bet)
Seat 5: ReVeu710 folded on the Turn
Seat 6: VahTang_89 (button) folded on the Turn



PokerStars Hand #254687997041:  Hold'em No Limit ($0.50/$1.00 USD) - 2025/02/03 16:04:36 WET [2025/02/03 11:04:36 ET]
Table 'Gaea' 6-max Seat #1 is the button
Seat 1: steepfell ($103.65 in chips) 
Seat 2: Mfabozzo ($66.18 in chips) 
Seat 3: Joker007r ($169.31 in chips) 
Seat 4: rao999 ($104.18 in chips) 
Seat 5: ReVeu710 ($251.72 in chips) 
Seat 6: VahTang_89 ($100 in chips) 
Mfabozzo: posts small blind $0.50
Joker007r: posts big blind $1
*** HOLE CARDS ***
rao999: raises $1.50 to $2.50
ReVeu710: folds 
VahTang_89: folds 
steepfell: folds 
Mfabozzo: calls $2
Joker007r: folds 
*** FLOP *** [4s 7c 2h]
Mfabozzo: checks 
rao999: checks 
*** TURN *** [4s 7c 2h] [6s]
Mfabozzo: checks 
rao999: checks 
*** RIVER *** [4s 7c 2h 6s] [Qd]
Mfabozzo: bets $5.70
rao999: folds 
Uncalled bet ($5.70) returned to Mfabozzo
Mfabozzo collected $5.70 from pot
Mfabozzo: doesn't show hand 
*** SUMMARY ***
Total pot $6 | Rake $0.30 
Board [4s 7c 2h 6s Qd]
Seat 1: steepfell (button) folded before Flop (didn't bet)
Seat 2: Mfabozzo (small blind) collected ($5.70)
Seat 3: Joker007r (big blind) folded before Flop
Seat 4: rao999 folded on the River
Seat 5: ReVeu710 folded before Flop (didn't bet)
Seat 6: VahTang_89 folded before Flop (didn't bet)



PokerStars Hand #254688001982:  Hold'em No Limit ($0.50/$1.00 USD) - 2025/02/03 16:04:59 WET [2025/02/03 11:04:59 ET]
Table 'Gaea' 6-max Seat #2 is the button
Seat 1: steepfell ($103.65 in chips) 
Seat 2: Mfabozzo ($69.38 in chips) 
Seat 3: Joker007r ($168.31 in chips) 
Seat 4: rao999 ($101.68 in chips) 
Seat 5: ReVeu710 ($251.72 in chips) 
Seat 6: VahTang_89 ($100 in chips) 
Joker007r: posts small blind $0.50
rao999: posts big blind $1
*** HOLE CARDS ***
ReVeu710: folds 
VahTang_89: folds 
steepfell: raises $1.50 to $2.50
Mfabozzo: folds 
Joker007r: folds 
rao999: folds 
Uncalled bet ($1.50) returned to steepfell
steepfell collected $2.50 from pot
steepfell: doesn't show hand 
*** SUMMARY ***
Total pot $2.50 | Rake $0 
Seat 1: steepfell collected ($2.50)
Seat 2: Mfabozzo (button) folded before Flop (didn't bet)
Seat 3: Joker007r (small blind) folded before Flop
Seat 4: rao999 (big blind) folded before Flop
Seat 5: ReVeu710 folded before Flop (didn't bet)
Seat 6: VahTang_89 folded before Flop (didn't bet)



PokerStars Hand #254688004346:  Hold'em No Limit ($0.50/$1.00 USD) - 2025/02/03 16:05:10 WET [2025/02/03 11:05:10 ET]
Table 'Gaea' 6-max Seat #3 is the button
Seat 1: steepfell ($105.15 in chips) 
Seat 2: Mfabozzo ($69.38 in chips) 
Seat 3: Joker007r ($167.81 in chips) 
Seat 4: rao999 ($100.68 in chips) 
Seat 5: ReVeu710 ($251.72 in chips) 
Seat 6: VahTang_89 ($100 in chips) 
rao999: posts small blind $0.50
ReVeu710: posts big blind $1
*** HOLE CARDS ***
VahTang_89: raises $1.20 to $2.20
steepfell: folds 
Mfabozzo: folds 
Joker007r: folds 
rao999: folds 
ReVeu710: folds 
Uncalled bet ($1.20) returned to VahTang_89
VahTang_89 collected $2.50 from pot
VahTang_89: doesn't show hand 
*** SUMMARY ***
Total pot $2.50 | Rake $0 
Seat 1: steepfell folded before Flop (didn't bet)
Seat 2: Mfabozzo folded before Flop (didn't bet)
Seat 3: Joker007r (button) folded before Flop (didn't bet)
Seat 4: rao999 (small blind) folded before Flop
Seat 5: ReVeu710 (big blind) folded before Flop
Seat 6: VahTang_89 collected ($2.50)



PokerStars Hand #254688006499:  Hold'em No Limit ($0.50/$1.00 USD) - 2025/02/03 16:05:20 WET [2025/02/03 11:05:20 ET]
Table 'Gaea' 6-max Seat #4 is the button
Seat 2: Mfabozzo ($69.38 in chips) is sitting out
Seat 1: steepfell ($105.15 in chips) 
Seat 3: Joker007r ($167.81 in chips) 
Seat 4: rao999 ($100.18 in chips) 
Seat 5: ReVeu710 ($250.72 in chips) 
Seat 6: VahTang_89 ($101.50 in chips) 
ReVeu710: posts small blind $0.50
VahTang_89: posts big blind $1
*** HOLE CARDS ***
steepfell: folds 
Joker007r: folds 
rao999: folds 
ReVeu710: folds 
Uncalled bet ($0.50) returned to VahTang_89
VahTang_89 collected $1 from pot
VahTang_89: doesn't show hand 
*** SUMMARY ***
Total pot $1 | Rake $0 
Seat 2: Mfabozzo
Seat 1: steepfell folded before Flop (didn't bet)
Seat 3: Joker007r folded before Flop (didn't bet)
Seat 4: rao999 (button) folded before Flop (didn't bet)
Seat 5: ReVeu710 (small blind) folded before Flop
Seat 6: VahTang_89 (big blind) collected ($1)



PokerStars Hand #254688009290:  Hold'em No Limit ($0.50/$1.00 USD) - 2025/02/03 16:05:33 WET [2025/02/03 11:05:33 ET]
Table 'Gaea' 6-max Seat #5 is the button
Seat 2: Mfabozzo ($69.38 in chips) is sitting out
Seat 1: steepfell ($105.15 in chips) 
Seat 3: Joker007r ($167.81 in chips) 
Seat 4: rao999 ($100.18 in chips) 
Seat 5: ReVeu710 ($250.22 in chips) 
Seat 6: VahTang_89 ($102 in chips) 
VahTang_89: posts small blind $0.50
steepfell: posts big blind $1
*** HOLE CARDS ***
Joker007r: folds 
rao999: folds 
ReVeu710: folds 
VahTang_89: folds 
Uncalled bet ($0.50) returned to steepfell
steepfell collected $1 from pot
steepfell: doesn't show hand 
*** SUMMARY ***
Total pot $1 | Rake $0 
Seat 2: Mfabozzo
Seat 1: steepfell (big blind) collected ($1)
Seat 3: Joker007r folded before Flop (didn't bet)
Seat 4: rao999 folded before Flop (didn't bet)
Seat 5: ReVeu710 (button) folded before Flop (didn't bet)
Seat 6: VahTang_89 (small blind) folded before Flop



PokerStars Hand #254688012510:  Hold'em No Limit ($0.50/$1.00 USD) - 2025/02/03 16:05:48 WET [2025/02/03 11:05:48 ET]
Table 'Gaea' 6-max Seat #6 is the button
Seat 2: Mfabozzo ($69.38 in chips) is sitting out
Seat 1: steepfell ($105.65 in chips) 
Seat 3: Joker007r ($167.81 in chips) 
Seat 4: rao999 ($100.18 in chips) 
Seat 5: ReVeu710 ($250.22 in chips) 
Seat 6: VahTang_89 ($101.50 in chips) 
steepfell: posts small blind $0.50
Joker007r: posts big blind $1
*** HOLE CARDS ***
rao999: folds 
ReVeu710: folds 
VahTang_89: folds 
steepfell: raises $2 to $3
Joker007r: folds 
Uncalled bet ($2) returned to steepfell
steepfell collected $2 from pot
steepfell: doesn't show hand 
*** SUMMARY ***
Total pot $2 | Rake $0 
Seat 2: Mfabozzo
Seat 1: steepfell (small blind) collected ($2)
Seat 3: Joker007r (big blind) folded before Flop
Seat 4: rao999 folded before Flop (didn't bet)
Seat 5: ReVeu710 folded before Flop (didn't bet)
Seat 6: VahTang_89 (button) folded before Flop (didn't bet)



PokerStars Hand #254688014798:  Hold'em No Limit ($0.50/$1.00 USD) - 2025/02/03 16:05:59 WET [2025/02/03 11:05:59 ET]
Table 'Gaea' 6-max Seat #1 is the button
Seat 2: Mfabozzo ($69.38 in chips) is sitting out
Seat 4: rao999 ($100.18 in chips) is sitting out
Seat 1: steepfell ($106.65 in chips) 
Seat 3: Joker007r ($166.81 in chips) 
Seat 5: ReVeu710 ($250.22 in chips) 
Seat 6: VahTang_89 ($101.50 in chips) 
Joker007r: posts small blind $0.50
rao999: is sitting out 
ReVeu710: posts big blind $1
*** HOLE CARDS ***
VahTang_89: raises $1.20 to $2.20
steepfell: folds 
Joker007r: folds 
ReVeu710: folds 
Uncalled bet ($1.20) returned to VahTang_89
VahTang_89 collected $2.50 from pot
*** SUMMARY ***
Total pot $2.50 | Rake $0 
Seat 2: Mfabozzo
Seat 4: rao999
Seat 1: steepfell (button) folded before Flop (didn't bet)
Seat 3: Joker007r (small blind) folded before Flop
Seat 5: ReVeu710 (big blind) folded before Flop
Seat 6: VahTang_89 collected ($2.50)



PokerStars Hand #254688016682:  Hold'em No Limit ($0.50/$1.00 USD) - 2025/02/03 16:06:08 WET [2025/02/03 11:06:08 ET]
Table 'Gaea' 6-max Seat #3 is the button
Seat 4: rao999 ($100.18 in chips) is sitting out
Seat 1: steepfell ($106.65 in chips) 
Seat 2: Mfabozzo ($69.38 in chips) 
Seat 3: Joker007r ($166.31 in chips) 
Seat 5: ReVeu710 ($249.22 in chips) 
Seat 6: VahTang_89 ($103 in chips) 
ReVeu710: posts small blind $0.50
VahTang_89: posts big blind $1
Mfabozzo: posts small & big blinds $1.50
*** HOLE CARDS ***
steepfell: folds 
Mfabozzo: checks 
Joker007r: folds 
ReVeu710: calls $0.50
VahTang_89: checks 
*** FLOP *** [2s 2h 7c]
ReVeu710: bets $1.79
VahTang_89: folds 
Mfabozzo: calls $1.79
*** TURN *** [2s 2h 7c] [Ts]
ReVeu710: checks 
Mfabozzo: checks 
*** RIVER *** [2s 2h 7c Ts] [Ac]
ReVeu710: checks 
Mfabozzo: checks 
*** SHOW DOWN ***
ReVeu710: shows [9s 7s] (two pair, Sevens and Deuces)
Mfabozzo: shows [7d 4s] (two pair, Sevens and Deuces)
ReVeu710 collected $3.37 from pot
Mfabozzo collected $3.36 from pot
*** SUMMARY ***
Total pot $7.08 | Rake $0.35 
Board [2s 2h 7c Ts Ac]
Seat 4: rao999
Seat 1: steepfell folded before Flop (didn't bet)
Seat 2: Mfabozzo showed [7d 4s] and won ($3.36) with two pair, Sevens and Deuces
Seat 3: Joker007r (button) folded before Flop (didn't bet)
Seat 5: ReVeu710 (small blind) showed [9s 7s] and won ($3.37) with two pair, Sevens and Deuces
Seat 6: VahTang_89 (big blind) folded on the Flop



PokerStars Hand #254688025580:  Hold'em No Limit ($0.50/$1.00 USD) - 2025/02/03 16:06:50 WET [2025/02/03 11:06:50 ET]
Table 'Gaea' 6-max Seat #5 is the button
Seat 4: rao999 ($100.18 in chips) is sitting out
Seat 1: steepfell ($106.65 in chips) 
Seat 2: Mfabozzo ($69.45 in chips) 
Seat 3: Joker007r ($166.31 in chips) 
Seat 5: ReVeu710 ($249.80 in chips) 
Seat 6: VahTang_89 ($102 in chips) 
VahTang_89: posts small blind $0.50
steepfell: posts big blind $1
rao999: sits out 
*** HOLE CARDS ***
Mfabozzo: calls $1
Joker007r: folds 
ReVeu710: folds 
VahTang_89: raises $3.50 to $4.50
steepfell: folds 
Mfabozzo: calls $3.50
*** FLOP *** [Ac 5d 3h]
VahTang_89: bets $3.14
Mfabozzo: calls $3.14
*** TURN *** [Ac 5d 3h] [Ts]
VahTang_89: bets $7.74
Mfabozzo: folds 
Uncalled bet ($7.74) returned to VahTang_89
VahTang_89 collected $15.47 from pot
VahTang_89: doesn't show hand 
*** SUMMARY ***
Total pot $16.28 | Rake $0.81 
Board [Ac 5d 3h Ts]
Seat 4: rao999
Seat 1: steepfell (big blind) folded before Flop
Seat 2: Mfabozzo folded on the Turn
Seat 3: Joker007r folded before Flop (didn't bet)
Seat 5: ReVeu710 (button) folded before Flop (didn't bet)
Seat 6: VahTang_89 (small blind) collected ($15.47)



PokerStars Hand #254688032489:  Hold'em No Limit ($0.50/$1.00 USD) - 2025/02/03 16:07:22 WET [2025/02/03 11:07:22 ET]
Table 'Gaea' 6-max Seat #6 is the button
Seat 4: rao999 ($100.18 in chips) is sitting out
Seat 5: ReVeu710 ($249.80 in chips) is sitting out
Seat 1: steepfell ($105.65 in chips) 
Seat 2: Mfabozzo ($61.81 in chips) 
Seat 3: Joker007r ($166.31 in chips) 
Seat 6: VahTang_89 ($109.83 in chips) 
steepfell: posts small blind $0.50
Mfabozzo: posts big blind $1
rao999: sits out 
*** HOLE CARDS ***
Joker007r: raises $1.38 to $2.38
VahTang_89: folds 
steepfell: folds 
Mfabozzo: folds 
Uncalled bet ($1.38) returned to Joker007r
Joker007r collected $2.50 from pot
Joker007r: doesn't show hand 
*** SUMMARY ***
Total pot $2.50 | Rake $0 
Seat 4: rao999
Seat 5: ReVeu710
Seat 1: steepfell (small blind) folded before Flop
Seat 2: Mfabozzo (big blind) folded before Flop
Seat 3: Joker007r collected ($2.50)
Seat 6: VahTang_89 (button) folded before Flop (didn't bet)



PokerStars Hand #254688035104:  Hold'em No Limit ($0.50/$1.00 USD) - 2025/02/03 16:07:34 WET [2025/02/03 11:07:34 ET]
Table 'Gaea' 6-max Seat #1 is the button
Seat 4: rao999 ($100.18 in chips) is sitting out
Seat 5: ReVeu710 ($249.80 in chips) is sitting out
Seat 1: steepfell ($105.15 in chips) 
Seat 2: Mfabozzo ($60.81 in chips) 
Seat 3: Joker007r ($167.81 in chips) 
Seat 6: VahTang_89 ($109.83 in chips) 
Mfabozzo: posts small blind $0.50
Joker007r: posts big blind $1
rao999: sits out 
*** HOLE CARDS ***
VahTang_89: raises $1.20 to $2.20
steepfell: raises $5.80 to $8
Mfabozzo: folds 
Joker007r: folds 
VahTang_89: folds 
Uncalled bet ($5.80) returned to steepfell
steepfell collected $5.90 from pot
steepfell: doesn't show hand 
*** SUMMARY ***
Total pot $5.90 | Rake $0 
Seat 4: rao999
Seat 5: ReVeu710
Seat 1: steepfell (button) collected ($5.90)
Seat 2: Mfabozzo (small blind) folded before Flop
Seat 3: Joker007r (big blind) folded before Flop
Seat 6: VahTang_89 folded before Flop



PokerStars Hand #254688037974:  Hold'em No Limit ($0.50/$1.00 USD) - 2025/02/03 16:07:48 WET [2025/02/03 11:07:48 ET]
Table 'Gaea' 6-max Seat #2 is the button
Seat 5: ReVeu710 ($249.80 in chips) is sitting out
Seat 1: steepfell ($108.85 in chips) 
Seat 2: Mfabozzo ($60.31 in chips) 
Seat 3: Joker007r ($166.81 in chips) 
Seat 4: rao999 ($100.18 in chips) 
Seat 6: VahTang_89 ($107.63 in chips) 
Joker007r: posts small blind $0.50
rao999: posts big blind $1
*** HOLE CARDS ***
VahTang_89: folds 
steepfell: folds 
Mfabozzo: raises $2.50 to $3.50
Joker007r: folds 
rao999: folds 
Uncalled bet ($2.50) returned to Mfabozzo
Mfabozzo collected $2.50 from pot
Mfabozzo: doesn't show hand 
*** SUMMARY ***
Total pot $2.50 | Rake $0 
Seat 5: ReVeu710
Seat 1: steepfell folded before Flop (didn't bet)
Seat 2: Mfabozzo (button) collected ($2.50)
Seat 3: Joker007r (small blind) folded before Flop
Seat 4: rao999 (big blind) folded before Flop
Seat 6: VahTang_89 folded before Flop (didn't bet)



PokerStars Hand #254688041418:  Hold'em No Limit ($0.50/$1.00 USD) - 2025/02/03 16:08:04 WET [2025/02/03 11:08:04 ET]
Table 'Gaea' 6-max Seat #3 is the button
Seat 5: ReVeu710 ($249.80 in chips) is sitting out
Seat 1: steepfell ($108.85 in chips) 
Seat 2: Mfabozzo ($61.81 in chips) 
Seat 3: Joker007r ($166.31 in chips) 
Seat 4: rao999 ($100 in chips) 
Seat 6: VahTang_89 ($107.63 in chips) 
rao999: posts small blind $0.50
VahTang_89: posts big blind $1
*** HOLE CARDS ***
steepfell: folds 
Mfabozzo: raises $2.50 to $3.50
Joker007r: folds 
rao999: folds 
VahTang_89: folds 
Uncalled bet ($2.50) returned to Mfabozzo
Mfabozzo collected $2.50 from pot
Mfabozzo: doesn't show hand 
*** SUMMARY ***
Total pot $2.50 | Rake $0 
Seat 5: ReVeu710
Seat 1: steepfell folded before Flop (didn't bet)
Seat 2: Mfabozzo collected ($2.50)
Seat 3: Joker007r (button) folded before Flop (didn't bet)
Seat 4: rao999 (small blind) folded before Flop
Seat 6: VahTang_89 (big blind) folded before Flop



PokerStars Hand #254688098258:  Hold'em No Limit ($0.50/$1.00 USD) - 2025/02/03 16:12:31 WET [2025/02/03 11:12:31 ET]
Table 'Gaea' 6-max Seat #3 is the button
Seat 1: steepfell ($119.63 in chips) 
Seat 2: Mfabozzo ($95.53 in chips) 
Seat 3: Joker007r ($114.60 in chips) 
Seat 4: rao999 ($107.04 in chips) 
Seat 5: ReVeu710 ($247.30 in chips) 
Seat 6: VahTang_89 ($106.43 in chips) 
rao999: posts small blind $0.50
ReVeu710: posts big blind $1
*** HOLE CARDS ***
VahTang_89: folds 
steepfell: folds 
Mfabozzo: folds 
Joker007r: folds 
rao999: raises $2 to $3
ReVeu710: raises $7 to $10
rao999: folds 
Uncalled bet ($7) returned to ReVeu710
ReVeu710 collected $6 from pot
ReVeu710: doesn't show hand 
*** SUMMARY ***
Total pot $6 | Rake $0 
Seat 1: steepfell folded before Flop (didn't bet)
Seat 2: Mfabozzo folded before Flop (didn't bet)
Seat 3: Joker007r (button) folded before Flop (didn't bet)
Seat 4: rao999 (small blind) folded before Flop
Seat 5: ReVeu710 (big blind) collected ($6)
Seat 6: VahTang_89 folded before Flop (didn't bet)



PokerStars Hand #254688106006:  Hold'em No Limit ($0.50/$1.00 USD) - 2025/02/03 16:13:07 WET [2025/02/03 11:13:07 ET]
Table 'Gaea' 6-max Seat #4 is the button
Seat 1: steepfell ($119.63 in chips) 
Seat 2: Mfabozzo ($95.53 in chips) 
Seat 3: Joker007r ($114.60 in chips) 
Seat 4: rao999 ($104.04 in chips) 
Seat 5: ReVeu710 ($250.30 in chips) 
Seat 6: VahTang_89 ($106.43 in chips) 
ReVeu710: posts small blind $0.50
VahTang_89: posts big blind $1
*** HOLE CARDS ***
steepfell: folds 
Mfabozzo: folds 
Joker007r: folds 
rao999: folds 
ReVeu710: folds 
Uncalled bet ($0.50) returned to VahTang_89
VahTang_89 collected $1 from pot
VahTang_89: doesn't show hand 
*** SUMMARY ***
Total pot $1 | Rake $0 
Seat 1: steepfell folded before Flop (didn't bet)
Seat 2: Mfabozzo folded before Flop (didn't bet)
Seat 3: Joker007r folded before Flop (didn't bet)
Seat 4: rao999 (button) folded before Flop (didn't bet)
Seat 5: ReVeu710 (small blind) folded before Flop
Seat 6: VahTang_89 (big blind) collected ($1)



PokerStars Hand #254688110158:  Hold'em No Limit ($0.50/$1.00 USD) - 2025/02/03 16:13:27 WET [2025/02/03 11:13:27 ET]
Table 'Gaea' 6-max Seat #5 is the button
Seat 1: steepfell ($119.63 in chips) 
Seat 2: Mfabozzo ($95.53 in chips) 
Seat 3: Joker007r ($114.60 in chips) 
Seat 4: rao999 ($104.04 in chips) 
Seat 5: ReVeu710 ($249.80 in chips) 
Seat 6: VahTang_89 ($106.93 in chips) 
VahTang_89: posts small blind $0.50
steepfell: posts big blind $1
*** HOLE CARDS ***
Mfabozzo: calls $1
Joker007r: raises $4 to $5
rao999: folds 
ReVeu710: folds 
VahTang_89: folds 
steepfell: folds 
Mfabozzo: calls $4
*** FLOP *** [2c 5c Qd]
Mfabozzo: checks 
Joker007r: checks 
*** TURN *** [2c 5c Qd] [8c]
Mfabozzo: checks 
Joker007r: bets $3.60
Mfabozzo: calls $3.60
*** RIVER *** [2c 5c Qd 8c] [Jd]
Mfabozzo: checks 
Joker007r: bets $5.86
Mfabozzo: raises $7.86 to $13.72
Joker007r: calls $7.86
*** SHOW DOWN ***
Mfabozzo: shows [2s As] (a pair of Deuces)
Joker007r: shows [Ts Qs] (a pair of Queens)
Joker007r collected $43.83 from pot
*** SUMMARY ***
Total pot $46.14 | Rake $2.31 
Board [2c 5c Qd 8c Jd]
Seat 1: steepfell (big blind) folded before Flop
Seat 2: Mfabozzo showed [2s As] and lost with a pair of Deuces
Seat 3: Joker007r showed [Ts Qs] and won ($43.83) with a pair of Queens
Seat 4: rao999 folded before Flop (didn't bet)
Seat 5: ReVeu710 (button) folded before Flop (didn't bet)
Seat 6: VahTang_89 (small blind) folded before Flop



PokerStars Hand #254688119410:  Hold'em No Limit ($0.50/$1.00 USD) - 2025/02/03 16:14:10 WET [2025/02/03 11:14:10 ET]
Table 'Gaea' 6-max Seat #6 is the button
Seat 1: steepfell ($118.63 in chips) 
Seat 2: Mfabozzo ($73.21 in chips) 
Seat 3: Joker007r ($136.11 in chips) 
Seat 4: rao999 ($104.04 in chips) 
Seat 5: ReVeu710 ($249.80 in chips) 
Seat 6: VahTang_89 ($106.43 in chips) 
steepfell: posts small blind $0.50
Mfabozzo: posts big blind $1
*** HOLE CARDS ***
Joker007r: folds 
rao999: raises $1.50 to $2.50
ReVeu710: folds 
VahTang_89: folds 
steepfell: folds 
Mfabozzo: folds 
Uncalled bet ($1.50) returned to rao999
rao999 collected $2.50 from pot
rao999: doesn't show hand 
*** SUMMARY ***
Total pot $2.50 | Rake $0 
Seat 1: steepfell (small blind) folded before Flop
Seat 2: Mfabozzo (big blind) folded before Flop
Seat 3: Joker007r folded before Flop (didn't bet)
Seat 4: rao999 collected ($2.50)
Seat 5: ReVeu710 folded before Flop (didn't bet)
Seat 6: VahTang_89 (button) folded before Flop (didn't bet)



PokerStars Hand #254688121711:  Hold'em No Limit ($0.50/$1.00 USD) - 2025/02/03 16:14:21 WET [2025/02/03 11:14:21 ET]
Table 'Gaea' 6-max Seat #1 is the button
Seat 1: steepfell ($118.13 in chips) 
Seat 2: Mfabozzo ($72.21 in chips) 
Seat 3: Joker007r ($136.11 in chips) 
Seat 4: rao999 ($105.54 in chips) 
Seat 5: ReVeu710 ($249.80 in chips) 
Seat 6: VahTang_89 ($106.43 in chips) 
Mfabozzo: posts small blind $0.50
Joker007r: posts big blind $1
*** HOLE CARDS ***
rao999: folds 
ReVeu710: raises $1 to $2
VahTang_89: folds 
steepfell: folds 
Mfabozzo: folds 
Joker007r: folds 
Uncalled bet ($1) returned to ReVeu710
ReVeu710 collected $2.50 from pot
ReVeu710: doesn't show hand 
*** SUMMARY ***
Total pot $2.50 | Rake $0 
Seat 1: steepfell (button) folded before Flop (didn't bet)
Seat 2: Mfabozzo (small blind) folded before Flop
Seat 3: Joker007r (big blind) folded before Flop
Seat 4: rao999 folded before Flop (didn't bet)
Seat 5: ReVeu710 collected ($2.50)
Seat 6: VahTang_89 folded before Flop (didn't bet)



PokerStars Hand #254688125986:  Hold'em No Limit ($0.50/$1.00 USD) - 2025/02/03 16:14:41 WET [2025/02/03 11:14:41 ET]
Table 'Gaea' 6-max Seat #2 is the button
Seat 1: steepfell ($118.13 in chips) 
Seat 2: Mfabozzo ($71.71 in chips) 
Seat 3: Joker007r ($135.11 in chips) 
Seat 4: rao999 ($105.54 in chips) 
Seat 5: ReVeu710 ($251.30 in chips) 
Seat 6: VahTang_89 ($106.43 in chips) 
Joker007r: posts small blind $0.50
rao999: posts big blind $1
*** HOLE CARDS ***
ReVeu710: folds 
VahTang_89: folds 
steepfell: folds 
Mfabozzo: raises $2 to $3
Joker007r: folds 
rao999: folds 
Uncalled bet ($2) returned to Mfabozzo
Mfabozzo collected $2.50 from pot
Mfabozzo: doesn't show hand 
*** SUMMARY ***
Total pot $2.50 | Rake $0 
Seat 1: steepfell folded before Flop (didn't bet)
Seat 2: Mfabozzo (button) collected ($2.50)
Seat 3: Joker007r (small blind) folded before Flop
Seat 4: rao999 (big blind) folded before Flop
Seat 5: ReVeu710 folded before Flop (didn't bet)
Seat 6: VahTang_89 folded before Flop (didn't bet)



PokerStars Hand #254688130286:  Hold'em No Limit ($0.50/$1.00 USD) - 2025/02/03 16:15:01 WET [2025/02/03 11:15:01 ET]
Table 'Gaea' 6-max Seat #3 is the button
Seat 1: steepfell ($118.13 in chips) 
Seat 2: Mfabozzo ($73.21 in chips) 
Seat 3: Joker007r ($134.61 in chips) 
Seat 4: rao999 ($104.54 in chips) 
Seat 5: ReVeu710 ($251.30 in chips) 
Seat 6: VahTang_89 ($106.43 in chips) 
rao999: posts small blind $0.50
ReVeu710: posts big blind $1
*** HOLE CARDS ***
VahTang_89: folds 
steepfell: folds 
Mfabozzo: folds 
Joker007r: folds 
rao999: raises $2 to $3
ReVeu710: folds 
Uncalled bet ($2) returned to rao999
rao999 collected $2 from pot
rao999: doesn't show hand 
*** SUMMARY ***
Total pot $2 | Rake $0 
Seat 1: steepfell folded before Flop (didn't bet)
Seat 2: Mfabozzo folded before Flop (didn't bet)
Seat 3: Joker007r (button) folded before Flop (didn't bet)
Seat 4: rao999 (small blind) collected ($2)
Seat 5: ReVeu710 (big blind) folded before Flop
Seat 6: VahTang_89 folded before Flop (didn't bet)



PokerStars Hand #254688132932:  Hold'em No Limit ($0.50/$1.00 USD) - 2025/02/03 16:15:13 WET [2025/02/03 11:15:13 ET]
Table 'Gaea' 6-max Seat #4 is the button
Seat 1: steepfell ($118.13 in chips) 
Seat 2: Mfabozzo ($73.21 in chips) 
Seat 3: Joker007r ($134.61 in chips) 
Seat 4: rao999 ($105.54 in chips) 
Seat 5: ReVeu710 ($250.30 in chips) 
Seat 6: VahTang_89 ($106.43 in chips) 
ReVeu710: posts small blind $0.50
VahTang_89: posts big blind $1
*** HOLE CARDS ***
steepfell: folds 
Mfabozzo: folds 
Joker007r: folds 
rao999: folds 
ReVeu710: folds 
Uncalled bet ($0.50) returned to VahTang_89
VahTang_89 collected $1 from pot
VahTang_89: doesn't show hand 
*** SUMMARY ***
Total pot $1 | Rake $0 
Seat 1: steepfell folded before Flop (didn't bet)
Seat 2: Mfabozzo folded before Flop (didn't bet)
Seat 3: Joker007r folded before Flop (didn't bet)
Seat 4: rao999 (button) folded before Flop (didn't bet)
Seat 5: ReVeu710 (small blind) folded before Flop
Seat 6: VahTang_89 (big blind) collected ($1)



PokerStars Hand #254688136336:  Hold'em No Limit ($0.50/$1.00 USD) - 2025/02/03 16:15:29 WET [2025/02/03 11:15:29 ET]
Table 'Gaea' 6-max Seat #5 is the button
Seat 1: steepfell ($118.13 in chips) 
Seat 2: Mfabozzo ($73.21 in chips) 
Seat 3: Joker007r ($134.61 in chips) 
Seat 4: rao999 ($105.54 in chips) 
Seat 5: ReVeu710 ($249.80 in chips) 
Seat 6: VahTang_89 ($106.93 in chips) 
VahTang_89: posts small blind $0.50
steepfell: posts big blind $1
*** HOLE CARDS ***
Mfabozzo: folds 
Joker007r: raises $2 to $3
rao999: folds 
ReVeu710: folds 
VahTang_89: folds 
steepfell: calls $2
*** FLOP *** [6d Qd Td]
steepfell: checks 
Joker007r: checks 
*** TURN *** [6d Qd Td] [5c]
steepfell: checks 
Joker007r: checks 
*** RIVER *** [6d Qd Td 5c] [Ks]
steepfell: checks 
Joker007r: bets $4.51
steepfell: folds 
Uncalled bet ($4.51) returned to Joker007r
Joker007r collected $6.18 from pot
Joker007r: doesn't show hand 
*** SUMMARY ***
Total pot $6.50 | Rake $0.32 
Board [6d Qd Td 5c Ks]
Seat 1: steepfell (big blind) folded on the River
Seat 2: Mfabozzo folded before Flop (didn't bet)
Seat 3: Joker007r collected ($6.18)
Seat 4: rao999 folded before Flop (didn't bet)
Seat 5: ReVeu710 (button) folded before Flop (didn't bet)
Seat 6: VahTang_89 (small blind) folded before Flop



PokerStars Hand #254688146101:  Hold'em No Limit ($0.50/$1.00 USD) - 2025/02/03 16:16:15 WET [2025/02/03 11:16:15 ET]
Table 'Gaea' 6-max Seat #6 is the button
Seat 1: steepfell ($115.13 in chips) 
Seat 2: Mfabozzo ($73.21 in chips) 
Seat 3: Joker007r ($137.79 in chips) 
Seat 4: rao999 ($105.54 in chips) 
Seat 5: ReVeu710 ($249.80 in chips) 
Seat 6: VahTang_89 ($106.43 in chips) 
steepfell: posts small blind $0.50
Mfabozzo: posts big blind $1
*** HOLE CARDS ***
Joker007r: folds 
rao999: raises $1.50 to $2.50
ReVeu710: folds 
VahTang_89: folds 
steepfell: folds 
Mfabozzo: calls $1.50
*** FLOP *** [4h Qs 5s]
Mfabozzo: checks 
rao999: bets $1.72
Mfabozzo: calls $1.72
*** TURN *** [4h Qs 5s] [3h]
Mfabozzo: checks 
rao999: bets $2.80
Mfabozzo: calls $2.80
*** RIVER *** [4h Qs 5s 3h] [3d]
Mfabozzo: checks 
rao999: checks 
*** SHOW DOWN ***
Mfabozzo: shows [Js Kc] (a pair of Threes)
rao999: shows [8d 8h] (two pair, Eights and Threes)
rao999 collected $13.81 from pot
*** SUMMARY ***
Total pot $14.54 | Rake $0.73 
Board [4h Qs 5s 3h 3d]
Seat 1: steepfell (small blind) folded before Flop
Seat 2: Mfabozzo (big blind) showed [Js Kc] and lost with a pair of Threes
Seat 3: Joker007r folded before Flop (didn't bet)
Seat 4: rao999 showed [8d 8h] and won ($13.81) with two pair, Eights and Threes
Seat 5: ReVeu710 folded before Flop (didn't bet)
Seat 6: VahTang_89 (button) folded before Flop (didn't bet)



PokerStars Hand #254688153049:  Hold'em No Limit ($0.50/$1.00 USD) - 2025/02/03 16:16:48 WET [2025/02/03 11:16:48 ET]
Table 'Gaea' 6-max Seat #1 is the button
Seat 1: steepfell ($114.63 in chips) 
Seat 2: Mfabozzo ($66.19 in chips) 
Seat 3: Joker007r ($137.79 in chips) 
Seat 4: rao999 ($112.33 in chips) 
Seat 5: ReVeu710 ($249.80 in chips) 
Seat 6: VahTang_89 ($106.43 in chips) 
Mfabozzo: posts small blind $0.50
Joker007r: posts big blind $1
*** HOLE CARDS ***
rao999: folds 
ReVeu710: raises $1 to $2
VahTang_89: folds 
steepfell: folds 
Mfabozzo: folds 
Joker007r: calls $1
*** FLOP *** [Kh 4h Jc]
Joker007r: checks 
ReVeu710: bets $2.61
Joker007r: calls $2.61
*** TURN *** [Kh 4h Jc] [3c]
Joker007r: bets $3.05
ReVeu710: calls $3.05
*** RIVER *** [Kh 4h Jc 3c] [9d]
Joker007r: bets $4.96
ReVeu710: calls $4.96
*** SHOW DOWN ***
Joker007r: shows [Qc Kd] (a pair of Kings)
ReVeu710: mucks hand 
Joker007r collected $24.45 from pot
*** SUMMARY ***
Total pot $25.74 | Rake $1.29 
Board [Kh 4h Jc 3c 9d]
Seat 1: steepfell (button) folded before Flop (didn't bet)
Seat 2: Mfabozzo (small blind) folded before Flop
Seat 3: Joker007r (big blind) showed [Qc Kd] and won ($24.45) with a pair of Kings
Seat 4: rao999 folded before Flop (didn't bet)
Seat 5: ReVeu710 mucked
Seat 6: VahTang_89 folded before Flop (didn't bet)



PokerStars Hand #254688167707:  Hold'em No Limit ($0.50/$1.00 USD) - 2025/02/03 16:17:55 WET [2025/02/03 11:17:55 ET]
Table 'Gaea' 6-max Seat #2 is the button
Seat 1: steepfell ($114.63 in chips) 
Seat 2: Mfabozzo ($65.69 in chips) 
Seat 3: Joker007r ($149.62 in chips) 
Seat 4: rao999 ($112.33 in chips) 
Seat 5: ReVeu710 ($237.18 in chips) 
Seat 6: VahTang_89 ($106.43 in chips) 
Joker007r: posts small blind $0.50
rao999: posts big blind $1
*** HOLE CARDS ***
ReVeu710: folds 
VahTang_89: folds 
steepfell: folds 
Mfabozzo: raises $2 to $3
Joker007r: folds 
rao999: folds 
Uncalled bet ($2) returned to Mfabozzo
Mfabozzo collected $2.50 from pot
Mfabozzo: doesn't show hand 
*** SUMMARY ***
Total pot $2.50 | Rake $0 
Seat 1: steepfell folded before Flop (didn't bet)
Seat 2: Mfabozzo (button) collected ($2.50)
Seat 3: Joker007r (small blind) folded before Flop
Seat 4: rao999 (big blind) folded before Flop
Seat 5: ReVeu710 folded before Flop (didn't bet)
Seat 6: VahTang_89 folded before Flop (didn't bet)



PokerStars Hand #254688171158:  Hold'em No Limit ($0.50/$1.00 USD) - 2025/02/03 16:18:11 WET [2025/02/03 11:18:11 ET]
Table 'Gaea' 6-max Seat #3 is the button
Seat 1: steepfell ($114.63 in chips) 
Seat 2: Mfabozzo ($67.19 in chips) 
Seat 3: Joker007r ($149.12 in chips) 
Seat 4: rao999 ($111.33 in chips) 
Seat 5: ReVeu710 ($237.18 in chips) 
Seat 6: VahTang_89 ($106.43 in chips) 
rao999: posts small blind $0.50
ReVeu710: posts big blind $1
*** HOLE CARDS ***
VahTang_89: folds 
steepfell: raises $1.50 to $2.50
Mfabozzo: calls $2.50
Joker007r: folds 
rao999: folds 
ReVeu710: calls $1.50
*** FLOP *** [Tc Jh 9h]
ReVeu710: checks 
steepfell: bets $3.80
Mfabozzo: calls $3.80
ReVeu710: calls $3.80
*** TURN *** [Tc Jh 9h] [3h]
ReVeu710: checks 
steepfell: bets $12.16
Mfabozzo: raises $48.73 to $60.89 and is all-in
ReVeu710: folds 
steepfell: calls $48.73
*** RIVER *** [Tc Jh 9h 3h] [As]
*** SHOW DOWN ***
steepfell: shows [Qh Qs] (a pair of Queens)
Mfabozzo: shows [Kh Ts] (a pair of Tens)
steepfell collected $138.68 from pot
*** SUMMARY ***
Total pot $141.18 | Rake $2.50 
Board [Tc Jh 9h 3h As]
Seat 1: steepfell showed [Qh Qs] and won ($138.68) with a pair of Queens
Seat 2: Mfabozzo showed [Kh Ts] and lost with a pair of Tens
Seat 3: Joker007r (button) folded before Flop (didn't bet)
Seat 4: rao999 (small blind) folded before Flop
Seat 5: ReVeu710 (big blind) folded on the Turn
Seat 6: VahTang_89 folded before Flop (didn't bet)



PokerStars Hand #254688184118:  Hold'em No Limit ($0.50/$1.00 USD) - 2025/02/03 16:19:10 WET [2025/02/03 11:19:10 ET]
Table 'Gaea' 6-max Seat #4 is the button
Seat 2: Mfabozzo ($0 in chips) is sitting out
Seat 1: steepfell ($186.12 in chips) 
Seat 3: Joker007r ($149.12 in chips) 
Seat 4: rao999 ($110.83 in chips) 
Seat 5: ReVeu710 ($230.88 in chips) 
Seat 6: VahTang_89 ($106.43 in chips) 
ReVeu710: posts small blind $0.50
VahTang_89: posts big blind $1
*** HOLE CARDS ***
steepfell: raises $1.50 to $2.50
Joker007r: folds 
Mfabozzo leaves the table
rao999: folds 
ReVeu710: folds 
BoyLoc0 joins the table at seat #2 
VahTang_89: calls $1.50
*** FLOP *** [2h Ah Qs]
BoyLoc0 leaves the table
VahTang_89: checks 
xxxZeka joins the table at seat #2 
steepfell: checks 
*** TURN *** [2h Ah Qs] [3c]
xxxZeka leaves the table
VahTang_89: bets $1.72
steepfell: calls $1.72
*** RIVER *** [2h Ah Qs 3c] [Js]
VahTang_89: checks 
steepfell: checks 
*** SHOW DOWN ***
VahTang_89: shows [Qd Kd] (a pair of Queens)
steepfell: mucks hand 
VahTang_89 collected $8.49 from pot
*** SUMMARY ***
Total pot $8.94 | Rake $0.45 
Board [2h Ah Qs 3c Js]
Seat 2: Mfabozzo
Seat 1: steepfell mucked
Seat 3: Joker007r folded before Flop (didn't bet)
Seat 4: rao999 (button) folded before Flop (didn't bet)
Seat 5: ReVeu710 (small blind) folded before Flop
Seat 6: VahTang_89 (big blind) showed [Qd Kd] and won ($8.49) with a pair of Queens



PokerStars Hand #254688194110:  Hold'em No Limit ($0.50/$1.00 USD) - 2025/02/03 16:19:56 WET [2025/02/03 11:19:56 ET]
Table 'Gaea' 6-max Seat #5 is the button
Seat 1: steepfell ($181.90 in chips) 
Seat 3: Joker007r ($149.12 in chips) 
Seat 4: rao999 ($110.83 in chips) 
Seat 5: ReVeu710 ($230.38 in chips) 
Seat 6: VahTang_89 ($110.70 in chips) 
VahTang_89: posts small blind $0.50
steepfell: posts big blind $1
*** HOLE CARDS ***
Joker007r: folds 
rao999: folds 
ReVeu710: folds 
VahTang_89: folds 
Uncalled bet ($0.50) returned to steepfell
steepfell collected $1 from pot
steepfell: doesn't show hand 
*** SUMMARY ***
Total pot $1 | Rake $0 
Seat 1: steepfell (big blind) collected ($1)
Seat 3: Joker007r folded before Flop (didn't bet)
Seat 4: rao999 folded before Flop (didn't bet)
Seat 5: ReVeu710 (button) folded before Flop (didn't bet)
Seat 6: VahTang_89 (small blind) folded before Flop



PokerStars Hand #254688196070:  Hold'em No Limit ($0.50/$1.00 USD) - 2025/02/03 16:20:05 WET [2025/02/03 11:20:05 ET]
Table 'Gaea' 6-max Seat #1 is the button
Seat 3: Joker007r ($149.12 in chips) is sitting out
Seat 4: rao999 ($110.83 in chips) is sitting out
Seat 5: ReVeu710 ($230.38 in chips) is sitting out
Seat 1: steepfell ($182.40 in chips) 
Seat 6: VahTang_89 ($110.20 in chips) 
steepfell: posts small blind $0.50
Joker007r: is sitting out 
rao999: is sitting out 
ReVeu710: is sitting out 
VahTang_89: posts big blind $1
*** HOLE CARDS ***
steepfell: folds 
Uncalled bet ($0.50) returned to VahTang_89
coeeeelho joins the table at seat #2 
ReVeu710 leaves the table
VahTang_89 collected $1 from pot
VahTang_89: doesn't show hand 
Joker007r leaves the table
*** SUMMARY ***
Total pot $1 | Rake $0 
Seat 3: Joker007r
Seat 4: rao999
Seat 5: ReVeu710
Seat 1: steepfell (button) (small blind) folded before Flop
Seat 6: VahTang_89 (big blind) collected ($1)



PokerStars Hand #254688197305:  Hold'em No Limit ($0.50/$1.00 USD) - 2025/02/03 16:20:10 WET [2025/02/03 11:20:10 ET]
Table 'Gaea' 6-max Seat #6 is the button
Seat 4: rao999 ($110.83 in chips) is sitting out
Seat 1: steepfell ($181.90 in chips) 
Seat 2: coeeeelho ($100 in chips) 
Seat 6: VahTang_89 ($110.70 in chips) 
steepfell: posts small blind $0.50
coeeeelho: posts big blind $1
*** HOLE CARDS ***
VahTang_89: folds 
steepfell: raises $2 to $3
coeeeelho: calls $2
*** FLOP *** [5s Kh 2d]
steepfell: checks 
coeeeelho: bets $1.88
steepfell: calls $1.88
*** TURN *** [5s Kh 2d] [9h]
crist_89870 joins the table at seat #3 
blistein joins the table at seat #5 
steepfell: checks 
coeeeelho: checks 
*** RIVER *** [5s Kh 2d 9h] [3d]
steepfell: bets $4.63
coeeeelho: calls $4.63
*** SHOW DOWN ***
steepfell: shows [Qs Qh] (a pair of Queens)
coeeeelho: mucks hand 
rao999 leaves the table
steepfell collected $18.07 from pot
*** SUMMARY ***
Total pot $19.02 | Rake $0.95 
Board [5s Kh 2d 9h 3d]
Seat 4: rao999
Seat 1: steepfell (small blind) showed [Qs Qh] and won ($18.07) with a pair of Queens
Seat 2: coeeeelho (big blind) mucked
Seat 6: VahTang_89 (button) folded before Flop (didn't bet)



PokerStars Hand #254688205514:  Hold'em No Limit ($0.50/$1.00 USD) - 2025/02/03 16:20:48 WET [2025/02/03 11:20:48 ET]
Table 'Gaea' 6-max Seat #1 is the button
Seat 5: blistein ($100 in chips) is sitting out
Seat 1: steepfell ($190.46 in chips) 
Seat 2: coeeeelho ($100 in chips) 
Seat 3: crist_89870 ($100 in chips) 
Seat 6: VahTang_89 ($110.70 in chips) 
coeeeelho: posts small blind $0.50
crist_89870: posts big blind $1
blistein: sits out 
*** HOLE CARDS ***
VahTang_89: raises $1.20 to $2.20
steepfell: folds 
coeeeelho: folds 
crist_89870: raises $8.80 to $11
VahTang_89: folds 
Uncalled bet ($8.80) returned to crist_89870
crist_89870 collected $4.90 from pot
crist_89870: doesn't show hand 
*** SUMMARY ***
Total pot $4.90 | Rake $0 
Seat 5: blistein
Seat 1: steepfell (button) folded before Flop (didn't bet)
Seat 2: coeeeelho (small blind) folded before Flop
Seat 3: crist_89870 (big blind) collected ($4.90)
Seat 6: VahTang_89 folded before Flop



PokerStars Hand #254688210387:  Hold'em No Limit ($0.50/$1.00 USD) - 2025/02/03 16:21:10 WET [2025/02/03 11:21:10 ET]
Table 'Gaea' 6-max Seat #2 is the button
Seat 1: steepfell ($190.46 in chips) 
Seat 2: coeeeelho ($100 in chips) 
Seat 3: crist_89870 ($102.70 in chips) 
Seat 5: blistein ($100 in chips) 
Seat 6: VahTang_89 ($108.50 in chips) 
crist_89870: posts small blind $0.50
blistein: posts big blind $1
*** HOLE CARDS ***
VahTang_89: folds 
steepfell: folds 
coeeeelho: raises $1.50 to $2.50
crist_89870: folds 
blistein: folds 
Uncalled bet ($1.50) returned to coeeeelho
coeeeelho collected $2.50 from pot
*** SUMMARY ***
Total pot $2.50 | Rake $0 
Seat 1: steepfell folded before Flop (didn't bet)
Seat 2: coeeeelho (button) collected ($2.50)
Seat 3: crist_89870 (small blind) folded before Flop
Seat 5: blistein (big blind) folded before Flop
Seat 6: VahTang_89 folded before Flop (didn't bet)



PokerStars Hand #254688213307:  Hold'em No Limit ($0.50/$1.00 USD) - 2025/02/03 16:21:23 WET [2025/02/03 11:21:23 ET]
Table 'Gaea' 6-max Seat #3 is the button
Seat 1: steepfell ($190.46 in chips) is sitting out
Seat 6: VahTang_89 ($108.50 in chips) is sitting out
Seat 2: coeeeelho ($101.50 in chips) 
Seat 3: crist_89870 ($102.20 in chips) 
Seat 5: blistein ($100 in chips) 
blistein: posts small blind $0.50
VahTang_89: is sitting out 
steepfell: is sitting out 
coeeeelho: posts big blind $1
*** HOLE CARDS ***
steepfell leaves the table
VahTang_89 leaves the table
crist_89870: folds 
blistein: folds 
Uncalled bet ($0.50) returned to coeeeelho
coeeeelho collected $1 from pot
*** SUMMARY ***
Total pot $1 | Rake $0 
Seat 1: steepfell
Seat 6: VahTang_89
Seat 2: coeeeelho (big blind) collected ($1)
Seat 3: crist_89870 (button) folded before Flop (didn't bet)
Seat 5: blistein (small blind) folded before Flop



PokerStars Hand #254688215007:  Hold'em No Limit ($0.50/$1.00 USD) - 2025/02/03 16:21:31 WET [2025/02/03 11:21:31 ET]
Table 'Gaea' 6-max Seat #5 is the button
Seat 2: coeeeelho ($102 in chips) 
Seat 3: crist_89870 ($102.20 in chips) 
Seat 5: blistein ($100 in chips) 
coeeeelho: posts small blind $0.50
crist_89870: posts big blind $1
*** HOLE CARDS ***
blistein: folds 
blistein leaves the table
coeeeelho: raises $2 to $3
crist_89870: folds 
Uncalled bet ($2) returned to coeeeelho
crist_89870 leaves the table
coeeeelho collected $2 from pot
*** SUMMARY ***
Total pot $2 | Rake $0 
Seat 2: coeeeelho (small blind) collected ($2)
Seat 3: crist_89870 (big blind) folded before Flop
Seat 5: blistein (button) folded before Flop (didn't bet)



