PokerStars Hand #254683321653:  Hold'em No Limit ($0.50/$1.00 USD) - 2025/02/03 4:40:56 WET [2025/02/02 23:40:56 ET]
Table 'Euler' 6-max Seat #2 is the button
Seat 1: jordan2b1 ($200.69 in chips) 
Seat 2: mironchikvld ($100 in chips) 
Seat 3: Timonessb ($100.50 in chips) 
Seat 4: 50CandyJoe ($151.16 in chips) 
Seat 6: derek5858 ($125.96 in chips) 
Timonessb: posts small blind $0.50
50CandyJoe: posts big blind $1
*** HOLE CARDS ***
derek5858: folds 
jordan2b1: folds 
mironchikvld: folds 
Timonessb: raises $2 to $3
50CandyJoe: calls $2
*** FLOP *** [Ac 2s Ts]
Timonessb: bets $1.88
50CandyJoe: calls $1.88
*** TURN *** [Ac 2s Ts] [Kd]
Timonessb: bets $14.50
50CandyJoe: folds 
Uncalled bet ($14.50) returned to Timonessb
Timonessb collected $9.27 from pot
Timonessb: doesn't show hand 
*** SUMMARY ***
Total pot $9.76 | Rake $0.49 
Board [Ac 2s Ts Kd]
Seat 1: jordan2b1 folded before Flop (didn't bet)
Seat 2: mironchikvld (button) folded before Flop (didn't bet)
Seat 3: Timonessb (small blind) collected ($9.27)
Seat 4: 50CandyJoe (big blind) folded on the Turn
Seat 6: derek5858 folded before Flop (didn't bet)



PokerStars Hand #254683325423:  Hold'em No Limit ($0.50/$1.00 USD) - 2025/02/03 4:41:38 WET [2025/02/02 23:41:38 ET]
Table 'Euler' 6-max Seat #3 is the button
Seat 1: jordan2b1 ($200.69 in chips) 
Seat 2: mironchikvld ($100 in chips) 
Seat 3: Timonessb ($104.89 in chips) 
Seat 4: 50CandyJoe ($146.28 in chips) 
Seat 6: derek5858 ($125.96 in chips) 
50CandyJoe: posts small blind $0.50
derek5858: posts big blind $1
*** HOLE CARDS ***
jordan2b1: folds 
mironchikvld: folds 
Timonessb: folds 
50CandyJoe: raises $2 to $3
derek5858: calls $2
*** FLOP *** [7d 9d Qd]
50CandyJoe: checks 
derek5858: checks 
*** TURN *** [7d 9d Qd] [7c]
50CandyJoe: checks 
derek5858: bets $3.99
Joe_Carlos joins the table at seat #5 
50CandyJoe: calls $3.99
*** RIVER *** [7d 9d Qd 7c] [8c]
50CandyJoe: checks 
derek5858: checks 
*** SHOW DOWN ***
50CandyJoe: shows [Jh Jd] (two pair, Jacks and Sevens)
derek5858: shows [4c Qc] (two pair, Queens and Sevens)
derek5858 collected $13.28 from pot
*** SUMMARY ***
Total pot $13.98 | Rake $0.70 
Board [7d 9d Qd 7c 8c]
Seat 1: jordan2b1 folded before Flop (didn't bet)
Seat 2: mironchikvld folded before Flop (didn't bet)
Seat 3: Timonessb (button) folded before Flop (didn't bet)
Seat 4: 50CandyJoe (small blind) showed [Jh Jd] and lost with two pair, Jacks and Sevens
Seat 6: derek5858 (big blind) showed [4c Qc] and won ($13.28) with two pair, Queens and Sevens



PokerStars Hand #254683328732:  Hold'em No Limit ($0.50/$1.00 USD) - 2025/02/03 4:42:17 WET [2025/02/02 23:42:17 ET]
Table 'Euler' 6-max Seat #4 is the button
Seat 5: Joe_Carlos ($60 in chips) is sitting out
Seat 1: jordan2b1 ($200.69 in chips) 
Seat 2: mironchikvld ($100 in chips) 
Seat 3: Timonessb ($104.89 in chips) 
Seat 4: 50CandyJoe ($139.29 in chips) 
Seat 6: derek5858 ($132.25 in chips) 
derek5858: posts small blind $0.50
jordan2b1: posts big blind $1
*** HOLE CARDS ***
mironchikvld: folds 
Timonessb: raises $1.50 to $2.50
50CandyJoe: folds 
derek5858: folds 
jordan2b1: folds 
Uncalled bet ($1.50) returned to Timonessb
Timonessb collected $2.50 from pot
*** SUMMARY ***
Total pot $2.50 | Rake $0 
Seat 5: Joe_Carlos
Seat 1: jordan2b1 (big blind) folded before Flop
Seat 2: mironchikvld folded before Flop (didn't bet)
Seat 3: Timonessb collected ($2.50)
Seat 4: 50CandyJoe (button) folded before Flop (didn't bet)
Seat 6: derek5858 (small blind) folded before Flop



PokerStars Hand #254683330968:  Hold'em No Limit ($0.50/$1.00 USD) - 2025/02/03 4:42:42 WET [2025/02/02 23:42:42 ET]
Table 'Euler' 6-max Seat #6 is the button
Seat 5: Joe_Carlos ($60 in chips) is sitting out
Seat 1: jordan2b1 ($199.69 in chips) 
Seat 2: mironchikvld ($100 in chips) 
Seat 3: Timonessb ($106.39 in chips) 
Seat 4: 50CandyJoe ($139.29 in chips) 
Seat 6: derek5858 ($131.75 in chips) 
jordan2b1: posts small blind $0.50
mironchikvld: posts big blind $1
Joe_Carlos: sits out 
*** HOLE CARDS ***
Timonessb: folds 
50CandyJoe: folds 
derek5858: folds 
jordan2b1: raises $2 to $3
mironchikvld: folds 
Uncalled bet ($2) returned to jordan2b1
jordan2b1 collected $2 from pot
jordan2b1: doesn't show hand 
*** SUMMARY ***
Total pot $2 | Rake $0 
Seat 5: Joe_Carlos
Seat 1: jordan2b1 (small blind) collected ($2)
Seat 2: mironchikvld (big blind) folded before Flop
Seat 3: Timonessb folded before Flop (didn't bet)
Seat 4: 50CandyJoe folded before Flop (didn't bet)
Seat 6: derek5858 (button) folded before Flop (didn't bet)



PokerStars Hand #254683332504:  Hold'em No Limit ($0.50/$1.00 USD) - 2025/02/03 4:42:59 WET [2025/02/02 23:42:59 ET]
Table 'Euler' 6-max Seat #1 is the button
Seat 5: Joe_Carlos ($60 in chips) is sitting out
Seat 1: jordan2b1 ($200.69 in chips) 
Seat 2: mironchikvld ($100 in chips) 
Seat 3: Timonessb ($106.39 in chips) 
Seat 4: 50CandyJoe ($139.29 in chips) 
Seat 6: derek5858 ($131.75 in chips) 
mironchikvld: posts small blind $0.50
Timonessb: posts big blind $1
Joe_Carlos: sits out 
*** HOLE CARDS ***
50CandyJoe: folds 
derek5858: raises $1 to $2
jordan2b1: calls $2
mironchikvld: folds 
Timonessb: raises $12 to $14
derek5858: calls $12
jordan2b1: folds 
*** FLOP *** [8c 6c 5h]
Timonessb: checks 
derek5858: checks 
*** TURN *** [8c 6c 5h] [6h]
Timonessb: bets $28.69
derek5858: folds 
Uncalled bet ($28.69) returned to Timonessb
Timonessb collected $28.98 from pot
Timonessb: doesn't show hand 
*** SUMMARY ***
Total pot $30.50 | Rake $1.52 
Board [8c 6c 5h 6h]
Seat 5: Joe_Carlos
Seat 1: jordan2b1 (button) folded before Flop
Seat 2: mironchikvld (small blind) folded before Flop
Seat 3: Timonessb (big blind) collected ($28.98)
Seat 4: 50CandyJoe folded before Flop (didn't bet)
Seat 6: derek5858 folded on the Turn



PokerStars Hand #254683339329:  Hold'em No Limit ($0.50/$1.00 USD) - 2025/02/03 4:44:17 WET [2025/02/02 23:44:17 ET]
Table 'Euler' 6-max Seat #2 is the button
Seat 5: Joe_Carlos ($60 in chips) is sitting out
Seat 1: jordan2b1 ($198.69 in chips) 
Seat 2: mironchikvld ($100 in chips) 
Seat 3: Timonessb ($121.37 in chips) 
Seat 4: 50CandyJoe ($139.29 in chips) 
Seat 6: derek5858 ($117.75 in chips) 
Timonessb: posts small blind $0.50
50CandyJoe: posts big blind $1
Joe_Carlos: sits out 
*** HOLE CARDS ***
derek5858: folds 
jordan2b1: folds 
mironchikvld has timed out
mironchikvld: folds 
Timonessb: folds 
Uncalled bet ($0.50) returned to 50CandyJoe
50CandyJoe collected $1 from pot
50CandyJoe: doesn't show hand 
*** SUMMARY ***
Total pot $1 | Rake $0 
Seat 5: Joe_Carlos
Seat 1: jordan2b1 folded before Flop (didn't bet)
Seat 2: mironchikvld (button) folded before Flop (didn't bet)
Seat 3: Timonessb (small blind) folded before Flop
Seat 4: 50CandyJoe (big blind) collected ($1)
Seat 6: derek5858 folded before Flop (didn't bet)



PokerStars Hand #254683341068:  Hold'em No Limit ($0.50/$1.00 USD) - 2025/02/03 4:44:36 WET [2025/02/02 23:44:36 ET]
Table 'Euler' 6-max Seat #3 is the button
Seat 2: mironchikvld ($100 in chips) is sitting out
Seat 1: jordan2b1 ($198.69 in chips) 
Seat 3: Timonessb ($120.87 in chips) 
Seat 4: 50CandyJoe ($139.79 in chips) 
Seat 5: Joe_Carlos ($60 in chips) 
Seat 6: derek5858 ($117.75 in chips) 
50CandyJoe: posts small blind $0.50
Joe_Carlos: posts big blind $1
*** HOLE CARDS ***
derek5858: folds 
jordan2b1: folds 
Timonessb: folds 
50CandyJoe: raises $1.50 to $2.50
Joe_Carlos: folds 
Uncalled bet ($1.50) returned to 50CandyJoe
50CandyJoe collected $2 from pot
50CandyJoe: doesn't show hand 
*** SUMMARY ***
Total pot $2 | Rake $0 
Seat 2: mironchikvld
Seat 1: jordan2b1 folded before Flop (didn't bet)
Seat 3: Timonessb (button) folded before Flop (didn't bet)
Seat 4: 50CandyJoe (small blind) collected ($2)
Seat 5: Joe_Carlos (big blind) folded before Flop
Seat 6: derek5858 folded before Flop (didn't bet)



PokerStars Hand #254683343006:  Hold'em No Limit ($0.50/$1.00 USD) - 2025/02/03 4:44:58 WET [2025/02/02 23:44:58 ET]
Table 'Euler' 6-max Seat #4 is the button
Seat 1: jordan2b1 ($198.69 in chips) 
Seat 2: mironchikvld ($100 in chips) 
Seat 3: Timonessb ($120.87 in chips) 
Seat 4: 50CandyJoe ($140.79 in chips) 
Seat 5: Joe_Carlos ($59 in chips) 
Seat 6: derek5858 ($117.75 in chips) 
Joe_Carlos: posts small blind $0.50
derek5858: posts big blind $1
*** HOLE CARDS ***
jordan2b1: folds 
mironchikvld: folds 
Timonessb: raises $1.30 to $2.30
50CandyJoe: folds 
Joe_Carlos: calls $1.80
derek5858: folds 
*** FLOP *** [5d 8c 6d]
Joe_Carlos: checks 
Timonessb: checks 
*** TURN *** [5d 8c 6d] [7s]
Joe_Carlos: bets $3.72
Timonessb: folds 
Uncalled bet ($3.72) returned to Joe_Carlos
Joe_Carlos collected $5.32 from pot
Joe_Carlos: doesn't show hand 
*** SUMMARY ***
Total pot $5.60 | Rake $0.28 
Board [5d 8c 6d 7s]
Seat 1: jordan2b1 folded before Flop (didn't bet)
Seat 2: mironchikvld folded before Flop (didn't bet)
Seat 3: Timonessb folded on the Turn
Seat 4: 50CandyJoe (button) folded before Flop (didn't bet)
Seat 5: Joe_Carlos (small blind) collected ($5.32)
Seat 6: derek5858 (big blind) folded before Flop



PokerStars Hand #254683348899:  Hold'em No Limit ($0.50/$1.00 USD) - 2025/02/03 4:46:05 WET [2025/02/02 23:46:05 ET]
Table 'Euler' 6-max Seat #5 is the button
Seat 1: jordan2b1 ($198.69 in chips) 
Seat 2: mironchikvld ($100 in chips) 
Seat 3: Timonessb ($118.57 in chips) 
Seat 4: 50CandyJoe ($140.79 in chips) 
Seat 5: Joe_Carlos ($62.02 in chips) 
Seat 6: derek5858 ($116.75 in chips) 
derek5858: posts small blind $0.50
jordan2b1: posts big blind $1
*** HOLE CARDS ***
mironchikvld: raises $2 to $3
Timonessb: folds 
50CandyJoe: folds 
Joe_Carlos: folds 
derek5858: folds 
jordan2b1: folds 
Uncalled bet ($2) returned to mironchikvld
mironchikvld collected $2.50 from pot
mironchikvld: doesn't show hand 
*** SUMMARY ***
Total pot $2.50 | Rake $0 
Seat 1: jordan2b1 (big blind) folded before Flop
Seat 2: mironchikvld collected ($2.50)
Seat 3: Timonessb folded before Flop (didn't bet)
Seat 4: 50CandyJoe folded before Flop (didn't bet)
Seat 5: Joe_Carlos (button) folded before Flop (didn't bet)
Seat 6: derek5858 (small blind) folded before Flop



PokerStars Hand #254683351523:  Hold'em No Limit ($0.50/$1.00 USD) - 2025/02/03 4:46:35 WET [2025/02/02 23:46:35 ET]
Table 'Euler' 6-max Seat #6 is the button
Seat 1: jordan2b1 ($197.69 in chips) 
Seat 2: mironchikvld ($101.50 in chips) 
Seat 3: Timonessb ($118.57 in chips) 
Seat 4: 50CandyJoe ($140.79 in chips) 
Seat 5: Joe_Carlos ($62.02 in chips) 
Seat 6: derek5858 ($116.25 in chips) 
jordan2b1: posts small blind $0.50
mironchikvld: posts big blind $1
*** HOLE CARDS ***
Timonessb: folds 
50CandyJoe: folds 
Joe_Carlos: raises $1.50 to $2.50
derek5858: folds 
jordan2b1: folds 
mironchikvld: folds 
Uncalled bet ($1.50) returned to Joe_Carlos
Joe_Carlos collected $2.50 from pot
Joe_Carlos: doesn't show hand 
*** SUMMARY ***
Total pot $2.50 | Rake $0 
Seat 1: jordan2b1 (small blind) folded before Flop
Seat 2: mironchikvld (big blind) folded before Flop
Seat 3: Timonessb folded before Flop (didn't bet)
Seat 4: 50CandyJoe folded before Flop (didn't bet)
Seat 5: Joe_Carlos collected ($2.50)
Seat 6: derek5858 (button) folded before Flop (didn't bet)



PokerStars Hand #254683353645:  Hold'em No Limit ($0.50/$1.00 USD) - 2025/02/03 4:47:00 WET [2025/02/02 23:47:00 ET]
Table 'Euler' 6-max Seat #1 is the button
Seat 1: jordan2b1 ($197.19 in chips) 
Seat 2: mironchikvld ($100.50 in chips) 
Seat 3: Timonessb ($118.57 in chips) 
Seat 4: 50CandyJoe ($140.79 in chips) 
Seat 5: Joe_Carlos ($63.52 in chips) 
Seat 6: derek5858 ($116.25 in chips) 
mironchikvld: posts small blind $0.50
Timonessb: posts big blind $1
*** HOLE CARDS ***
50CandyJoe: folds 
Joe_Carlos: folds 
derek5858: folds 
jordan2b1: folds 
mironchikvld: folds 
Uncalled bet ($0.50) returned to Timonessb
Timonessb collected $1 from pot
*** SUMMARY ***
Total pot $1 | Rake $0 
Seat 1: jordan2b1 (button) folded before Flop (didn't bet)
Seat 2: mironchikvld (small blind) folded before Flop
Seat 3: Timonessb (big blind) collected ($1)
Seat 4: 50CandyJoe folded before Flop (didn't bet)
Seat 5: Joe_Carlos folded before Flop (didn't bet)
Seat 6: derek5858 folded before Flop (didn't bet)



PokerStars Hand #254683355903:  Hold'em No Limit ($0.50/$1.00 USD) - 2025/02/03 4:47:26 WET [2025/02/02 23:47:26 ET]
Table 'Euler' 6-max Seat #2 is the button
Seat 1: jordan2b1 ($197.19 in chips) 
Seat 2: mironchikvld ($100 in chips) 
Seat 3: Timonessb ($119.07 in chips) 
Seat 4: 50CandyJoe ($140.79 in chips) 
Seat 5: Joe_Carlos ($63.52 in chips) 
Seat 6: derek5858 ($116.25 in chips) 
Timonessb: posts small blind $0.50
50CandyJoe: posts big blind $1
*** HOLE CARDS ***
Joe_Carlos has timed out
Joe_Carlos: folds 
derek5858: folds 
jordan2b1: folds 
mironchikvld: folds 
Timonessb: raises $2 to $3
50CandyJoe: folds 
Uncalled bet ($2) returned to Timonessb
Timonessb collected $2 from pot
*** SUMMARY ***
Total pot $2 | Rake $0 
Seat 1: jordan2b1 folded before Flop (didn't bet)
Seat 2: mironchikvld (button) folded before Flop (didn't bet)
Seat 3: Timonessb (small blind) collected ($2)
Seat 4: 50CandyJoe (big blind) folded before Flop
Seat 5: Joe_Carlos folded before Flop (didn't bet)
Seat 6: derek5858 folded before Flop (didn't bet)



PokerStars Hand #254683358419:  Hold'em No Limit ($0.50/$1.00 USD) - 2025/02/03 4:47:54 WET [2025/02/02 23:47:54 ET]
Table 'Euler' 6-max Seat #3 is the button
Seat 5: Joe_Carlos ($63.52 in chips) is sitting out
Seat 1: jordan2b1 ($197.19 in chips) 
Seat 2: mironchikvld ($100 in chips) 
Seat 3: Timonessb ($120.07 in chips) 
Seat 4: 50CandyJoe ($139.79 in chips) 
Seat 6: derek5858 ($116.25 in chips) 
50CandyJoe: posts small blind $0.50
derek5858: posts big blind $1
*** HOLE CARDS ***
jordan2b1: raises $1.50 to $2.50
mironchikvld: folds 
Timonessb: folds 
50CandyJoe: folds 
derek5858: folds 
Uncalled bet ($1.50) returned to jordan2b1
jordan2b1 collected $2.50 from pot
jordan2b1: doesn't show hand 
*** SUMMARY ***
Total pot $2.50 | Rake $0 
Seat 5: Joe_Carlos
Seat 1: jordan2b1 collected ($2.50)
Seat 2: mironchikvld folded before Flop (didn't bet)
Seat 3: Timonessb (button) folded before Flop (didn't bet)
Seat 4: 50CandyJoe (small blind) folded before Flop
Seat 6: derek5858 (big blind) folded before Flop



PokerStars Hand #254683359840:  Hold'em No Limit ($0.50/$1.00 USD) - 2025/02/03 4:48:11 WET [2025/02/02 23:48:11 ET]
Table 'Euler' 6-max Seat #4 is the button
Seat 5: Joe_Carlos ($63.52 in chips) is sitting out
Seat 1: jordan2b1 ($198.69 in chips) 
Seat 2: mironchikvld ($100 in chips) 
Seat 3: Timonessb ($120.07 in chips) 
Seat 4: 50CandyJoe ($139.29 in chips) 
Seat 6: derek5858 ($115.25 in chips) 
derek5858: posts small blind $0.50
jordan2b1: posts big blind $1
*** HOLE CARDS ***
mironchikvld: folds 
Timonessb: raises $1.30 to $2.30
50CandyJoe: folds 
derek5858: folds 
jordan2b1: calls $1.30
*** FLOP *** [Td Kc 5c]
jordan2b1: checks 
Timonessb: bets $1.60
jordan2b1: calls $1.60
*** TURN *** [Td Kc 5c] [4d]
jordan2b1: checks 
Timonessb: bets $8.28
jordan2b1: folds 
Uncalled bet ($8.28) returned to Timonessb
Timonessb collected $7.88 from pot
Timonessb: doesn't show hand 
*** SUMMARY ***
Total pot $8.30 | Rake $0.42 
Board [Td Kc 5c 4d]
Seat 5: Joe_Carlos
Seat 1: jordan2b1 (big blind) folded on the Turn
Seat 2: mironchikvld folded before Flop (didn't bet)
Seat 3: Timonessb collected ($7.88)
Seat 4: 50CandyJoe (button) folded before Flop (didn't bet)
Seat 6: derek5858 (small blind) folded before Flop



PokerStars Hand #254683364918:  Hold'em No Limit ($0.50/$1.00 USD) - 2025/02/03 4:49:10 WET [2025/02/02 23:49:10 ET]
Table 'Euler' 6-max Seat #6 is the button
Seat 5: Joe_Carlos ($63.52 in chips) is sitting out
Seat 1: jordan2b1 ($194.79 in chips) 
Seat 2: mironchikvld ($100 in chips) 
Seat 3: Timonessb ($124.05 in chips) 
Seat 4: 50CandyJoe ($139.29 in chips) 
Seat 6: derek5858 ($114.75 in chips) 
jordan2b1: posts small blind $0.50
mironchikvld: posts big blind $1
Joe_Carlos: sits out 
*** HOLE CARDS ***
Timonessb: folds 
50CandyJoe: folds 
derek5858: raises $1.50 to $2.50
jordan2b1: calls $2
mironchikvld: folds 
*** FLOP *** [4h Qh 9d]
jordan2b1: checks 
derek5858: bets $1.71
jordan2b1: calls $1.71
*** TURN *** [4h Qh 9d] [Th]
jordan2b1: bets $3
derek5858: raises $7.48 to $10.48
jordan2b1: calls $7.48
*** RIVER *** [4h Qh 9d Th] [Qc]
jordan2b1: checks 
derek5858: bets $20.20
jordan2b1: folds 
Uncalled bet ($20.20) returned to derek5858
derek5858 collected $28.86 from pot
*** SUMMARY ***
Total pot $30.38 | Rake $1.52 
Board [4h Qh 9d Th Qc]
Seat 5: Joe_Carlos
Seat 1: jordan2b1 (small blind) folded on the River
Seat 2: mironchikvld (big blind) folded before Flop
Seat 3: Timonessb folded before Flop (didn't bet)
Seat 4: 50CandyJoe folded before Flop (didn't bet)
Seat 6: derek5858 (button) collected ($28.86)



PokerStars Hand #254683372577:  Hold'em No Limit ($0.50/$1.00 USD) - 2025/02/03 4:50:41 WET [2025/02/02 23:50:41 ET]
Table 'Euler' 6-max Seat #1 is the button
Seat 5: Joe_Carlos ($63.52 in chips) is sitting out
Seat 1: jordan2b1 ($180.10 in chips) 
Seat 2: mironchikvld ($100 in chips) 
Seat 3: Timonessb ($124.05 in chips) 
Seat 4: 50CandyJoe ($139.29 in chips) 
Seat 6: derek5858 ($128.92 in chips) 
mironchikvld: posts small blind $0.50
Timonessb: posts big blind $1
Joe_Carlos: sits out 
*** HOLE CARDS ***
50CandyJoe: raises $1.20 to $2.20
derek5858: folds 
jordan2b1: folds 
mironchikvld: folds 
Timonessb: folds 
Uncalled bet ($1.20) returned to 50CandyJoe
50CandyJoe collected $2.50 from pot
50CandyJoe: doesn't show hand 
*** SUMMARY ***
Total pot $2.50 | Rake $0 
Seat 5: Joe_Carlos
Seat 1: jordan2b1 (button) folded before Flop (didn't bet)
Seat 2: mironchikvld (small blind) folded before Flop
Seat 3: Timonessb (big blind) folded before Flop
Seat 4: 50CandyJoe collected ($2.50)
Seat 6: derek5858 folded before Flop (didn't bet)



PokerStars Hand #254683374526:  Hold'em No Limit ($0.50/$1.00 USD) - 2025/02/03 4:51:04 WET [2025/02/02 23:51:04 ET]
Table 'Euler' 6-max Seat #2 is the button
Seat 5: Joe_Carlos ($63.52 in chips) is sitting out
Seat 1: jordan2b1 ($180.10 in chips) 
Seat 2: mironchikvld ($100 in chips) 
Seat 3: Timonessb ($123.05 in chips) 
Seat 4: 50CandyJoe ($140.79 in chips) 
Seat 6: derek5858 ($128.92 in chips) 
Timonessb: posts small blind $0.50
50CandyJoe: posts big blind $1
Joe_Carlos: sits out 
*** HOLE CARDS ***
derek5858: folds 
jordan2b1: folds 
mironchikvld has timed out
mironchikvld: folds 
Timonessb: raises $2 to $3
50CandyJoe: folds 
Uncalled bet ($2) returned to Timonessb
Timonessb collected $2 from pot
*** SUMMARY ***
Total pot $2 | Rake $0 
Seat 5: Joe_Carlos
Seat 1: jordan2b1 folded before Flop (didn't bet)
Seat 2: mironchikvld (button) folded before Flop (didn't bet)
Seat 3: Timonessb (small blind) collected ($2)
Seat 4: 50CandyJoe (big blind) folded before Flop
Seat 6: derek5858 folded before Flop (didn't bet)



PokerStars Hand #254683376501:  Hold'em No Limit ($0.50/$1.00 USD) - 2025/02/03 4:51:27 WET [2025/02/02 23:51:27 ET]
Table 'Euler' 6-max Seat #3 is the button
Seat 1: jordan2b1 ($180.10 in chips) 
Seat 2: mironchikvld ($100 in chips) 
Seat 3: Timonessb ($124.05 in chips) 
Seat 4: 50CandyJoe ($139.79 in chips) 
Seat 5: Joe_Carlos ($63.52 in chips) 
Seat 6: derek5858 ($128.92 in chips) 
50CandyJoe: posts small blind $0.50
Joe_Carlos: posts big blind $1
*** HOLE CARDS ***
derek5858: raises $1 to $2
jordan2b1: folds 
mironchikvld: folds 
Timonessb: raises $5.50 to $7.50
50CandyJoe: folds 
Joe_Carlos: folds 
derek5858: folds 
Uncalled bet ($5.50) returned to Timonessb
50CandyJoe leaves the table
Timonessb collected $5.50 from pot
*** SUMMARY ***
Total pot $5.50 | Rake $0 
Seat 1: jordan2b1 folded before Flop (didn't bet)
Seat 2: mironchikvld folded before Flop (didn't bet)
Seat 3: Timonessb (button) collected ($5.50)
Seat 4: 50CandyJoe (small blind) folded before Flop
Seat 5: Joe_Carlos (big blind) folded before Flop
Seat 6: derek5858 folded before Flop



PokerStars Hand #254683379312:  Hold'em No Limit ($0.50/$1.00 USD) - 2025/02/03 4:52:00 WET [2025/02/02 23:52:00 ET]
Table 'Euler' 6-max Seat #5 is the button
Seat 1: jordan2b1 ($180.10 in chips) 
Seat 2: mironchikvld ($100 in chips) 
Seat 3: Timonessb ($127.55 in chips) 
Seat 5: Joe_Carlos ($62.52 in chips) 
Seat 6: derek5858 ($126.92 in chips) 
derek5858: posts small blind $0.50
jordan2b1: posts big blind $1
*** HOLE CARDS ***
mironchikvld: folds 
Timonessb: raises $1.30 to $2.30
Joe_Carlos: folds 
derek5858: folds 
jordan2b1: raises $6.70 to $9
Timonessb: calls $6.70
*** FLOP *** [9h 8h 8s]
jordan2b1: bets $9
Timonessb: calls $9
*** TURN *** [9h 8h 8s] [Ac]
willyp593 joins the table at seat #4 
willyp593 is disconnected 
jordan2b1: checks 
Timonessb: bets $11.44
jordan2b1: calls $11.44
*** RIVER *** [9h 8h 8s Ac] [Qd]
jordan2b1: checks 
Timonessb: bets $19.77
jordan2b1: folds 
Uncalled bet ($19.77) returned to Timonessb
Timonessb collected $56.88 from pot
Timonessb: doesn't show hand 
*** SUMMARY ***
Total pot $59.38 | Rake $2.50 
Board [9h 8h 8s Ac Qd]
Seat 1: jordan2b1 (big blind) folded on the River
Seat 2: mironchikvld folded before Flop (didn't bet)
Seat 3: Timonessb collected ($56.88)
Seat 5: Joe_Carlos (button) folded before Flop (didn't bet)
Seat 6: derek5858 (small blind) folded before Flop



PokerStars Hand #254683387396:  Hold'em No Limit ($0.50/$1.00 USD) - 2025/02/03 4:53:39 WET [2025/02/02 23:53:39 ET]
Table 'Euler' 6-max Seat #6 is the button
Seat 1: jordan2b1 ($150.66 in chips) 
Seat 2: mironchikvld ($100 in chips) 
Seat 3: Timonessb ($154.99 in chips) 
Seat 4: willyp593 ($99.23 in chips) 
Seat 5: Joe_Carlos ($62.52 in chips) 
Seat 6: derek5858 ($126.42 in chips) 
jordan2b1: posts small blind $0.50
mironchikvld: posts big blind $1
willyp593: posts big blind $1
*** HOLE CARDS ***
Timonessb: folds 
willyp593: checks 
Joe_Carlos: folds 
Joe_Carlos leaves the table
derek5858: folds 
jordan2b1: raises $2 to $3
mironchikvld: folds 
willyp593: calls $2
*** FLOP *** [3d 8d As]
DL1B joins the table at seat #5 
jordan2b1: bets $1.50
willyp593: folds 
Uncalled bet ($1.50) returned to jordan2b1
jordan2b1 collected $6.65 from pot
jordan2b1: doesn't show hand 
*** SUMMARY ***
Total pot $7 | Rake $0.35 
Board [3d 8d As]
Seat 1: jordan2b1 (small blind) collected ($6.65)
Seat 2: mironchikvld (big blind) folded before Flop
Seat 3: Timonessb folded before Flop (didn't bet)
Seat 4: willyp593 folded on the Flop
Seat 5: Joe_Carlos folded before Flop (didn't bet)
Seat 6: derek5858 (button) folded before Flop (didn't bet)



PokerStars Hand #254683390540:  Hold'em No Limit ($0.50/$1.00 USD) - 2025/02/03 4:54:17 WET [2025/02/02 23:54:17 ET]
Table 'Euler' 6-max Seat #1 is the button
Seat 5: DL1B ($100 in chips) is sitting out
Seat 1: jordan2b1 ($154.31 in chips) 
Seat 2: mironchikvld ($100 in chips) 
Seat 3: Timonessb ($154.99 in chips) 
Seat 4: willyp593 ($96.23 in chips) 
Seat 6: derek5858 ($126.42 in chips) 
mironchikvld: posts small blind $0.50
Timonessb: posts big blind $1
DL1B: sits out 
*** HOLE CARDS ***
willyp593: calls $1
derek5858: raises $2.45 to $3.45
jordan2b1: folds 
mironchikvld: folds 
Timonessb: folds 
willyp593: calls $2.45
*** FLOP *** [Td As Qh]
willyp593: bets $3.99
derek5858: raises $3.99 to $7.98
willyp593: calls $3.99
*** TURN *** [Td As Qh] [4s]
willyp593: bets $23.14
derek5858: folds 
Uncalled bet ($23.14) returned to willyp593
willyp593 collected $23.14 from pot
*** SUMMARY ***
Total pot $24.36 | Rake $1.22 
Board [Td As Qh 4s]
Seat 5: DL1B
Seat 1: jordan2b1 (button) folded before Flop (didn't bet)
Seat 2: mironchikvld (small blind) folded before Flop
Seat 3: Timonessb (big blind) folded before Flop
Seat 4: willyp593 collected ($23.14)
Seat 6: derek5858 folded on the Turn



PokerStars Hand #254683394480:  Hold'em No Limit ($0.50/$1.00 USD) - 2025/02/03 4:55:04 WET [2025/02/02 23:55:04 ET]
Table 'Euler' 6-max Seat #2 is the button
Seat 1: jordan2b1 ($154.31 in chips) is sitting out
Seat 5: DL1B ($100 in chips) is sitting out
Seat 2: mironchikvld ($100 in chips) 
Seat 3: Timonessb ($153.99 in chips) 
Seat 4: willyp593 ($107.94 in chips) 
Seat 6: derek5858 ($114.99 in chips) 
Timonessb: posts small blind $0.50
willyp593: posts big blind $1
DL1B: sits out 
*** HOLE CARDS ***
derek5858: folds 
mironchikvld: raises $2 to $3
Timonessb: calls $2.50
willyp593: folds 
*** FLOP *** [9h 6h Ks]
willyp593 leaves the table
Timonessb: checks 
mironchikvld: bets $2.19
Timonessb: raises $7.89 to $10.08
mironchikvld: folds 
Uncalled bet ($7.89) returned to Timonessb
Timonessb collected $10.81 from pot
*** SUMMARY ***
Total pot $11.38 | Rake $0.57 
Board [9h 6h Ks]
Seat 1: jordan2b1
Seat 5: DL1B
Seat 2: mironchikvld (button) folded on the Flop
Seat 3: Timonessb (small blind) collected ($10.81)
Seat 4: willyp593 (big blind) folded before Flop
Seat 6: derek5858 folded before Flop (didn't bet)



PokerStars Hand #254683399551:  Hold'em No Limit ($0.50/$1.00 USD) - 2025/02/03 4:56:17 WET [2025/02/02 23:56:17 ET]
Table 'Euler' 6-max Seat #3 is the button
Seat 1: jordan2b1 ($154.31 in chips) is sitting out
Seat 5: DL1B ($100 in chips) is sitting out
Seat 2: mironchikvld ($100 in chips) 
Seat 3: Timonessb ($159.61 in chips) 
Seat 6: derek5858 ($114.99 in chips) 
derek5858: posts small blind $0.50
mironchikvld: posts big blind $1
*** HOLE CARDS ***
Timonessb: raises $1.50 to $2.50
derek5858: folds 
mironchikvld: calls $1.50
*** FLOP *** [5h As 6s]
mironchikvld: checks 
Timonessb: checks 
*** TURN *** [5h As 6s] [Js]
mironchikvld: checks 
Timonessb: bets $2.66
mironchikvld: folds 
Uncalled bet ($2.66) returned to Timonessb
Timonessb collected $5.22 from pot
*** SUMMARY ***
Total pot $5.50 | Rake $0.28 
Board [5h As 6s Js]
Seat 1: jordan2b1
Seat 5: DL1B
Seat 2: mironchikvld (big blind) folded on the Turn
Seat 3: Timonessb (button) collected ($5.22)
Seat 6: derek5858 (small blind) folded before Flop



PokerStars Hand #254683401597:  Hold'em No Limit ($0.50/$1.00 USD) - 2025/02/03 4:56:47 WET [2025/02/02 23:56:47 ET]
Table 'Euler' 6-max Seat #6 is the button
Seat 1: jordan2b1 ($154.31 in chips) is sitting out
Seat 5: DL1B ($100 in chips) is sitting out
Seat 2: mironchikvld ($100 in chips) 
Seat 3: Timonessb ($162.33 in chips) 
Seat 6: derek5858 ($114.49 in chips) 
mironchikvld: posts small blind $0.50
Timonessb: posts big blind $1
DL1B: sits out 
*** HOLE CARDS ***
derek5858: raises $1.50 to $2.50
mironchikvld: folds 
Timonessb: calls $1.50
*** FLOP *** [Tc 7c 4s]
Timonessb: checks 
derek5858: checks 
*** TURN *** [Tc 7c 4s] [6h]
Timonessb: bets $2.66
derek5858: raises $7.38 to $10.04
Timonessb: folds 
Uncalled bet ($7.38) returned to derek5858
derek5858 collected $10.28 from pot
*** SUMMARY ***
Total pot $10.82 | Rake $0.54 
Board [Tc 7c 4s 6h]
Seat 1: jordan2b1
Seat 5: DL1B
Seat 2: mironchikvld (small blind) folded before Flop
Seat 3: Timonessb (big blind) folded on the Turn
Seat 6: derek5858 (button) collected ($10.28)



PokerStars Hand #254683404533:  Hold'em No Limit ($0.50/$1.00 USD) - 2025/02/03 4:57:30 WET [2025/02/02 23:57:30 ET]
Table 'Euler' 6-max Seat #2 is the button
Seat 1: jordan2b1 ($154.31 in chips) is sitting out
Seat 2: mironchikvld ($100 in chips) 
Seat 3: Timonessb ($157.17 in chips) 
Seat 5: DL1B ($100 in chips) 
Seat 6: derek5858 ($119.61 in chips) 
Timonessb: posts small blind $0.50
DL1B: posts big blind $1
*** HOLE CARDS ***
derek5858: raises $1 to $2
mironchikvld: folds 
Timonessb: folds 
DL1B: calls $1
*** FLOP *** [2h Kh 6s]
DL1B: checks 
derek5858: bets $1
DL1B: raises $3.50 to $4.50
derek5858: folds 
Uncalled bet ($3.50) returned to DL1B
DL1B collected $6.18 from pot
DL1B: doesn't show hand 
*** SUMMARY ***
Total pot $6.50 | Rake $0.32 
Board [2h Kh 6s]
Seat 1: jordan2b1
Seat 2: mironchikvld (button) folded before Flop (didn't bet)
Seat 3: Timonessb (small blind) folded before Flop
Seat 5: DL1B (big blind) collected ($6.18)
Seat 6: derek5858 folded on the Flop



PokerStars Hand #254683406302:  Hold'em No Limit ($0.50/$1.00 USD) - 2025/02/03 4:57:57 WET [2025/02/02 23:57:57 ET]
Table 'Euler' 6-max Seat #5 is the button
Seat 1: jordan2b1 ($154.31 in chips) is sitting out
Seat 2: mironchikvld ($100 in chips) is sitting out
Seat 6: derek5858 ($116.61 in chips) is sitting out
Seat 3: Timonessb ($156.67 in chips) 
Seat 5: DL1B ($103.18 in chips) 
DL1B: posts small blind $0.50
derek5858: is sitting out 
mironchikvld: is sitting out 
Timonessb: posts big blind $1
*** HOLE CARDS ***
DL1B: raises $1.50 to $2.50
Timonessb: folds 
Uncalled bet ($1.50) returned to DL1B
DL1B collected $2 from pot
DL1B: doesn't show hand 
*** SUMMARY ***
Total pot $2 | Rake $0 
Seat 1: jordan2b1
Seat 2: mironchikvld
Seat 6: derek5858
Seat 3: Timonessb (big blind) folded before Flop
Seat 5: DL1B (button) (small blind) collected ($2)



PokerStars Hand #254683407008:  Hold'em No Limit ($0.50/$1.00 USD) - 2025/02/03 4:58:07 WET [2025/02/02 23:58:07 ET]
Table 'Euler' 6-max Seat #3 is the button
Seat 1: jordan2b1 ($154.31 in chips) is sitting out
Seat 6: derek5858 ($116.61 in chips) is sitting out
Seat 2: mironchikvld ($100 in chips) 
Seat 3: Timonessb ($155.67 in chips) 
Seat 5: DL1B ($104.18 in chips) 
DL1B: posts small blind $0.50
mironchikvld: posts big blind $1
*** HOLE CARDS ***
Timonessb: raises $1.50 to $2.50
DL1B: folds 
derek5858 leaves the table
mironchikvld: folds 
Uncalled bet ($1.50) returned to Timonessb
Timonessb collected $2.50 from pot
*** SUMMARY ***
Total pot $2.50 | Rake $0 
Seat 1: jordan2b1
Seat 6: derek5858
Seat 2: mironchikvld (big blind) folded before Flop
Seat 3: Timonessb (button) collected ($2.50)
Seat 5: DL1B (small blind) folded before Flop



PokerStars Hand #254683201983:  Hold'em No Limit ($0.50/$1.00 USD) - 2025/02/03 4:19:10 WET [2025/02/02 23:19:10 ET]
Table 'Euler' 6-max Seat #5 is the button
Seat 1: jordan2b1 ($198.97 in chips) 
Seat 2: mironchikvld ($125.44 in chips) 
Seat 3: Nicedaymybro ($100 in chips) 
Seat 4: 50CandyJoe ($147.94 in chips) 
Seat 5: CashfishT ($100 in chips) 
Seat 6: derek5858 ($111.23 in chips) 
derek5858: posts small blind $0.50
jordan2b1: posts big blind $1
*** HOLE CARDS ***
mironchikvld: folds 
Nicedaymybro: folds 
50CandyJoe: folds 
CashfishT: folds 
derek5858: folds 
Uncalled bet ($0.50) returned to jordan2b1
jordan2b1 collected $1 from pot
jordan2b1: doesn't show hand 
*** SUMMARY ***
Total pot $1 | Rake $0 
Seat 1: jordan2b1 (big blind) collected ($1)
Seat 2: mironchikvld folded before Flop (didn't bet)
Seat 3: Nicedaymybro folded before Flop (didn't bet)
Seat 4: 50CandyJoe folded before Flop (didn't bet)
Seat 5: CashfishT (button) folded before Flop (didn't bet)
Seat 6: derek5858 (small blind) folded before Flop



PokerStars Hand #254683230226:  Hold'em No Limit ($0.50/$1.00 USD) - 2025/02/03 4:24:08 WET [2025/02/02 23:24:08 ET]
Table 'Euler' 6-max Seat #3 is the button
Seat 1: jordan2b1 ($198.97 in chips) 
Seat 2: mironchikvld ($100 in chips) 
Seat 3: Nicedaymybro ($100 in chips) 
Seat 4: 50CandyJoe ($146.94 in chips) 
Seat 5: CashfishT ($149.08 in chips) 
Seat 6: derek5858 ($113.01 in chips) 
50CandyJoe: posts small blind $0.50
CashfishT: posts big blind $1
*** HOLE CARDS ***
derek5858: raises $1 to $2
jordan2b1: folds 
mironchikvld: folds 
Nicedaymybro: folds 
50CandyJoe: folds 
CashfishT: calls $1
*** FLOP *** [Ac Qh 7h]
CashfishT: checks 
derek5858: checks 
*** TURN *** [Ac Qh 7h] [3s]
CashfishT: checks 
derek5858: checks 
*** RIVER *** [Ac Qh 7h 3s] [6h]
CashfishT: bets $1.41
derek5858: calls $1.41
*** SHOW DOWN ***
CashfishT: shows [5s As] (a pair of Aces)
derek5858: shows [Ad 9d] (a pair of Aces - Queen+Nine kicker)
derek5858 collected $6.95 from pot
*** SUMMARY ***
Total pot $7.32 | Rake $0.37 
Board [Ac Qh 7h 3s 6h]
Seat 1: jordan2b1 folded before Flop (didn't bet)
Seat 2: mironchikvld folded before Flop (didn't bet)
Seat 3: Nicedaymybro (button) folded before Flop (didn't bet)
Seat 4: 50CandyJoe (small blind) folded before Flop
Seat 5: CashfishT (big blind) showed [5s As] and lost with a pair of Aces
Seat 6: derek5858 showed [Ad 9d] and won ($6.95) with a pair of Aces



PokerStars Hand #254683235350:  Hold'em No Limit ($0.50/$1.00 USD) - 2025/02/03 4:25:03 WET [2025/02/02 23:25:03 ET]
Table 'Euler' 6-max Seat #4 is the button
Seat 1: jordan2b1 ($198.97 in chips) 
Seat 2: mironchikvld ($100 in chips) 
Seat 3: Nicedaymybro ($100 in chips) 
Seat 4: 50CandyJoe ($146.44 in chips) 
Seat 5: CashfishT ($145.67 in chips) 
Seat 6: derek5858 ($116.55 in chips) 
CashfishT: posts small blind $0.50
derek5858: posts big blind $1
*** HOLE CARDS ***
jordan2b1: folds 
mironchikvld: folds 
Nicedaymybro: folds 
50CandyJoe: raises $1.50 to $2.50
CashfishT: folds 
derek5858: calls $1.50
*** FLOP *** [3c Ac 2d]
derek5858: checks 
50CandyJoe: bets $1.31
derek5858: folds 
Uncalled bet ($1.31) returned to 50CandyJoe
50CandyJoe collected $5.22 from pot
50CandyJoe: doesn't show hand 
*** SUMMARY ***
Total pot $5.50 | Rake $0.28 
Board [3c Ac 2d]
Seat 1: jordan2b1 folded before Flop (didn't bet)
Seat 2: mironchikvld folded before Flop (didn't bet)
Seat 3: Nicedaymybro folded before Flop (didn't bet)
Seat 4: 50CandyJoe (button) collected ($5.22)
Seat 5: CashfishT (small blind) folded before Flop
Seat 6: derek5858 (big blind) folded on the Flop



PokerStars Hand #254683237404:  Hold'em No Limit ($0.50/$1.00 USD) - 2025/02/03 4:25:26 WET [2025/02/02 23:25:26 ET]
Table 'Euler' 6-max Seat #5 is the button
Seat 1: jordan2b1 ($198.97 in chips) 
Seat 2: mironchikvld ($100 in chips) 
Seat 3: Nicedaymybro ($100 in chips) 
Seat 4: 50CandyJoe ($149.16 in chips) 
Seat 5: CashfishT ($145.17 in chips) 
Seat 6: derek5858 ($114.05 in chips) 
derek5858: posts small blind $0.50
jordan2b1: posts big blind $1
*** HOLE CARDS ***
mironchikvld: folds 
Nicedaymybro: folds 
50CandyJoe: raises $1.20 to $2.20
CashfishT: raises $4.80 to $7
derek5858: folds 
jordan2b1: folds 
50CandyJoe: folds 
Uncalled bet ($4.80) returned to CashfishT
CashfishT collected $5.90 from pot
CashfishT: doesn't show hand 
*** SUMMARY ***
Total pot $5.90 | Rake $0 
Seat 1: jordan2b1 (big blind) folded before Flop
Seat 2: mironchikvld folded before Flop (didn't bet)
Seat 3: Nicedaymybro folded before Flop (didn't bet)
Seat 4: 50CandyJoe folded before Flop
Seat 5: CashfishT (button) collected ($5.90)
Seat 6: derek5858 (small blind) folded before Flop



PokerStars Hand #254683239414:  Hold'em No Limit ($0.50/$1.00 USD) - 2025/02/03 4:25:47 WET [2025/02/02 23:25:47 ET]
Table 'Euler' 6-max Seat #6 is the button
Seat 1: jordan2b1 ($197.97 in chips) 
Seat 2: mironchikvld ($100 in chips) 
Seat 3: Nicedaymybro ($100 in chips) 
Seat 4: 50CandyJoe ($146.96 in chips) 
Seat 5: CashfishT ($148.87 in chips) 
Seat 6: derek5858 ($113.55 in chips) 
jordan2b1: posts small blind $0.50
mironchikvld: posts big blind $1
*** HOLE CARDS ***
Nicedaymybro: folds 
50CandyJoe: raises $1.20 to $2.20
CashfishT: folds 
derek5858: folds 
jordan2b1: raises $6.60 to $8.80
mironchikvld: folds 
50CandyJoe: folds 
Uncalled bet ($6.60) returned to jordan2b1
jordan2b1 collected $5.40 from pot
jordan2b1: doesn't show hand 
*** SUMMARY ***
Total pot $5.40 | Rake $0 
Seat 1: jordan2b1 (small blind) collected ($5.40)
Seat 2: mironchikvld (big blind) folded before Flop
Seat 3: Nicedaymybro folded before Flop (didn't bet)
Seat 4: 50CandyJoe folded before Flop
Seat 5: CashfishT folded before Flop (didn't bet)
Seat 6: derek5858 (button) folded before Flop (didn't bet)



PokerStars Hand #254683242493:  Hold'em No Limit ($0.50/$1.00 USD) - 2025/02/03 4:26:20 WET [2025/02/02 23:26:20 ET]
Table 'Euler' 6-max Seat #1 is the button
Seat 1: jordan2b1 ($201.17 in chips) 
Seat 2: mironchikvld ($100 in chips) 
Seat 3: Nicedaymybro ($100 in chips) 
Seat 4: 50CandyJoe ($144.76 in chips) 
Seat 5: CashfishT ($148.87 in chips) 
Seat 6: derek5858 ($113.55 in chips) 
mironchikvld: posts small blind $0.50
Nicedaymybro: posts big blind $1
*** HOLE CARDS ***
50CandyJoe: folds 
CashfishT: folds 
derek5858: folds 
jordan2b1: folds 
mironchikvld: raises $2 to $3
Nicedaymybro: folds 
Uncalled bet ($2) returned to mironchikvld
mironchikvld collected $2 from pot
mironchikvld: doesn't show hand 
*** SUMMARY ***
Total pot $2 | Rake $0 
Seat 1: jordan2b1 (button) folded before Flop (didn't bet)
Seat 2: mironchikvld (small blind) collected ($2)
Seat 3: Nicedaymybro (big blind) folded before Flop
Seat 4: 50CandyJoe folded before Flop (didn't bet)
Seat 5: CashfishT folded before Flop (didn't bet)
Seat 6: derek5858 folded before Flop (didn't bet)



PokerStars Hand #254683244125:  Hold'em No Limit ($0.50/$1.00 USD) - 2025/02/03 4:26:38 WET [2025/02/02 23:26:38 ET]
Table 'Euler' 6-max Seat #2 is the button
Seat 1: jordan2b1 ($201.17 in chips) 
Seat 2: mironchikvld ($101 in chips) 
Seat 3: Nicedaymybro ($100 in chips) 
Seat 4: 50CandyJoe ($144.76 in chips) 
Seat 5: CashfishT ($148.87 in chips) 
Seat 6: derek5858 ($113.55 in chips) 
Nicedaymybro: posts small blind $0.50
50CandyJoe: posts big blind $1
*** HOLE CARDS ***
CashfishT: raises $1.20 to $2.20
derek5858: folds 
jordan2b1: folds 
mironchikvld: folds 
Nicedaymybro: raises $7.80 to $10
50CandyJoe: folds 
CashfishT: folds 
Uncalled bet ($7.80) returned to Nicedaymybro
Nicedaymybro collected $5.40 from pot
Nicedaymybro: doesn't show hand 
*** SUMMARY ***
Total pot $5.40 | Rake $0 
Seat 1: jordan2b1 folded before Flop (didn't bet)
Seat 2: mironchikvld (button) folded before Flop (didn't bet)
Seat 3: Nicedaymybro (small blind) collected ($5.40)
Seat 4: 50CandyJoe (big blind) folded before Flop
Seat 5: CashfishT folded before Flop
Seat 6: derek5858 folded before Flop (didn't bet)



PokerStars Hand #254683246561:  Hold'em No Limit ($0.50/$1.00 USD) - 2025/02/03 4:27:04 WET [2025/02/02 23:27:04 ET]
Table 'Euler' 6-max Seat #3 is the button
Seat 1: jordan2b1 ($201.17 in chips) 
Seat 2: mironchikvld ($101 in chips) 
Seat 3: Nicedaymybro ($103.20 in chips) 
Seat 4: 50CandyJoe ($143.76 in chips) 
Seat 5: CashfishT ($146.67 in chips) 
Seat 6: derek5858 ($113.55 in chips) 
50CandyJoe: posts small blind $0.50
CashfishT: posts big blind $1
*** HOLE CARDS ***
derek5858: folds 
jordan2b1: folds 
mironchikvld: folds 
Nicedaymybro: folds 
50CandyJoe: folds 
Uncalled bet ($0.50) returned to CashfishT
CashfishT collected $1 from pot
CashfishT: doesn't show hand 
*** SUMMARY ***
Total pot $1 | Rake $0 
Seat 1: jordan2b1 folded before Flop (didn't bet)
Seat 2: mironchikvld folded before Flop (didn't bet)
Seat 3: Nicedaymybro (button) folded before Flop (didn't bet)
Seat 4: 50CandyJoe (small blind) folded before Flop
Seat 5: CashfishT (big blind) collected ($1)
Seat 6: derek5858 folded before Flop (didn't bet)



PokerStars Hand #254683248122:  Hold'em No Limit ($0.50/$1.00 USD) - 2025/02/03 4:27:21 WET [2025/02/02 23:27:21 ET]
Table 'Euler' 6-max Seat #4 is the button
Seat 1: jordan2b1 ($201.17 in chips) 
Seat 2: mironchikvld ($101 in chips) 
Seat 3: Nicedaymybro ($103.20 in chips) 
Seat 4: 50CandyJoe ($143.26 in chips) 
Seat 5: CashfishT ($147.17 in chips) 
Seat 6: derek5858 ($113.55 in chips) 
CashfishT: posts small blind $0.50
derek5858: posts big blind $1
*** HOLE CARDS ***
jordan2b1: folds 
mironchikvld: folds 
Nicedaymybro: raises $1.50 to $2.50
50CandyJoe: folds 
CashfishT: folds 
derek5858: raises $10.50 to $13
Nicedaymybro: folds 
Uncalled bet ($10.50) returned to derek5858
derek5858 collected $5.50 from pot
*** SUMMARY ***
Total pot $5.50 | Rake $0 
Seat 1: jordan2b1 folded before Flop (didn't bet)
Seat 2: mironchikvld folded before Flop (didn't bet)
Seat 3: Nicedaymybro folded before Flop
Seat 4: 50CandyJoe (button) folded before Flop (didn't bet)
Seat 5: CashfishT (small blind) folded before Flop
Seat 6: derek5858 (big blind) collected ($5.50)



PokerStars Hand #254683252438:  Hold'em No Limit ($0.50/$1.00 USD) - 2025/02/03 4:28:08 WET [2025/02/02 23:28:08 ET]
Table 'Euler' 6-max Seat #5 is the button
Seat 1: jordan2b1 ($201.17 in chips) 
Seat 2: mironchikvld ($101 in chips) 
Seat 3: Nicedaymybro ($100.70 in chips) 
Seat 4: 50CandyJoe ($143.26 in chips) 
Seat 5: CashfishT ($146.67 in chips) 
Seat 6: derek5858 ($116.55 in chips) 
derek5858: posts small blind $0.50
jordan2b1: posts big blind $1
*** HOLE CARDS ***
mironchikvld: folds 
Nicedaymybro: raises $1.50 to $2.50
50CandyJoe: folds 
CashfishT: folds 
derek5858: folds 
jordan2b1: calls $1.50
*** FLOP *** [3h 2s Kc]
jordan2b1: checks 
Nicedaymybro: checks 
*** TURN *** [3h 2s Kc] [6h]
jordan2b1: checks 
Nicedaymybro: bets $3.45
jordan2b1: calls $3.45
*** RIVER *** [3h 2s Kc 6h] [Js]
jordan2b1: bets $4
Nicedaymybro: calls $4
*** SHOW DOWN ***
jordan2b1: shows [8d Kd] (a pair of Kings)
Nicedaymybro: mucks hand 
jordan2b1 collected $19.38 from pot
*** SUMMARY ***
Total pot $20.40 | Rake $1.02 
Board [3h 2s Kc 6h Js]
Seat 1: jordan2b1 (big blind) showed [8d Kd] and won ($19.38) with a pair of Kings
Seat 2: mironchikvld folded before Flop (didn't bet)
Seat 3: Nicedaymybro mucked
Seat 4: 50CandyJoe folded before Flop (didn't bet)
Seat 5: CashfishT (button) folded before Flop (didn't bet)
Seat 6: derek5858 (small blind) folded before Flop



PokerStars Hand #254683258737:  Hold'em No Limit ($0.50/$1.00 USD) - 2025/02/03 4:29:15 WET [2025/02/02 23:29:15 ET]
Table 'Euler' 6-max Seat #6 is the button
Seat 1: jordan2b1 ($210.60 in chips) 
Seat 2: mironchikvld ($101 in chips) 
Seat 3: Nicedaymybro ($100 in chips) 
Seat 4: 50CandyJoe ($143.26 in chips) 
Seat 5: CashfishT ($146.67 in chips) 
Seat 6: derek5858 ($116.05 in chips) 
jordan2b1: posts small blind $0.50
mironchikvld: posts big blind $1
*** HOLE CARDS ***
Nicedaymybro: folds 
50CandyJoe: folds 
CashfishT: folds 
derek5858: raises $1.50 to $2.50
jordan2b1: raises $7.50 to $10
mironchikvld: folds 
derek5858: folds 
Uncalled bet ($7.50) returned to jordan2b1
jordan2b1 collected $6 from pot
jordan2b1: doesn't show hand 
*** SUMMARY ***
Total pot $6 | Rake $0 
Seat 1: jordan2b1 (small blind) collected ($6)
Seat 2: mironchikvld (big blind) folded before Flop
Seat 3: Nicedaymybro folded before Flop (didn't bet)
Seat 4: 50CandyJoe folded before Flop (didn't bet)
Seat 5: CashfishT folded before Flop (didn't bet)
Seat 6: derek5858 (button) folded before Flop



PokerStars Hand #254683262021:  Hold'em No Limit ($0.50/$1.00 USD) - 2025/02/03 4:29:51 WET [2025/02/02 23:29:51 ET]
Table 'Euler' 6-max Seat #1 is the button
Seat 1: jordan2b1 ($214.10 in chips) 
Seat 2: mironchikvld ($100 in chips) 
Seat 3: Nicedaymybro ($100 in chips) 
Seat 4: 50CandyJoe ($143.26 in chips) 
Seat 5: CashfishT ($146.67 in chips) 
Seat 6: derek5858 ($113.55 in chips) 
mironchikvld: posts small blind $0.50
Nicedaymybro: posts big blind $1
*** HOLE CARDS ***
50CandyJoe: folds 
CashfishT: folds 
derek5858: folds 
jordan2b1: folds 
mironchikvld: folds 
Uncalled bet ($0.50) returned to Nicedaymybro
Nicedaymybro collected $1 from pot
Nicedaymybro: doesn't show hand 
*** SUMMARY ***
Total pot $1 | Rake $0 
Seat 1: jordan2b1 (button) folded before Flop (didn't bet)
Seat 2: mironchikvld (small blind) folded before Flop
Seat 3: Nicedaymybro (big blind) collected ($1)
Seat 4: 50CandyJoe folded before Flop (didn't bet)
Seat 5: CashfishT folded before Flop (didn't bet)
Seat 6: derek5858 folded before Flop (didn't bet)



PokerStars Hand #254683263616:  Hold'em No Limit ($0.50/$1.00 USD) - 2025/02/03 4:30:09 WET [2025/02/02 23:30:09 ET]
Table 'Euler' 6-max Seat #2 is the button
Seat 1: jordan2b1 ($214.10 in chips) 
Seat 2: mironchikvld ($100 in chips) 
Seat 3: Nicedaymybro ($100.50 in chips) 
Seat 4: 50CandyJoe ($143.26 in chips) 
Seat 5: CashfishT ($146.67 in chips) 
Seat 6: derek5858 ($113.55 in chips) 
Nicedaymybro: posts small blind $0.50
50CandyJoe: posts big blind $1
*** HOLE CARDS ***
CashfishT: folds 
derek5858: raises $1 to $2
jordan2b1: folds 
mironchikvld: folds 
Nicedaymybro: folds 
50CandyJoe: folds 
Uncalled bet ($1) returned to derek5858
derek5858 collected $2.50 from pot
*** SUMMARY ***
Total pot $2.50 | Rake $0 
Seat 1: jordan2b1 folded before Flop (didn't bet)
Seat 2: mironchikvld (button) folded before Flop (didn't bet)
Seat 3: Nicedaymybro (small blind) folded before Flop
Seat 4: 50CandyJoe (big blind) folded before Flop
Seat 5: CashfishT folded before Flop (didn't bet)
Seat 6: derek5858 collected ($2.50)



PokerStars Hand #254683265705:  Hold'em No Limit ($0.50/$1.00 USD) - 2025/02/03 4:30:31 WET [2025/02/02 23:30:31 ET]
Table 'Euler' 6-max Seat #3 is the button
Seat 1: jordan2b1 ($214.10 in chips) 
Seat 2: mironchikvld ($100 in chips) 
Seat 3: Nicedaymybro ($100 in chips) 
Seat 4: 50CandyJoe ($142.26 in chips) 
Seat 5: CashfishT ($146.67 in chips) 
Seat 6: derek5858 ($115.05 in chips) 
50CandyJoe: posts small blind $0.50
CashfishT: posts big blind $1
*** HOLE CARDS ***
derek5858: folds 
jordan2b1: raises $1.50 to $2.50
mironchikvld: folds 
Nicedaymybro: calls $2.50
50CandyJoe: folds 
CashfishT: folds 
*** FLOP *** [3h Qd Jc]
jordan2b1: bets $2
Nicedaymybro: folds 
Uncalled bet ($2) returned to jordan2b1
jordan2b1 collected $6.18 from pot
jordan2b1: doesn't show hand 
*** SUMMARY ***
Total pot $6.50 | Rake $0.32 
Board [3h Qd Jc]
Seat 1: jordan2b1 collected ($6.18)
Seat 2: mironchikvld folded before Flop (didn't bet)
Seat 3: Nicedaymybro (button) folded on the Flop
Seat 4: 50CandyJoe (small blind) folded before Flop
Seat 5: CashfishT (big blind) folded before Flop
Seat 6: derek5858 folded before Flop (didn't bet)



PokerStars Hand #254683268827:  Hold'em No Limit ($0.50/$1.00 USD) - 2025/02/03 4:31:07 WET [2025/02/02 23:31:07 ET]
Table 'Euler' 6-max Seat #4 is the button
Seat 1: jordan2b1 ($217.78 in chips) 
Seat 2: mironchikvld ($100 in chips) 
Seat 3: Nicedaymybro ($100 in chips) 
Seat 4: 50CandyJoe ($141.76 in chips) 
Seat 5: CashfishT ($145.67 in chips) 
Seat 6: derek5858 ($115.05 in chips) 
CashfishT: posts small blind $0.50
derek5858: posts big blind $1
*** HOLE CARDS ***
jordan2b1: folds 
mironchikvld: raises $2 to $3
Nicedaymybro: folds 
50CandyJoe: folds 
CashfishT: folds 
derek5858: folds 
Uncalled bet ($2) returned to mironchikvld
mironchikvld collected $2.50 from pot
mironchikvld: doesn't show hand 
*** SUMMARY ***
Total pot $2.50 | Rake $0 
Seat 1: jordan2b1 folded before Flop (didn't bet)
Seat 2: mironchikvld collected ($2.50)
Seat 3: Nicedaymybro folded before Flop (didn't bet)
Seat 4: 50CandyJoe (button) folded before Flop (didn't bet)
Seat 5: CashfishT (small blind) folded before Flop
Seat 6: derek5858 (big blind) folded before Flop



PokerStars Hand #254683270625:  Hold'em No Limit ($0.50/$1.00 USD) - 2025/02/03 4:31:26 WET [2025/02/02 23:31:26 ET]
Table 'Euler' 6-max Seat #5 is the button
Seat 1: jordan2b1 ($217.78 in chips) 
Seat 2: mironchikvld ($101.50 in chips) 
Seat 3: Nicedaymybro ($100 in chips) 
Seat 4: 50CandyJoe ($141.76 in chips) 
Seat 5: CashfishT ($145.17 in chips) 
Seat 6: derek5858 ($114.05 in chips) 
derek5858: posts small blind $0.50
jordan2b1: posts big blind $1
*** HOLE CARDS ***
mironchikvld: folds 
Nicedaymybro: folds 
50CandyJoe: folds 
CashfishT: raises $1.20 to $2.20
derek5858: folds 
jordan2b1: calls $1.20
*** FLOP *** [Td 5c Ah]
jordan2b1: checks 
CashfishT: bets $3.50
jordan2b1: folds 
Uncalled bet ($3.50) returned to CashfishT
CashfishT collected $4.66 from pot
CashfishT: doesn't show hand 
*** SUMMARY ***
Total pot $4.90 | Rake $0.24 
Board [Td 5c Ah]
Seat 1: jordan2b1 (big blind) folded on the Flop
Seat 2: mironchikvld folded before Flop (didn't bet)
Seat 3: Nicedaymybro folded before Flop (didn't bet)
Seat 4: 50CandyJoe folded before Flop (didn't bet)
Seat 5: CashfishT (button) collected ($4.66)
Seat 6: derek5858 (small blind) folded before Flop



PokerStars Hand #254683273701:  Hold'em No Limit ($0.50/$1.00 USD) - 2025/02/03 4:32:01 WET [2025/02/02 23:32:01 ET]
Table 'Euler' 6-max Seat #6 is the button
Seat 1: jordan2b1 ($215.58 in chips) 
Seat 2: mironchikvld ($101.50 in chips) 
Seat 3: Nicedaymybro ($100 in chips) 
Seat 4: 50CandyJoe ($141.76 in chips) 
Seat 5: CashfishT ($147.63 in chips) 
Seat 6: derek5858 ($113.55 in chips) 
jordan2b1: posts small blind $0.50
mironchikvld: posts big blind $1
*** HOLE CARDS ***
Nicedaymybro: folds 
50CandyJoe: folds 
Nicedaymybro leaves the table
CashfishT: folds 
derek5858: raises $1.50 to $2.50
jordan2b1: folds 
mironchikvld: folds 
Uncalled bet ($1.50) returned to derek5858
derek5858 collected $2.50 from pot
*** SUMMARY ***
Total pot $2.50 | Rake $0 
Seat 1: jordan2b1 (small blind) folded before Flop
Seat 2: mironchikvld (big blind) folded before Flop
Seat 3: Nicedaymybro folded before Flop (didn't bet)
Seat 4: 50CandyJoe folded before Flop (didn't bet)
Seat 5: CashfishT folded before Flop (didn't bet)
Seat 6: derek5858 (button) collected ($2.50)



PokerStars Hand #254683274898:  Hold'em No Limit ($0.50/$1.00 USD) - 2025/02/03 4:32:15 WET [2025/02/02 23:32:15 ET]
Table 'Euler' 6-max Seat #1 is the button
Seat 1: jordan2b1 ($215.08 in chips) 
Seat 2: mironchikvld ($100.50 in chips) 
Seat 4: 50CandyJoe ($141.76 in chips) 
Seat 5: CashfishT ($147.63 in chips) 
Seat 6: derek5858 ($115.05 in chips) 
mironchikvld: posts small blind $0.50
50CandyJoe: posts big blind $1
*** HOLE CARDS ***
CashfishT: raises $1.20 to $2.20
derek5858: folds 
jordan2b1: folds 
mironchikvld: folds 
50CandyJoe: folds 
Uncalled bet ($1.20) returned to CashfishT
CashfishT collected $2.50 from pot
CashfishT: doesn't show hand 
*** SUMMARY ***
Total pot $2.50 | Rake $0 
Seat 1: jordan2b1 (button) folded before Flop (didn't bet)
Seat 2: mironchikvld (small blind) folded before Flop
Seat 4: 50CandyJoe (big blind) folded before Flop
Seat 5: CashfishT collected ($2.50)
Seat 6: derek5858 folded before Flop (didn't bet)



PokerStars Hand #254683276232:  Hold'em No Limit ($0.50/$1.00 USD) - 2025/02/03 4:32:29 WET [2025/02/02 23:32:29 ET]
Table 'Euler' 6-max Seat #2 is the button
Seat 1: jordan2b1 ($215.08 in chips) 
Seat 2: mironchikvld ($100 in chips) 
Seat 4: 50CandyJoe ($140.76 in chips) 
Seat 5: CashfishT ($149.13 in chips) 
Seat 6: derek5858 ($115.05 in chips) 
50CandyJoe: posts small blind $0.50
CashfishT: posts big blind $1
*** HOLE CARDS ***
derek5858: raises $1 to $2
jordan2b1: folds 
mironchikvld: folds 
50CandyJoe: folds 
CashfishT: calls $1
*** FLOP *** [Jc Tc Ah]
CashfishT: checks 
derek5858: checks 
*** TURN *** [Jc Tc Ah] [Js]
CashfishT: bets $3.21
derek5858: calls $3.21
*** RIVER *** [Jc Tc Ah Js] [5s]
CashfishT: bets $12.96
derek5858: folds 
Uncalled bet ($12.96) returned to CashfishT
CashfishT collected $10.37 from pot
CashfishT: doesn't show hand 
*** SUMMARY ***
Total pot $10.92 | Rake $0.55 
Board [Jc Tc Ah Js 5s]
Seat 1: jordan2b1 folded before Flop (didn't bet)
Seat 2: mironchikvld (button) folded before Flop (didn't bet)
Seat 4: 50CandyJoe (small blind) folded before Flop
Seat 5: CashfishT (big blind) collected ($10.37)
Seat 6: derek5858 folded on the River



PokerStars Hand #254683282902:  Hold'em No Limit ($0.50/$1.00 USD) - 2025/02/03 4:33:43 WET [2025/02/02 23:33:43 ET]
Table 'Euler' 6-max Seat #4 is the button
Seat 1: jordan2b1 ($215.08 in chips) 
Seat 2: mironchikvld ($100 in chips) 
Seat 4: 50CandyJoe ($140.26 in chips) 
Seat 5: CashfishT ($154.29 in chips) 
Seat 6: derek5858 ($109.84 in chips) 
CashfishT: posts small blind $0.50
derek5858: posts big blind $1
*** HOLE CARDS ***
jordan2b1: raises $1.50 to $2.50
mironchikvld: folds 
50CandyJoe: folds 
CashfishT: folds 
derek5858: folds 
Uncalled bet ($1.50) returned to jordan2b1
jordan2b1 collected $2.50 from pot
jordan2b1: doesn't show hand 
*** SUMMARY ***
Total pot $2.50 | Rake $0 
Seat 1: jordan2b1 collected ($2.50)
Seat 2: mironchikvld folded before Flop (didn't bet)
Seat 4: 50CandyJoe (button) folded before Flop (didn't bet)
Seat 5: CashfishT (small blind) folded before Flop
Seat 6: derek5858 (big blind) folded before Flop



PokerStars Hand #254683284594:  Hold'em No Limit ($0.50/$1.00 USD) - 2025/02/03 4:34:02 WET [2025/02/02 23:34:02 ET]
Table 'Euler' 6-max Seat #5 is the button
Seat 1: jordan2b1 ($216.58 in chips) 
Seat 2: mironchikvld ($100 in chips) 
Seat 4: 50CandyJoe ($140.26 in chips) 
Seat 5: CashfishT ($153.79 in chips) 
Seat 6: derek5858 ($108.84 in chips) 
derek5858: posts small blind $0.50
jordan2b1: posts big blind $1
*** HOLE CARDS ***
mironchikvld has timed out
mironchikvld: folds 
50CandyJoe: folds 
CashfishT: folds 
derek5858: raises $2 to $3
jordan2b1: folds 
Uncalled bet ($2) returned to derek5858
derek5858 collected $2 from pot
*** SUMMARY ***
Total pot $2 | Rake $0 
Seat 1: jordan2b1 (big blind) folded before Flop
Seat 2: mironchikvld folded before Flop (didn't bet)
Seat 4: 50CandyJoe folded before Flop (didn't bet)
Seat 5: CashfishT (button) folded before Flop (didn't bet)
Seat 6: derek5858 (small blind) collected ($2)



PokerStars Hand #254683287621:  Hold'em No Limit ($0.50/$1.00 USD) - 2025/02/03 4:34:35 WET [2025/02/02 23:34:35 ET]
Table 'Euler' 6-max Seat #6 is the button
Seat 1: jordan2b1 ($215.58 in chips) 
Seat 2: mironchikvld ($100 in chips) 
Seat 4: 50CandyJoe ($140.26 in chips) 
Seat 5: CashfishT ($153.79 in chips) 
Seat 6: derek5858 ($109.84 in chips) 
jordan2b1: posts small blind $0.50
mironchikvld: posts big blind $1
*** HOLE CARDS ***
50CandyJoe: raises $1.20 to $2.20
CashfishT: folds 
derek5858: folds 
jordan2b1: folds 
mironchikvld: calls $1.20
*** FLOP *** [9d Ah Qh]
mironchikvld: checks 
50CandyJoe: checks 
*** TURN *** [9d Ah Qh] [Th]
mironchikvld: bets $1.54
50CandyJoe: calls $1.54
*** RIVER *** [9d Ah Qh Th] [Qs]
Timonessb joins the table at seat #3 
mironchikvld: bets $5
50CandyJoe: calls $5
*** SHOW DOWN ***
mironchikvld: shows [Qc Kc] (three of a kind, Queens)
50CandyJoe: shows [Kd Qd] (three of a kind, Queens)
mironchikvld collected $8.54 from pot
50CandyJoe collected $8.54 from pot
*** SUMMARY ***
Total pot $17.98 | Rake $0.90 
Board [9d Ah Qh Th Qs]
Seat 1: jordan2b1 (small blind) folded before Flop
Seat 2: mironchikvld (big blind) showed [Qc Kc] and won ($8.54) with three of a kind, Queens
Seat 4: 50CandyJoe showed [Kd Qd] and won ($8.54) with three of a kind, Queens
Seat 5: CashfishT folded before Flop (didn't bet)
Seat 6: derek5858 (button) folded before Flop (didn't bet)



PokerStars Hand #254683294088:  Hold'em No Limit ($0.50/$1.00 USD) - 2025/02/03 4:35:46 WET [2025/02/02 23:35:46 ET]
Table 'Euler' 6-max Seat #1 is the button
Seat 1: jordan2b1 ($215.08 in chips) 
Seat 2: mironchikvld ($100 in chips) 
Seat 3: Timonessb ($100 in chips) 
Seat 4: 50CandyJoe ($140.06 in chips) 
Seat 5: CashfishT ($153.79 in chips) 
Seat 6: derek5858 ($109.84 in chips) 
mironchikvld: posts small blind $0.50
Timonessb: posts big blind $1
*** HOLE CARDS ***
50CandyJoe: raises $1.20 to $2.20
CashfishT: folds 
derek5858: folds 
jordan2b1: calls $2.20
mironchikvld: folds 
Timonessb: folds 
*** FLOP *** [5d 7s 2s]
50CandyJoe: checks 
jordan2b1: checks 
*** TURN *** [5d 7s 2s] [4h]
50CandyJoe: checks 
jordan2b1: checks 
*** RIVER *** [5d 7s 2s 4h] [8c]
50CandyJoe: bets $1
jordan2b1: calls $1
*** SHOW DOWN ***
50CandyJoe: shows [Ad Qs] (high card Ace)
jordan2b1: mucks hand 
50CandyJoe collected $7.50 from pot
*** SUMMARY ***
Total pot $7.90 | Rake $0.40 
Board [5d 7s 2s 4h 8c]
Seat 1: jordan2b1 (button) mucked
Seat 2: mironchikvld (small blind) folded before Flop
Seat 3: Timonessb (big blind) folded before Flop
Seat 4: 50CandyJoe showed [Ad Qs] and won ($7.50) with high card Ace
Seat 5: CashfishT folded before Flop (didn't bet)
Seat 6: derek5858 folded before Flop (didn't bet)



PokerStars Hand #254683297592:  Hold'em No Limit ($0.50/$1.00 USD) - 2025/02/03 4:36:26 WET [2025/02/02 23:36:26 ET]
Table 'Euler' 6-max Seat #2 is the button
Seat 1: jordan2b1 ($211.88 in chips) 
Seat 2: mironchikvld ($100 in chips) 
Seat 3: Timonessb ($100 in chips) 
Seat 4: 50CandyJoe ($144.36 in chips) 
Seat 5: CashfishT ($153.79 in chips) 
Seat 6: derek5858 ($109.84 in chips) 
Timonessb: posts small blind $0.50
50CandyJoe: posts big blind $1
*** HOLE CARDS ***
CashfishT is disconnected 
CashfishT is connected 
CashfishT: folds 
derek5858: folds 
jordan2b1: folds 
mironchikvld: raises $2 to $3
Timonessb: raises $9 to $12
50CandyJoe: folds 
mironchikvld: raises $88 to $100 and is all-in
Timonessb: folds 
Uncalled bet ($88) returned to mironchikvld
mironchikvld collected $25 from pot
mironchikvld: doesn't show hand 
*** SUMMARY ***
Total pot $25 | Rake $0 
Seat 1: jordan2b1 folded before Flop (didn't bet)
Seat 2: mironchikvld (button) collected ($25)
Seat 3: Timonessb (small blind) folded before Flop
Seat 4: 50CandyJoe (big blind) folded before Flop
Seat 5: CashfishT folded before Flop (didn't bet)
Seat 6: derek5858 folded before Flop (didn't bet)



PokerStars Hand #254683301837:  Hold'em No Limit ($0.50/$1.00 USD) - 2025/02/03 4:37:13 WET [2025/02/02 23:37:13 ET]
Table 'Euler' 6-max Seat #3 is the button
Seat 1: jordan2b1 ($211.88 in chips) 
Seat 2: mironchikvld ($113 in chips) 
Seat 3: Timonessb ($100 in chips) 
Seat 4: 50CandyJoe ($143.36 in chips) 
Seat 5: CashfishT ($153.79 in chips) 
Seat 6: derek5858 ($109.84 in chips) 
50CandyJoe: posts small blind $0.50
CashfishT: posts big blind $1
*** HOLE CARDS ***
derek5858: folds 
jordan2b1: folds 
mironchikvld: folds 
Timonessb: raises $1.50 to $2.50
50CandyJoe: folds 
CashfishT: folds 
Uncalled bet ($1.50) returned to Timonessb
Timonessb collected $2.50 from pot
*** SUMMARY ***
Total pot $2.50 | Rake $0 
Seat 1: jordan2b1 folded before Flop (didn't bet)
Seat 2: mironchikvld folded before Flop (didn't bet)
Seat 3: Timonessb (button) collected ($2.50)
Seat 4: 50CandyJoe (small blind) folded before Flop
Seat 5: CashfishT (big blind) folded before Flop
Seat 6: derek5858 folded before Flop (didn't bet)



PokerStars Hand #254683304836:  Hold'em No Limit ($0.50/$1.00 USD) - 2025/02/03 4:37:47 WET [2025/02/02 23:37:47 ET]
Table 'Euler' 6-max Seat #4 is the button
Seat 1: jordan2b1 ($211.88 in chips) 
Seat 2: mironchikvld ($113 in chips) 
Seat 3: Timonessb ($101.50 in chips) 
Seat 4: 50CandyJoe ($142.86 in chips) 
Seat 5: CashfishT ($152.79 in chips) 
Seat 6: derek5858 ($109.84 in chips) 
CashfishT: posts small blind $0.50
derek5858: posts big blind $1
*** HOLE CARDS ***
jordan2b1: folds 
mironchikvld: raises $2 to $3
Timonessb: folds 
50CandyJoe: folds 
CashfishT: folds 
derek5858: folds 
Uncalled bet ($2) returned to mironchikvld
mironchikvld collected $2.50 from pot
mironchikvld: doesn't show hand 
*** SUMMARY ***
Total pot $2.50 | Rake $0 
Seat 1: jordan2b1 folded before Flop (didn't bet)
Seat 2: mironchikvld collected ($2.50)
Seat 3: Timonessb folded before Flop (didn't bet)
Seat 4: 50CandyJoe (button) folded before Flop (didn't bet)
Seat 5: CashfishT (small blind) folded before Flop
Seat 6: derek5858 (big blind) folded before Flop



PokerStars Hand #254683307033:  Hold'em No Limit ($0.50/$1.00 USD) - 2025/02/03 4:38:11 WET [2025/02/02 23:38:11 ET]
Table 'Euler' 6-max Seat #5 is the button
Seat 1: jordan2b1 ($211.88 in chips) 
Seat 2: mironchikvld ($114.50 in chips) 
Seat 3: Timonessb ($101.50 in chips) 
Seat 4: 50CandyJoe ($142.86 in chips) 
Seat 5: CashfishT ($152.29 in chips) 
Seat 6: derek5858 ($108.84 in chips) 
derek5858: posts small blind $0.50
jordan2b1: posts big blind $1
*** HOLE CARDS ***
mironchikvld: folds 
Timonessb: folds 
50CandyJoe: raises $1.20 to $2.20
CashfishT: folds 
derek5858: folds 
jordan2b1: calls $1.20
*** FLOP *** [9d Ac 7s]
jordan2b1: checks 
50CandyJoe: bets $3.49
jordan2b1: calls $3.49
*** TURN *** [9d Ac 7s] [5s]
jordan2b1: checks 
50CandyJoe: checks 
*** RIVER *** [9d Ac 7s 5s] [Tc]
jordan2b1: bets $3
50CandyJoe: calls $3
*** SHOW DOWN ***
jordan2b1: shows [Th Js] (a pair of Tens)
50CandyJoe: shows [Kd As] (a pair of Aces)
50CandyJoe collected $16.99 from pot
*** SUMMARY ***
Total pot $17.88 | Rake $0.89 
Board [9d Ac 7s 5s Tc]
Seat 1: jordan2b1 (big blind) showed [Th Js] and lost with a pair of Tens
Seat 2: mironchikvld folded before Flop (didn't bet)
Seat 3: Timonessb folded before Flop (didn't bet)
Seat 4: 50CandyJoe showed [Kd As] and won ($16.99) with a pair of Aces
Seat 5: CashfishT (button) folded before Flop (didn't bet)
Seat 6: derek5858 (small blind) folded before Flop



PokerStars Hand #254683312781:  Hold'em No Limit ($0.50/$1.00 USD) - 2025/02/03 4:39:16 WET [2025/02/02 23:39:16 ET]
Table 'Euler' 6-max Seat #6 is the button
Seat 1: jordan2b1 ($203.19 in chips) 
Seat 2: mironchikvld ($114.50 in chips) 
Seat 3: Timonessb ($101.50 in chips) 
Seat 4: 50CandyJoe ($151.16 in chips) 
Seat 5: CashfishT ($152.29 in chips) 
Seat 6: derek5858 ($108.34 in chips) 
jordan2b1: posts small blind $0.50
mironchikvld: posts big blind $1
*** HOLE CARDS ***
Timonessb: folds 
50CandyJoe: folds 
CashfishT: folds 
derek5858: raises $1.50 to $2.50
jordan2b1: calls $2
mironchikvld: calls $1.50
*** FLOP *** [4d Jh Ks]
jordan2b1: checks 
mironchikvld: checks 
derek5858: bets $1
jordan2b1: folds 
mironchikvld: folds 
Uncalled bet ($1) returned to derek5858
derek5858 collected $7.12 from pot
*** SUMMARY ***
Total pot $7.50 | Rake $0.38 
Board [4d Jh Ks]
Seat 1: jordan2b1 (small blind) folded on the Flop
Seat 2: mironchikvld (big blind) folded on the Flop
Seat 3: Timonessb folded before Flop (didn't bet)
Seat 4: 50CandyJoe folded before Flop (didn't bet)
Seat 5: CashfishT folded before Flop (didn't bet)
Seat 6: derek5858 (button) collected ($7.12)



PokerStars Hand #254683316460:  Hold'em No Limit ($0.50/$1.00 USD) - 2025/02/03 4:39:57 WET [2025/02/02 23:39:57 ET]
Table 'Euler' 6-max Seat #1 is the button
Seat 1: jordan2b1 ($200.69 in chips) 
Seat 2: mironchikvld ($112 in chips) 
Seat 3: Timonessb ($101.50 in chips) 
Seat 4: 50CandyJoe ($151.16 in chips) 
Seat 5: CashfishT ($152.29 in chips) 
Seat 6: derek5858 ($112.96 in chips) 
mironchikvld: posts small blind $0.50
Timonessb: posts big blind $1
*** HOLE CARDS ***
50CandyJoe: folds 
CashfishT: folds 
derek5858: raises $1 to $2
jordan2b1: folds 
CashfishT leaves the table
mironchikvld: raises $10 to $12
Timonessb: folds 
derek5858: raises $12 to $24
mironchikvld: folds 
Uncalled bet ($12) returned to derek5858
derek5858 collected $25 from pot
*** SUMMARY ***
Total pot $25 | Rake $0 
Seat 1: jordan2b1 (button) folded before Flop (didn't bet)
Seat 2: mironchikvld (small blind) folded before Flop
Seat 3: Timonessb (big blind) folded before Flop
Seat 4: 50CandyJoe folded before Flop (didn't bet)
Seat 5: CashfishT folded before Flop (didn't bet)
Seat 6: derek5858 collected ($25)



PokerStars Hand #254683103106:  Hold'em No Limit ($0.50/$1.00 USD) - 2025/02/03 4:02:03 WET [2025/02/02 23:02:03 ET]
Table 'Euler' 6-max Seat #4 is the button
Seat 1: jordan2b1 ($211.98 in chips) 
Seat 2: LuckyShikari ($160.10 in chips) 
Seat 3: XneferX ($165.16 in chips) 
Seat 4: 50CandyJoe ($173.38 in chips) 
Seat 5: CashfishT ($100 in chips) 
Seat 6: sesiomp12 ($88.73 in chips) 
CashfishT: posts small blind $0.50
sesiomp12: posts big blind $1
*** HOLE CARDS ***
jordan2b1: folds 
LuckyShikari: folds 
XneferX: folds 
50CandyJoe: raises $1.50 to $2.50
CashfishT: raises $8.50 to $11
sesiomp12: folds 
50CandyJoe: folds 
Uncalled bet ($8.50) returned to CashfishT
CashfishT collected $6 from pot
CashfishT: doesn't show hand 
*** SUMMARY ***
Total pot $6 | Rake $0 
Seat 1: jordan2b1 folded before Flop (didn't bet)
Seat 2: LuckyShikari folded before Flop (didn't bet)
Seat 3: XneferX folded before Flop (didn't bet)
Seat 4: 50CandyJoe (button) folded before Flop
Seat 5: CashfishT (small blind) collected ($6)
Seat 6: sesiomp12 (big blind) folded before Flop



PokerStars Hand #254683105694:  Hold'em No Limit ($0.50/$1.00 USD) - 2025/02/03 4:02:29 WET [2025/02/02 23:02:29 ET]
Table 'Euler' 6-max Seat #5 is the button
Seat 1: jordan2b1 ($211.98 in chips) 
Seat 2: LuckyShikari ($160.10 in chips) 
Seat 3: XneferX ($165.16 in chips) 
Seat 4: 50CandyJoe ($170.88 in chips) 
Seat 5: CashfishT ($103.50 in chips) 
Seat 6: sesiomp12 ($87.73 in chips) 
sesiomp12: posts small blind $0.50
jordan2b1: posts big blind $1
*** HOLE CARDS ***
LuckyShikari: folds 
XneferX: raises $1.10 to $2.10
50CandyJoe: folds 
CashfishT: folds 
sesiomp12: folds 
jordan2b1: folds 
Uncalled bet ($1.10) returned to XneferX
XneferX collected $2.50 from pot
XneferX: doesn't show hand 
*** SUMMARY ***
Total pot $2.50 | Rake $0 
Seat 1: jordan2b1 (big blind) folded before Flop
Seat 2: LuckyShikari folded before Flop (didn't bet)
Seat 3: XneferX collected ($2.50)
Seat 4: 50CandyJoe folded before Flop (didn't bet)
Seat 5: CashfishT (button) folded before Flop (didn't bet)
Seat 6: sesiomp12 (small blind) folded before Flop



PokerStars Hand #254683108604:  Hold'em No Limit ($0.50/$1.00 USD) - 2025/02/03 4:02:59 WET [2025/02/02 23:02:59 ET]
Table 'Euler' 6-max Seat #6 is the button
Seat 1: jordan2b1 ($210.98 in chips) 
Seat 2: LuckyShikari ($160.10 in chips) 
Seat 3: XneferX ($166.66 in chips) 
Seat 4: 50CandyJoe ($170.88 in chips) 
Seat 5: CashfishT ($103.50 in chips) 
Seat 6: sesiomp12 ($87.23 in chips) 
jordan2b1: posts small blind $0.50
LuckyShikari: posts big blind $1
*** HOLE CARDS ***
XneferX: raises $1.10 to $2.10
50CandyJoe: folds 
CashfishT: folds 
sesiomp12: folds 
jordan2b1: folds 
LuckyShikari: folds 
Uncalled bet ($1.10) returned to XneferX
XneferX collected $2.50 from pot
XneferX: doesn't show hand 
*** SUMMARY ***
Total pot $2.50 | Rake $0 
Seat 1: jordan2b1 (small blind) folded before Flop
Seat 2: LuckyShikari (big blind) folded before Flop
Seat 3: XneferX collected ($2.50)
Seat 4: 50CandyJoe folded before Flop (didn't bet)
Seat 5: CashfishT folded before Flop (didn't bet)
Seat 6: sesiomp12 (button) folded before Flop (didn't bet)



PokerStars Hand #254683110981:  Hold'em No Limit ($0.50/$1.00 USD) - 2025/02/03 4:03:23 WET [2025/02/02 23:03:23 ET]
Table 'Euler' 6-max Seat #1 is the button
Seat 1: jordan2b1 ($210.48 in chips) 
Seat 2: LuckyShikari ($159.10 in chips) 
Seat 3: XneferX ($168.16 in chips) 
Seat 4: 50CandyJoe ($170.88 in chips) 
Seat 5: CashfishT ($103.50 in chips) 
Seat 6: sesiomp12 ($87.23 in chips) 
LuckyShikari: posts small blind $0.50
XneferX: posts big blind $1
*** HOLE CARDS ***
50CandyJoe: folds 
CashfishT: raises $1.20 to $2.20
sesiomp12: folds 
jordan2b1: folds 
LuckyShikari: folds 
XneferX: calls $1.20
*** FLOP *** [7s 3c 6h]
XneferX: checks 
CashfishT: checks 
*** TURN *** [7s 3c 6h] [Qd]
XneferX: checks 
CashfishT: checks 
*** RIVER *** [7s 3c 6h Qd] [As]
XneferX: bets $1.20
CashfishT: raises $5.30 to $6.50
XneferX: folds 
Uncalled bet ($5.30) returned to CashfishT
CashfishT collected $6.94 from pot
CashfishT: doesn't show hand 
*** SUMMARY ***
Total pot $7.30 | Rake $0.36 
Board [7s 3c 6h Qd As]
Seat 1: jordan2b1 (button) folded before Flop (didn't bet)
Seat 2: LuckyShikari (small blind) folded before Flop
Seat 3: XneferX (big blind) folded on the River
Seat 4: 50CandyJoe folded before Flop (didn't bet)
Seat 5: CashfishT collected ($6.94)
Seat 6: sesiomp12 folded before Flop (didn't bet)



PokerStars Hand #254683120399:  Hold'em No Limit ($0.50/$1.00 USD) - 2025/02/03 4:05:00 WET [2025/02/02 23:05:00 ET]
Table 'Euler' 6-max Seat #2 is the button
Seat 1: jordan2b1 ($210.48 in chips) 
Seat 2: LuckyShikari ($158.60 in chips) 
Seat 3: XneferX ($164.76 in chips) 
Seat 4: 50CandyJoe ($170.88 in chips) 
Seat 5: CashfishT ($107.04 in chips) 
Seat 6: sesiomp12 ($87.23 in chips) 
XneferX: posts small blind $0.50
50CandyJoe: posts big blind $1
*** HOLE CARDS ***
CashfishT: folds 
sesiomp12: folds 
jordan2b1: folds 
LuckyShikari: folds 
XneferX: raises $2 to $3
50CandyJoe: calls $2
*** FLOP *** [Td 6c 5d]
XneferX: checks 
50CandyJoe: bets $3.76
XneferX: folds 
Uncalled bet ($3.76) returned to 50CandyJoe
50CandyJoe collected $5.70 from pot
50CandyJoe: doesn't show hand 
*** SUMMARY ***
Total pot $6 | Rake $0.30 
Board [Td 6c 5d]
Seat 1: jordan2b1 folded before Flop (didn't bet)
Seat 2: LuckyShikari (button) folded before Flop (didn't bet)
Seat 3: XneferX (small blind) folded on the Flop
Seat 4: 50CandyJoe (big blind) collected ($5.70)
Seat 5: CashfishT folded before Flop (didn't bet)
Seat 6: sesiomp12 folded before Flop (didn't bet)



PokerStars Hand #254683125040:  Hold'em No Limit ($0.50/$1.00 USD) - 2025/02/03 4:05:48 WET [2025/02/02 23:05:48 ET]
Table 'Euler' 6-max Seat #3 is the button
Seat 1: jordan2b1 ($210.48 in chips) 
Seat 2: LuckyShikari ($158.60 in chips) 
Seat 3: XneferX ($161.76 in chips) 
Seat 4: 50CandyJoe ($173.58 in chips) 
Seat 5: CashfishT ($107.04 in chips) 
Seat 6: sesiomp12 ($87.23 in chips) 
50CandyJoe: posts small blind $0.50
CashfishT: posts big blind $1
*** HOLE CARDS ***
sesiomp12: calls $1
jordan2b1: folds 
LuckyShikari: folds 
XneferX: raises $3 to $4
50CandyJoe: folds 
CashfishT: folds 
sesiomp12: calls $3
*** FLOP *** [9h Th 2d]
sesiomp12: checks 
XneferX: checks 
*** TURN *** [9h Th 2d] [2h]
sesiomp12: checks 
XneferX: bets $3.07
sesiomp12: calls $3.07
*** RIVER *** [9h Th 2d 2h] [8h]
sesiomp12: checks 
XneferX: checks 
*** SHOW DOWN ***
sesiomp12: shows [As 5d] (a pair of Deuces)
XneferX: shows [8d Td] (two pair, Tens and Eights)
XneferX collected $14.86 from pot
*** SUMMARY ***
Total pot $15.64 | Rake $0.78 
Board [9h Th 2d 2h 8h]
Seat 1: jordan2b1 folded before Flop (didn't bet)
Seat 2: LuckyShikari folded before Flop (didn't bet)
Seat 3: XneferX (button) showed [8d Td] and won ($14.86) with two pair, Tens and Eights
Seat 4: 50CandyJoe (small blind) folded before Flop
Seat 5: CashfishT (big blind) folded before Flop
Seat 6: sesiomp12 showed [As 5d] and lost with a pair of Deuces



PokerStars Hand #254683130689:  Hold'em No Limit ($0.50/$1.00 USD) - 2025/02/03 4:06:45 WET [2025/02/02 23:06:45 ET]
Table 'Euler' 6-max Seat #4 is the button
Seat 1: jordan2b1 ($210.48 in chips) 
Seat 2: LuckyShikari ($158.60 in chips) 
Seat 3: XneferX ($169.55 in chips) 
Seat 4: 50CandyJoe ($173.08 in chips) 
Seat 5: CashfishT ($106.04 in chips) 
Seat 6: sesiomp12 ($80.16 in chips) 
CashfishT: posts small blind $0.50
sesiomp12: posts big blind $1
*** HOLE CARDS ***
jordan2b1: folds 
LuckyShikari: folds 
XneferX: raises $1.30 to $2.30
50CandyJoe: calls $2.30
CashfishT: folds 
sesiomp12: raises $5.30 to $7.60
XneferX: folds 
50CandyJoe: folds 
Uncalled bet ($5.30) returned to sesiomp12
sesiomp12 collected $7.40 from pot
sesiomp12: doesn't show hand 
*** SUMMARY ***
Total pot $7.40 | Rake $0 
Seat 1: jordan2b1 folded before Flop (didn't bet)
Seat 2: LuckyShikari folded before Flop (didn't bet)
Seat 3: XneferX folded before Flop
Seat 4: 50CandyJoe (button) folded before Flop
Seat 5: CashfishT (small blind) folded before Flop
Seat 6: sesiomp12 (big blind) collected ($7.40)



PokerStars Hand #254683136239:  Hold'em No Limit ($0.50/$1.00 USD) - 2025/02/03 4:07:42 WET [2025/02/02 23:07:42 ET]
Table 'Euler' 6-max Seat #5 is the button
Seat 1: jordan2b1 ($210.48 in chips) 
Seat 2: LuckyShikari ($158.60 in chips) 
Seat 3: XneferX ($167.25 in chips) 
Seat 4: 50CandyJoe ($170.78 in chips) 
Seat 5: CashfishT ($105.54 in chips) 
Seat 6: sesiomp12 ($85.26 in chips) 
sesiomp12: posts small blind $0.50
jordan2b1: posts big blind $1
*** HOLE CARDS ***
LuckyShikari: folds 
XneferX: folds 
50CandyJoe has timed out
50CandyJoe: folds 
CashfishT: raises $1.20 to $2.20
sesiomp12: calls $1.70
jordan2b1: folds 
*** FLOP *** [4s 5d 6s]
sesiomp12: checks 
CashfishT: bets $1.69
sesiomp12: calls $1.69
*** TURN *** [4s 5d 6s] [Qd]
sesiomp12: checks 
CashfishT: bets $8.34
sesiomp12: calls $8.34
*** RIVER *** [4s 5d 6s Qd] [4h]
sesiomp12: checks 
CashfishT: checks 
*** SHOW DOWN ***
sesiomp12: shows [Ad 8s] (a pair of Fours)
CashfishT: mucks hand 
sesiomp12 collected $24.19 from pot
*** SUMMARY ***
Total pot $25.46 | Rake $1.27 
Board [4s 5d 6s Qd 4h]
Seat 1: jordan2b1 (big blind) folded before Flop
Seat 2: LuckyShikari folded before Flop (didn't bet)
Seat 3: XneferX folded before Flop (didn't bet)
Seat 4: 50CandyJoe folded before Flop (didn't bet)
Seat 5: CashfishT (button) mucked
Seat 6: sesiomp12 (small blind) showed [Ad 8s] and won ($24.19) with a pair of Fours



PokerStars Hand #254683144388:  Hold'em No Limit ($0.50/$1.00 USD) - 2025/02/03 4:09:06 WET [2025/02/02 23:09:06 ET]
Table 'Euler' 6-max Seat #6 is the button
Seat 1: jordan2b1 ($209.48 in chips) 
Seat 2: LuckyShikari ($158.60 in chips) 
Seat 3: XneferX ($167.25 in chips) 
Seat 4: 50CandyJoe ($170.78 in chips) 
Seat 5: CashfishT ($100 in chips) 
Seat 6: sesiomp12 ($97.22 in chips) 
jordan2b1: posts small blind $0.50
LuckyShikari: posts big blind $1
*** HOLE CARDS ***
XneferX: folds 
50CandyJoe: raises $1.20 to $2.20
CashfishT: folds 
sesiomp12: calls $2.20
jordan2b1: folds 
LuckyShikari: folds 
*** FLOP *** [9d Jc 4c]
50CandyJoe: bets $1.12
sesiomp12: calls $1.12
*** TURN *** [9d Jc 4c] [2c]
50CandyJoe: checks 
sesiomp12: bets $7.73
50CandyJoe: folds 
Uncalled bet ($7.73) returned to sesiomp12
sesiomp12 collected $7.73 from pot
sesiomp12: doesn't show hand 
*** SUMMARY ***
Total pot $8.14 | Rake $0.41 
Board [9d Jc 4c 2c]
Seat 1: jordan2b1 (small blind) folded before Flop
Seat 2: LuckyShikari (big blind) folded before Flop
Seat 3: XneferX folded before Flop (didn't bet)
Seat 4: 50CandyJoe folded on the Turn
Seat 5: CashfishT folded before Flop (didn't bet)
Seat 6: sesiomp12 (button) collected ($7.73)



PokerStars Hand #254683149131:  Hold'em No Limit ($0.50/$1.00 USD) - 2025/02/03 4:09:55 WET [2025/02/02 23:09:55 ET]
Table 'Euler' 6-max Seat #1 is the button
Seat 1: jordan2b1 ($208.98 in chips) 
Seat 2: LuckyShikari ($157.60 in chips) 
Seat 3: XneferX ($167.25 in chips) 
Seat 4: 50CandyJoe ($167.46 in chips) 
Seat 5: CashfishT ($100 in chips) 
Seat 6: sesiomp12 ($101.63 in chips) 
LuckyShikari: posts small blind $0.50
XneferX: posts big blind $1
*** HOLE CARDS ***
50CandyJoe: folds 
CashfishT: folds 
sesiomp12: folds 
jordan2b1: folds 
LuckyShikari: raises $1.50 to $2.50
XneferX: folds 
Uncalled bet ($1.50) returned to LuckyShikari
LuckyShikari collected $2 from pot
LuckyShikari: doesn't show hand 
*** SUMMARY ***
Total pot $2 | Rake $0 
Seat 1: jordan2b1 (button) folded before Flop (didn't bet)
Seat 2: LuckyShikari (small blind) collected ($2)
Seat 3: XneferX (big blind) folded before Flop
Seat 4: 50CandyJoe folded before Flop (didn't bet)
Seat 5: CashfishT folded before Flop (didn't bet)
Seat 6: sesiomp12 folded before Flop (didn't bet)



PokerStars Hand #254683151520:  Hold'em No Limit ($0.50/$1.00 USD) - 2025/02/03 4:10:20 WET [2025/02/02 23:10:20 ET]
Table 'Euler' 6-max Seat #2 is the button
Seat 1: jordan2b1 ($208.98 in chips) 
Seat 2: LuckyShikari ($158.60 in chips) 
Seat 3: XneferX ($166.25 in chips) 
Seat 4: 50CandyJoe ($167.46 in chips) 
Seat 5: CashfishT ($100 in chips) 
Seat 6: sesiomp12 ($101.63 in chips) 
XneferX: posts small blind $0.50
50CandyJoe: posts big blind $1
*** HOLE CARDS ***
CashfishT: raises $1.20 to $2.20
sesiomp12: folds 
jordan2b1: folds 
LuckyShikari: folds 
XneferX: folds 
50CandyJoe: calls $1.20
*** FLOP *** [3d Qc 8h]
50CandyJoe: checks 
CashfishT: bets $1.54
50CandyJoe: calls $1.54
*** TURN *** [3d Qc 8h] [7c]
50CandyJoe: checks 
CashfishT: bets $5.69
50CandyJoe: folds 
Uncalled bet ($5.69) returned to CashfishT
CashfishT collected $7.58 from pot
CashfishT: doesn't show hand 
*** SUMMARY ***
Total pot $7.98 | Rake $0.40 
Board [3d Qc 8h 7c]
Seat 1: jordan2b1 folded before Flop (didn't bet)
Seat 2: LuckyShikari (button) folded before Flop (didn't bet)
Seat 3: XneferX (small blind) folded before Flop
Seat 4: 50CandyJoe (big blind) folded on the Turn
Seat 5: CashfishT collected ($7.58)
Seat 6: sesiomp12 folded before Flop (didn't bet)



PokerStars Hand #254683156125:  Hold'em No Limit ($0.50/$1.00 USD) - 2025/02/03 4:11:07 WET [2025/02/02 23:11:07 ET]
Table 'Euler' 6-max Seat #3 is the button
Seat 1: jordan2b1 ($208.98 in chips) 
Seat 2: LuckyShikari ($158.60 in chips) 
Seat 3: XneferX ($165.75 in chips) 
Seat 4: 50CandyJoe ($163.72 in chips) 
Seat 5: CashfishT ($103.84 in chips) 
Seat 6: sesiomp12 ($101.63 in chips) 
50CandyJoe: posts small blind $0.50
CashfishT: posts big blind $1
*** HOLE CARDS ***
sesiomp12: raises $1 to $2
jordan2b1: folds 
LuckyShikari: folds 
XneferX: raises $4 to $6
50CandyJoe: folds 
CashfishT: calls $5
sesiomp12: calls $4
*** FLOP *** [Td Qh 7h]
CashfishT: checks 
sesiomp12: bets $8
XneferX: raises $16 to $24
CashfishT: folds 
sesiomp12: raises $71.63 to $95.63 and is all-in
XneferX: calls $71.63
*** TURN *** [Td Qh 7h] [As]
*** RIVER *** [Td Qh 7h As] [Qd]
*** SHOW DOWN ***
sesiomp12: shows [Tc 7c] (two pair, Queens and Tens)
XneferX: shows [Ah Ad] (a full house, Aces full of Queens)
XneferX cashed out the hand for $62.16 | Cash Out Fee $1.27
*** SUMMARY ***
Total pot $209.76 | Rake $2.50 
Board [Td Qh 7h As Qd]
Seat 1: jordan2b1 folded before Flop (didn't bet)
Seat 2: LuckyShikari folded before Flop (didn't bet)
Seat 3: XneferX (button) showed [Ah Ad] and won ($207.26) with a full house, Aces full of Queens (pot not awarded as player cashed out)
Seat 4: 50CandyJoe (small blind) folded before Flop
Seat 5: CashfishT (big blind) folded on the Flop
Seat 6: sesiomp12 showed [Tc 7c] and lost with two pair, Queens and Tens



PokerStars Hand #254683163404:  Hold'em No Limit ($0.50/$1.00 USD) - 2025/02/03 4:12:24 WET [2025/02/02 23:12:24 ET]
Table 'Euler' 6-max Seat #4 is the button
Seat 6: sesiomp12 ($0 in chips) is sitting out
Seat 1: jordan2b1 ($208.98 in chips) 
Seat 2: LuckyShikari ($158.60 in chips) 
Seat 3: XneferX ($126.28 in chips) 
Seat 4: 50CandyJoe ($163.22 in chips) 
Seat 5: CashfishT ($100 in chips) 
CashfishT: posts small blind $0.50
jordan2b1: posts big blind $1
*** HOLE CARDS ***
LuckyShikari: raises $2.50 to $3.50
XneferX: folds 
sesiomp12 leaves the table
50CandyJoe: folds 
derek5858 joins the table at seat #6 
CashfishT: folds 
jordan2b1: folds 
Uncalled bet ($2.50) returned to LuckyShikari
LuckyShikari collected $2.50 from pot
LuckyShikari: doesn't show hand 
*** SUMMARY ***
Total pot $2.50 | Rake $0 
Seat 6: sesiomp12
Seat 1: jordan2b1 (big blind) folded before Flop
Seat 2: LuckyShikari collected ($2.50)
Seat 3: XneferX folded before Flop (didn't bet)
Seat 4: 50CandyJoe (button) folded before Flop (didn't bet)
Seat 5: CashfishT (small blind) folded before Flop



PokerStars Hand #254683165618:  Hold'em No Limit ($0.50/$1.00 USD) - 2025/02/03 4:12:47 WET [2025/02/02 23:12:47 ET]
Table 'Euler' 6-max Seat #5 is the button
Seat 2: LuckyShikari ($160.10 in chips) is sitting out
Seat 3: XneferX ($126.28 in chips) is sitting out
Seat 6: derek5858 ($100 in chips) is sitting out
Seat 1: jordan2b1 ($207.98 in chips) 
Seat 4: 50CandyJoe ($163.22 in chips) 
Seat 5: CashfishT ($100 in chips) 
jordan2b1: posts small blind $0.50
XneferX: is sitting out 
50CandyJoe: posts big blind $1
*** HOLE CARDS ***
LuckyShikari leaves the table
CashfishT: folds 
mironchikvld joins the table at seat #2 
XneferX leaves the table
jordan2b1: raises $2 to $3
50CandyJoe: calls $2
*** FLOP *** [9h Js 6d]
Nicedaymybro joins the table at seat #3 
jordan2b1: bets $3
50CandyJoe: folds 
Uncalled bet ($3) returned to jordan2b1
jordan2b1 collected $5.70 from pot
jordan2b1: doesn't show hand 
*** SUMMARY ***
Total pot $6 | Rake $0.30 
Board [9h Js 6d]
Seat 2: LuckyShikari
Seat 3: XneferX
Seat 6: derek5858
Seat 1: jordan2b1 (small blind) collected ($5.70)
Seat 4: 50CandyJoe (big blind) folded on the Flop
Seat 5: CashfishT (button) folded before Flop (didn't bet)



PokerStars Hand #254683168722:  Hold'em No Limit ($0.50/$1.00 USD) - 2025/02/03 4:13:20 WET [2025/02/02 23:13:20 ET]
Table 'Euler' 6-max Seat #1 is the button
Seat 2: mironchikvld ($100 in chips) is sitting out
Seat 3: Nicedaymybro ($100 in chips) is sitting out
Seat 6: derek5858 ($100 in chips) is sitting out
Seat 1: jordan2b1 ($210.68 in chips) 
Seat 4: 50CandyJoe ($160.22 in chips) 
Seat 5: CashfishT ($100 in chips) 
50CandyJoe: posts small blind $0.50
CashfishT: posts big blind $1
derek5858: sits out 
*** HOLE CARDS ***
jordan2b1: raises $1.50 to $2.50
50CandyJoe: folds 
CashfishT: folds 
Uncalled bet ($1.50) returned to jordan2b1
jordan2b1 collected $2.50 from pot
jordan2b1: doesn't show hand 
*** SUMMARY ***
Total pot $2.50 | Rake $0 
Seat 2: mironchikvld
Seat 3: Nicedaymybro
Seat 6: derek5858
Seat 1: jordan2b1 (button) collected ($2.50)
Seat 4: 50CandyJoe (small blind) folded before Flop
Seat 5: CashfishT (big blind) folded before Flop



PokerStars Hand #254683170653:  Hold'em No Limit ($0.50/$1.00 USD) - 2025/02/03 4:13:40 WET [2025/02/02 23:13:40 ET]
Table 'Euler' 6-max Seat #4 is the button
Seat 2: mironchikvld ($100 in chips) is sitting out
Seat 3: Nicedaymybro ($100 in chips) is sitting out
Seat 1: jordan2b1 ($212.18 in chips) 
Seat 4: 50CandyJoe ($159.72 in chips) 
Seat 5: CashfishT ($100 in chips) 
Seat 6: derek5858 ($100 in chips) 
CashfishT: posts small blind $0.50
derek5858: posts big blind $1
mironchikvld: sits out 
Nicedaymybro: sits out 
*** HOLE CARDS ***
jordan2b1: folds 
50CandyJoe: folds 
CashfishT: folds 
Uncalled bet ($0.50) returned to derek5858
derek5858 collected $1 from pot
*** SUMMARY ***
Total pot $1 | Rake $0 
Seat 2: mironchikvld
Seat 3: Nicedaymybro
Seat 1: jordan2b1 folded before Flop (didn't bet)
Seat 4: 50CandyJoe (button) folded before Flop (didn't bet)
Seat 5: CashfishT (small blind) folded before Flop
Seat 6: derek5858 (big blind) collected ($1)



PokerStars Hand #254683171786:  Hold'em No Limit ($0.50/$1.00 USD) - 2025/02/03 4:13:52 WET [2025/02/02 23:13:52 ET]
Table 'Euler' 6-max Seat #5 is the button
Seat 2: mironchikvld ($100 in chips) is sitting out
Seat 3: Nicedaymybro ($100 in chips) is sitting out
Seat 1: jordan2b1 ($212.18 in chips) 
Seat 4: 50CandyJoe ($159.72 in chips) 
Seat 5: CashfishT ($100 in chips) 
Seat 6: derek5858 ($100.50 in chips) 
derek5858: posts small blind $0.50
jordan2b1: posts big blind $1
mironchikvld: sits out 
Nicedaymybro: sits out 
*** HOLE CARDS ***
50CandyJoe: folds 
CashfishT: folds 
derek5858: raises $1 to $2
jordan2b1: raises $4 to $6
derek5858: folds 
Uncalled bet ($4) returned to jordan2b1
jordan2b1 collected $4 from pot
jordan2b1: doesn't show hand 
*** SUMMARY ***
Total pot $4 | Rake $0 
Seat 2: mironchikvld
Seat 3: Nicedaymybro
Seat 1: jordan2b1 (big blind) collected ($4)
Seat 4: 50CandyJoe folded before Flop (didn't bet)
Seat 5: CashfishT (button) folded before Flop (didn't bet)
Seat 6: derek5858 (small blind) folded before Flop



PokerStars Hand #254683174844:  Hold'em No Limit ($0.50/$1.00 USD) - 2025/02/03 4:14:25 WET [2025/02/02 23:14:25 ET]
Table 'Euler' 6-max Seat #6 is the button
Seat 3: Nicedaymybro ($100 in chips) is sitting out
Seat 1: jordan2b1 ($214.18 in chips) 
Seat 2: mironchikvld ($100 in chips) 
Seat 4: 50CandyJoe ($159.72 in chips) 
Seat 5: CashfishT ($100 in chips) 
Seat 6: derek5858 ($100 in chips) 
jordan2b1: posts small blind $0.50
mironchikvld: posts big blind $1
Nicedaymybro: sits out 
*** HOLE CARDS ***
50CandyJoe: folds 
CashfishT: folds 
derek5858: folds 
jordan2b1: calls $0.50
mironchikvld: raises $3 to $4
jordan2b1: calls $3
*** FLOP *** [Ks 3d 5h]
jordan2b1: checks 
mironchikvld: bets $3.80
jordan2b1: calls $3.80
*** TURN *** [Ks 3d 5h] [4d]
jordan2b1: checks 
mironchikvld: bets $7.41
jordan2b1: calls $7.41
*** RIVER *** [Ks 3d 5h 4d] [8c]
jordan2b1: checks 
mironchikvld: checks 
*** SHOW DOWN ***
jordan2b1: shows [4h Ac] (a pair of Fours)
mironchikvld: shows [Kd Js] (a pair of Kings)
mironchikvld collected $28.90 from pot
*** SUMMARY ***
Total pot $30.42 | Rake $1.52 
Board [Ks 3d 5h 4d 8c]
Seat 3: Nicedaymybro
Seat 1: jordan2b1 (small blind) showed [4h Ac] and lost with a pair of Fours
Seat 2: mironchikvld (big blind) showed [Kd Js] and won ($28.90) with a pair of Kings
Seat 4: 50CandyJoe folded before Flop (didn't bet)
Seat 5: CashfishT folded before Flop (didn't bet)
Seat 6: derek5858 (button) folded before Flop (didn't bet)



PokerStars Hand #254683182117:  Hold'em No Limit ($0.50/$1.00 USD) - 2025/02/03 4:15:41 WET [2025/02/02 23:15:41 ET]
Table 'Euler' 6-max Seat #1 is the button
Seat 1: jordan2b1 ($198.97 in chips) 
Seat 2: mironchikvld ($113.69 in chips) 
Seat 3: Nicedaymybro ($100 in chips) 
Seat 4: 50CandyJoe ($159.72 in chips) 
Seat 5: CashfishT ($100 in chips) 
Seat 6: derek5858 ($100 in chips) 
mironchikvld: posts small blind $0.50
Nicedaymybro: posts big blind $1
*** HOLE CARDS ***
50CandyJoe: folds 
CashfishT: raises $1.20 to $2.20
derek5858: folds 
jordan2b1: folds 
mironchikvld: raises $9.80 to $12
Nicedaymybro: folds 
CashfishT: calls $9.80
*** FLOP *** [9d 7h 4s]
mironchikvld: bets $7.84
CashfishT: folds 
Uncalled bet ($7.84) returned to mironchikvld
mironchikvld collected $23.75 from pot
mironchikvld: doesn't show hand 
*** SUMMARY ***
Total pot $25 | Rake $1.25 
Board [9d 7h 4s]
Seat 1: jordan2b1 (button) folded before Flop (didn't bet)
Seat 2: mironchikvld (small blind) collected ($23.75)
Seat 3: Nicedaymybro (big blind) folded before Flop
Seat 4: 50CandyJoe folded before Flop (didn't bet)
Seat 5: CashfishT folded on the Flop
Seat 6: derek5858 folded before Flop (didn't bet)



PokerStars Hand #254683190348:  Hold'em No Limit ($0.50/$1.00 USD) - 2025/02/03 4:17:07 WET [2025/02/02 23:17:07 ET]
Table 'Euler' 6-max Seat #2 is the button
Seat 1: jordan2b1 ($198.97 in chips) 
Seat 2: mironchikvld ($125.44 in chips) 
Seat 3: Nicedaymybro ($100 in chips) 
Seat 4: 50CandyJoe ($159.72 in chips) 
Seat 5: CashfishT ($100 in chips) 
Seat 6: derek5858 ($100 in chips) 
Nicedaymybro: posts small blind $0.50
50CandyJoe: posts big blind $1
*** HOLE CARDS ***
CashfishT: folds 
derek5858: raises $1 to $2
jordan2b1: folds 
mironchikvld: folds 
Nicedaymybro: folds 
50CandyJoe: folds 
Uncalled bet ($1) returned to derek5858
derek5858 collected $2.50 from pot
*** SUMMARY ***
Total pot $2.50 | Rake $0 
Seat 1: jordan2b1 folded before Flop (didn't bet)
Seat 2: mironchikvld (button) folded before Flop (didn't bet)
Seat 3: Nicedaymybro (small blind) folded before Flop
Seat 4: 50CandyJoe (big blind) folded before Flop
Seat 5: CashfishT folded before Flop (didn't bet)
Seat 6: derek5858 collected ($2.50)



PokerStars Hand #254683193446:  Hold'em No Limit ($0.50/$1.00 USD) - 2025/02/03 4:17:40 WET [2025/02/02 23:17:40 ET]
Table 'Euler' 6-max Seat #3 is the button
Seat 1: jordan2b1 ($198.97 in chips) 
Seat 2: mironchikvld ($125.44 in chips) 
Seat 3: Nicedaymybro ($100 in chips) 
Seat 4: 50CandyJoe ($158.72 in chips) 
Seat 5: CashfishT ($100 in chips) 
Seat 6: derek5858 ($101.50 in chips) 
50CandyJoe: posts small blind $0.50
CashfishT: posts big blind $1
*** HOLE CARDS ***
derek5858: folds 
jordan2b1: folds 
mironchikvld: folds 
Nicedaymybro: folds 
50CandyJoe: folds 
Uncalled bet ($0.50) returned to CashfishT
CashfishT collected $1 from pot
CashfishT: doesn't show hand 
*** SUMMARY ***
Total pot $1 | Rake $0 
Seat 1: jordan2b1 folded before Flop (didn't bet)
Seat 2: mironchikvld folded before Flop (didn't bet)
Seat 3: Nicedaymybro (button) folded before Flop (didn't bet)
Seat 4: 50CandyJoe (small blind) folded before Flop
Seat 5: CashfishT (big blind) collected ($1)
Seat 6: derek5858 folded before Flop (didn't bet)



PokerStars Hand #254683194967:  Hold'em No Limit ($0.50/$1.00 USD) - 2025/02/03 4:17:55 WET [2025/02/02 23:17:55 ET]
Table 'Euler' 6-max Seat #4 is the button
Seat 1: jordan2b1 ($198.97 in chips) 
Seat 2: mironchikvld ($125.44 in chips) 
Seat 3: Nicedaymybro ($100 in chips) 
Seat 4: 50CandyJoe ($158.22 in chips) 
Seat 5: CashfishT ($100.50 in chips) 
Seat 6: derek5858 ($101.50 in chips) 
CashfishT: posts small blind $0.50
derek5858: posts big blind $1
*** HOLE CARDS ***
jordan2b1: folds 
mironchikvld: folds 
Nicedaymybro: folds 
50CandyJoe: raises $1.50 to $2.50
CashfishT: folds 
derek5858: calls $1.50
*** FLOP *** [As Ts 4d]
derek5858: checks 
50CandyJoe: bets $1.72
derek5858: raises $6.06 to $7.78
50CandyJoe: calls $6.06
*** TURN *** [As Ts 4d] [8d]
derek5858: bets $14.01
50CandyJoe: folds 
Uncalled bet ($14.01) returned to derek5858
derek5858 collected $20.01 from pot
*** SUMMARY ***
Total pot $21.06 | Rake $1.05 
Board [As Ts 4d 8d]
Seat 1: jordan2b1 folded before Flop (didn't bet)
Seat 2: mironchikvld folded before Flop (didn't bet)
Seat 3: Nicedaymybro folded before Flop (didn't bet)
Seat 4: 50CandyJoe (button) folded on the Turn
Seat 5: CashfishT (small blind) folded before Flop
Seat 6: derek5858 (big blind) collected ($20.01)



PokerStars Hand #254683204206:  Hold'em No Limit ($0.50/$1.00 USD) - 2025/02/03 4:19:33 WET [2025/02/02 23:19:33 ET]
Table 'Euler' 6-max Seat #6 is the button
Seat 1: jordan2b1 ($199.47 in chips) 
Seat 2: mironchikvld ($125.44 in chips) 
Seat 3: Nicedaymybro ($100 in chips) 
Seat 4: 50CandyJoe ($147.94 in chips) 
Seat 5: CashfishT ($100 in chips) 
Seat 6: derek5858 ($110.73 in chips) 
jordan2b1: posts small blind $0.50
mironchikvld: posts big blind $1
*** HOLE CARDS ***
Nicedaymybro: folds 
50CandyJoe: folds 
CashfishT: raises $1.20 to $2.20
derek5858: folds 
jordan2b1: folds 
mironchikvld: calls $1.20
*** FLOP *** [Ts Kd 8s]
mironchikvld: checks 
CashfishT: bets $1.54
mironchikvld: calls $1.54
*** TURN *** [Ts Kd 8s] [Jh]
mironchikvld: checks 
CashfishT: bets $9.48
mironchikvld: calls $9.48
*** RIVER *** [Ts Kd 8s Jh] [Td]
mironchikvld: checks 
CashfishT: bets $19.19
mironchikvld: folds 
Uncalled bet ($19.19) returned to CashfishT
CashfishT collected $25.59 from pot
CashfishT: doesn't show hand 
*** SUMMARY ***
Total pot $26.94 | Rake $1.35 
Board [Ts Kd 8s Jh Td]
Seat 1: jordan2b1 (small blind) folded before Flop
Seat 2: mironchikvld (big blind) folded on the River
Seat 3: Nicedaymybro folded before Flop (didn't bet)
Seat 4: 50CandyJoe folded before Flop (didn't bet)
Seat 5: CashfishT collected ($25.59)
Seat 6: derek5858 (button) folded before Flop (didn't bet)



PokerStars Hand #254683214896:  Hold'em No Limit ($0.50/$1.00 USD) - 2025/02/03 4:21:26 WET [2025/02/02 23:21:26 ET]
Table 'Euler' 6-max Seat #1 is the button
Seat 1: jordan2b1 ($198.97 in chips) 
Seat 2: mironchikvld ($112.22 in chips) 
Seat 3: Nicedaymybro ($100 in chips) 
Seat 4: 50CandyJoe ($147.94 in chips) 
Seat 5: CashfishT ($112.37 in chips) 
Seat 6: derek5858 ($110.73 in chips) 
mironchikvld: posts small blind $0.50
Nicedaymybro: posts big blind $1
*** HOLE CARDS ***
50CandyJoe: folds 
CashfishT: folds 
derek5858: raises $1 to $2
jordan2b1: folds 
mironchikvld: folds 
Nicedaymybro: calls $1
*** FLOP *** [9d Jd 4s]
Nicedaymybro: checks 
derek5858: checks 
*** TURN *** [9d Jd 4s] [6d]
Nicedaymybro: checks 
derek5858: bets $7.28
Nicedaymybro: folds 
Uncalled bet ($7.28) returned to derek5858
derek5858 collected $4.28 from pot
*** SUMMARY ***
Total pot $4.50 | Rake $0.22 
Board [9d Jd 4s 6d]
Seat 1: jordan2b1 (button) folded before Flop (didn't bet)
Seat 2: mironchikvld (small blind) folded before Flop
Seat 3: Nicedaymybro (big blind) folded on the Turn
Seat 4: 50CandyJoe folded before Flop (didn't bet)
Seat 5: CashfishT folded before Flop (didn't bet)
Seat 6: derek5858 collected ($4.28)



PokerStars Hand #254683220910:  Hold'em No Limit ($0.50/$1.00 USD) - 2025/02/03 4:22:30 WET [2025/02/02 23:22:30 ET]
Table 'Euler' 6-max Seat #2 is the button
Seat 1: jordan2b1 ($198.97 in chips) 
Seat 2: mironchikvld ($111.72 in chips) 
Seat 3: Nicedaymybro ($100 in chips) 
Seat 4: 50CandyJoe ($147.94 in chips) 
Seat 5: CashfishT ($112.37 in chips) 
Seat 6: derek5858 ($113.01 in chips) 
Nicedaymybro: posts small blind $0.50
50CandyJoe: posts big blind $1
*** HOLE CARDS ***
CashfishT: raises $1.20 to $2.20
derek5858: folds 
jordan2b1: folds 
mironchikvld: raises $6.80 to $9
Nicedaymybro: folds 
50CandyJoe: folds 
CashfishT: calls $6.80
*** FLOP *** [8h 7h 5h]
CashfishT: checks 
mironchikvld: bets $6.11
CashfishT: calls $6.11
*** TURN *** [8h 7h 5h] [6d]
CashfishT: checks 
mironchikvld: checks 
*** RIVER *** [8h 7h 5h 6d] [8c]
CashfishT: bets $22.60
mironchikvld: calls $22.60
*** SHOW DOWN ***
CashfishT: shows [9c 9d] (a straight, Five to Nine)
mironchikvld: mucks hand 
CashfishT collected $74.42 from pot
*** SUMMARY ***
Total pot $76.92 | Rake $2.50 
Board [8h 7h 5h 6d 8c]
Seat 1: jordan2b1 folded before Flop (didn't bet)
Seat 2: mironchikvld (button) mucked
Seat 3: Nicedaymybro (small blind) folded before Flop
Seat 4: 50CandyJoe (big blind) folded before Flop
Seat 5: CashfishT showed [9c 9d] and won ($74.42) with a straight, Five to Nine
Seat 6: derek5858 folded before Flop (didn't bet)



