PokerStars Hand #254685576728:  Hold'em No Limit ($0.50/$1.00 USD) - 2025/02/03 12:01:42 WET [2025/02/03 7:01:42 ET]
Table 'Alkes' 6-max Seat #5 is the button
Seat 2: NoonTime1991 ($100 in chips) is sitting out
Seat 3: OrioNCOOL ($100 in chips) is sitting out
Seat 1: Rdalonso ($100 in chips) 
Seat 4: LCH56 ($62.41 in chips) 
Seat 5: D€est7oye€R ($100 in chips) 
Seat 6: vadjkeee ($100 in chips) 
vadjkeee: posts small blind $0.50
Rdalonso: posts big blind $1
NoonTime1991: sits out 
OrioNCOOL: sits out 
*** HOLE CARDS ***
LCH56: calls $1
D€est7oye€R: folds 
vadjkeee: folds 
Rdalonso: checks 
*** FLOP *** [As 5s 2d]
Rdalonso: checks 
LCH56: checks 
*** TURN *** [As 5s 2d] [6c]
Rdalonso: bets $1.78
LCH56: calls $1.78
*** RIVER *** [As 5s 2d 6c] [2h]
Rdalonso: bets $4.32
LCH56: folds 
Uncalled bet ($4.32) returned to Rdalonso
Rdalonso collected $5.76 from pot
Rdalonso: doesn't show hand 
*** SUMMARY ***
Total pot $6.06 | Rake $0.30 
Board [As 5s 2d 6c 2h]
Seat 2: NoonTime1991
Seat 3: OrioNCOOL
Seat 1: Rdalonso (big blind) collected ($5.76)
Seat 4: LCH56 folded on the River
Seat 5: D€est7oye€R (button) folded before Flop (didn't bet)
Seat 6: vadjkeee (small blind) folded before Flop



PokerStars Hand #254685581983:  Hold'em No Limit ($0.50/$1.00 USD) - 2025/02/03 12:02:25 WET [2025/02/03 7:02:25 ET]
Table 'Alkes' 6-max Seat #6 is the button
Seat 3: OrioNCOOL ($100 in chips) is sitting out
Seat 1: Rdalonso ($102.98 in chips) 
Seat 2: NoonTime1991 ($100 in chips) 
Seat 4: LCH56 ($59.63 in chips) 
Seat 5: D€est7oye€R ($100 in chips) 
Seat 6: vadjkeee ($100 in chips) 
Rdalonso: posts small blind $0.50
NoonTime1991: posts big blind $1
OrioNCOOL: sits out 
*** HOLE CARDS ***
LCH56: raises $3 to $4
D€est7oye€R: folds 
vadjkeee: folds 
Rdalonso: folds 
NoonTime1991: calls $3
*** FLOP *** [Ad Qh Qc]
NoonTime1991: checks 
LCH56: checks 
*** TURN *** [Ad Qh Qc] [Js]
NoonTime1991: bets $2.02
LCH56: folds 
Uncalled bet ($2.02) returned to NoonTime1991
NoonTime1991 collected $8.08 from pot
NoonTime1991: doesn't show hand 
*** SUMMARY ***
Total pot $8.50 | Rake $0.42 
Board [Ad Qh Qc Js]
Seat 3: OrioNCOOL
Seat 1: Rdalonso (small blind) folded before Flop
Seat 2: NoonTime1991 (big blind) collected ($8.08)
Seat 4: LCH56 folded on the Turn
Seat 5: D€est7oye€R folded before Flop (didn't bet)
Seat 6: vadjkeee (button) folded before Flop (didn't bet)



PokerStars Hand #254685585486:  Hold'em No Limit ($0.50/$1.00 USD) - 2025/02/03 12:02:53 WET [2025/02/03 7:02:53 ET]
Table 'Alkes' 6-max Seat #1 is the button
Seat 1: Rdalonso ($102.48 in chips) 
Seat 2: NoonTime1991 ($104.08 in chips) 
Seat 3: OrioNCOOL ($100 in chips) 
Seat 4: LCH56 ($55.63 in chips) 
Seat 5: D€est7oye€R ($100 in chips) 
Seat 6: vadjkeee ($100 in chips) 
NoonTime1991: posts small blind $0.50
OrioNCOOL: posts big blind $1
*** HOLE CARDS ***
LCH56: calls $1
D€est7oye€R: folds 
vadjkeee: raises $4 to $5
Rdalonso: folds 
NoonTime1991: folds 
OrioNCOOL: raises $10 to $15
LCH56: folds 
vadjkeee: folds 
Uncalled bet ($10) returned to OrioNCOOL
OrioNCOOL collected $11.50 from pot
OrioNCOOL: doesn't show hand 
*** SUMMARY ***
Total pot $11.50 | Rake $0 
Seat 1: Rdalonso (button) folded before Flop (didn't bet)
Seat 2: NoonTime1991 (small blind) folded before Flop
Seat 3: OrioNCOOL (big blind) collected ($11.50)
Seat 4: LCH56 folded before Flop
Seat 5: D€est7oye€R folded before Flop (didn't bet)
Seat 6: vadjkeee folded before Flop



PokerStars Hand #254685591354:  Hold'em No Limit ($0.50/$1.00 USD) - 2025/02/03 12:03:39 WET [2025/02/03 7:03:39 ET]
Table 'Alkes' 6-max Seat #2 is the button
Seat 1: Rdalonso ($102.48 in chips) 
Seat 2: NoonTime1991 ($103.58 in chips) 
Seat 3: OrioNCOOL ($106.50 in chips) 
Seat 4: LCH56 ($54.63 in chips) 
Seat 5: D€est7oye€R ($100 in chips) 
Seat 6: vadjkeee ($100 in chips) 
OrioNCOOL: posts small blind $0.50
LCH56: posts big blind $1
*** HOLE CARDS ***
D€est7oye€R: folds 
vadjkeee: folds 
Rdalonso: raises $1.50 to $2.50
NoonTime1991: folds 
OrioNCOOL: folds 
LCH56: calls $1.50
*** FLOP *** [5c As 8h]
LCH56: checks 
Rdalonso: bets $1.72
LCH56: calls $1.72
*** TURN *** [5c As 8h] [Ts]
LCH56: bets $5
Rdalonso: calls $5
*** RIVER *** [5c As 8h Ts] [9d]
LCH56: checks 
Rdalonso: bets $13.50
LCH56: calls $13.50
*** SHOW DOWN ***
Rdalonso: shows [Jh Ac] (a pair of Aces)
LCH56: mucks hand 
Rdalonso collected $43.64 from pot
*** SUMMARY ***
Total pot $45.94 | Rake $2.30 
Board [5c As 8h Ts 9d]
Seat 1: Rdalonso showed [Jh Ac] and won ($43.64) with a pair of Aces
Seat 2: NoonTime1991 (button) folded before Flop (didn't bet)
Seat 3: OrioNCOOL (small blind) folded before Flop
Seat 4: LCH56 (big blind) mucked
Seat 5: D€est7oye€R folded before Flop (didn't bet)
Seat 6: vadjkeee folded before Flop (didn't bet)



PokerStars Hand #254685599451:  Hold'em No Limit ($0.50/$1.00 USD) - 2025/02/03 12:04:44 WET [2025/02/03 7:04:44 ET]
Table 'Alkes' 6-max Seat #3 is the button
Seat 1: Rdalonso ($123.40 in chips) 
Seat 2: NoonTime1991 ($103.58 in chips) 
Seat 3: OrioNCOOL ($106 in chips) 
Seat 4: LCH56 ($31.91 in chips) 
Seat 5: D€est7oye€R ($100 in chips) 
Seat 6: vadjkeee ($100 in chips) 
LCH56: posts small blind $0.50
D€est7oye€R: posts big blind $1
*** HOLE CARDS ***
vadjkeee: folds 
Rdalonso: folds 
NoonTime1991: folds 
OrioNCOOL: raises $1.50 to $2.50
LCH56: folds 
D€est7oye€R: folds 
Uncalled bet ($1.50) returned to OrioNCOOL
OrioNCOOL collected $2.50 from pot
OrioNCOOL: doesn't show hand 
*** SUMMARY ***
Total pot $2.50 | Rake $0 
Seat 1: Rdalonso folded before Flop (didn't bet)
Seat 2: NoonTime1991 folded before Flop (didn't bet)
Seat 3: OrioNCOOL (button) collected ($2.50)
Seat 4: LCH56 (small blind) folded before Flop
Seat 5: D€est7oye€R (big blind) folded before Flop
Seat 6: vadjkeee folded before Flop (didn't bet)



PokerStars Hand #254685602885:  Hold'em No Limit ($0.50/$1.00 USD) - 2025/02/03 12:05:11 WET [2025/02/03 7:05:11 ET]
Table 'Alkes' 6-max Seat #4 is the button
Seat 1: Rdalonso ($123.40 in chips) 
Seat 2: NoonTime1991 ($103.58 in chips) 
Seat 3: OrioNCOOL ($107.50 in chips) 
Seat 4: LCH56 ($31.41 in chips) 
Seat 5: D€est7oye€R ($100 in chips) 
Seat 6: vadjkeee ($100 in chips) 
D€est7oye€R: posts small blind $0.50
vadjkeee: posts big blind $1
*** HOLE CARDS ***
Rdalonso: raises $1.50 to $2.50
NoonTime1991: folds 
OrioNCOOL: calls $2.50
LCH56: raises $28.91 to $31.41 and is all-in
D€est7oye€R: folds 
vadjkeee: folds 
Rdalonso: folds 
OrioNCOOL: calls $28.91
*** FLOP *** [2c 2h 7h]
*** TURN *** [2c 2h 7h] [9h]
*** RIVER *** [2c 2h 7h 9h] [Tc]
*** SHOW DOWN ***
OrioNCOOL: shows [8c 8d] (two pair, Eights and Deuces)
LCH56: shows [Ks 6s] (a pair of Deuces)
OrioNCOOL collected $64.32 from pot
*** SUMMARY ***
Total pot $66.82 | Rake $2.50 
Board [2c 2h 7h 9h Tc]
Seat 1: Rdalonso folded before Flop
Seat 2: NoonTime1991 folded before Flop (didn't bet)
Seat 3: OrioNCOOL showed [8c 8d] and won ($64.32) with two pair, Eights and Deuces
Seat 4: LCH56 (button) showed [Ks 6s] and lost with a pair of Deuces
Seat 5: D€est7oye€R (small blind) folded before Flop
Seat 6: vadjkeee (big blind) folded before Flop



PokerStars Hand #254685606425:  Hold'em No Limit ($0.50/$1.00 USD) - 2025/02/03 12:05:38 WET [2025/02/03 7:05:38 ET]
Table 'Alkes' 6-max Seat #5 is the button
Seat 4: LCH56 ($0 in chips) is sitting out
Seat 1: Rdalonso ($120.90 in chips) 
Seat 2: NoonTime1991 ($103.58 in chips) 
Seat 3: OrioNCOOL ($140.41 in chips) 
Seat 5: D€est7oye€R ($100 in chips) 
Seat 6: vadjkeee ($100 in chips) 
vadjkeee: posts small blind $0.50
Rdalonso: posts big blind $1
*** HOLE CARDS ***
NoonTime1991: folds 
OrioNCOOL: folds 
D€est7oye€R: raises $2 to $3
vadjkeee: folds 
Rdalonso: folds 
Uncalled bet ($2) returned to D€est7oye€R
D€est7oye€R collected $2.50 from pot
D€est7oye€R: doesn't show hand 
*** SUMMARY ***
Total pot $2.50 | Rake $0 
Seat 4: LCH56
Seat 1: Rdalonso (big blind) folded before Flop
Seat 2: NoonTime1991 folded before Flop (didn't bet)
Seat 3: OrioNCOOL folded before Flop (didn't bet)
Seat 5: D€est7oye€R (button) collected ($2.50)
Seat 6: vadjkeee (small blind) folded before Flop



PokerStars Hand #254685608585:  Hold'em No Limit ($0.50/$1.00 USD) - 2025/02/03 12:05:56 WET [2025/02/03 7:05:56 ET]
Table 'Alkes' 6-max Seat #6 is the button
Seat 2: NoonTime1991 ($103.58 in chips) is sitting out
Seat 4: LCH56 ($0 in chips) is sitting out
Seat 1: Rdalonso ($119.90 in chips) 
Seat 3: OrioNCOOL ($140.41 in chips) 
Seat 5: D€est7oye€R ($101.50 in chips) 
Seat 6: vadjkeee ($100 in chips) 
Rdalonso: posts small blind $0.50
NoonTime1991: is sitting out 
OrioNCOOL: posts big blind $1
*** HOLE CARDS ***
D€est7oye€R: folds 
vadjkeee: folds 
Rdalonso: raises $2 to $3
OrioNCOOL: calls $2
*** FLOP *** [4c 3c 8h]
LCH56 is disconnected 
Rdalonso: checks 
OrioNCOOL: bets $1.85
Rdalonso: raises $4.70 to $6.55
OrioNCOOL: calls $4.70
*** TURN *** [4c 3c 8h] [8c]
Rdalonso: bets $5.99
NoonTime1991 leaves the table
OrioNCOOL: calls $5.99
*** RIVER *** [4c 3c 8h 8c] [9c]
Rdalonso: checks 
OrioNCOOL: bets $15.04
Rdalonso: folds 
Uncalled bet ($15.04) returned to OrioNCOOL
OrioNCOOL collected $30.08 from pot
OrioNCOOL: doesn't show hand 
*** SUMMARY ***
Total pot $31.08 | Rake $1 
Board [4c 3c 8h 8c 9c]
Seat 2: NoonTime1991
Seat 4: LCH56
Seat 1: Rdalonso (small blind) folded on the River
Seat 3: OrioNCOOL (big blind) collected ($30.08)
Seat 5: D€est7oye€R folded before Flop (didn't bet)
Seat 6: vadjkeee (button) folded before Flop (didn't bet)



PokerStars Hand #254685620325:  Hold'em No Limit ($0.50/$1.00 USD) - 2025/02/03 12:07:27 WET [2025/02/03 7:07:27 ET]
Table 'Alkes' 6-max Seat #1 is the button
Seat 4: LCH56 ($0 in chips) is sitting out
Seat 5: D€est7oye€R ($101.50 in chips) is sitting out
Seat 1: Rdalonso ($104.36 in chips) 
Seat 3: OrioNCOOL ($154.95 in chips) 
Seat 6: vadjkeee ($100 in chips) 
OrioNCOOL: posts small blind $0.50
D€est7oye€R: is sitting out 
vadjkeee: posts big blind $1
*** HOLE CARDS ***
Rdalonso: raises $1.50 to $2.50
OrioNCOOL: folds 
D€est7oye€R leaves the table
vadjkeee: folds 
Uncalled bet ($1.50) returned to Rdalonso
Rdalonso collected $2.50 from pot
Rdalonso: doesn't show hand 
*** SUMMARY ***
Total pot $2.50 | Rake $0 
Seat 4: LCH56
Seat 5: D€est7oye€R
Seat 1: Rdalonso (button) collected ($2.50)
Seat 3: OrioNCOOL (small blind) folded before Flop
Seat 6: vadjkeee (big blind) folded before Flop



