PokerStars Hand #254691191106:  Hold'em No Limit ($0.50/$1.00 USD) - 2025/02/03 19:31:58 WET [2025/02/03 14:31:58 ET]
Table 'Sootiyo' 6-max Seat #2 is the button
Seat 1: Becar_06 ($40 in chips) 
Seat 2: MAO_DZEDYN_S ($100 in chips) 
Seat 3: easy_sarcasm ($100 in chips) 
Seat 4: Alinyr ($100 in chips) 
Seat 5: Ifold9999 ($101.50 in chips) 
Seat 6: Espada Fish ($100 in chips) 
easy_sarcasm: posts small blind $0.50
Alinyr: posts big blind $1
*** HOLE CARDS ***
Ifold9999: raises $2 to $3
Espada Fish: folds 
Becar_06: folds 
MAO_DZEDYN_S: folds 
easy_sarcasm: folds 
Alinyr: calls $2
*** FLOP *** [9d 3h 5d]
Alinyr: checks 
Ifold9999: bets $4.09
Alinyr: folds 
Uncalled bet ($4.09) returned to Ifold9999
Ifold9999 collected $6.10 from pot
*** SUMMARY ***
Total pot $6.50 | Rake $0.40 
Board [9d 3h 5d]
Seat 1: Becar_06 folded before Flop (didn't bet)
Seat 2: MAO_DZEDYN_S (button) folded before Flop (didn't bet)
Seat 3: easy_sarcasm (small blind) folded before Flop
Seat 4: Alinyr (big blind) folded on the Flop
Seat 5: Ifold9999 collected ($6.10)
Seat 6: Espada Fish folded before Flop (didn't bet)



PokerStars Hand #254691204569:  Hold'em No Limit ($0.50/$1.00 USD) - 2025/02/03 19:32:42 WET [2025/02/03 14:32:42 ET]
Table 'Sootiyo' 6-max Seat #3 is the button
Seat 1: Becar_06 ($40 in chips) 
Seat 2: MAO_DZEDYN_S ($100 in chips) 
Seat 3: easy_sarcasm ($100 in chips) 
Seat 4: Alinyr ($100 in chips) 
Seat 5: Ifold9999 ($104.60 in chips) 
Seat 6: Espada Fish ($100 in chips) 
Alinyr: posts small blind $0.50
Ifold9999: posts big blind $1
*** HOLE CARDS ***
Espada Fish: folds 
Becar_06: folds 
MAO_DZEDYN_S: folds 
easy_sarcasm: folds 
Alinyr: folds 
Uncalled bet ($0.50) returned to Ifold9999
Ifold9999 collected $1 from pot
*** SUMMARY ***
Total pot $1 | Rake $0 
Seat 1: Becar_06 folded before Flop (didn't bet)
Seat 2: MAO_DZEDYN_S folded before Flop (didn't bet)
Seat 3: easy_sarcasm (button) folded before Flop (didn't bet)
Seat 4: Alinyr (small blind) folded before Flop
Seat 5: Ifold9999 (big blind) collected ($1)
Seat 6: Espada Fish folded before Flop (didn't bet)



PokerStars Hand #254691208465:  Hold'em No Limit ($0.50/$1.00 USD) - 2025/02/03 19:32:55 WET [2025/02/03 14:32:55 ET]
Table 'Sootiyo' 6-max Seat #4 is the button
Seat 1: Becar_06 ($40 in chips) 
Seat 2: MAO_DZEDYN_S ($100 in chips) 
Seat 3: easy_sarcasm ($100 in chips) 
Seat 4: Alinyr ($100 in chips) 
Seat 5: Ifold9999 ($105.10 in chips) 
Seat 6: Espada Fish ($100 in chips) 
Ifold9999: posts small blind $0.50
Espada Fish: posts big blind $1
*** HOLE CARDS ***
Becar_06: folds 
MAO_DZEDYN_S: folds 
easy_sarcasm: folds 
Alinyr: raises $1.50 to $2.50
Ifold9999: folds 
Espada Fish: calls $1.50
*** FLOP *** [Qd Ad 3s]
Espada Fish: checks 
Alinyr: bets $5.85
Espada Fish: calls $5.85
*** TURN *** [Qd Ad 3s] [8c]
Espada Fish: checks 
Alinyr: bets $21.39
Espada Fish: calls $21.39
*** RIVER *** [Qd Ad 3s 8c] [Qh]
Espada Fish: checks 
Alinyr: checks 
*** SHOW DOWN ***
Espada Fish: shows [Th Ah] (two pair, Aces and Queens)
Alinyr: mucks hand 
Espada Fish collected $57.48 from pot
*** SUMMARY ***
Total pot $59.98 | Rake $2.50 
Board [Qd Ad 3s 8c Qh]
Seat 1: Becar_06 folded before Flop (didn't bet)
Seat 2: MAO_DZEDYN_S folded before Flop (didn't bet)
Seat 3: easy_sarcasm folded before Flop (didn't bet)
Seat 4: Alinyr (button) mucked
Seat 5: Ifold9999 (small blind) folded before Flop
Seat 6: Espada Fish (big blind) showed [Th Ah] and won ($57.48) with two pair, Aces and Queens



PokerStars Hand #254691250439:  Hold'em No Limit ($0.50/$1.00 USD) - 2025/02/03 19:35:10 WET [2025/02/03 14:35:10 ET]
Table 'Sootiyo' 6-max Seat #5 is the button
Seat 1: Becar_06 ($40 in chips) 
Seat 2: MAO_DZEDYN_S ($100 in chips) 
Seat 3: easy_sarcasm ($100 in chips) 
Seat 4: Alinyr ($100 in chips) 
Seat 5: Ifold9999 ($104.60 in chips) 
Seat 6: Espada Fish ($127.74 in chips) 
Espada Fish: posts small blind $0.50
Becar_06: posts big blind $1
*** HOLE CARDS ***
MAO_DZEDYN_S: folds 
easy_sarcasm: folds 
Alinyr: raises $1.28 to $2.28
Ifold9999: folds 
Espada Fish: folds 
Becar_06: calls $1.28
*** FLOP *** [Ah 4d 4s]
Becar_06: checks 
Alinyr: checks 
*** TURN *** [Ah 4d 4s] [9h]
Becar_06: checks 
Alinyr: checks 
*** RIVER *** [Ah 4d 4s 9h] [8c]
Becar_06: checks 
Alinyr: bets $1.59
Becar_06: folds 
Uncalled bet ($1.59) returned to Alinyr
Alinyr collected $4.81 from pot
Alinyr: doesn't show hand 
*** SUMMARY ***
Total pot $5.06 | Rake $0.25 
Board [Ah 4d 4s 9h 8c]
Seat 1: Becar_06 (big blind) folded on the River
Seat 2: MAO_DZEDYN_S folded before Flop (didn't bet)
Seat 3: easy_sarcasm folded before Flop (didn't bet)
Seat 4: Alinyr collected ($4.81)
Seat 5: Ifold9999 (button) folded before Flop (didn't bet)
Seat 6: Espada Fish (small blind) folded before Flop



PokerStars Hand #254691264901:  Hold'em No Limit ($0.50/$1.00 USD) - 2025/02/03 19:35:56 WET [2025/02/03 14:35:56 ET]
Table 'Sootiyo' 6-max Seat #6 is the button
Seat 1: Becar_06 ($40 in chips) 
Seat 2: MAO_DZEDYN_S ($100 in chips) 
Seat 3: easy_sarcasm ($100 in chips) 
Seat 4: Alinyr ($102.53 in chips) 
Seat 5: Ifold9999 ($104.60 in chips) 
Seat 6: Espada Fish ($127.24 in chips) 
Becar_06: posts small blind $0.50
MAO_DZEDYN_S: posts big blind $1
*** HOLE CARDS ***
easy_sarcasm: folds 
Alinyr: folds 
Ifold9999: raises $2 to $3
Espada Fish: folds 
Becar_06: folds 
MAO_DZEDYN_S: folds 
Uncalled bet ($2) returned to Ifold9999
Ifold9999 collected $2.50 from pot
*** SUMMARY ***
Total pot $2.50 | Rake $0 
Seat 1: Becar_06 (small blind) folded before Flop
Seat 2: MAO_DZEDYN_S (big blind) folded before Flop
Seat 3: easy_sarcasm folded before Flop (didn't bet)
Seat 4: Alinyr folded before Flop (didn't bet)
Seat 5: Ifold9999 collected ($2.50)
Seat 6: Espada Fish (button) folded before Flop (didn't bet)



PokerStars Hand #254691274532:  Hold'em No Limit ($0.50/$1.00 USD) - 2025/02/03 19:36:27 WET [2025/02/03 14:36:27 ET]
Table 'Sootiyo' 6-max Seat #1 is the button
Seat 1: Becar_06 ($40 in chips) 
Seat 2: MAO_DZEDYN_S ($100 in chips) 
Seat 3: easy_sarcasm ($100 in chips) 
Seat 4: Alinyr ($102.53 in chips) 
Seat 5: Ifold9999 ($106.10 in chips) 
Seat 6: Espada Fish ($127.24 in chips) 
MAO_DZEDYN_S: posts small blind $0.50
easy_sarcasm: posts big blind $1
*** HOLE CARDS ***
Alinyr: folds 
Ifold9999: folds 
Espada Fish: folds 
Becar_06: raises $1.20 to $2.20
MAO_DZEDYN_S: folds 
easy_sarcasm: calls $1.20
*** FLOP *** [Qc 6s 5s]
easy_sarcasm: checks 
Becar_06: bets $1.54
easy_sarcasm: calls $1.54
*** TURN *** [Qc 6s 5s] [Ts]
easy_sarcasm: checks 
Becar_06: checks 
*** RIVER *** [Qc 6s 5s Ts] [4s]
easy_sarcasm: checks 
Becar_06: checks 
*** SHOW DOWN ***
easy_sarcasm: shows [4c 5c] (two pair, Fives and Fours)
Becar_06: shows [Td Qd] (two pair, Queens and Tens)
Becar_06 collected $7.58 from pot
*** SUMMARY ***
Total pot $7.98 | Rake $0.40 
Board [Qc 6s 5s Ts 4s]
Seat 1: Becar_06 (button) showed [Td Qd] and won ($7.58) with two pair, Queens and Tens
Seat 2: MAO_DZEDYN_S (small blind) folded before Flop
Seat 3: easy_sarcasm (big blind) showed [4c 5c] and lost with two pair, Fives and Fours
Seat 4: Alinyr folded before Flop (didn't bet)
Seat 5: Ifold9999 folded before Flop (didn't bet)
Seat 6: Espada Fish folded before Flop (didn't bet)



PokerStars Hand #254691289138:  Hold'em No Limit ($0.50/$1.00 USD) - 2025/02/03 19:37:14 WET [2025/02/03 14:37:14 ET]
Table 'Sootiyo' 6-max Seat #2 is the button
Seat 1: Becar_06 ($43.84 in chips) 
Seat 2: MAO_DZEDYN_S ($100 in chips) 
Seat 3: easy_sarcasm ($100 in chips) 
Seat 4: Alinyr ($102.53 in chips) 
Seat 5: Ifold9999 ($106.10 in chips) 
Seat 6: Espada Fish ($127.24 in chips) 
easy_sarcasm: posts small blind $0.50
Alinyr: posts big blind $1
*** HOLE CARDS ***
Ifold9999: folds 
Espada Fish: folds 
Becar_06: folds 
MAO_DZEDYN_S: raises $1.50 to $2.50
easy_sarcasm: folds 
Alinyr: folds 
Uncalled bet ($1.50) returned to MAO_DZEDYN_S
MAO_DZEDYN_S collected $2.50 from pot
MAO_DZEDYN_S: doesn't show hand 
*** SUMMARY ***
Total pot $2.50 | Rake $0 
Seat 1: Becar_06 folded before Flop (didn't bet)
Seat 2: MAO_DZEDYN_S (button) collected ($2.50)
Seat 3: easy_sarcasm (small blind) folded before Flop
Seat 4: Alinyr (big blind) folded before Flop
Seat 5: Ifold9999 folded before Flop (didn't bet)
Seat 6: Espada Fish folded before Flop (didn't bet)



PokerStars Hand #254691296155:  Hold'em No Limit ($0.50/$1.00 USD) - 2025/02/03 19:37:37 WET [2025/02/03 14:37:37 ET]
Table 'Sootiyo' 6-max Seat #3 is the button
Seat 1: Becar_06 ($43.84 in chips) 
Seat 2: MAO_DZEDYN_S ($101.50 in chips) 
Seat 3: easy_sarcasm ($100 in chips) 
Seat 4: Alinyr ($101.53 in chips) 
Seat 5: Ifold9999 ($106.10 in chips) 
Seat 6: Espada Fish ($127.24 in chips) 
Alinyr: posts small blind $0.50
Ifold9999: posts big blind $1
*** HOLE CARDS ***
Espada Fish: raises $1.20 to $2.20
Becar_06: folds 
MAO_DZEDYN_S: folds 
easy_sarcasm: folds 
Alinyr: folds 
Ifold9999: folds 
Uncalled bet ($1.20) returned to Espada Fish
Espada Fish collected $2.50 from pot
Espada Fish: doesn't show hand 
*** SUMMARY ***
Total pot $2.50 | Rake $0 
Seat 1: Becar_06 folded before Flop (didn't bet)
Seat 2: MAO_DZEDYN_S folded before Flop (didn't bet)
Seat 3: easy_sarcasm (button) folded before Flop (didn't bet)
Seat 4: Alinyr (small blind) folded before Flop
Seat 5: Ifold9999 (big blind) folded before Flop
Seat 6: Espada Fish collected ($2.50)



PokerStars Hand #254691438483:  Hold'em No Limit ($0.50/$1.00 USD) - 2025/02/03 19:45:13 WET [2025/02/03 14:45:13 ET]
Table 'Sootiyo' 6-max Seat #5 is the button
Seat 1: PayTaxOrDie ($100 in chips) 
Seat 2: BGS013 ($101.50 in chips) 
Seat 4: socito ($103 in chips) 
Seat 5: Ifold9999 ($115.98 in chips) 
Seat 6: coeeeelho ($100 in chips) 
coeeeelho: posts small blind $0.50
PayTaxOrDie: posts big blind $1
*** HOLE CARDS ***
BGS013: folds 
socito: folds 
Ifold9999: folds 
socito leaves the table
coeeeelho: raises $2 to $3
PayTaxOrDie: calls $2
*** FLOP *** [Ah 9c 2d]
coeeeelho: bets $1.43
PayTaxOrDie: calls $1.43
*** TURN *** [Ah 9c 2d] [3s]
coeeeelho: checks 
PayTaxOrDie: checks 
*** RIVER *** [Ah 9c 2d 3s] [Ks]
coeeeelho: bets $4.21
PayTaxOrDie: folds 
Uncalled bet ($4.21) returned to coeeeelho
coeeeelho collected $8.42 from pot
*** SUMMARY ***
Total pot $8.86 | Rake $0.44 
Board [Ah 9c 2d 3s Ks]
Seat 1: PayTaxOrDie (big blind) folded on the River
Seat 2: BGS013 folded before Flop (didn't bet)
Seat 4: socito folded before Flop (didn't bet)
Seat 5: Ifold9999 (button) folded before Flop (didn't bet)
Seat 6: coeeeelho (small blind) collected ($8.42)



PokerStars Hand #254691459350:  Hold'em No Limit ($0.50/$1.00 USD) - 2025/02/03 19:46:20 WET [2025/02/03 14:46:20 ET]
Table 'Sootiyo' 6-max Seat #6 is the button
Seat 1: PayTaxOrDie ($100 in chips) 
Seat 2: BGS013 ($101.50 in chips) 
Seat 5: Ifold9999 ($115.98 in chips) 
Seat 6: coeeeelho ($103.99 in chips) 
PayTaxOrDie: posts small blind $0.50
BGS013: posts big blind $1
*** HOLE CARDS ***
mariofcd joins the table at seat #3 
Ifold9999: folds 
coeeeelho: folds 
PayTaxOrDie: folds 
Uncalled bet ($0.50) returned to BGS013
habib beye joins the table at seat #4 
BGS013 collected $1 from pot
BGS013: doesn't show hand 
*** SUMMARY ***
Total pot $1 | Rake $0 
Seat 1: PayTaxOrDie (small blind) folded before Flop
Seat 2: BGS013 (big blind) collected ($1)
Seat 5: Ifold9999 folded before Flop (didn't bet)
Seat 6: coeeeelho (button) folded before Flop (didn't bet)



PokerStars Hand #254691463154:  Hold'em No Limit ($0.50/$1.00 USD) - 2025/02/03 19:46:32 WET [2025/02/03 14:46:32 ET]
Table 'Sootiyo' 6-max Seat #1 is the button
Seat 4: habib beye ($100 in chips) is sitting out
Seat 1: PayTaxOrDie ($100 in chips) 
Seat 2: BGS013 ($102 in chips) 
Seat 3: mariofcd ($100 in chips) 
Seat 5: Ifold9999 ($115.98 in chips) 
Seat 6: coeeeelho ($103.99 in chips) 
BGS013: posts small blind $0.50
mariofcd: posts big blind $1
habib beye: sits out 
*** HOLE CARDS ***
Ifold9999: folds 
coeeeelho: raises $1.30 to $2.30
PayTaxOrDie: folds 
BGS013: folds 
mariofcd: folds 
Uncalled bet ($1.30) returned to coeeeelho
coeeeelho collected $2.50 from pot
*** SUMMARY ***
Total pot $2.50 | Rake $0 
Seat 4: habib beye
Seat 1: PayTaxOrDie (button) folded before Flop (didn't bet)
Seat 2: BGS013 (small blind) folded before Flop
Seat 3: mariofcd (big blind) folded before Flop
Seat 5: Ifold9999 folded before Flop (didn't bet)
Seat 6: coeeeelho collected ($2.50)



PokerStars Hand #254691469436:  Hold'em No Limit ($0.50/$1.00 USD) - 2025/02/03 19:46:52 WET [2025/02/03 14:46:52 ET]
Table 'Sootiyo' 6-max Seat #2 is the button
Seat 1: PayTaxOrDie ($100 in chips) 
Seat 2: BGS013 ($101.50 in chips) 
Seat 3: mariofcd ($100 in chips) 
Seat 4: habib beye ($100 in chips) 
Seat 5: Ifold9999 ($115.98 in chips) 
Seat 6: coeeeelho ($105.49 in chips) 
mariofcd: posts small blind $0.50
habib beye: posts big blind $1
*** HOLE CARDS ***
Ifold9999: folds 
coeeeelho: folds 
PayTaxOrDie has timed out
PayTaxOrDie: folds 
BGS013: folds 
mariofcd: folds 
Uncalled bet ($0.50) returned to habib beye
habib beye collected $1 from pot
*** SUMMARY ***
Total pot $1 | Rake $0 
Seat 1: PayTaxOrDie folded before Flop (didn't bet)
Seat 2: BGS013 (button) folded before Flop (didn't bet)
Seat 3: mariofcd (small blind) folded before Flop
Seat 4: habib beye (big blind) collected ($1)
Seat 5: Ifold9999 folded before Flop (didn't bet)
Seat 6: coeeeelho folded before Flop (didn't bet)



PokerStars Hand #254691476894:  Hold'em No Limit ($0.50/$1.00 USD) - 2025/02/03 19:47:16 WET [2025/02/03 14:47:16 ET]
Table 'Sootiyo' 6-max Seat #3 is the button
Seat 1: PayTaxOrDie ($100 in chips) is sitting out
Seat 2: BGS013 ($101.50 in chips) 
Seat 3: mariofcd ($100 in chips) 
Seat 4: habib beye ($100.50 in chips) 
Seat 5: Ifold9999 ($115.98 in chips) 
Seat 6: coeeeelho ($105.49 in chips) 
habib beye: posts small blind $0.50
Ifold9999: posts big blind $1
*** HOLE CARDS ***
PayTaxOrDie leaves the table
coeeeelho: raises $1.20 to $2.20
BGS013: folds 
mariofcd: folds 
habib beye: folds 
Ifold9999: folds 
Uncalled bet ($1.20) returned to coeeeelho
coeeeelho collected $2.50 from pot
*** SUMMARY ***
Total pot $2.50 | Rake $0 
Seat 1: PayTaxOrDie
Seat 2: BGS013 folded before Flop (didn't bet)
Seat 3: mariofcd (button) folded before Flop (didn't bet)
Seat 4: habib beye (small blind) folded before Flop
Seat 5: Ifold9999 (big blind) folded before Flop
Seat 6: coeeeelho collected ($2.50)



PokerStars Hand #254691481952:  Hold'em No Limit ($0.50/$1.00 USD) - 2025/02/03 19:47:32 WET [2025/02/03 14:47:32 ET]
Table 'Sootiyo' 6-max Seat #4 is the button
Seat 2: BGS013 ($101.50 in chips) 
Seat 3: mariofcd ($100 in chips) 
Seat 4: habib beye ($100 in chips) 
Seat 5: Ifold9999 ($114.98 in chips) 
Seat 6: coeeeelho ($106.99 in chips) 
Ifold9999: posts small blind $0.50
coeeeelho: posts big blind $1
*** HOLE CARDS ***
BGS013: folds 
seb991155 joins the table at seat #1 
mariofcd: folds 
habib beye: raises $1.50 to $2.50
Ifold9999: folds 
coeeeelho: folds 
Uncalled bet ($1.50) returned to habib beye
habib beye collected $2.50 from pot
*** SUMMARY ***
Total pot $2.50 | Rake $0 
Seat 2: BGS013 folded before Flop (didn't bet)
Seat 3: mariofcd folded before Flop (didn't bet)
Seat 4: habib beye (button) collected ($2.50)
Seat 5: Ifold9999 (small blind) folded before Flop
Seat 6: coeeeelho (big blind) folded before Flop



PokerStars Hand #254691487916:  Hold'em No Limit ($0.50/$1.00 USD) - 2025/02/03 19:47:51 WET [2025/02/03 14:47:51 ET]
Table 'Sootiyo' 6-max Seat #5 is the button
Seat 1: seb991155 ($100 in chips) 
Seat 2: BGS013 ($101.50 in chips) 
Seat 3: mariofcd ($100 in chips) 
Seat 4: habib beye ($101.50 in chips) 
Seat 5: Ifold9999 ($114.48 in chips) 
Seat 6: coeeeelho ($105.99 in chips) 
coeeeelho: posts small blind $0.50
seb991155: posts big blind $1
*** HOLE CARDS ***
BGS013: raises $1 to $2
mariofcd: calls $2
habib beye: folds 
Ifold9999: calls $2
coeeeelho: raises $13 to $15
seb991155: folds 
BGS013: folds 
mariofcd: folds 
Ifold9999: folds 
Uncalled bet ($13) returned to coeeeelho
coeeeelho collected $9 from pot
*** SUMMARY ***
Total pot $9 | Rake $0 
Seat 1: seb991155 (big blind) folded before Flop
Seat 2: BGS013 folded before Flop
Seat 3: mariofcd folded before Flop
Seat 4: habib beye folded before Flop (didn't bet)
Seat 5: Ifold9999 (button) folded before Flop
Seat 6: coeeeelho (small blind) collected ($9)



PokerStars Hand #254691501933:  Hold'em No Limit ($0.50/$1.00 USD) - 2025/02/03 19:48:36 WET [2025/02/03 14:48:36 ET]
Table 'Sootiyo' 6-max Seat #6 is the button
Seat 1: seb991155 ($99 in chips) 
Seat 2: BGS013 ($100 in chips) 
Seat 3: mariofcd ($100 in chips) 
Seat 4: habib beye ($101.50 in chips) 
Seat 5: Ifold9999 ($112.48 in chips) 
Seat 6: coeeeelho ($112.99 in chips) 
seb991155: posts small blind $0.50
BGS013: posts big blind $1
*** HOLE CARDS ***
mariofcd: raises $1.20 to $2.20
habib beye: folds 
Ifold9999: folds 
coeeeelho: folds 
seb991155: folds 
BGS013: folds 
Uncalled bet ($1.20) returned to mariofcd
mariofcd collected $2.50 from pot
mariofcd: doesn't show hand 
*** SUMMARY ***
Total pot $2.50 | Rake $0 
Seat 1: seb991155 (small blind) folded before Flop
Seat 2: BGS013 (big blind) folded before Flop
Seat 3: mariofcd collected ($2.50)
Seat 4: habib beye folded before Flop (didn't bet)
Seat 5: Ifold9999 folded before Flop (didn't bet)
Seat 6: coeeeelho (button) folded before Flop (didn't bet)



PokerStars Hand #254691507289:  Hold'em No Limit ($0.50/$1.00 USD) - 2025/02/03 19:48:53 WET [2025/02/03 14:48:53 ET]
Table 'Sootiyo' 6-max Seat #1 is the button
Seat 1: seb991155 ($98.50 in chips) 
Seat 2: BGS013 ($100 in chips) 
Seat 3: mariofcd ($101.50 in chips) 
Seat 4: habib beye ($101.50 in chips) 
Seat 5: Ifold9999 ($112.48 in chips) 
Seat 6: coeeeelho ($112.99 in chips) 
BGS013: posts small blind $0.50
mariofcd: posts big blind $1
*** HOLE CARDS ***
habib beye: raises $1.25 to $2.25
Ifold9999: calls $2.25
coeeeelho: folds 
seb991155: folds 
BGS013: calls $1.75
mariofcd: folds 
*** FLOP *** [6c Qc 8d]
BGS013: checks 
habib beye: bets $2.43
Ifold9999: folds 
BGS013: folds 
Uncalled bet ($2.43) returned to habib beye
habib beye collected $7.36 from pot
*** SUMMARY ***
Total pot $7.75 | Rake $0.39 
Board [6c Qc 8d]
Seat 1: seb991155 (button) folded before Flop (didn't bet)
Seat 2: BGS013 (small blind) folded on the Flop
Seat 3: mariofcd (big blind) folded before Flop
Seat 4: habib beye collected ($7.36)
Seat 5: Ifold9999 folded on the Flop
Seat 6: coeeeelho folded before Flop (didn't bet)



PokerStars Hand #254691516779:  Hold'em No Limit ($0.50/$1.00 USD) - 2025/02/03 19:49:23 WET [2025/02/03 14:49:23 ET]
Table 'Sootiyo' 6-max Seat #2 is the button
Seat 1: seb991155 ($98.50 in chips) 
Seat 2: BGS013 ($100 in chips) 
Seat 3: mariofcd ($100.50 in chips) 
Seat 4: habib beye ($106.61 in chips) 
Seat 5: Ifold9999 ($110.23 in chips) 
Seat 6: coeeeelho ($112.99 in chips) 
mariofcd: posts small blind $0.50
habib beye: posts big blind $1
*** HOLE CARDS ***
Ifold9999: folds 
coeeeelho: folds 
seb991155: folds 
BGS013: folds 
mariofcd: folds 
Uncalled bet ($0.50) returned to habib beye
habib beye collected $1 from pot
*** SUMMARY ***
Total pot $1 | Rake $0 
Seat 1: seb991155 folded before Flop (didn't bet)
Seat 2: BGS013 (button) folded before Flop (didn't bet)
Seat 3: mariofcd (small blind) folded before Flop
Seat 4: habib beye (big blind) collected ($1)
Seat 5: Ifold9999 folded before Flop (didn't bet)
Seat 6: coeeeelho folded before Flop (didn't bet)



PokerStars Hand #254691523663:  Hold'em No Limit ($0.50/$1.00 USD) - 2025/02/03 19:49:45 WET [2025/02/03 14:49:45 ET]
Table 'Sootiyo' 6-max Seat #3 is the button
Seat 1: seb991155 ($98.50 in chips) 
Seat 2: BGS013 ($100 in chips) 
Seat 3: mariofcd ($100 in chips) 
Seat 4: habib beye ($107.11 in chips) 
Seat 5: Ifold9999 ($110.23 in chips) 
Seat 6: coeeeelho ($112.99 in chips) 
habib beye: posts small blind $0.50
Ifold9999: posts big blind $1
*** HOLE CARDS ***
coeeeelho: raises $1.20 to $2.20
seb991155: folds 
BGS013: folds 
mariofcd: folds 
habib beye: folds 
Ifold9999: folds 
Uncalled bet ($1.20) returned to coeeeelho
coeeeelho collected $2.50 from pot
*** SUMMARY ***
Total pot $2.50 | Rake $0 
Seat 1: seb991155 folded before Flop (didn't bet)
Seat 2: BGS013 folded before Flop (didn't bet)
Seat 3: mariofcd (button) folded before Flop (didn't bet)
Seat 4: habib beye (small blind) folded before Flop
Seat 5: Ifold9999 (big blind) folded before Flop
Seat 6: coeeeelho collected ($2.50)



PokerStars Hand #254691527984:  Hold'em No Limit ($0.50/$1.00 USD) - 2025/02/03 19:49:59 WET [2025/02/03 14:49:59 ET]
Table 'Sootiyo' 6-max Seat #4 is the button
Seat 1: seb991155 ($98.50 in chips) 
Seat 2: BGS013 ($100 in chips) 
Seat 3: mariofcd ($100 in chips) 
Seat 4: habib beye ($106.61 in chips) 
Seat 5: Ifold9999 ($109.23 in chips) 
Seat 6: coeeeelho ($114.49 in chips) 
Ifold9999: posts small blind $0.50
coeeeelho: posts big blind $1
*** HOLE CARDS ***
seb991155: raises $1 to $2
BGS013: folds 
mariofcd: raises $4.68 to $6.68
habib beye: folds 
Ifold9999: raises $16.36 to $23.04
coeeeelho: folds 
seb991155: folds 
mariofcd: folds 
Uncalled bet ($16.36) returned to Ifold9999
Ifold9999 collected $16.36 from pot
*** SUMMARY ***
Total pot $16.36 | Rake $0 
Seat 1: seb991155 folded before Flop
Seat 2: BGS013 folded before Flop (didn't bet)
Seat 3: mariofcd folded before Flop
Seat 4: habib beye (button) folded before Flop (didn't bet)
Seat 5: Ifold9999 (small blind) collected ($16.36)
Seat 6: coeeeelho (big blind) folded before Flop



PokerStars Hand #254691536880:  Hold'em No Limit ($0.50/$1.00 USD) - 2025/02/03 19:50:28 WET [2025/02/03 14:50:28 ET]
Table 'Sootiyo' 6-max Seat #5 is the button
Seat 1: seb991155 ($96.50 in chips) 
Seat 2: BGS013 ($100 in chips) 
Seat 3: mariofcd ($100 in chips) 
Seat 4: habib beye ($106.61 in chips) 
Seat 5: Ifold9999 ($118.91 in chips) 
Seat 6: coeeeelho ($113.49 in chips) 
coeeeelho: posts small blind $0.50
seb991155: posts big blind $1
*** HOLE CARDS ***
BGS013: folds 
mariofcd: folds 
habib beye: folds 
Ifold9999: folds 
coeeeelho: raises $2 to $3
seb991155: calls $2
*** FLOP *** [Kc 2h 2s]
coeeeelho: bets $1.43
seb991155: raises $1.43 to $2.86
coeeeelho: calls $1.43
*** TURN *** [Kc 2h 2s] [9s]
coeeeelho: checks 
seb991155: checks 
*** RIVER *** [Kc 2h 2s 9s] [8c]
coeeeelho: bets $2
seb991155: raises $8 to $10
coeeeelho: calls $8
*** SHOW DOWN ***
seb991155: shows [6c 4h] (a pair of Deuces)
coeeeelho: shows [Kd Tc] (two pair, Kings and Deuces)
coeeeelho collected $30.13 from pot
*** SUMMARY ***
Total pot $31.72 | Rake $1.59 
Board [Kc 2h 2s 9s 8c]
Seat 1: seb991155 (big blind) showed [6c 4h] and lost with a pair of Deuces
Seat 2: BGS013 folded before Flop (didn't bet)
Seat 3: mariofcd folded before Flop (didn't bet)
Seat 4: habib beye folded before Flop (didn't bet)
Seat 5: Ifold9999 (button) folded before Flop (didn't bet)
Seat 6: coeeeelho (small blind) showed [Kd Tc] and won ($30.13) with two pair, Kings and Deuces



PokerStars Hand #254691554583:  Hold'em No Limit ($0.50/$1.00 USD) - 2025/02/03 19:51:25 WET [2025/02/03 14:51:25 ET]
Table 'Sootiyo' 6-max Seat #6 is the button
Seat 1: seb991155 ($80.64 in chips) 
Seat 2: BGS013 ($100 in chips) 
Seat 3: mariofcd ($100 in chips) 
Seat 4: habib beye ($106.61 in chips) 
Seat 5: Ifold9999 ($118.91 in chips) 
Seat 6: coeeeelho ($127.76 in chips) 
seb991155: posts small blind $0.50
BGS013: posts big blind $1
*** HOLE CARDS ***
mariofcd: folds 
habib beye: folds 
Ifold9999: folds 
coeeeelho: raises $1.50 to $2.50
seb991155: folds 
BGS013: calls $1.50
*** FLOP *** [9h 8s Jh]
BGS013: checks 
coeeeelho: checks 
*** TURN *** [9h 8s Jh] [4s]
BGS013: bets $8
coeeeelho: folds 
Uncalled bet ($8) returned to BGS013
BGS013 collected $5.22 from pot
BGS013: doesn't show hand 
*** SUMMARY ***
Total pot $5.50 | Rake $0.28 
Board [9h 8s Jh 4s]
Seat 1: seb991155 (small blind) folded before Flop
Seat 2: BGS013 (big blind) collected ($5.22)
Seat 3: mariofcd folded before Flop (didn't bet)
Seat 4: habib beye folded before Flop (didn't bet)
Seat 5: Ifold9999 folded before Flop (didn't bet)
Seat 6: coeeeelho (button) folded on the Turn



PokerStars Hand #254691565213:  Hold'em No Limit ($0.50/$1.00 USD) - 2025/02/03 19:51:59 WET [2025/02/03 14:51:59 ET]
Table 'Sootiyo' 6-max Seat #1 is the button
Seat 1: seb991155 ($80.14 in chips) 
Seat 2: BGS013 ($102.72 in chips) 
Seat 3: mariofcd ($100 in chips) 
Seat 4: habib beye ($106.61 in chips) 
Seat 5: Ifold9999 ($118.91 in chips) 
Seat 6: coeeeelho ($125.26 in chips) 
BGS013: posts small blind $0.50
mariofcd: posts big blind $1
*** HOLE CARDS ***
habib beye: folds 
Ifold9999: raises $2 to $3
coeeeelho: folds 
seb991155: folds 
BGS013: folds 
mariofcd: raises $8 to $11
Ifold9999: folds 
Uncalled bet ($8) returned to mariofcd
mariofcd collected $6.50 from pot
mariofcd: doesn't show hand 
*** SUMMARY ***
Total pot $6.50 | Rake $0 
Seat 1: seb991155 (button) folded before Flop (didn't bet)
Seat 2: BGS013 (small blind) folded before Flop
Seat 3: mariofcd (big blind) collected ($6.50)
Seat 4: habib beye folded before Flop (didn't bet)
Seat 5: Ifold9999 folded before Flop
Seat 6: coeeeelho folded before Flop (didn't bet)



PokerStars Hand #254691574807:  Hold'em No Limit ($0.50/$1.00 USD) - 2025/02/03 19:52:30 WET [2025/02/03 14:52:30 ET]
Table 'Sootiyo' 6-max Seat #2 is the button
Seat 1: seb991155 ($80.14 in chips) 
Seat 2: BGS013 ($102.22 in chips) 
Seat 3: mariofcd ($103.50 in chips) 
Seat 4: habib beye ($106.61 in chips) 
Seat 5: Ifold9999 ($115.91 in chips) 
Seat 6: coeeeelho ($125.26 in chips) 
mariofcd: posts small blind $0.50
habib beye: posts big blind $1
*** HOLE CARDS ***
Ifold9999: folds 
coeeeelho: raises $1.20 to $2.20
seb991155: folds 
BGS013: folds 
mariofcd: folds 
habib beye: folds 
Uncalled bet ($1.20) returned to coeeeelho
coeeeelho collected $2.50 from pot
*** SUMMARY ***
Total pot $2.50 | Rake $0 
Seat 1: seb991155 folded before Flop (didn't bet)
Seat 2: BGS013 (button) folded before Flop (didn't bet)
Seat 3: mariofcd (small blind) folded before Flop
Seat 4: habib beye (big blind) folded before Flop
Seat 5: Ifold9999 folded before Flop (didn't bet)
Seat 6: coeeeelho collected ($2.50)



PokerStars Hand #254691579123:  Hold'em No Limit ($0.50/$1.00 USD) - 2025/02/03 19:52:44 WET [2025/02/03 14:52:44 ET]
Table 'Sootiyo' 6-max Seat #3 is the button
Seat 1: seb991155 ($80.14 in chips) 
Seat 2: BGS013 ($102.22 in chips) 
Seat 3: mariofcd ($103 in chips) 
Seat 4: habib beye ($105.61 in chips) 
Seat 5: Ifold9999 ($115.91 in chips) 
Seat 6: coeeeelho ($126.76 in chips) 
habib beye: posts small blind $0.50
Ifold9999: posts big blind $1
*** HOLE CARDS ***
coeeeelho: folds 
seb991155: folds 
BGS013: folds 
mariofcd: folds 
habib beye: folds 
Uncalled bet ($0.50) returned to Ifold9999
Ifold9999 collected $1 from pot
*** SUMMARY ***
Total pot $1 | Rake $0 
Seat 1: seb991155 folded before Flop (didn't bet)
Seat 2: BGS013 folded before Flop (didn't bet)
Seat 3: mariofcd (button) folded before Flop (didn't bet)
Seat 4: habib beye (small blind) folded before Flop
Seat 5: Ifold9999 (big blind) collected ($1)
Seat 6: coeeeelho folded before Flop (didn't bet)



PokerStars Hand #254691581892:  Hold'em No Limit ($0.50/$1.00 USD) - 2025/02/03 19:52:53 WET [2025/02/03 14:52:53 ET]
Table 'Sootiyo' 6-max Seat #4 is the button
Seat 1: seb991155 ($80.14 in chips) 
Seat 2: BGS013 ($102.22 in chips) 
Seat 3: mariofcd ($103 in chips) 
Seat 4: habib beye ($105.11 in chips) 
Seat 5: Ifold9999 ($116.41 in chips) 
Seat 6: coeeeelho ($126.76 in chips) 
Ifold9999: posts small blind $0.50
coeeeelho: posts big blind $1
*** HOLE CARDS ***
seb991155: raises $2 to $3
BGS013: folds 
mariofcd: folds 
habib beye: folds 
Ifold9999: folds 
coeeeelho: calls $2
*** FLOP *** [Th 6d Qd]
coeeeelho: checks 
seb991155: bets $3
coeeeelho: raises $8 to $11
seb991155: calls $8
*** TURN *** [Th 6d Qd] [8d]
coeeeelho: checks 
seb991155: bets $12
coeeeelho: calls $12
*** RIVER *** [Th 6d Qd 8d] [3c]
coeeeelho: checks 
seb991155: checks 
*** SHOW DOWN ***
coeeeelho: shows [Ah Qc] (a pair of Queens)
seb991155: mucks hand 
coeeeelho collected $50 from pot
*** SUMMARY ***
Total pot $52.50 | Rake $2.50 
Board [Th 6d Qd 8d 3c]
Seat 1: seb991155 mucked
Seat 2: BGS013 folded before Flop (didn't bet)
Seat 3: mariofcd folded before Flop (didn't bet)
Seat 4: habib beye (button) folded before Flop (didn't bet)
Seat 5: Ifold9999 (small blind) folded before Flop
Seat 6: coeeeelho (big blind) showed [Ah Qc] and won ($50) with a pair of Queens



PokerStars Hand #254691603065:  Hold'em No Limit ($0.50/$1.00 USD) - 2025/02/03 19:54:01 WET [2025/02/03 14:54:01 ET]
Table 'Sootiyo' 6-max Seat #5 is the button
Seat 1: seb991155 ($54.14 in chips) 
Seat 2: BGS013 ($102.22 in chips) 
Seat 3: mariofcd ($103 in chips) 
Seat 4: habib beye ($105.11 in chips) 
Seat 5: Ifold9999 ($115.91 in chips) 
Seat 6: coeeeelho ($150.76 in chips) 
coeeeelho: posts small blind $0.50
seb991155: posts big blind $1
*** HOLE CARDS ***
BGS013: folds 
mariofcd: folds 
BGS013 leaves the table
habib beye: raises $1.30 to $2.30
Ifold9999: calls $2.30
coeeeelho: folds 
seb991155: calls $1.30
*** FLOP *** [Td 9d 4d]
seb991155: checks 
habib beye: checks 
IREQO joins the table at seat #2 
Ifold9999: bets $4.52
seb991155: folds 
habib beye: folds 
Uncalled bet ($4.52) returned to Ifold9999
Ifold9999 collected $6.94 from pot
*** SUMMARY ***
Total pot $7.40 | Rake $0.46 
Board [Td 9d 4d]
Seat 1: seb991155 (big blind) folded on the Flop
Seat 2: BGS013 folded before Flop (didn't bet)
Seat 3: mariofcd folded before Flop (didn't bet)
Seat 4: habib beye folded on the Flop
Seat 5: Ifold9999 (button) collected ($6.94)
Seat 6: coeeeelho (small blind) folded before Flop



PokerStars Hand #254691614609:  Hold'em No Limit ($0.50/$1.00 USD) - 2025/02/03 19:54:38 WET [2025/02/03 14:54:38 ET]
Table 'Sootiyo' 6-max Seat #6 is the button
Seat 1: seb991155 ($51.84 in chips) 
Seat 2: IREQO ($79.63 in chips) 
Seat 3: mariofcd ($103 in chips) 
Seat 4: habib beye ($102.81 in chips) 
Seat 5: Ifold9999 ($120.55 in chips) 
Seat 6: coeeeelho ($150.26 in chips) 
seb991155: posts small blind $0.50
IREQO: posts big blind $1
*** HOLE CARDS ***
mariofcd: folds 
habib beye: folds 
Ifold9999: raises $2 to $3
coeeeelho: folds 
seb991155: raises $4 to $7
IREQO: folds 
Ifold9999: calls $4
*** FLOP *** [5h Kh 5s]
seb991155: checks 
Ifold9999: checks 
*** TURN *** [5h Kh 5s] [5d]
seb991155: checks 
Ifold9999: checks 
*** RIVER *** [5h Kh 5s 5d] [8h]
seb991155: bets $9
Ifold9999: calls $9
*** SHOW DOWN ***
seb991155: shows [Kc Kd] (a full house, Kings full of Fives)
Ifold9999: mucks hand 
seb991155 collected $31.35 from pot
*** SUMMARY ***
Total pot $33 | Rake $1.65 
Board [5h Kh 5s 5d 8h]
Seat 1: seb991155 (small blind) showed [Kc Kd] and won ($31.35) with a full house, Kings full of Fives
Seat 2: IREQO (big blind) folded before Flop
Seat 3: mariofcd folded before Flop (didn't bet)
Seat 4: habib beye folded before Flop (didn't bet)
Seat 5: Ifold9999 mucked
Seat 6: coeeeelho (button) folded before Flop (didn't bet)



PokerStars Hand #254691630520:  Hold'em No Limit ($0.50/$1.00 USD) - 2025/02/03 19:55:38 WET [2025/02/03 14:55:38 ET]
Table 'Sootiyo' 6-max Seat #1 is the button
Seat 1: seb991155 ($67.19 in chips) 
Seat 2: IREQO ($78.63 in chips) 
Seat 3: mariofcd ($103 in chips) 
Seat 4: habib beye ($102.81 in chips) 
Seat 5: Ifold9999 ($104.55 in chips) 
Seat 6: coeeeelho ($150.26 in chips) 
IREQO: posts small blind $0.50
mariofcd: posts big blind $1
*** HOLE CARDS ***
habib beye: raises $1.25 to $2.25
Ifold9999: calls $2.25
coeeeelho: folds 
seb991155: folds 
IREQO: folds 
mariofcd: folds 
*** FLOP *** [Ac 4h 2s]
habib beye: bets $4.33
Ifold9999: calls $4.33
*** TURN *** [Ac 4h 2s] [4d]
habib beye: checks 
Ifold9999: bets $8.97
habib beye: calls $8.97
*** RIVER *** [Ac 4h 2s 4d] [2d]
habib beye: checks 
Ifold9999: checks 
*** SHOW DOWN ***
habib beye: shows [Td Ad] (two pair, Aces and Fours)
Ifold9999: mucks hand 
habib beye collected $30.97 from pot
*** SUMMARY ***
Total pot $32.60 | Rake $1.63 
Board [Ac 4h 2s 4d 2d]
Seat 1: seb991155 (button) folded before Flop (didn't bet)
Seat 2: IREQO (small blind) folded before Flop
Seat 3: mariofcd (big blind) folded before Flop
Seat 4: habib beye showed [Td Ad] and won ($30.97) with two pair, Aces and Fours
Seat 5: Ifold9999 mucked
Seat 6: coeeeelho folded before Flop (didn't bet)



PokerStars Hand #254691647300:  Hold'em No Limit ($0.50/$1.00 USD) - 2025/02/03 19:56:55 WET [2025/02/03 14:56:55 ET]
Table 'Sootiyo' 6-max Seat #2 is the button
Seat 1: seb991155 ($67.19 in chips) 
Seat 2: IREQO ($78.13 in chips) 
Seat 3: mariofcd ($102 in chips) 
Seat 4: habib beye ($118.23 in chips) 
Seat 5: Ifold9999 ($89 in chips) 
Seat 6: coeeeelho ($150.26 in chips) 
mariofcd: posts small blind $0.50
habib beye: posts big blind $1
*** HOLE CARDS ***
Ifold9999: folds 
coeeeelho: raises $1.10 to $2.10
seb991155: folds 
IREQO: folds 
mariofcd: folds 
habib beye: folds 
Uncalled bet ($1.10) returned to coeeeelho
coeeeelho collected $2.50 from pot
*** SUMMARY ***
Total pot $2.50 | Rake $0 
Seat 1: seb991155 folded before Flop (didn't bet)
Seat 2: IREQO (button) folded before Flop (didn't bet)
Seat 3: mariofcd (small blind) folded before Flop
Seat 4: habib beye (big blind) folded before Flop
Seat 5: Ifold9999 folded before Flop (didn't bet)
Seat 6: coeeeelho collected ($2.50)



PokerStars Hand #254691651333:  Hold'em No Limit ($0.50/$1.00 USD) - 2025/02/03 19:57:13 WET [2025/02/03 14:57:13 ET]
Table 'Sootiyo' 6-max Seat #3 is the button
Seat 1: seb991155 ($67.19 in chips) 
Seat 2: IREQO ($78.13 in chips) 
Seat 3: mariofcd ($101.50 in chips) 
Seat 4: habib beye ($117.23 in chips) 
Seat 5: Ifold9999 ($100 in chips) 
Seat 6: coeeeelho ($151.76 in chips) 
habib beye: posts small blind $0.50
Ifold9999: posts big blind $1
*** HOLE CARDS ***
coeeeelho: folds 
seb991155: folds 
IREQO: folds 
mariofcd: folds 
habib beye: raises $2 to $3
Ifold9999: folds 
Uncalled bet ($2) returned to habib beye
habib beye collected $2 from pot
*** SUMMARY ***
Total pot $2 | Rake $0 
Seat 1: seb991155 folded before Flop (didn't bet)
Seat 2: IREQO folded before Flop (didn't bet)
Seat 3: mariofcd (button) folded before Flop (didn't bet)
Seat 4: habib beye (small blind) collected ($2)
Seat 5: Ifold9999 (big blind) folded before Flop
Seat 6: coeeeelho folded before Flop (didn't bet)



PokerStars Hand #254691655451:  Hold'em No Limit ($0.50/$1.00 USD) - 2025/02/03 19:57:32 WET [2025/02/03 14:57:32 ET]
Table 'Sootiyo' 6-max Seat #4 is the button
Seat 1: seb991155 ($67.19 in chips) 
Seat 2: IREQO ($78.13 in chips) 
Seat 3: mariofcd ($101.50 in chips) 
Seat 4: habib beye ($118.23 in chips) 
Seat 5: Ifold9999 ($99 in chips) 
Seat 6: coeeeelho ($151.76 in chips) 
Ifold9999: posts small blind $0.50
coeeeelho: posts big blind $1
*** HOLE CARDS ***
seb991155: raises $2 to $3
IREQO: raises $7 to $10
mariofcd: folds 
habib beye: folds 
Ifold9999: folds 
coeeeelho: folds 
seb991155: calls $7
*** FLOP *** [Ah 6s 8c]
seb991155: checks 
IREQO: checks 
*** TURN *** [Ah 6s 8c] [6h]
seb991155: checks 
IREQO: checks 
*** RIVER *** [Ah 6s 8c 6h] [Td]
seb991155: bets $10
IREQO: calls $10
*** SHOW DOWN ***
seb991155: shows [6c 6d] (four of a kind, Sixes)
IREQO: mucks hand 
seb991155 collected $39.42 from pot
*** SUMMARY ***
Total pot $41.50 | Rake $2.08 
Board [Ah 6s 8c 6h Td]
Seat 1: seb991155 showed [6c 6d] and won ($39.42) with four of a kind, Sixes
Seat 2: IREQO mucked
Seat 3: mariofcd folded before Flop (didn't bet)
Seat 4: habib beye (button) folded before Flop (didn't bet)
Seat 5: Ifold9999 (small blind) folded before Flop
Seat 6: coeeeelho (big blind) folded before Flop



PokerStars Hand #254691671904:  Hold'em No Limit ($0.50/$1.00 USD) - 2025/02/03 19:58:47 WET [2025/02/03 14:58:47 ET]
Table 'Sootiyo' 6-max Seat #5 is the button
Seat 1: seb991155 ($86.61 in chips) 
Seat 2: IREQO ($58.13 in chips) 
Seat 3: mariofcd ($101.50 in chips) 
Seat 4: habib beye ($118.23 in chips) 
Seat 5: Ifold9999 ($98.50 in chips) 
Seat 6: coeeeelho ($150.76 in chips) 
coeeeelho: posts small blind $0.50
seb991155: posts big blind $1
*** HOLE CARDS ***
IREQO: folds 
mariofcd: folds 
habib beye: folds 
Ifold9999: folds 
coeeeelho: raises $2 to $3
seb991155: calls $2
*** FLOP *** [6s 8d 4h]
coeeeelho: bets $1.88
seb991155: folds 
Uncalled bet ($1.88) returned to coeeeelho
coeeeelho collected $5.70 from pot
*** SUMMARY ***
Total pot $6 | Rake $0.30 
Board [6s 8d 4h]
Seat 1: seb991155 (big blind) folded on the Flop
Seat 2: IREQO folded before Flop (didn't bet)
Seat 3: mariofcd folded before Flop (didn't bet)
Seat 4: habib beye folded before Flop (didn't bet)
Seat 5: Ifold9999 (button) folded before Flop (didn't bet)
Seat 6: coeeeelho (small blind) collected ($5.70)



PokerStars Hand #254691678102:  Hold'em No Limit ($0.50/$1.00 USD) - 2025/02/03 19:59:15 WET [2025/02/03 14:59:15 ET]
Table 'Sootiyo' 6-max Seat #6 is the button
Seat 1: seb991155 ($83.61 in chips) 
Seat 2: IREQO ($58.13 in chips) 
Seat 3: mariofcd ($101.50 in chips) 
Seat 4: habib beye ($118.23 in chips) 
Seat 5: Ifold9999 ($98.50 in chips) 
Seat 6: coeeeelho ($153.46 in chips) 
seb991155: posts small blind $0.50
IREQO: posts big blind $1
*** HOLE CARDS ***
mariofcd: folds 
habib beye: folds 
Ifold9999: folds 
coeeeelho: raises $1.50 to $2.50
seb991155: folds 
IREQO: folds 
Uncalled bet ($1.50) returned to coeeeelho
coeeeelho collected $2.50 from pot
*** SUMMARY ***
Total pot $2.50 | Rake $0 
Seat 1: seb991155 (small blind) folded before Flop
Seat 2: IREQO (big blind) folded before Flop
Seat 3: mariofcd folded before Flop (didn't bet)
Seat 4: habib beye folded before Flop (didn't bet)
Seat 5: Ifold9999 folded before Flop (didn't bet)
Seat 6: coeeeelho (button) collected ($2.50)



PokerStars Hand #254691681241:  Hold'em No Limit ($0.50/$1.00 USD) - 2025/02/03 19:59:29 WET [2025/02/03 14:59:29 ET]
Table 'Sootiyo' 6-max Seat #1 is the button
Seat 1: seb991155 ($83.11 in chips) 
Seat 2: IREQO ($57.13 in chips) 
Seat 3: mariofcd ($101.50 in chips) 
Seat 4: habib beye ($118.23 in chips) 
Seat 5: Ifold9999 ($98.50 in chips) 
Seat 6: coeeeelho ($154.96 in chips) 
IREQO: posts small blind $0.50
mariofcd: posts big blind $1
*** HOLE CARDS ***
habib beye: folds 
Ifold9999: folds 
coeeeelho: folds 
seb991155: folds 
IREQO: raises $1.50 to $2.50
mariofcd: folds 
Uncalled bet ($1.50) returned to IREQO
IREQO collected $2 from pot
IREQO: doesn't show hand 
*** SUMMARY ***
Total pot $2 | Rake $0 
Seat 1: seb991155 (button) folded before Flop (didn't bet)
Seat 2: IREQO (small blind) collected ($2)
Seat 3: mariofcd (big blind) folded before Flop
Seat 4: habib beye folded before Flop (didn't bet)
Seat 5: Ifold9999 folded before Flop (didn't bet)
Seat 6: coeeeelho folded before Flop (didn't bet)



PokerStars Hand #254691685240:  Hold'em No Limit ($0.50/$1.00 USD) - 2025/02/03 19:59:48 WET [2025/02/03 14:59:48 ET]
Table 'Sootiyo' 6-max Seat #2 is the button
Seat 1: seb991155 ($83.11 in chips) 
Seat 2: IREQO ($58.13 in chips) 
Seat 3: mariofcd ($100.50 in chips) 
Seat 4: habib beye ($118.23 in chips) 
Seat 5: Ifold9999 ($98.50 in chips) 
Seat 6: coeeeelho ($154.96 in chips) 
mariofcd: posts small blind $0.50
habib beye: posts big blind $1
*** HOLE CARDS ***
Ifold9999: folds 
coeeeelho: folds 
seb991155: folds 
IREQO: raises $1.50 to $2.50
mariofcd: folds 
habib beye: folds 
Uncalled bet ($1.50) returned to IREQO
IREQO collected $2.50 from pot
IREQO: doesn't show hand 
*** SUMMARY ***
Total pot $2.50 | Rake $0 
Seat 1: seb991155 folded before Flop (didn't bet)
Seat 2: IREQO (button) collected ($2.50)
Seat 3: mariofcd (small blind) folded before Flop
Seat 4: habib beye (big blind) folded before Flop
Seat 5: Ifold9999 folded before Flop (didn't bet)
Seat 6: coeeeelho folded before Flop (didn't bet)



PokerStars Hand #254691689961:  Hold'em No Limit ($0.50/$1.00 USD) - 2025/02/03 20:00:08 WET [2025/02/03 15:00:08 ET]
Table 'Sootiyo' 6-max Seat #3 is the button
Seat 5: Ifold9999 ($98.50 in chips) is sitting out
Seat 1: seb991155 ($83.11 in chips) 
Seat 2: IREQO ($59.63 in chips) 
Seat 3: mariofcd ($100 in chips) 
Seat 4: habib beye ($117.23 in chips) 
Seat 6: coeeeelho ($154.96 in chips) 
habib beye: posts small blind $0.50
coeeeelho: posts big blind $1
*** HOLE CARDS ***
seb991155: raises $2 to $3
IREQO: folds 
mariofcd: folds 
habib beye: raises $9 to $12
coeeeelho: folds 
seb991155: calls $9
*** FLOP *** [5c 5s 3h]
Ifold9999 is disconnected 
habib beye: checks 
seb991155: checks 
*** TURN *** [5c 5s 3h] [Qd]
habib beye: bets $7.84
seb991155: calls $7.84
*** RIVER *** [5c 5s 3h Qd] [2d]
habib beye: bets $17.01
seb991155: calls $17.01
*** SHOW DOWN ***
habib beye: shows [Td Kd] (a pair of Fives)
seb991155: shows [As Qh] (two pair, Queens and Fives)
seb991155 collected $72.20 from pot
*** SUMMARY ***
Total pot $74.70 | Rake $2.50 
Board [5c 5s 3h Qd 2d]
Seat 5: Ifold9999
Seat 1: seb991155 showed [As Qh] and won ($72.20) with two pair, Queens and Fives
Seat 2: IREQO folded before Flop (didn't bet)
Seat 3: mariofcd (button) folded before Flop (didn't bet)
Seat 4: habib beye (small blind) showed [Td Kd] and lost with a pair of Fives
Seat 6: coeeeelho (big blind) folded before Flop



PokerStars Hand #254691704994:  Hold'em No Limit ($0.50/$1.00 USD) - 2025/02/03 20:01:12 WET [2025/02/03 15:01:12 ET]
Table 'Sootiyo' 6-max Seat #4 is the button
Seat 5: Ifold9999 ($98.50 in chips) is sitting out
Seat 1: seb991155 ($118.46 in chips) 
Seat 2: IREQO ($59.63 in chips) 
Seat 3: mariofcd ($100 in chips) 
Seat 4: habib beye ($100 in chips) 
Seat 6: coeeeelho ($153.96 in chips) 
coeeeelho: posts small blind $0.50
seb991155: posts big blind $1
*** HOLE CARDS ***
IREQO: folds 
mariofcd: folds 
habib beye: folds 
coeeeelho: folds 
Uncalled bet ($0.50) returned to seb991155
seb991155 collected $1 from pot
seb991155: doesn't show hand 
*** SUMMARY ***
Total pot $1 | Rake $0 
Seat 5: Ifold9999
Seat 1: seb991155 (big blind) collected ($1)
Seat 2: IREQO folded before Flop (didn't bet)
Seat 3: mariofcd folded before Flop (didn't bet)
Seat 4: habib beye (button) folded before Flop (didn't bet)
Seat 6: coeeeelho (small blind) folded before Flop



PokerStars Hand #254691707150:  Hold'em No Limit ($0.50/$1.00 USD) - 2025/02/03 20:01:20 WET [2025/02/03 15:01:20 ET]
Table 'Sootiyo' 6-max Seat #6 is the button
Seat 5: Ifold9999 ($98.50 in chips) is sitting out
Seat 1: seb991155 ($118.96 in chips) 
Seat 2: IREQO ($59.63 in chips) 
Seat 3: mariofcd ($100 in chips) 
Seat 4: habib beye ($100 in chips) 
Seat 6: coeeeelho ($153.46 in chips) 
seb991155: posts small blind $0.50
IREQO: posts big blind $1
*** HOLE CARDS ***
mariofcd: folds 
habib beye: raises $1.30 to $2.30
coeeeelho: folds 
seb991155: calls $1.80
IREQO: folds 
*** FLOP *** [Ad 7s 2c]
seb991155: checks 
habib beye: checks 
*** TURN *** [Ad 7s 2c] [5s]
seb991155: checks 
habib beye: bets $2.34
seb991155: folds 
Uncalled bet ($2.34) returned to habib beye
habib beye collected $5.32 from pot
*** SUMMARY ***
Total pot $5.60 | Rake $0.28 
Board [Ad 7s 2c 5s]
Seat 5: Ifold9999
Seat 1: seb991155 (small blind) folded on the Turn
Seat 2: IREQO (big blind) folded before Flop
Seat 3: mariofcd folded before Flop (didn't bet)
Seat 4: habib beye collected ($5.32)
Seat 6: coeeeelho (button) folded before Flop (didn't bet)



PokerStars Hand #254691718491:  Hold'em No Limit ($0.50/$1.00 USD) - 2025/02/03 20:02:02 WET [2025/02/03 15:02:02 ET]
Table 'Sootiyo' 6-max Seat #1 is the button
Seat 5: Ifold9999 ($98.50 in chips) is sitting out
Seat 1: seb991155 ($116.66 in chips) 
Seat 2: IREQO ($58.63 in chips) 
Seat 3: mariofcd ($100 in chips) 
Seat 4: habib beye ($103.02 in chips) 
Seat 6: coeeeelho ($153.46 in chips) 
IREQO: posts small blind $0.50
mariofcd: posts big blind $1
*** HOLE CARDS ***
habib beye: folds 
coeeeelho: raises $1.20 to $2.20
seb991155: folds 
seb991155 leaves the table
IREQO: folds 
michasia joins the table at seat #1 
mariofcd: calls $1.20
*** FLOP *** [2d Qc As]
mariofcd: checks 
coeeeelho: bets $3.50
mariofcd: calls $3.50
*** TURN *** [2d Qc As] [5h]
mariofcd: checks 
coeeeelho: checks 
*** RIVER *** [2d Qc As 5h] [5c]
mariofcd: checks 
coeeeelho: checks 
*** SHOW DOWN ***
mariofcd: shows [Tc Qh] (two pair, Queens and Fives)
coeeeelho: mucks hand 
mariofcd collected $11.30 from pot
*** SUMMARY ***
Total pot $11.90 | Rake $0.60 
Board [2d Qc As 5h 5c]
Seat 5: Ifold9999
Seat 1: seb991155 (button) folded before Flop (didn't bet)
Seat 2: IREQO (small blind) folded before Flop
Seat 3: mariofcd (big blind) showed [Tc Qh] and won ($11.30) with two pair, Queens and Fives
Seat 4: habib beye folded before Flop (didn't bet)
Seat 6: coeeeelho mucked



PokerStars Hand #254691741048:  Hold'em No Limit ($0.50/$1.00 USD) - 2025/02/03 20:03:17 WET [2025/02/03 15:03:17 ET]
Table 'Sootiyo' 6-max Seat #2 is the button
Seat 1: michasia ($100 in chips) is sitting out
Seat 5: Ifold9999 ($98.50 in chips) is sitting out
Seat 2: IREQO ($58.13 in chips) 
Seat 3: mariofcd ($105.60 in chips) 
Seat 4: habib beye ($103.02 in chips) 
Seat 6: coeeeelho ($147.76 in chips) 
mariofcd: posts small blind $0.50
habib beye: posts big blind $1
michasia: sits out 
*** HOLE CARDS ***
coeeeelho: folds 
IREQO: raises $1.50 to $2.50
mariofcd: folds 
habib beye: folds 
Uncalled bet ($1.50) returned to IREQO
IREQO collected $2.50 from pot
IREQO: doesn't show hand 
*** SUMMARY ***
Total pot $2.50 | Rake $0 
Seat 1: michasia
Seat 5: Ifold9999
Seat 2: IREQO (button) collected ($2.50)
Seat 3: mariofcd (small blind) folded before Flop
Seat 4: habib beye (big blind) folded before Flop
Seat 6: coeeeelho folded before Flop (didn't bet)



PokerStars Hand #254691746005:  Hold'em No Limit ($0.50/$1.00 USD) - 2025/02/03 20:03:34 WET [2025/02/03 15:03:34 ET]
Table 'Sootiyo' 6-max Seat #3 is the button
Seat 1: michasia ($100 in chips) is sitting out
Seat 5: Ifold9999 ($98.50 in chips) is sitting out
Seat 2: IREQO ($59.63 in chips) 
Seat 3: mariofcd ($105.10 in chips) 
Seat 4: habib beye ($102.02 in chips) 
Seat 6: coeeeelho ($147.76 in chips) 
habib beye: posts small blind $0.50
coeeeelho: posts big blind $1
michasia: sits out 
*** HOLE CARDS ***
IREQO: folds 
mariofcd: folds 
habib beye: raises $2 to $3
coeeeelho: folds 
Uncalled bet ($2) returned to habib beye
habib beye collected $2 from pot
*** SUMMARY ***
Total pot $2 | Rake $0 
Seat 1: michasia
Seat 5: Ifold9999
Seat 2: IREQO folded before Flop (didn't bet)
Seat 3: mariofcd (button) folded before Flop (didn't bet)
Seat 4: habib beye (small blind) collected ($2)
Seat 6: coeeeelho (big blind) folded before Flop



PokerStars Hand #254691749888:  Hold'em No Limit ($0.50/$1.00 USD) - 2025/02/03 20:03:46 WET [2025/02/03 15:03:46 ET]
Table 'Sootiyo' 6-max Seat #4 is the button
Seat 5: Ifold9999 ($98.50 in chips) is sitting out
Seat 1: michasia ($100 in chips) 
Seat 2: IREQO ($59.63 in chips) 
Seat 3: mariofcd ($105.10 in chips) 
Seat 4: habib beye ($103.02 in chips) 
Seat 6: coeeeelho ($146.76 in chips) 
coeeeelho: posts small blind $0.50
michasia: posts big blind $1
*** HOLE CARDS ***
IREQO: folds 
mariofcd: folds 
habib beye: folds 
IREQO is disconnected 
coeeeelho: raises $2 to $3
michasia: raises $6 to $9
coeeeelho: folds 
Uncalled bet ($6) returned to michasia
michasia collected $6 from pot
michasia: doesn't show hand 
*** SUMMARY ***
Total pot $6 | Rake $0 
Seat 5: Ifold9999
Seat 1: michasia (big blind) collected ($6)
Seat 2: IREQO folded before Flop (didn't bet)
Seat 3: mariofcd folded before Flop (didn't bet)
Seat 4: habib beye (button) folded before Flop (didn't bet)
Seat 6: coeeeelho (small blind) folded before Flop



PokerStars Hand #254691758145:  Hold'em No Limit ($0.50/$1.00 USD) - 2025/02/03 20:04:13 WET [2025/02/03 15:04:13 ET]
Table 'Sootiyo' 6-max Seat #6 is the button
Seat 2: IREQO ($59.63 in chips) is sitting out
Seat 5: Ifold9999 ($98.50 in chips) is sitting out
Seat 1: michasia ($103 in chips) 
Seat 3: mariofcd ($105.10 in chips) 
Seat 4: habib beye ($103.02 in chips) 
Seat 6: coeeeelho ($143.76 in chips) 
michasia: posts small blind $0.50
IREQO has timed out while disconnected
IREQO: is sitting out 
mariofcd: posts big blind $1
*** HOLE CARDS ***
habib beye: folds 
coeeeelho: folds 
michasia: folds 
Uncalled bet ($0.50) returned to mariofcd
mariofcd collected $1 from pot
mariofcd: doesn't show hand 
*** SUMMARY ***
Total pot $1 | Rake $0 
Seat 2: IREQO
Seat 5: Ifold9999
Seat 1: michasia (small blind) folded before Flop
Seat 3: mariofcd (big blind) collected ($1)
Seat 4: habib beye folded before Flop (didn't bet)
Seat 6: coeeeelho (button) folded before Flop (didn't bet)



PokerStars Hand #254691764717:  Hold'em No Limit ($0.50/$1.00 USD) - 2025/02/03 20:04:33 WET [2025/02/03 15:04:33 ET]
Table 'Sootiyo' 6-max Seat #1 is the button
Seat 2: IREQO ($59.63 in chips) is sitting out
Seat 5: Ifold9999 ($98.50 in chips) is sitting out
Seat 1: michasia ($102.50 in chips) 
Seat 3: mariofcd ($105.60 in chips) 
Seat 4: habib beye ($103.02 in chips) 
Seat 6: coeeeelho ($143.76 in chips) 
mariofcd: posts small blind $0.50
habib beye: posts big blind $1
*** HOLE CARDS ***
coeeeelho: raises $1.20 to $2.20
michasia: raises $4.40 to $6.60
mariofcd: folds 
habib beye: folds 
coeeeelho: calls $4.40
*** FLOP *** [4c 2h 9c]
coeeeelho: checks 
michasia: checks 
*** TURN *** [4c 2h 9c] [9s]
coeeeelho: bets $4.61
michasia: folds 
Uncalled bet ($4.61) returned to coeeeelho
coeeeelho collected $13.96 from pot
*** SUMMARY ***
Total pot $14.70 | Rake $0.74 
Board [4c 2h 9c 9s]
Seat 2: IREQO
Seat 5: Ifold9999
Seat 1: michasia (button) folded on the Turn
Seat 3: mariofcd (small blind) folded before Flop
Seat 4: habib beye (big blind) folded before Flop
Seat 6: coeeeelho collected ($13.96)



PokerStars Hand #254691777537:  Hold'em No Limit ($0.50/$1.00 USD) - 2025/02/03 20:05:12 WET [2025/02/03 15:05:12 ET]
Table 'Sootiyo' 6-max Seat #3 is the button
Seat 2: IREQO ($59.63 in chips) is sitting out
Seat 5: Ifold9999 ($98.50 in chips) is sitting out
Seat 1: michasia ($100 in chips) 
Seat 3: mariofcd ($105.10 in chips) 
Seat 4: habib beye ($102.02 in chips) 
Seat 6: coeeeelho ($151.12 in chips) 
habib beye: posts small blind $0.50
coeeeelho: posts big blind $1
*** HOLE CARDS ***
michasia: folds 
mariofcd: raises $1.45 to $2.45
habib beye: folds 
coeeeelho: calls $1.45
*** FLOP *** [7c 9d Kc]
coeeeelho: checks 
mariofcd: bets $2.56
coeeeelho: folds 
Uncalled bet ($2.56) returned to mariofcd
mariofcd collected $5.13 from pot
mariofcd: doesn't show hand 
*** SUMMARY ***
Total pot $5.40 | Rake $0.27 
Board [7c 9d Kc]
Seat 2: IREQO
Seat 5: Ifold9999
Seat 1: michasia folded before Flop (didn't bet)
Seat 3: mariofcd (button) collected ($5.13)
Seat 4: habib beye (small blind) folded before Flop
Seat 6: coeeeelho (big blind) folded on the Flop



PokerStars Hand #254691786471:  Hold'em No Limit ($0.50/$1.00 USD) - 2025/02/03 20:05:40 WET [2025/02/03 15:05:40 ET]
Table 'Sootiyo' 6-max Seat #4 is the button
Seat 2: IREQO ($59.63 in chips) is sitting out
Seat 5: Ifold9999 ($98.50 in chips) is sitting out
Seat 1: michasia ($100 in chips) 
Seat 3: mariofcd ($107.78 in chips) 
Seat 4: habib beye ($101.52 in chips) 
Seat 6: coeeeelho ($148.67 in chips) 
coeeeelho: posts small blind $0.50
michasia: posts big blind $1
*** HOLE CARDS ***
Ifold9999 is disconnected 
mariofcd: raises $1.25 to $2.25
habib beye: folds 
coeeeelho: folds 
michasia: folds 
Uncalled bet ($1.25) returned to mariofcd
mariofcd collected $2.50 from pot
mariofcd: doesn't show hand 
*** SUMMARY ***
Total pot $2.50 | Rake $0 
Seat 2: IREQO
Seat 5: Ifold9999
Seat 1: michasia (big blind) folded before Flop
Seat 3: mariofcd collected ($2.50)
Seat 4: habib beye (button) folded before Flop (didn't bet)
Seat 6: coeeeelho (small blind) folded before Flop



PokerStars Hand #254691794406:  Hold'em No Limit ($0.50/$1.00 USD) - 2025/02/03 20:06:03 WET [2025/02/03 15:06:03 ET]
Table 'Sootiyo' 6-max Seat #6 is the button
Seat 5: Ifold9999 ($98.50 in chips) is sitting out
Seat 1: michasia ($100 in chips) 
Seat 2: IREQO ($59.63 in chips) 
Seat 3: mariofcd ($109.28 in chips) 
Seat 4: habib beye ($101.52 in chips) 
Seat 6: coeeeelho ($148.17 in chips) 
michasia: posts small blind $0.50
IREQO: posts big blind $1
*** HOLE CARDS ***
mariofcd: folds 
habib beye: folds 
mariofcd leaves the table
Ifold9999 leaves the table
coeeeelho: folds 
michasia: folds 
Uncalled bet ($0.50) returned to IREQO
IREQO collected $1 from pot
IREQO: doesn't show hand 
*** SUMMARY ***
Total pot $1 | Rake $0 
Seat 5: Ifold9999
Seat 1: michasia (small blind) folded before Flop
Seat 2: IREQO (big blind) collected ($1)
Seat 3: mariofcd folded before Flop (didn't bet)
Seat 4: habib beye folded before Flop (didn't bet)
Seat 6: coeeeelho (button) folded before Flop (didn't bet)



PokerStars Hand #254691803835:  Hold'em No Limit ($0.50/$1.00 USD) - 2025/02/03 20:06:32 WET [2025/02/03 15:06:32 ET]
Table 'Sootiyo' 6-max Seat #1 is the button
Seat 1: michasia ($100 in chips) 
Seat 2: IREQO ($60.13 in chips) 
Seat 4: habib beye ($101.52 in chips) 
Seat 6: coeeeelho ($148.17 in chips) 
IREQO: posts small blind $0.50
habib beye: posts big blind $1
*** HOLE CARDS ***
MoRsCeReBruM joins the table at seat #5 
coeeeelho: folds 
maver200981 joins the table at seat #3 
michasia: raises $1.80 to $2.80
IREQO: folds 
habib beye: folds 
Uncalled bet ($1.80) returned to michasia
michasia collected $2.50 from pot
michasia: doesn't show hand 
*** SUMMARY ***
Total pot $2.50 | Rake $0 
Seat 1: michasia (button) collected ($2.50)
Seat 2: IREQO (small blind) folded before Flop
Seat 4: habib beye (big blind) folded before Flop
Seat 6: coeeeelho folded before Flop (didn't bet)



PokerStars Hand #254691809065:  Hold'em No Limit ($0.50/$1.00 USD) - 2025/02/03 20:06:48 WET [2025/02/03 15:06:48 ET]
Table 'Sootiyo' 6-max Seat #2 is the button
Seat 3: maver200981 ($77 in chips) is sitting out
Seat 1: michasia ($101.50 in chips) 
Seat 2: IREQO ($59.63 in chips) 
Seat 4: habib beye ($100.52 in chips) 
Seat 5: MoRsCeReBruM ($100 in chips) 
Seat 6: coeeeelho ($148.17 in chips) 
habib beye: posts small blind $0.50
MoRsCeReBruM: posts big blind $1
*** HOLE CARDS ***
coeeeelho: folds 
michasia: folds 
IREQO: raises $1.50 to $2.50
habib beye: folds 
MoRsCeReBruM: raises $8 to $10.50
IREQO: calls $8
*** FLOP *** [7h Qh Qs]
MoRsCeReBruM: bets $5.11
IREQO: folds 
Uncalled bet ($5.11) returned to MoRsCeReBruM
MoRsCeReBruM collected $20.42 from pot
MoRsCeReBruM: doesn't show hand 
*** SUMMARY ***
Total pot $21.50 | Rake $1.08 
Board [7h Qh Qs]
Seat 3: maver200981
Seat 1: michasia folded before Flop (didn't bet)
Seat 2: IREQO (button) folded on the Flop
Seat 4: habib beye (small blind) folded before Flop
Seat 5: MoRsCeReBruM (big blind) collected ($20.42)
Seat 6: coeeeelho folded before Flop (didn't bet)



PokerStars Hand #254691827802:  Hold'em No Limit ($0.50/$1.00 USD) - 2025/02/03 20:07:45 WET [2025/02/03 15:07:45 ET]
Table 'Sootiyo' 6-max Seat #4 is the button
Seat 1: michasia ($101.50 in chips) 
Seat 2: IREQO ($49.13 in chips) 
Seat 3: maver200981 ($77 in chips) 
Seat 4: habib beye ($100.02 in chips) 
Seat 5: MoRsCeReBruM ($109.92 in chips) 
Seat 6: coeeeelho ($148.17 in chips) 
MoRsCeReBruM: posts small blind $0.50
coeeeelho: posts big blind $1
maver200981: posts big blind $1
*** HOLE CARDS ***
michasia: folds 
IREQO: folds 
maver200981: checks 
habib beye: raises $3 to $4
MoRsCeReBruM: raises $9.50 to $13.50
coeeeelho: folds 
maver200981: folds 
habib beye: calls $9.50
*** FLOP *** [5h 9d 4c]
MoRsCeReBruM: checks 
habib beye: bets $9.09
MoRsCeReBruM: calls $9.09
*** TURN *** [5h 9d 4c] [4h]
MoRsCeReBruM: checks 
habib beye: bets $14.79
MoRsCeReBruM: folds 
Uncalled bet ($14.79) returned to habib beye
habib beye collected $44.82 from pot
*** SUMMARY ***
Total pot $47.18 | Rake $2.36 
Board [5h 9d 4c 4h]
Seat 1: michasia folded before Flop (didn't bet)
Seat 2: IREQO folded before Flop (didn't bet)
Seat 3: maver200981 folded before Flop (didn't bet)
Seat 4: habib beye (button) collected ($44.82)
Seat 5: MoRsCeReBruM (small blind) folded on the Turn
Seat 6: coeeeelho (big blind) folded before Flop



PokerStars Hand #254691856886:  Hold'em No Limit ($0.50/$1.00 USD) - 2025/02/03 20:09:12 WET [2025/02/03 15:09:12 ET]
Table 'Sootiyo' 6-max Seat #5 is the button
Seat 1: michasia ($101.50 in chips) 
Seat 2: IREQO ($49.13 in chips) 
Seat 3: maver200981 ($76 in chips) 
Seat 4: habib beye ($122.25 in chips) 
Seat 5: MoRsCeReBruM ($100 in chips) 
Seat 6: coeeeelho ($147.17 in chips) 
coeeeelho: posts small blind $0.50
michasia: posts big blind $1
*** HOLE CARDS ***
IREQO: folds 
maver200981: folds 
habib beye: folds 
MoRsCeReBruM: raises $1.50 to $2.50
coeeeelho: raises $8.72 to $11.22
michasia: folds 
MoRsCeReBruM: folds 
Uncalled bet ($8.72) returned to coeeeelho
coeeeelho collected $6 from pot
*** SUMMARY ***
Total pot $6 | Rake $0 
Seat 1: michasia (big blind) folded before Flop
Seat 2: IREQO folded before Flop (didn't bet)
Seat 3: maver200981 folded before Flop (didn't bet)
Seat 4: habib beye folded before Flop (didn't bet)
Seat 5: MoRsCeReBruM (button) folded before Flop
Seat 6: coeeeelho (small blind) collected ($6)



PokerStars Hand #254691868586:  Hold'em No Limit ($0.50/$1.00 USD) - 2025/02/03 20:09:47 WET [2025/02/03 15:09:47 ET]
Table 'Sootiyo' 6-max Seat #6 is the button
Seat 2: IREQO ($49.13 in chips) is sitting out
Seat 1: michasia ($100.50 in chips) 
Seat 3: maver200981 ($76 in chips) 
Seat 4: habib beye ($122.25 in chips) 
Seat 5: MoRsCeReBruM ($100 in chips) 
Seat 6: coeeeelho ($150.67 in chips) 
michasia: posts small blind $0.50
IREQO: is sitting out 
maver200981: posts big blind $1
*** HOLE CARDS ***
habib beye: folds 
MoRsCeReBruM: folds 
coeeeelho: folds 
michasia: folds 
Uncalled bet ($0.50) returned to maver200981
maver200981 collected $1 from pot
maver200981: doesn't show hand 
*** SUMMARY ***
Total pot $1 | Rake $0 
Seat 2: IREQO
Seat 1: michasia (small blind) folded before Flop
Seat 3: maver200981 (big blind) collected ($1)
Seat 4: habib beye folded before Flop (didn't bet)
Seat 5: MoRsCeReBruM folded before Flop (didn't bet)
Seat 6: coeeeelho (button) folded before Flop (didn't bet)



PokerStars Hand #254691872430:  Hold'em No Limit ($0.50/$1.00 USD) - 2025/02/03 20:09:59 WET [2025/02/03 15:09:59 ET]
Table 'Sootiyo' 6-max Seat #1 is the button
Seat 2: IREQO ($49.13 in chips) is sitting out
Seat 1: michasia ($100 in chips) 
Seat 3: maver200981 ($76.50 in chips) 
Seat 4: habib beye ($122.25 in chips) 
Seat 5: MoRsCeReBruM ($100 in chips) 
Seat 6: coeeeelho ($150.67 in chips) 
maver200981: posts small blind $0.50
habib beye: posts big blind $1
*** HOLE CARDS ***
MoRsCeReBruM: folds 
coeeeelho: folds 
michasia: raises $1.80 to $2.80
maver200981: folds 
habib beye: folds 
Uncalled bet ($1.80) returned to michasia
michasia collected $2.50 from pot
michasia: doesn't show hand 
*** SUMMARY ***
Total pot $2.50 | Rake $0 
Seat 2: IREQO
Seat 1: michasia (button) collected ($2.50)
Seat 3: maver200981 (small blind) folded before Flop
Seat 4: habib beye (big blind) folded before Flop
Seat 5: MoRsCeReBruM folded before Flop (didn't bet)
Seat 6: coeeeelho folded before Flop (didn't bet)



PokerStars Hand #254691878849:  Hold'em No Limit ($0.50/$1.00 USD) - 2025/02/03 20:10:18 WET [2025/02/03 15:10:18 ET]
Table 'Sootiyo' 6-max Seat #3 is the button
Seat 2: IREQO ($49.13 in chips) is sitting out
Seat 1: michasia ($101.50 in chips) 
Seat 3: maver200981 ($76 in chips) 
Seat 4: habib beye ($121.25 in chips) 
Seat 5: MoRsCeReBruM ($100 in chips) 
Seat 6: coeeeelho ($150.67 in chips) 
habib beye: posts small blind $0.50
MoRsCeReBruM: posts big blind $1
*** HOLE CARDS ***
coeeeelho: raises $1.10 to $2.10
michasia: folds 
maver200981: raises $5.70 to $7.80
habib beye: folds 
MoRsCeReBruM: folds 
coeeeelho: raises $10.20 to $18
maver200981: raises $58 to $76 and is all-in
coeeeelho: calls $58
*** FLOP *** [Qc Qs 6h]
*** TURN *** [Qc Qs 6h] [3s]
*** RIVER *** [Qc Qs 6h 3s] [6c]
*** SHOW DOWN ***
coeeeelho: shows [Ad Ah] (two pair, Aces and Queens)
maver200981: shows [Jd Js] (two pair, Queens and Jacks)
coeeeelho collected $151 from pot
*** SUMMARY ***
Total pot $153.50 | Rake $2.50 
Board [Qc Qs 6h 3s 6c]
Seat 2: IREQO
Seat 1: michasia folded before Flop (didn't bet)
Seat 3: maver200981 (button) showed [Jd Js] and lost with two pair, Queens and Jacks
Seat 4: habib beye (small blind) folded before Flop
Seat 5: MoRsCeReBruM (big blind) folded before Flop
Seat 6: coeeeelho showed [Ad Ah] and won ($151) with two pair, Aces and Queens



PokerStars Hand #254691897155:  Hold'em No Limit ($0.50/$1.00 USD) - 2025/02/03 20:11:14 WET [2025/02/03 15:11:14 ET]
Table 'Sootiyo' 6-max Seat #4 is the button
Seat 2: IREQO ($49.13 in chips) is sitting out
Seat 1: michasia ($101.50 in chips) 
Seat 4: habib beye ($120.75 in chips) 
Seat 5: MoRsCeReBruM ($100 in chips) 
Seat 6: coeeeelho ($225.67 in chips) 
maver200981 leaves the table
MoRsCeReBruM: posts small blind $0.50
coeeeelho: posts big blind $1
*** HOLE CARDS ***
michasia: folds 
habib beye: folds 
NISIY joins the table at seat #3 
NISIY leaves the table
MoRsCeReBruM: raises $2 to $3
IREQO leaves the table
coeeeelho: folds 
Uncalled bet ($2) returned to MoRsCeReBruM
MoRsCeReBruM collected $2 from pot
MoRsCeReBruM: doesn't show hand 
*** SUMMARY ***
Total pot $2 | Rake $0 
Seat 2: IREQO
Seat 1: michasia folded before Flop (didn't bet)
Seat 4: habib beye (button) folded before Flop (didn't bet)
Seat 5: MoRsCeReBruM (small blind) collected ($2)
Seat 6: coeeeelho (big blind) folded before Flop



PokerStars Hand #254691901386:  Hold'em No Limit ($0.50/$1.00 USD) - 2025/02/03 20:11:27 WET [2025/02/03 15:11:27 ET]
Table 'Sootiyo' 6-max Seat #5 is the button
Seat 1: michasia ($101.50 in chips) is sitting out
Seat 4: habib beye ($120.75 in chips) 
Seat 5: MoRsCeReBruM ($101 in chips) 
Seat 6: coeeeelho ($224.67 in chips) 
coeeeelho: posts small blind $0.50
michasia: is sitting out 
habib beye: posts big blind $1
*** HOLE CARDS ***
michasia leaves the table
MoRsCeReBruM: folds 
coeeeelho: folds 
Uncalled bet ($0.50) returned to habib beye
habib beye collected $1 from pot
*** SUMMARY ***
Total pot $1 | Rake $0 
Seat 1: michasia
Seat 4: habib beye (big blind) collected ($1)
Seat 5: MoRsCeReBruM (button) folded before Flop (didn't bet)
Seat 6: coeeeelho (small blind) folded before Flop



PokerStars Hand #254691904276:  Hold'em No Limit ($0.50/$1.00 USD) - 2025/02/03 20:11:35 WET [2025/02/03 15:11:35 ET]
Table 'Sootiyo' 6-max Seat #6 is the button
Seat 4: habib beye ($121.25 in chips) 
Seat 5: MoRsCeReBruM ($101 in chips) 
Seat 6: coeeeelho ($224.17 in chips) 
habib beye: posts small blind $0.50
MoRsCeReBruM: posts big blind $1
*** HOLE CARDS ***
coeeeelho: raises $1.20 to $2.20
habib beye: folds 
MoRsCeReBruM: folds 
Uncalled bet ($1.20) returned to coeeeelho
coeeeelho collected $2.50 from pot
*** SUMMARY ***
Total pot $2.50 | Rake $0 
Seat 4: habib beye (small blind) folded before Flop
Seat 5: MoRsCeReBruM (big blind) folded before Flop
Seat 6: coeeeelho (button) collected ($2.50)



PokerStars Hand #254691911240:  Hold'em No Limit ($0.50/$1.00 USD) - 2025/02/03 20:11:56 WET [2025/02/03 15:11:56 ET]
Table 'Sootiyo' 6-max Seat #5 is the button
Seat 6: coeeeelho ($225.67 in chips) is sitting out
Seat 4: habib beye ($120.75 in chips) 
Seat 5: MoRsCeReBruM ($100 in chips) 
MoRsCeReBruM: posts small blind $0.50
coeeeelho: is sitting out 
habib beye: posts big blind $1
*** HOLE CARDS ***
MoRsCeReBruM: folds 
Uncalled bet ($0.50) returned to habib beye
habib beye collected $1 from pot
*** SUMMARY ***
Total pot $1 | Rake $0 
Seat 6: coeeeelho
Seat 4: habib beye (big blind) collected ($1)
Seat 5: MoRsCeReBruM (button) (small blind) folded before Flop



