PokerStars Hand #254692275814:  Hold'em No Limit ($0.50/$1.00 USD) - 2025/02/03 20:30:11 WET [2025/02/03 15:30:11 ET]
Table 'Schwall' 6-max Seat #6 is the button
Seat 1: Magnodive ($101.50 in chips) 
Seat 2: vadjkeee ($101.50 in chips) 
Seat 3: habib beye ($104.54 in chips) 
Seat 4: G.Andrei95 ($103.50 in chips) 
Seat 5: LuckyShikari ($101.50 in chips) 
Seat 6: thebeckshow ($43.73 in chips) 
Magnodive: posts small blind $0.50
vadjkeee: posts big blind $1
*** HOLE CARDS ***
habib beye: raises $1.25 to $2.25
G.Andrei95: folds 
LuckyShikari: folds 
thebeckshow: folds 
Magnodive: folds 
vadjkeee: folds 
Uncalled bet ($1.25) returned to habib beye
habib beye collected $2.50 from pot
*** SUMMARY ***
Total pot $2.50 | Rake $0 
Seat 1: Magnodive (small blind) folded before Flop
Seat 2: vadjkeee (big blind) folded before Flop
Seat 3: habib beye collected ($2.50)
Seat 4: G.Andrei95 folded before Flop (didn't bet)
Seat 5: LuckyShikari folded before Flop (didn't bet)
Seat 6: thebeckshow (button) folded before Flop (didn't bet)



PokerStars Hand #254692281947:  Hold'em No Limit ($0.50/$1.00 USD) - 2025/02/03 20:30:29 WET [2025/02/03 15:30:29 ET]
Table 'Schwall' 6-max Seat #1 is the button
Seat 1: Magnodive ($101 in chips) 
Seat 2: vadjkeee ($100.50 in chips) 
Seat 3: habib beye ($106.04 in chips) 
Seat 4: G.Andrei95 ($103.50 in chips) 
Seat 5: LuckyShikari ($101.50 in chips) 
Seat 6: thebeckshow ($43.73 in chips) 
vadjkeee: posts small blind $0.50
habib beye: posts big blind $1
*** HOLE CARDS ***
G.Andrei95: raises $1.50 to $2.50
LuckyShikari: folds 
thebeckshow: folds 
Magnodive: folds 
vadjkeee: folds 
habib beye: folds 
Uncalled bet ($1.50) returned to G.Andrei95
G.Andrei95 collected $2.50 from pot
G.Andrei95: doesn't show hand 
*** SUMMARY ***
Total pot $2.50 | Rake $0 
Seat 1: Magnodive (button) folded before Flop (didn't bet)
Seat 2: vadjkeee (small blind) folded before Flop
Seat 3: habib beye (big blind) folded before Flop
Seat 4: G.Andrei95 collected ($2.50)
Seat 5: LuckyShikari folded before Flop (didn't bet)
Seat 6: thebeckshow folded before Flop (didn't bet)



PokerStars Hand #254692287526:  Hold'em No Limit ($0.50/$1.00 USD) - 2025/02/03 20:30:46 WET [2025/02/03 15:30:46 ET]
Table 'Schwall' 6-max Seat #2 is the button
Seat 1: Magnodive ($101 in chips) 
Seat 2: vadjkeee ($100 in chips) 
Seat 3: habib beye ($105.04 in chips) 
Seat 5: LuckyShikari ($101.50 in chips) 
Seat 6: thebeckshow ($43.73 in chips) 
G.Andrei95 leaves the table
habib beye: posts small blind $0.50
LuckyShikari: posts big blind $1
*** HOLE CARDS ***
thebeckshow: folds 
Magnodive: raises $1.50 to $2.50
vadjkeee: raises $5 to $7.50
habib beye: folds 
LuckyShikari: folds 
Magnodive: folds 
Uncalled bet ($5) returned to vadjkeee
vadjkeee collected $6.50 from pot
vadjkeee: doesn't show hand 
*** SUMMARY ***
Total pot $6.50 | Rake $0 
Seat 1: Magnodive folded before Flop
Seat 2: vadjkeee (button) collected ($6.50)
Seat 3: habib beye (small blind) folded before Flop
Seat 5: LuckyShikari (big blind) folded before Flop
Seat 6: thebeckshow folded before Flop (didn't bet)



PokerStars Hand #254692293876:  Hold'em No Limit ($0.50/$1.00 USD) - 2025/02/03 20:31:05 WET [2025/02/03 15:31:05 ET]
Table 'Schwall' 6-max Seat #3 is the button
Seat 1: Magnodive ($100 in chips) 
Seat 2: vadjkeee ($104 in chips) 
Seat 3: habib beye ($104.54 in chips) 
Seat 5: LuckyShikari ($100.50 in chips) 
Seat 6: thebeckshow ($43.73 in chips) 
LuckyShikari: posts small blind $0.50
thebeckshow: posts big blind $1
*** HOLE CARDS ***
Magnodive: folds 
vadjkeee: folds 
habib beye: raises $1.50 to $2.50
LuckyShikari: folds 
thebeckshow: folds 
Uncalled bet ($1.50) returned to habib beye
habib beye collected $2.50 from pot
*** SUMMARY ***
Total pot $2.50 | Rake $0 
Seat 1: Magnodive folded before Flop (didn't bet)
Seat 2: vadjkeee folded before Flop (didn't bet)
Seat 3: habib beye (button) collected ($2.50)
Seat 5: LuckyShikari (small blind) folded before Flop
Seat 6: thebeckshow (big blind) folded before Flop



PokerStars Hand #254692300677:  Hold'em No Limit ($0.50/$1.00 USD) - 2025/02/03 20:31:25 WET [2025/02/03 15:31:25 ET]
Table 'Schwall' 6-max Seat #5 is the button
Seat 1: Magnodive ($100 in chips) 
Seat 2: vadjkeee ($104 in chips) 
Seat 3: habib beye ($106.04 in chips) 
Seat 5: LuckyShikari ($100 in chips) 
Seat 6: thebeckshow ($42.73 in chips) 
thebeckshow: posts small blind $0.50
Magnodive: posts big blind $1
*** HOLE CARDS ***
vadjkeee: folds 
habib beye: folds 
LuckyShikari: raises $2.50 to $3.50
thebeckshow: folds 
Magnodive: calls $2.50
*** FLOP *** [3s 7h Tc]
Magnodive: checks 
LuckyShikari: bets $5
Magnodive: raises $10 to $15
LuckyShikari: calls $10
*** TURN *** [3s 7h Tc] [8d]
Magnodive: checks 
LuckyShikari: bets $26.50
z00mba joins the table at seat #4 
Magnodive: calls $26.50
*** RIVER *** [3s 7h Tc 8d] [Th]
Magnodive: checks 
LuckyShikari: bets $55 and is all-in
Magnodive: folds 
Uncalled bet ($55) returned to LuckyShikari
LuckyShikari collected $88 from pot
LuckyShikari: doesn't show hand 
*** SUMMARY ***
Total pot $90.50 | Rake $2.50 
Board [3s 7h Tc 8d Th]
Seat 1: Magnodive (big blind) folded on the River
Seat 2: vadjkeee folded before Flop (didn't bet)
Seat 3: habib beye folded before Flop (didn't bet)
Seat 5: LuckyShikari (button) collected ($88)
Seat 6: thebeckshow (small blind) folded before Flop



PokerStars Hand #254692328058:  Hold'em No Limit ($0.50/$1.00 USD) - 2025/02/03 20:32:48 WET [2025/02/03 15:32:48 ET]
Table 'Schwall' 6-max Seat #6 is the button
Seat 4: z00mba ($100 in chips) is sitting out
Seat 1: Magnodive ($100 in chips) 
Seat 2: vadjkeee ($104 in chips) 
Seat 3: habib beye ($106.04 in chips) 
Seat 5: LuckyShikari ($143 in chips) 
Seat 6: thebeckshow ($42.23 in chips) 
Magnodive: posts small blind $0.50
vadjkeee: posts big blind $1
z00mba: sits out 
*** HOLE CARDS ***
habib beye: folds 
LuckyShikari: folds 
thebeckshow: calls $1
Magnodive: folds 
vadjkeee: checks 
*** FLOP *** [6c 9c 2d]
vadjkeee: checks 
thebeckshow: checks 
*** TURN *** [6c 9c 2d] [7c]
vadjkeee: bets $2
thebeckshow: folds 
Uncalled bet ($2) returned to vadjkeee
vadjkeee collected $2.38 from pot
vadjkeee: doesn't show hand 
*** SUMMARY ***
Total pot $2.50 | Rake $0.12 
Board [6c 9c 2d 7c]
Seat 4: z00mba
Seat 1: Magnodive (small blind) folded before Flop
Seat 2: vadjkeee (big blind) collected ($2.38)
Seat 3: habib beye folded before Flop (didn't bet)
Seat 5: LuckyShikari folded before Flop (didn't bet)
Seat 6: thebeckshow (button) folded on the Turn



PokerStars Hand #254692338540:  Hold'em No Limit ($0.50/$1.00 USD) - 2025/02/03 20:33:20 WET [2025/02/03 15:33:20 ET]
Table 'Schwall' 6-max Seat #1 is the button
Seat 4: z00mba ($100 in chips) is sitting out
Seat 1: Magnodive ($100 in chips) 
Seat 2: vadjkeee ($105.38 in chips) 
Seat 3: habib beye ($106.04 in chips) 
Seat 5: LuckyShikari ($143 in chips) 
Seat 6: thebeckshow ($41.23 in chips) 
vadjkeee: posts small blind $0.50
habib beye: posts big blind $1
z00mba: sits out 
*** HOLE CARDS ***
LuckyShikari: raises $1 to $2
thebeckshow: folds 
Magnodive: raises $5.50 to $7.50
vadjkeee: folds 
habib beye: folds 
LuckyShikari: folds 
Uncalled bet ($5.50) returned to Magnodive
Magnodive collected $5.50 from pot
Magnodive: doesn't show hand 
*** SUMMARY ***
Total pot $5.50 | Rake $0 
Seat 4: z00mba
Seat 1: Magnodive (button) collected ($5.50)
Seat 2: vadjkeee (small blind) folded before Flop
Seat 3: habib beye (big blind) folded before Flop
Seat 5: LuckyShikari folded before Flop
Seat 6: thebeckshow folded before Flop (didn't bet)



PokerStars Hand #254692345286:  Hold'em No Limit ($0.50/$1.00 USD) - 2025/02/03 20:33:40 WET [2025/02/03 15:33:40 ET]
Table 'Schwall' 6-max Seat #2 is the button
Seat 1: Magnodive ($103.50 in chips) 
Seat 2: vadjkeee ($104.88 in chips) 
Seat 3: habib beye ($105.04 in chips) 
Seat 4: z00mba ($100 in chips) 
Seat 5: LuckyShikari ($141 in chips) 
Seat 6: thebeckshow ($41.23 in chips) 
habib beye: posts small blind $0.50
z00mba: posts big blind $1
*** HOLE CARDS ***
LuckyShikari: folds 
thebeckshow: folds 
Magnodive: raises $1.50 to $2.50
vadjkeee: folds 
habib beye: folds 
z00mba: folds 
Uncalled bet ($1.50) returned to Magnodive
Magnodive collected $2.50 from pot
Magnodive: doesn't show hand 
*** SUMMARY ***
Total pot $2.50 | Rake $0 
Seat 1: Magnodive collected ($2.50)
Seat 2: vadjkeee (button) folded before Flop (didn't bet)
Seat 3: habib beye (small blind) folded before Flop
Seat 4: z00mba (big blind) folded before Flop
Seat 5: LuckyShikari folded before Flop (didn't bet)
Seat 6: thebeckshow folded before Flop (didn't bet)



PokerStars Hand #254692352330:  Hold'em No Limit ($0.50/$1.00 USD) - 2025/02/03 20:34:01 WET [2025/02/03 15:34:01 ET]
Table 'Schwall' 6-max Seat #3 is the button
Seat 1: Magnodive ($105 in chips) 
Seat 2: vadjkeee ($104.88 in chips) 
Seat 3: habib beye ($104.54 in chips) 
Seat 4: z00mba ($100 in chips) 
Seat 5: LuckyShikari ($141 in chips) 
Seat 6: thebeckshow ($41.23 in chips) 
z00mba: posts small blind $0.50
LuckyShikari: posts big blind $1
*** HOLE CARDS ***
thebeckshow: folds 
Magnodive: raises $1.50 to $2.50
vadjkeee: folds 
habib beye: folds 
z00mba: folds 
LuckyShikari: folds 
Uncalled bet ($1.50) returned to Magnodive
Magnodive collected $2.50 from pot
Magnodive: doesn't show hand 
*** SUMMARY ***
Total pot $2.50 | Rake $0 
Seat 1: Magnodive collected ($2.50)
Seat 2: vadjkeee folded before Flop (didn't bet)
Seat 3: habib beye (button) folded before Flop (didn't bet)
Seat 4: z00mba (small blind) folded before Flop
Seat 5: LuckyShikari (big blind) folded before Flop
Seat 6: thebeckshow folded before Flop (didn't bet)



PokerStars Hand #254692358761:  Hold'em No Limit ($0.50/$1.00 USD) - 2025/02/03 20:34:21 WET [2025/02/03 15:34:21 ET]
Table 'Schwall' 6-max Seat #4 is the button
Seat 1: Magnodive ($106.50 in chips) 
Seat 2: vadjkeee ($104.88 in chips) 
Seat 3: habib beye ($104.54 in chips) 
Seat 4: z00mba ($100 in chips) 
Seat 5: LuckyShikari ($140 in chips) 
Seat 6: thebeckshow ($41.23 in chips) 
LuckyShikari: posts small blind $0.50
thebeckshow: posts big blind $1
*** HOLE CARDS ***
Magnodive: raises $1.50 to $2.50
vadjkeee: folds 
habib beye: folds 
z00mba: folds 
LuckyShikari: calls $2
thebeckshow: calls $1.50
*** FLOP *** [7c 3d 3s]
LuckyShikari: checks 
thebeckshow: checks 
Magnodive: bets $1.78
LuckyShikari: raises $6.22 to $8
thebeckshow: folds 
Magnodive: folds 
Uncalled bet ($6.22) returned to LuckyShikari
LuckyShikari collected $10.51 from pot
LuckyShikari: doesn't show hand 
*** SUMMARY ***
Total pot $11.06 | Rake $0.55 
Board [7c 3d 3s]
Seat 1: Magnodive folded on the Flop
Seat 2: vadjkeee folded before Flop (didn't bet)
Seat 3: habib beye folded before Flop (didn't bet)
Seat 4: z00mba (button) folded before Flop (didn't bet)
Seat 5: LuckyShikari (small blind) collected ($10.51)
Seat 6: thebeckshow (big blind) folded on the Flop



PokerStars Hand #254692370723:  Hold'em No Limit ($0.50/$1.00 USD) - 2025/02/03 20:34:57 WET [2025/02/03 15:34:57 ET]
Table 'Schwall' 6-max Seat #5 is the button
Seat 1: Magnodive ($102.22 in chips) 
Seat 2: vadjkeee ($104.88 in chips) 
Seat 3: habib beye ($104.54 in chips) 
Seat 4: z00mba ($100 in chips) 
Seat 5: LuckyShikari ($146.23 in chips) 
Seat 6: thebeckshow ($38.73 in chips) 
thebeckshow: posts small blind $0.50
Magnodive: posts big blind $1
*** HOLE CARDS ***
vadjkeee: folds 
habib beye: folds 
z00mba: raises $1.50 to $2.50
LuckyShikari: folds 
thebeckshow: folds 
Magnodive: calls $1.50
*** FLOP *** [Qc Th 4c]
Magnodive: checks 
z00mba: checks 
*** TURN *** [Qc Th 4c] [Kd]
Magnodive: checks 
z00mba: checks 
*** RIVER *** [Qc Th 4c Kd] [9h]
Magnodive: checks 
z00mba: checks 
*** SHOW DOWN ***
Magnodive: shows [Ad 4d] (a pair of Fours)
z00mba: shows [9s Ts] (two pair, Tens and Nines)
z00mba collected $5.22 from pot
*** SUMMARY ***
Total pot $5.50 | Rake $0.28 
Board [Qc Th 4c Kd 9h]
Seat 1: Magnodive (big blind) showed [Ad 4d] and lost with a pair of Fours
Seat 2: vadjkeee folded before Flop (didn't bet)
Seat 3: habib beye folded before Flop (didn't bet)
Seat 4: z00mba showed [9s Ts] and won ($5.22) with two pair, Tens and Nines
Seat 5: LuckyShikari (button) folded before Flop (didn't bet)
Seat 6: thebeckshow (small blind) folded before Flop



PokerStars Hand #254692394379:  Hold'em No Limit ($0.50/$1.00 USD) - 2025/02/03 20:36:07 WET [2025/02/03 15:36:07 ET]
Table 'Schwall' 6-max Seat #6 is the button
Seat 1: Magnodive ($100 in chips) 
Seat 2: vadjkeee ($104.88 in chips) 
Seat 3: habib beye ($104.54 in chips) 
Seat 4: z00mba ($102.72 in chips) 
Seat 5: LuckyShikari ($146.23 in chips) 
Seat 6: thebeckshow ($38.23 in chips) 
Magnodive: posts small blind $0.50
vadjkeee: posts big blind $1
*** HOLE CARDS ***
habib beye: folds 
z00mba: folds 
LuckyShikari: folds 
thebeckshow: calls $1
Magnodive: raises $6 to $7
vadjkeee: folds 
thebeckshow: calls $6
*** FLOP *** [Ac 8s Qd]
Magnodive: bets $4.27
thebeckshow: raises $6.73 to $11
Magnodive: folds 
Uncalled bet ($6.73) returned to thebeckshow
thebeckshow collected $22.36 from pot
*** SUMMARY ***
Total pot $23.54 | Rake $1.18 
Board [Ac 8s Qd]
Seat 1: Magnodive (small blind) folded on the Flop
Seat 2: vadjkeee (big blind) folded before Flop
Seat 3: habib beye folded before Flop (didn't bet)
Seat 4: z00mba folded before Flop (didn't bet)
Seat 5: LuckyShikari folded before Flop (didn't bet)
Seat 6: thebeckshow (button) collected ($22.36)



PokerStars Hand #254692408165:  Hold'em No Limit ($0.50/$1.00 USD) - 2025/02/03 20:36:49 WET [2025/02/03 15:36:49 ET]
Table 'Schwall' 6-max Seat #1 is the button
Seat 1: Magnodive ($100 in chips) 
Seat 2: vadjkeee ($103.88 in chips) 
Seat 3: habib beye ($104.54 in chips) 
Seat 4: z00mba ($102.72 in chips) 
Seat 5: LuckyShikari ($146.23 in chips) 
Seat 6: thebeckshow ($49.32 in chips) 
vadjkeee: posts small blind $0.50
habib beye: posts big blind $1
*** HOLE CARDS ***
z00mba: folds 
LuckyShikari: raises $1.50 to $2.50
thebeckshow: folds 
Magnodive: folds 
vadjkeee: folds 
habib beye: folds 
Uncalled bet ($1.50) returned to LuckyShikari
LuckyShikari collected $2.50 from pot
LuckyShikari: doesn't show hand 
*** SUMMARY ***
Total pot $2.50 | Rake $0 
Seat 1: Magnodive (button) folded before Flop (didn't bet)
Seat 2: vadjkeee (small blind) folded before Flop
Seat 3: habib beye (big blind) folded before Flop
Seat 4: z00mba folded before Flop (didn't bet)
Seat 5: LuckyShikari collected ($2.50)
Seat 6: thebeckshow folded before Flop (didn't bet)



PokerStars Hand #254692414541:  Hold'em No Limit ($0.50/$1.00 USD) - 2025/02/03 20:37:08 WET [2025/02/03 15:37:08 ET]
Table 'Schwall' 6-max Seat #2 is the button
Seat 1: Magnodive ($100 in chips) 
Seat 2: vadjkeee ($103.38 in chips) 
Seat 3: habib beye ($103.54 in chips) 
Seat 4: z00mba ($102.72 in chips) 
Seat 5: LuckyShikari ($147.73 in chips) 
Seat 6: thebeckshow ($49.32 in chips) 
habib beye: posts small blind $0.50
z00mba: posts big blind $1
*** HOLE CARDS ***
LuckyShikari: raises $1.50 to $2.50
thebeckshow: folds 
Magnodive: folds 
vadjkeee: folds 
habib beye: folds 
z00mba: folds 
Uncalled bet ($1.50) returned to LuckyShikari
LuckyShikari collected $2.50 from pot
LuckyShikari: doesn't show hand 
*** SUMMARY ***
Total pot $2.50 | Rake $0 
Seat 1: Magnodive folded before Flop (didn't bet)
Seat 2: vadjkeee (button) folded before Flop (didn't bet)
Seat 3: habib beye (small blind) folded before Flop
Seat 4: z00mba (big blind) folded before Flop
Seat 5: LuckyShikari collected ($2.50)
Seat 6: thebeckshow folded before Flop (didn't bet)



PokerStars Hand #254692424734:  Hold'em No Limit ($0.50/$1.00 USD) - 2025/02/03 20:37:38 WET [2025/02/03 15:37:38 ET]
Table 'Schwall' 6-max Seat #3 is the button
Seat 1: Magnodive ($100 in chips) 
Seat 2: vadjkeee ($103.38 in chips) 
Seat 3: habib beye ($103.04 in chips) 
Seat 4: z00mba ($101.72 in chips) 
Seat 5: LuckyShikari ($149.23 in chips) 
Seat 6: thebeckshow ($49.32 in chips) 
z00mba: posts small blind $0.50
LuckyShikari: posts big blind $1
*** HOLE CARDS ***
thebeckshow: calls $1
Magnodive: folds 
vadjkeee: calls $1
habib beye: folds 
z00mba: calls $0.50
LuckyShikari: checks 
*** FLOP *** [Jd 3d Tc]
z00mba: checks 
LuckyShikari: checks 
thebeckshow: checks 
vadjkeee: checks 
*** TURN *** [Jd 3d Tc] [Ac]
z00mba: checks 
LuckyShikari: checks 
thebeckshow: checks 
vadjkeee: checks 
*** RIVER *** [Jd 3d Tc Ac] [6h]
z00mba: checks 
LuckyShikari: checks 
thebeckshow: checks 
vadjkeee: checks 
*** SHOW DOWN ***
z00mba: shows [3h 4c] (a pair of Threes)
LuckyShikari: shows [6d Qs] (a pair of Sixes)
thebeckshow: shows [Ad 7s] (a pair of Aces)
vadjkeee: mucks hand 
thebeckshow collected $3.80 from pot
*** SUMMARY ***
Total pot $4 | Rake $0.20 
Board [Jd 3d Tc Ac 6h]
Seat 1: Magnodive folded before Flop (didn't bet)
Seat 2: vadjkeee mucked
Seat 3: habib beye (button) folded before Flop (didn't bet)
Seat 4: z00mba (small blind) showed [3h 4c] and lost with a pair of Threes
Seat 5: LuckyShikari (big blind) showed [6d Qs] and lost with a pair of Sixes
Seat 6: thebeckshow showed [Ad 7s] and won ($3.80) with a pair of Aces



PokerStars Hand #254692446496:  Hold'em No Limit ($0.50/$1.00 USD) - 2025/02/03 20:38:44 WET [2025/02/03 15:38:44 ET]
Table 'Schwall' 6-max Seat #4 is the button
Seat 1: Magnodive ($100 in chips) 
Seat 2: vadjkeee ($102.38 in chips) 
Seat 3: habib beye ($103.04 in chips) 
Seat 4: z00mba ($100.72 in chips) 
Seat 5: LuckyShikari ($148.23 in chips) 
Seat 6: thebeckshow ($52.12 in chips) 
LuckyShikari: posts small blind $0.50
thebeckshow: posts big blind $1
*** HOLE CARDS ***
Magnodive: raises $1.50 to $2.50
vadjkeee: folds 
habib beye: folds 
vadjkeee leaves the table
z00mba: folds 
LuckyShikari: folds 
thebeckshow: folds 
Uncalled bet ($1.50) returned to Magnodive
Magnodive collected $2.50 from pot
Magnodive: doesn't show hand 
*** SUMMARY ***
Total pot $2.50 | Rake $0 
Seat 1: Magnodive collected ($2.50)
Seat 2: vadjkeee folded before Flop (didn't bet)
Seat 3: habib beye folded before Flop (didn't bet)
Seat 4: z00mba (button) folded before Flop (didn't bet)
Seat 5: LuckyShikari (small blind) folded before Flop
Seat 6: thebeckshow (big blind) folded before Flop



PokerStars Hand #254692454302:  Hold'em No Limit ($0.50/$1.00 USD) - 2025/02/03 20:39:07 WET [2025/02/03 15:39:07 ET]
Table 'Schwall' 6-max Seat #5 is the button
Seat 1: Magnodive ($101.50 in chips) 
Seat 3: habib beye ($103.04 in chips) 
Seat 4: z00mba ($100.72 in chips) 
Seat 5: LuckyShikari ($147.73 in chips) 
Seat 6: thebeckshow ($51.12 in chips) 
thebeckshow: posts small blind $0.50
Magnodive: posts big blind $1
*** HOLE CARDS ***
BGS013 joins the table at seat #2 
habib beye: folds 
z00mba: folds 
LuckyShikari: raises $1.50 to $2.50
thebeckshow: folds 
Magnodive: folds 
Uncalled bet ($1.50) returned to LuckyShikari
LuckyShikari collected $2.50 from pot
LuckyShikari: doesn't show hand 
*** SUMMARY ***
Total pot $2.50 | Rake $0 
Seat 1: Magnodive (big blind) folded before Flop
Seat 3: habib beye folded before Flop (didn't bet)
Seat 4: z00mba folded before Flop (didn't bet)
Seat 5: LuckyShikari (button) collected ($2.50)
Seat 6: thebeckshow (small blind) folded before Flop



PokerStars Hand #254692458828:  Hold'em No Limit ($0.50/$1.00 USD) - 2025/02/03 20:39:21 WET [2025/02/03 15:39:21 ET]
Table 'Schwall' 6-max Seat #6 is the button
Seat 1: Magnodive ($100.50 in chips) 
Seat 2: BGS013 ($100 in chips) 
Seat 3: habib beye ($103.04 in chips) 
Seat 4: z00mba ($100.72 in chips) 
Seat 5: LuckyShikari ($149.23 in chips) 
Seat 6: thebeckshow ($50.62 in chips) 
Magnodive: posts small blind $0.50
BGS013: posts big blind $1
*** HOLE CARDS ***
habib beye: folds 
z00mba: folds 
LuckyShikari: folds 
thebeckshow: folds 
Magnodive: folds 
Uncalled bet ($0.50) returned to BGS013
BGS013 collected $1 from pot
BGS013: doesn't show hand 
*** SUMMARY ***
Total pot $1 | Rake $0 
Seat 1: Magnodive (small blind) folded before Flop
Seat 2: BGS013 (big blind) collected ($1)
Seat 3: habib beye folded before Flop (didn't bet)
Seat 4: z00mba folded before Flop (didn't bet)
Seat 5: LuckyShikari folded before Flop (didn't bet)
Seat 6: thebeckshow (button) folded before Flop (didn't bet)



PokerStars Hand #254692466429:  Hold'em No Limit ($0.50/$1.00 USD) - 2025/02/03 20:39:44 WET [2025/02/03 15:39:44 ET]
Table 'Schwall' 6-max Seat #1 is the button
Seat 1: Magnodive ($100 in chips) 
Seat 2: BGS013 ($100.50 in chips) 
Seat 3: habib beye ($103.04 in chips) 
Seat 4: z00mba ($100.72 in chips) 
Seat 5: LuckyShikari ($149.23 in chips) 
Seat 6: thebeckshow ($50.62 in chips) 
BGS013: posts small blind $0.50
habib beye: posts big blind $1
*** HOLE CARDS ***
z00mba: folds 
LuckyShikari: raises $1.50 to $2.50
thebeckshow: folds 
Magnodive: folds 
BGS013: folds 
habib beye: calls $1.50
*** FLOP *** [9c Qh 5d]
habib beye: checks 
LuckyShikari: bets $1.70
habib beye: folds 
Uncalled bet ($1.70) returned to LuckyShikari
LuckyShikari collected $5.22 from pot
LuckyShikari: doesn't show hand 
*** SUMMARY ***
Total pot $5.50 | Rake $0.28 
Board [9c Qh 5d]
Seat 1: Magnodive (button) folded before Flop (didn't bet)
Seat 2: BGS013 (small blind) folded before Flop
Seat 3: habib beye (big blind) folded on the Flop
Seat 4: z00mba folded before Flop (didn't bet)
Seat 5: LuckyShikari collected ($5.22)
Seat 6: thebeckshow folded before Flop (didn't bet)



PokerStars Hand #254692475541:  Hold'em No Limit ($0.50/$1.00 USD) - 2025/02/03 20:40:12 WET [2025/02/03 15:40:12 ET]
Table 'Schwall' 6-max Seat #2 is the button
Seat 1: Magnodive ($100 in chips) 
Seat 2: BGS013 ($100 in chips) 
Seat 3: habib beye ($100.54 in chips) 
Seat 4: z00mba ($100.72 in chips) 
Seat 5: LuckyShikari ($151.95 in chips) 
Seat 6: thebeckshow ($50.62 in chips) 
habib beye: posts small blind $0.50
z00mba: posts big blind $1
*** HOLE CARDS ***
LuckyShikari: raises $1.50 to $2.50
thebeckshow: folds 
Magnodive: folds 
BGS013: folds 
habib beye: folds 
z00mba: folds 
Uncalled bet ($1.50) returned to LuckyShikari
LuckyShikari collected $2.50 from pot
LuckyShikari: doesn't show hand 
*** SUMMARY ***
Total pot $2.50 | Rake $0 
Seat 1: Magnodive folded before Flop (didn't bet)
Seat 2: BGS013 (button) folded before Flop (didn't bet)
Seat 3: habib beye (small blind) folded before Flop
Seat 4: z00mba (big blind) folded before Flop
Seat 5: LuckyShikari collected ($2.50)
Seat 6: thebeckshow folded before Flop (didn't bet)



PokerStars Hand #254692479802:  Hold'em No Limit ($0.50/$1.00 USD) - 2025/02/03 20:40:25 WET [2025/02/03 15:40:25 ET]
Table 'Schwall' 6-max Seat #3 is the button
Seat 1: Magnodive ($100 in chips) 
Seat 2: BGS013 ($100 in chips) 
Seat 3: habib beye ($100.04 in chips) 
Seat 4: z00mba ($100 in chips) 
Seat 5: LuckyShikari ($153.45 in chips) 
Seat 6: thebeckshow ($50.62 in chips) 
z00mba: posts small blind $0.50
LuckyShikari: posts big blind $1
*** HOLE CARDS ***
thebeckshow: calls $1
Magnodive: folds 
BGS013: raises $3.50 to $4.50
habib beye: folds 
z00mba: raises $11.50 to $16
LuckyShikari: folds 
thebeckshow: folds 
BGS013: folds 
Uncalled bet ($11.50) returned to z00mba
z00mba collected $11 from pot
z00mba: doesn't show hand 
*** SUMMARY ***
Total pot $11 | Rake $0 
Seat 1: Magnodive folded before Flop (didn't bet)
Seat 2: BGS013 folded before Flop
Seat 3: habib beye (button) folded before Flop (didn't bet)
Seat 4: z00mba (small blind) collected ($11)
Seat 5: LuckyShikari (big blind) folded before Flop
Seat 6: thebeckshow folded before Flop



PokerStars Hand #254692489129:  Hold'em No Limit ($0.50/$1.00 USD) - 2025/02/03 20:40:53 WET [2025/02/03 15:40:53 ET]
Table 'Schwall' 6-max Seat #4 is the button
Seat 1: Magnodive ($100 in chips) 
Seat 2: BGS013 ($100 in chips) 
Seat 3: habib beye ($100.04 in chips) 
Seat 4: z00mba ($106.50 in chips) 
Seat 5: LuckyShikari ($152.45 in chips) 
Seat 6: thebeckshow ($49.62 in chips) 
LuckyShikari: posts small blind $0.50
thebeckshow: posts big blind $1
*** HOLE CARDS ***
Magnodive: folds 
BGS013: folds 
habib beye: folds 
z00mba: folds 
LuckyShikari: raises $1.50 to $2.50
thebeckshow: folds 
Uncalled bet ($1.50) returned to LuckyShikari
LuckyShikari collected $2 from pot
LuckyShikari: doesn't show hand 
*** SUMMARY ***
Total pot $2 | Rake $0 
Seat 1: Magnodive folded before Flop (didn't bet)
Seat 2: BGS013 folded before Flop (didn't bet)
Seat 3: habib beye folded before Flop (didn't bet)
Seat 4: z00mba (button) folded before Flop (didn't bet)
Seat 5: LuckyShikari (small blind) collected ($2)
Seat 6: thebeckshow (big blind) folded before Flop



PokerStars Hand #254692493274:  Hold'em No Limit ($0.50/$1.00 USD) - 2025/02/03 20:41:05 WET [2025/02/03 15:41:05 ET]
Table 'Schwall' 6-max Seat #5 is the button
Seat 1: Magnodive ($100 in chips) 
Seat 2: BGS013 ($100 in chips) 
Seat 3: habib beye ($100.04 in chips) 
Seat 4: z00mba ($106.50 in chips) 
Seat 5: LuckyShikari ($153.45 in chips) 
Seat 6: thebeckshow ($48.62 in chips) 
thebeckshow: posts small blind $0.50
Magnodive: posts big blind $1
*** HOLE CARDS ***
BGS013: raises $1 to $2
habib beye: folds 
z00mba: folds 
LuckyShikari: folds 
thebeckshow: folds 
Magnodive: folds 
Uncalled bet ($1) returned to BGS013
BGS013 collected $2.50 from pot
BGS013: doesn't show hand 
*** SUMMARY ***
Total pot $2.50 | Rake $0 
Seat 1: Magnodive (big blind) folded before Flop
Seat 2: BGS013 collected ($2.50)
Seat 3: habib beye folded before Flop (didn't bet)
Seat 4: z00mba folded before Flop (didn't bet)
Seat 5: LuckyShikari (button) folded before Flop (didn't bet)
Seat 6: thebeckshow (small blind) folded before Flop



PokerStars Hand #254692499117:  Hold'em No Limit ($0.50/$1.00 USD) - 2025/02/03 20:41:23 WET [2025/02/03 15:41:23 ET]
Table 'Schwall' 6-max Seat #6 is the button
Seat 1: Magnodive ($100 in chips) 
Seat 2: BGS013 ($101.50 in chips) 
Seat 3: habib beye ($100.04 in chips) 
Seat 4: z00mba ($106.50 in chips) 
Seat 5: LuckyShikari ($153.45 in chips) 
Seat 6: thebeckshow ($48.12 in chips) 
Magnodive: posts small blind $0.50
BGS013: posts big blind $1
*** HOLE CARDS ***
habib beye: folds 
z00mba: folds 
LuckyShikari: folds 
thebeckshow: folds 
Magnodive: raises $2 to $3
BGS013: raises $6.50 to $9.50
Magnodive: folds 
Uncalled bet ($6.50) returned to BGS013
BGS013 collected $6 from pot
BGS013: doesn't show hand 
*** SUMMARY ***
Total pot $6 | Rake $0 
Seat 1: Magnodive (small blind) folded before Flop
Seat 2: BGS013 (big blind) collected ($6)
Seat 3: habib beye folded before Flop (didn't bet)
Seat 4: z00mba folded before Flop (didn't bet)
Seat 5: LuckyShikari folded before Flop (didn't bet)
Seat 6: thebeckshow (button) folded before Flop (didn't bet)



PokerStars Hand #254692507420:  Hold'em No Limit ($0.50/$1.00 USD) - 2025/02/03 20:41:48 WET [2025/02/03 15:41:48 ET]
Table 'Schwall' 6-max Seat #1 is the button
Seat 1: Magnodive ($100 in chips) 
Seat 2: BGS013 ($104.50 in chips) 
Seat 3: habib beye ($100.04 in chips) 
Seat 4: z00mba ($106.50 in chips) 
Seat 5: LuckyShikari ($153.45 in chips) 
Seat 6: thebeckshow ($48.12 in chips) 
BGS013: posts small blind $0.50
habib beye: posts big blind $1
*** HOLE CARDS ***
z00mba: folds 
LuckyShikari: folds 
thebeckshow: folds 
Magnodive: folds 
BGS013: folds 
Uncalled bet ($0.50) returned to habib beye
habib beye collected $1 from pot
*** SUMMARY ***
Total pot $1 | Rake $0 
Seat 1: Magnodive (button) folded before Flop (didn't bet)
Seat 2: BGS013 (small blind) folded before Flop
Seat 3: habib beye (big blind) collected ($1)
Seat 4: z00mba folded before Flop (didn't bet)
Seat 5: LuckyShikari folded before Flop (didn't bet)
Seat 6: thebeckshow folded before Flop (didn't bet)



PokerStars Hand #254692514781:  Hold'em No Limit ($0.50/$1.00 USD) - 2025/02/03 20:42:11 WET [2025/02/03 15:42:11 ET]
Table 'Schwall' 6-max Seat #2 is the button
Seat 4: z00mba ($106.50 in chips) is sitting out
Seat 1: Magnodive ($100 in chips) 
Seat 2: BGS013 ($104 in chips) 
Seat 3: habib beye ($100.54 in chips) 
Seat 5: LuckyShikari ($153.45 in chips) 
Seat 6: thebeckshow ($48.12 in chips) 
habib beye: posts small blind $0.50
z00mba: is sitting out 
LuckyShikari: posts big blind $1
*** HOLE CARDS ***
thebeckshow: folds 
Magnodive: folds 
BGS013: raises $1.50 to $2.50
habib beye: folds 
LuckyShikari: folds 
Uncalled bet ($1.50) returned to BGS013
BGS013 collected $2.50 from pot
BGS013: doesn't show hand 
*** SUMMARY ***
Total pot $2.50 | Rake $0 
Seat 4: z00mba
Seat 1: Magnodive folded before Flop (didn't bet)
Seat 2: BGS013 (button) collected ($2.50)
Seat 3: habib beye (small blind) folded before Flop
Seat 5: LuckyShikari (big blind) folded before Flop
Seat 6: thebeckshow folded before Flop (didn't bet)



PokerStars Hand #254692521471:  Hold'em No Limit ($0.50/$1.00 USD) - 2025/02/03 20:42:31 WET [2025/02/03 15:42:31 ET]
Table 'Schwall' 6-max Seat #3 is the button
Seat 4: z00mba ($106.50 in chips) is sitting out
Seat 1: Magnodive ($100 in chips) 
Seat 2: BGS013 ($105.50 in chips) 
Seat 3: habib beye ($100.04 in chips) 
Seat 5: LuckyShikari ($152.45 in chips) 
Seat 6: thebeckshow ($48.12 in chips) 
LuckyShikari: posts small blind $0.50
thebeckshow: posts big blind $1
*** HOLE CARDS ***
Magnodive: folds 
BGS013: folds 
habib beye: raises $1.50 to $2.50
LuckyShikari: folds 
thebeckshow: folds 
Uncalled bet ($1.50) returned to habib beye
habib beye collected $2.50 from pot
*** SUMMARY ***
Total pot $2.50 | Rake $0 
Seat 4: z00mba
Seat 1: Magnodive folded before Flop (didn't bet)
Seat 2: BGS013 folded before Flop (didn't bet)
Seat 3: habib beye (button) collected ($2.50)
Seat 5: LuckyShikari (small blind) folded before Flop
Seat 6: thebeckshow (big blind) folded before Flop



PokerStars Hand #254692527932:  Hold'em No Limit ($0.50/$1.00 USD) - 2025/02/03 20:42:51 WET [2025/02/03 15:42:51 ET]
Table 'Schwall' 6-max Seat #5 is the button
Seat 4: z00mba ($106.50 in chips) is sitting out
Seat 1: Magnodive ($100 in chips) 
Seat 2: BGS013 ($105.50 in chips) 
Seat 3: habib beye ($101.54 in chips) 
Seat 5: LuckyShikari ($151.95 in chips) 
Seat 6: thebeckshow ($47.12 in chips) 
thebeckshow: posts small blind $0.50
Magnodive: posts big blind $1
*** HOLE CARDS ***
BGS013: folds 
habib beye: raises $1.30 to $2.30
LuckyShikari: folds 
thebeckshow: raises $1.30 to $3.60
Magnodive: folds 
habib beye: calls $1.30
*** FLOP *** [7s 6h 8d]
thebeckshow: bets $43.52 and is all-in
habib beye: folds 
Uncalled bet ($43.52) returned to thebeckshow
thebeckshow collected $7.79 from pot
*** SUMMARY ***
Total pot $8.20 | Rake $0.41 
Board [7s 6h 8d]
Seat 4: z00mba
Seat 1: Magnodive (big blind) folded before Flop
Seat 2: BGS013 folded before Flop (didn't bet)
Seat 3: habib beye folded on the Flop
Seat 5: LuckyShikari (button) folded before Flop (didn't bet)
Seat 6: thebeckshow (small blind) collected ($7.79)



PokerStars Hand #254692537789:  Hold'em No Limit ($0.50/$1.00 USD) - 2025/02/03 20:43:21 WET [2025/02/03 15:43:21 ET]
Table 'Schwall' 6-max Seat #6 is the button
Seat 4: z00mba ($106.50 in chips) is sitting out
Seat 1: Magnodive ($100 in chips) 
Seat 2: BGS013 ($105.50 in chips) 
Seat 3: habib beye ($100 in chips) 
Seat 5: LuckyShikari ($151.95 in chips) 
Seat 6: thebeckshow ($51.31 in chips) 
Magnodive: posts small blind $0.50
BGS013: posts big blind $1
*** HOLE CARDS ***
habib beye: folds 
LuckyShikari: folds 
thebeckshow: folds 
Magnodive: folds 
Uncalled bet ($0.50) returned to BGS013
BGS013 collected $1 from pot
BGS013: doesn't show hand 
*** SUMMARY ***
Total pot $1 | Rake $0 
Seat 4: z00mba
Seat 1: Magnodive (small blind) folded before Flop
Seat 2: BGS013 (big blind) collected ($1)
Seat 3: habib beye folded before Flop (didn't bet)
Seat 5: LuckyShikari folded before Flop (didn't bet)
Seat 6: thebeckshow (button) folded before Flop (didn't bet)



PokerStars Hand #254692544329:  Hold'em No Limit ($0.50/$1.00 USD) - 2025/02/03 20:43:42 WET [2025/02/03 15:43:42 ET]
Table 'Schwall' 6-max Seat #1 is the button
Seat 4: z00mba ($106.50 in chips) is sitting out
Seat 1: Magnodive ($100 in chips) 
Seat 2: BGS013 ($106 in chips) 
Seat 3: habib beye ($100 in chips) 
Seat 5: LuckyShikari ($151.95 in chips) 
Seat 6: thebeckshow ($51.31 in chips) 
BGS013: posts small blind $0.50
habib beye: posts big blind $1
*** HOLE CARDS ***
LuckyShikari: folds 
thebeckshow: folds 
z00mba leaves the table
Magnodive: folds 
BGS013: folds 
Uncalled bet ($0.50) returned to habib beye
habib beye collected $1 from pot
*** SUMMARY ***
Total pot $1 | Rake $0 
Seat 4: z00mba
Seat 1: Magnodive (button) folded before Flop (didn't bet)
Seat 2: BGS013 (small blind) folded before Flop
Seat 3: habib beye (big blind) collected ($1)
Seat 5: LuckyShikari folded before Flop (didn't bet)
Seat 6: thebeckshow folded before Flop (didn't bet)



PokerStars Hand #254692551972:  Hold'em No Limit ($0.50/$1.00 USD) - 2025/02/03 20:44:05 WET [2025/02/03 15:44:05 ET]
Table 'Schwall' 6-max Seat #2 is the button
Seat 1: Magnodive ($100 in chips) 
Seat 2: BGS013 ($105.50 in chips) 
Seat 3: habib beye ($100.50 in chips) 
Seat 5: LuckyShikari ($151.95 in chips) 
Seat 6: thebeckshow ($51.31 in chips) 
habib beye: posts small blind $0.50
LuckyShikari: posts big blind $1
*** HOLE CARDS ***
thebeckshow: folds 
Magnodive: folds 
BGS013: raises $1 to $2
habib beye: folds 
LuckyShikari: calls $1
*** FLOP *** [9d 8s Qh]
LuckyShikari: checks 
BGS013: checks 
*** TURN *** [9d 8s Qh] [7d]
LuckyShikari: checks 
BGS013: checks 
*** RIVER *** [9d 8s Qh 7d] [Ks]
LuckyShikari: checks 
BGS013: bets $3.34
LuckyShikari: calls $3.34
*** SHOW DOWN ***
BGS013: shows [Kh 7c] (two pair, Kings and Sevens)
LuckyShikari: mucks hand 
BGS013 collected $10.62 from pot
MAO_DZEDYN_S joins the table at seat #4 
*** SUMMARY ***
Total pot $11.18 | Rake $0.56 
Board [9d 8s Qh 7d Ks]
Seat 1: Magnodive folded before Flop (didn't bet)
Seat 2: BGS013 (button) showed [Kh 7c] and won ($10.62) with two pair, Kings and Sevens
Seat 3: habib beye (small blind) folded before Flop
Seat 5: LuckyShikari (big blind) mucked
Seat 6: thebeckshow folded before Flop (didn't bet)



PokerStars Hand #254692572215:  Hold'em No Limit ($0.50/$1.00 USD) - 2025/02/03 20:45:07 WET [2025/02/03 15:45:07 ET]
Table 'Schwall' 6-max Seat #3 is the button
Seat 4: MAO_DZEDYN_S ($100 in chips) is sitting out
Seat 1: Magnodive ($100 in chips) 
Seat 2: BGS013 ($110.78 in chips) 
Seat 3: habib beye ($100 in chips) 
Seat 5: LuckyShikari ($146.61 in chips) 
Seat 6: thebeckshow ($51.31 in chips) 
LuckyShikari: posts small blind $0.50
thebeckshow: posts big blind $1
*** HOLE CARDS ***
Magnodive: folds 
BGS013: folds 
habib beye: raises $1.50 to $2.50
LuckyShikari: folds 
thebeckshow: folds 
Uncalled bet ($1.50) returned to habib beye
habib beye collected $2.50 from pot
*** SUMMARY ***
Total pot $2.50 | Rake $0 
Seat 4: MAO_DZEDYN_S
Seat 1: Magnodive folded before Flop (didn't bet)
Seat 2: BGS013 folded before Flop (didn't bet)
Seat 3: habib beye (button) collected ($2.50)
Seat 5: LuckyShikari (small blind) folded before Flop
Seat 6: thebeckshow (big blind) folded before Flop



PokerStars Hand #254692576362:  Hold'em No Limit ($0.50/$1.00 USD) - 2025/02/03 20:45:19 WET [2025/02/03 15:45:19 ET]
Table 'Schwall' 6-max Seat #5 is the button
Seat 4: MAO_DZEDYN_S ($100 in chips) is sitting out
Seat 1: Magnodive ($100 in chips) 
Seat 2: BGS013 ($110.78 in chips) 
Seat 3: habib beye ($101.50 in chips) 
Seat 5: LuckyShikari ($146.11 in chips) 
Seat 6: thebeckshow ($50.31 in chips) 
thebeckshow: posts small blind $0.50
Magnodive: posts big blind $1
MAO_DZEDYN_S: sits out 
*** HOLE CARDS ***
BGS013: folds 
habib beye: folds 
LuckyShikari: folds 
thebeckshow: folds 
Uncalled bet ($0.50) returned to Magnodive
Magnodive collected $1 from pot
Magnodive: doesn't show hand 
*** SUMMARY ***
Total pot $1 | Rake $0 
Seat 4: MAO_DZEDYN_S
Seat 1: Magnodive (big blind) collected ($1)
Seat 2: BGS013 folded before Flop (didn't bet)
Seat 3: habib beye folded before Flop (didn't bet)
Seat 5: LuckyShikari (button) folded before Flop (didn't bet)
Seat 6: thebeckshow (small blind) folded before Flop



PokerStars Hand #254692580517:  Hold'em No Limit ($0.50/$1.00 USD) - 2025/02/03 20:45:32 WET [2025/02/03 15:45:32 ET]
Table 'Schwall' 6-max Seat #6 is the button
Seat 4: MAO_DZEDYN_S ($100 in chips) is sitting out
Seat 1: Magnodive ($100.50 in chips) 
Seat 2: BGS013 ($110.78 in chips) 
Seat 3: habib beye ($101.50 in chips) 
Seat 5: LuckyShikari ($146.11 in chips) 
Seat 6: thebeckshow ($49.81 in chips) 
Magnodive: posts small blind $0.50
BGS013: posts big blind $1
MAO_DZEDYN_S: sits out 
*** HOLE CARDS ***
habib beye: raises $1.25 to $2.25
LuckyShikari: folds 
thebeckshow: folds 
Magnodive: folds 
BGS013: calls $1.25
*** FLOP *** [Jd Ts Tc]
BGS013: checks 
habib beye: bets $1.35
BGS013: folds 
Uncalled bet ($1.35) returned to habib beye
habib beye collected $4.75 from pot
*** SUMMARY ***
Total pot $5 | Rake $0.25 
Board [Jd Ts Tc]
Seat 4: MAO_DZEDYN_S
Seat 1: Magnodive (small blind) folded before Flop
Seat 2: BGS013 (big blind) folded on the Flop
Seat 3: habib beye collected ($4.75)
Seat 5: LuckyShikari folded before Flop (didn't bet)
Seat 6: thebeckshow (button) folded before Flop (didn't bet)



PokerStars Hand #254692590811:  Hold'em No Limit ($0.50/$1.00 USD) - 2025/02/03 20:46:04 WET [2025/02/03 15:46:04 ET]
Table 'Schwall' 6-max Seat #1 is the button
Seat 4: MAO_DZEDYN_S ($100 in chips) is sitting out
Seat 1: Magnodive ($100 in chips) 
Seat 2: BGS013 ($108.53 in chips) 
Seat 3: habib beye ($104 in chips) 
Seat 5: LuckyShikari ($146.11 in chips) 
Seat 6: thebeckshow ($49.81 in chips) 
BGS013: posts small blind $0.50
habib beye: posts big blind $1
MAO_DZEDYN_S: sits out 
*** HOLE CARDS ***
LuckyShikari: raises $1.50 to $2.50
thebeckshow: folds 
Magnodive: folds 
BGS013: folds 
habib beye: folds 
Uncalled bet ($1.50) returned to LuckyShikari
LuckyShikari collected $2.50 from pot
LuckyShikari: doesn't show hand 
*** SUMMARY ***
Total pot $2.50 | Rake $0 
Seat 4: MAO_DZEDYN_S
Seat 1: Magnodive (button) folded before Flop (didn't bet)
Seat 2: BGS013 (small blind) folded before Flop
Seat 3: habib beye (big blind) folded before Flop
Seat 5: LuckyShikari collected ($2.50)
Seat 6: thebeckshow folded before Flop (didn't bet)



PokerStars Hand #254692598028:  Hold'em No Limit ($0.50/$1.00 USD) - 2025/02/03 20:46:26 WET [2025/02/03 15:46:26 ET]
Table 'Schwall' 6-max Seat #2 is the button
Seat 1: Magnodive ($100 in chips) 
Seat 2: BGS013 ($108.03 in chips) 
Seat 3: habib beye ($103 in chips) 
Seat 4: MAO_DZEDYN_S ($100 in chips) 
Seat 5: LuckyShikari ($147.61 in chips) 
Seat 6: thebeckshow ($49.81 in chips) 
habib beye: posts small blind $0.50
MAO_DZEDYN_S: posts big blind $1
*** HOLE CARDS ***
LuckyShikari: folds 
thebeckshow: folds 
Magnodive: folds 
BGS013: folds 
habib beye: raises $2 to $3
MAO_DZEDYN_S: folds 
Uncalled bet ($2) returned to habib beye
habib beye collected $2 from pot
*** SUMMARY ***
Total pot $2 | Rake $0 
Seat 1: Magnodive folded before Flop (didn't bet)
Seat 2: BGS013 (button) folded before Flop (didn't bet)
Seat 3: habib beye (small blind) collected ($2)
Seat 4: MAO_DZEDYN_S (big blind) folded before Flop
Seat 5: LuckyShikari folded before Flop (didn't bet)
Seat 6: thebeckshow folded before Flop (didn't bet)



PokerStars Hand #254692604765:  Hold'em No Limit ($0.50/$1.00 USD) - 2025/02/03 20:46:47 WET [2025/02/03 15:46:47 ET]
Table 'Schwall' 6-max Seat #3 is the button
Seat 1: Magnodive ($100 in chips) 
Seat 2: BGS013 ($108.03 in chips) 
Seat 3: habib beye ($104 in chips) 
Seat 4: MAO_DZEDYN_S ($100 in chips) 
Seat 5: LuckyShikari ($147.61 in chips) 
Seat 6: thebeckshow ($49.81 in chips) 
MAO_DZEDYN_S: posts small blind $0.50
LuckyShikari: posts big blind $1
*** HOLE CARDS ***
thebeckshow: folds 
Magnodive: folds 
BGS013: folds 
habib beye: folds 
MAO_DZEDYN_S: folds 
Uncalled bet ($0.50) returned to LuckyShikari
LuckyShikari collected $1 from pot
LuckyShikari: doesn't show hand 
*** SUMMARY ***
Total pot $1 | Rake $0 
Seat 1: Magnodive folded before Flop (didn't bet)
Seat 2: BGS013 folded before Flop (didn't bet)
Seat 3: habib beye (button) folded before Flop (didn't bet)
Seat 4: MAO_DZEDYN_S (small blind) folded before Flop
Seat 5: LuckyShikari (big blind) collected ($1)
Seat 6: thebeckshow folded before Flop (didn't bet)



PokerStars Hand #254692612093:  Hold'em No Limit ($0.50/$1.00 USD) - 2025/02/03 20:47:09 WET [2025/02/03 15:47:09 ET]
Table 'Schwall' 6-max Seat #4 is the button
Seat 1: Magnodive ($100 in chips) 
Seat 2: BGS013 ($108.03 in chips) 
Seat 3: habib beye ($104 in chips) 
Seat 4: MAO_DZEDYN_S ($100 in chips) 
Seat 5: LuckyShikari ($148.11 in chips) 
Seat 6: thebeckshow ($49.81 in chips) 
LuckyShikari: posts small blind $0.50
thebeckshow: posts big blind $1
*** HOLE CARDS ***
Magnodive: folds 
BGS013: raises $1 to $2
habib beye: folds 
MAO_DZEDYN_S: folds 
LuckyShikari: folds 
thebeckshow: folds 
Uncalled bet ($1) returned to BGS013
BGS013 collected $2.50 from pot
BGS013: doesn't show hand 
*** SUMMARY ***
Total pot $2.50 | Rake $0 
Seat 1: Magnodive folded before Flop (didn't bet)
Seat 2: BGS013 collected ($2.50)
Seat 3: habib beye folded before Flop (didn't bet)
Seat 4: MAO_DZEDYN_S (button) folded before Flop (didn't bet)
Seat 5: LuckyShikari (small blind) folded before Flop
Seat 6: thebeckshow (big blind) folded before Flop



PokerStars Hand #254692620597:  Hold'em No Limit ($0.50/$1.00 USD) - 2025/02/03 20:47:35 WET [2025/02/03 15:47:35 ET]
Table 'Schwall' 6-max Seat #5 is the button
Seat 1: Magnodive ($100 in chips) is sitting out
Seat 2: BGS013 ($109.53 in chips) is sitting out
Seat 3: habib beye ($104 in chips) 
Seat 4: MAO_DZEDYN_S ($100 in chips) 
Seat 5: LuckyShikari ($147.61 in chips) 
Seat 6: thebeckshow ($48.81 in chips) 
thebeckshow: posts small blind $0.50
Magnodive: is sitting out 
BGS013: is sitting out 
habib beye: posts big blind $1
*** HOLE CARDS ***
BGS013 leaves the table
MAO_DZEDYN_S: folds 
Magnodive leaves the table
LuckyShikari: raises $1.50 to $2.50
thebeckshow: raises $1.50 to $4
habib beye: folds 
LuckyShikari: calls $1.50
*** FLOP *** [Kc 4s 9s]
JUANS2 joins the table at seat #1 
thebeckshow: bets $3
LuckyShikari: folds 
Uncalled bet ($3) returned to thebeckshow
thebeckshow collected $8.55 from pot
*** SUMMARY ***
Total pot $9 | Rake $0.45 
Board [Kc 4s 9s]
Seat 1: Magnodive
Seat 2: BGS013
Seat 3: habib beye (big blind) folded before Flop
Seat 4: MAO_DZEDYN_S folded before Flop (didn't bet)
Seat 5: LuckyShikari (button) folded on the Flop
Seat 6: thebeckshow (small blind) collected ($8.55)



PokerStars Hand #254692631647:  Hold'em No Limit ($0.50/$1.00 USD) - 2025/02/03 20:48:09 WET [2025/02/03 15:48:09 ET]
Table 'Schwall' 6-max Seat #6 is the button
Seat 1: JUANS2 ($100 in chips) is sitting out
Seat 3: habib beye ($103 in chips) 
Seat 4: MAO_DZEDYN_S ($100 in chips) 
Seat 5: LuckyShikari ($143.61 in chips) 
Seat 6: thebeckshow ($53.36 in chips) 
habib beye: posts small blind $0.50
MAO_DZEDYN_S: posts big blind $1
*** HOLE CARDS ***
LuckyShikari: folds 
thebeckshow: folds 
habib beye: raises $2 to $3
blistein joins the table at seat #2 
MAO_DZEDYN_S: calls $2
*** FLOP *** [Th 7c 9h]
habib beye: checks 
MAO_DZEDYN_S: bets $4.28
habib beye: calls $4.28
*** TURN *** [Th 7c 9h] [Tc]
habib beye: checks 
MAO_DZEDYN_S: bets $10.37
habib beye: folds 
Uncalled bet ($10.37) returned to MAO_DZEDYN_S
MAO_DZEDYN_S collected $13.83 from pot
MAO_DZEDYN_S: doesn't show hand 
*** SUMMARY ***
Total pot $14.56 | Rake $0.73 
Board [Th 7c 9h Tc]
Seat 1: JUANS2
Seat 3: habib beye (small blind) folded on the Turn
Seat 4: MAO_DZEDYN_S (big blind) collected ($13.83)
Seat 5: LuckyShikari folded before Flop (didn't bet)
Seat 6: thebeckshow (button) folded before Flop (didn't bet)



PokerStars Hand #254692657940:  Hold'em No Limit ($0.50/$1.00 USD) - 2025/02/03 20:49:31 WET [2025/02/03 15:49:31 ET]
Table 'Schwall' 6-max Seat #3 is the button
Seat 1: JUANS2 ($100 in chips) is sitting out
Seat 2: blistein ($100 in chips) is sitting out
Seat 3: habib beye ($100 in chips) 
Seat 4: MAO_DZEDYN_S ($106.55 in chips) 
Seat 5: LuckyShikari ($143.61 in chips) 
Seat 6: thebeckshow ($53.36 in chips) 
MAO_DZEDYN_S: posts small blind $0.50
LuckyShikari: posts big blind $1
JUANS2: sits out 
blistein: sits out 
*** HOLE CARDS ***
thebeckshow: folds 
habib beye: raises $1.50 to $2.50
MAO_DZEDYN_S: folds 
LuckyShikari: folds 
Uncalled bet ($1.50) returned to habib beye
habib beye collected $2.50 from pot
*** SUMMARY ***
Total pot $2.50 | Rake $0 
Seat 1: JUANS2
Seat 2: blistein
Seat 3: habib beye (button) collected ($2.50)
Seat 4: MAO_DZEDYN_S (small blind) folded before Flop
Seat 5: LuckyShikari (big blind) folded before Flop
Seat 6: thebeckshow folded before Flop (didn't bet)



PokerStars Hand #254692663361:  Hold'em No Limit ($0.50/$1.00 USD) - 2025/02/03 20:49:48 WET [2025/02/03 15:49:48 ET]
Table 'Schwall' 6-max Seat #4 is the button
Seat 1: JUANS2 ($100 in chips) is sitting out
Seat 2: blistein ($100 in chips) is sitting out
Seat 3: habib beye ($101.50 in chips) 
Seat 4: MAO_DZEDYN_S ($106.05 in chips) 
Seat 5: LuckyShikari ($142.61 in chips) 
Seat 6: thebeckshow ($53.36 in chips) 
LuckyShikari: posts small blind $0.50
thebeckshow: posts big blind $1
JUANS2: sits out 
blistein: sits out 
*** HOLE CARDS ***
habib beye: folds 
MAO_DZEDYN_S: raises $1.50 to $2.50
habib beye leaves the table
LuckyShikari: raises $9.50 to $12
thebeckshow: folds 
IREQO joins the table at seat #3 
MAO_DZEDYN_S: calls $9.50
*** FLOP *** [7h 9s Ad]
LuckyShikari: checks 
MAO_DZEDYN_S: checks 
*** TURN *** [7h 9s Ad] [Th]
LuckyShikari: bets $7
MAO_DZEDYN_S: folds 
Uncalled bet ($7) returned to LuckyShikari
LuckyShikari collected $24 from pot
LuckyShikari: doesn't show hand 
*** SUMMARY ***
Total pot $25 | Rake $1 
Board [7h 9s Ad Th]
Seat 1: JUANS2
Seat 2: blistein
Seat 3: habib beye folded before Flop (didn't bet)
Seat 4: MAO_DZEDYN_S (button) folded on the Turn
Seat 5: LuckyShikari (small blind) collected ($24)
Seat 6: thebeckshow (big blind) folded before Flop



PokerStars Hand #254692681382:  Hold'em No Limit ($0.50/$1.00 USD) - 2025/02/03 20:50:43 WET [2025/02/03 15:50:43 ET]
Table 'Schwall' 6-max Seat #5 is the button
Seat 2: blistein ($100 in chips) is sitting out
Seat 3: IREQO ($69.75 in chips) is sitting out
Seat 1: JUANS2 ($100 in chips) 
Seat 4: MAO_DZEDYN_S ($100 in chips) 
Seat 5: LuckyShikari ($154.61 in chips) 
Seat 6: thebeckshow ($52.36 in chips) 
thebeckshow: posts small blind $0.50
JUANS2: posts big blind $1
blistein: sits out 
IREQO: sits out 
*** HOLE CARDS ***
MAO_DZEDYN_S: folds 
LuckyShikari: raises $2 to $3
thebeckshow: folds 
JUANS2: folds 
Uncalled bet ($2) returned to LuckyShikari
LuckyShikari collected $2.50 from pot
LuckyShikari: doesn't show hand 
*** SUMMARY ***
Total pot $2.50 | Rake $0 
Seat 2: blistein
Seat 3: IREQO
Seat 1: JUANS2 (big blind) folded before Flop
Seat 4: MAO_DZEDYN_S folded before Flop (didn't bet)
Seat 5: LuckyShikari (button) collected ($2.50)
Seat 6: thebeckshow (small blind) folded before Flop



PokerStars Hand #254692685211:  Hold'em No Limit ($0.50/$1.00 USD) - 2025/02/03 20:50:55 WET [2025/02/03 15:50:55 ET]
Table 'Schwall' 6-max Seat #6 is the button
Seat 3: IREQO ($69.75 in chips) is sitting out
Seat 1: JUANS2 ($100 in chips) 
Seat 2: blistein ($100 in chips) 
Seat 4: MAO_DZEDYN_S ($100 in chips) 
Seat 5: LuckyShikari ($156.11 in chips) 
Seat 6: thebeckshow ($51.86 in chips) 
JUANS2: posts small blind $0.50
blistein: posts big blind $1
IREQO: sits out 
*** HOLE CARDS ***
MAO_DZEDYN_S: folds 
LuckyShikari: folds 
thebeckshow: calls $1
JUANS2: folds 
blistein: checks 
*** FLOP *** [Jh 9c 5c]
blistein: checks 
thebeckshow: checks 
*** TURN *** [Jh 9c 5c] [3h]
blistein: bets $1
thebeckshow: calls $1
*** RIVER *** [Jh 9c 5c 3h] [Qs]
blistein: checks 
thebeckshow: checks 
*** SHOW DOWN ***
blistein: shows [2c 9d] (a pair of Nines)
thebeckshow: shows [Kc Qh] (a pair of Queens)
thebeckshow collected $4.28 from pot
*** SUMMARY ***
Total pot $4.50 | Rake $0.22 
Board [Jh 9c 5c 3h Qs]
Seat 3: IREQO
Seat 1: JUANS2 (small blind) folded before Flop
Seat 2: blistein (big blind) showed [2c 9d] and lost with a pair of Nines
Seat 4: MAO_DZEDYN_S folded before Flop (didn't bet)
Seat 5: LuckyShikari folded before Flop (didn't bet)
Seat 6: thebeckshow (button) showed [Kc Qh] and won ($4.28) with a pair of Queens



PokerStars Hand #254692694978:  Hold'em No Limit ($0.50/$1.00 USD) - 2025/02/03 20:51:25 WET [2025/02/03 15:51:25 ET]
Table 'Schwall' 6-max Seat #1 is the button
Seat 1: JUANS2 ($100 in chips) 
Seat 2: blistein ($100 in chips) 
Seat 3: IREQO ($69.75 in chips) 
Seat 4: MAO_DZEDYN_S ($100 in chips) 
Seat 5: LuckyShikari ($156.11 in chips) 
Seat 6: thebeckshow ($54.14 in chips) 
blistein: posts small blind $0.50
IREQO: posts big blind $1
*** HOLE CARDS ***
MAO_DZEDYN_S: raises $1.25 to $2.25
LuckyShikari: folds 
thebeckshow: folds 
JUANS2: folds 
blistein: folds 
IREQO: folds 
Uncalled bet ($1.25) returned to MAO_DZEDYN_S
MAO_DZEDYN_S collected $2.50 from pot
MAO_DZEDYN_S: doesn't show hand 
*** SUMMARY ***
Total pot $2.50 | Rake $0 
Seat 1: JUANS2 (button) folded before Flop (didn't bet)
Seat 2: blistein (small blind) folded before Flop
Seat 3: IREQO (big blind) folded before Flop
Seat 4: MAO_DZEDYN_S collected ($2.50)
Seat 5: LuckyShikari folded before Flop (didn't bet)
Seat 6: thebeckshow folded before Flop (didn't bet)



PokerStars Hand #254692699806:  Hold'em No Limit ($0.50/$1.00 USD) - 2025/02/03 20:51:40 WET [2025/02/03 15:51:40 ET]
Table 'Schwall' 6-max Seat #2 is the button
Seat 4: MAO_DZEDYN_S ($101.50 in chips) is sitting out
Seat 1: JUANS2 ($100 in chips) 
Seat 2: blistein ($100 in chips) 
Seat 3: IREQO ($68.75 in chips) 
Seat 5: LuckyShikari ($156.11 in chips) 
Seat 6: thebeckshow ($54.14 in chips) 
IREQO: posts small blind $0.50
MAO_DZEDYN_S: is sitting out 
LuckyShikari: posts big blind $1
*** HOLE CARDS ***
thebeckshow: folds 
MAO_DZEDYN_S leaves the table
JUANS2: raises $1.50 to $2.50
blistein: folds 
IREQO: folds 
LuckyShikari: folds 
Uncalled bet ($1.50) returned to JUANS2
michasia joins the table at seat #4 
JUANS2 collected $2.50 from pot
JUANS2: doesn't show hand 
*** SUMMARY ***
Total pot $2.50 | Rake $0 
Seat 4: MAO_DZEDYN_S
Seat 1: JUANS2 collected ($2.50)
Seat 2: blistein (button) folded before Flop (didn't bet)
Seat 3: IREQO (small blind) folded before Flop
Seat 5: LuckyShikari (big blind) folded before Flop
Seat 6: thebeckshow folded before Flop (didn't bet)



PokerStars Hand #254692703852:  Hold'em No Limit ($0.50/$1.00 USD) - 2025/02/03 20:51:53 WET [2025/02/03 15:51:53 ET]
Table 'Schwall' 6-max Seat #3 is the button
Seat 4: michasia ($100 in chips) is sitting out
Seat 1: JUANS2 ($101.50 in chips) 
Seat 2: blistein ($100 in chips) 
Seat 3: IREQO ($68.25 in chips) 
Seat 5: LuckyShikari ($155.11 in chips) 
Seat 6: thebeckshow ($54.14 in chips) 
LuckyShikari: posts small blind $0.50
thebeckshow: posts big blind $1
*** HOLE CARDS ***
JUANS2: raises $1.50 to $2.50
blistein: folds 
IREQO: folds 
LuckyShikari: calls $2
thebeckshow: folds 
*** FLOP *** [7s 2s 2c]
LuckyShikari: checks 
JUANS2: bets $2.85
LuckyShikari: raises $9.15 to $12
JUANS2: calls $9.15
*** TURN *** [7s 2s 2c] [8h]
LuckyShikari: bets $25
JUANS2: raises $62 to $87 and is all-in
LuckyShikari: folds 
Uncalled bet ($62) returned to JUANS2
JUANS2 collected $77.50 from pot
JUANS2: doesn't show hand 
*** SUMMARY ***
Total pot $80 | Rake $2.50 
Board [7s 2s 2c 8h]
Seat 4: michasia
Seat 1: JUANS2 collected ($77.50)
Seat 2: blistein folded before Flop (didn't bet)
Seat 3: IREQO (button) folded before Flop (didn't bet)
Seat 5: LuckyShikari (small blind) folded on the Turn
Seat 6: thebeckshow (big blind) folded before Flop



PokerStars Hand #254692732020:  Hold'em No Limit ($0.50/$1.00 USD) - 2025/02/03 20:53:20 WET [2025/02/03 15:53:20 ET]
Table 'Schwall' 6-max Seat #5 is the button
Seat 4: michasia ($100 in chips) is sitting out
Seat 1: JUANS2 ($139.50 in chips) 
Seat 2: blistein ($100 in chips) 
Seat 3: IREQO ($68.25 in chips) 
Seat 5: LuckyShikari ($115.61 in chips) 
Seat 6: thebeckshow ($53.14 in chips) 
thebeckshow: posts small blind $0.50
JUANS2: posts big blind $1
michasia: sits out 
*** HOLE CARDS ***
blistein: folds 
IREQO: folds 
LuckyShikari: raises $1.50 to $2.50
thebeckshow: folds 
JUANS2: calls $1.50
*** FLOP *** [Th 8h As]
JUANS2: checks 
LuckyShikari: bets $1.30
JUANS2: folds 
Uncalled bet ($1.30) returned to LuckyShikari
LuckyShikari collected $5.22 from pot
LuckyShikari: doesn't show hand 
*** SUMMARY ***
Total pot $5.50 | Rake $0.28 
Board [Th 8h As]
Seat 4: michasia
Seat 1: JUANS2 (big blind) folded on the Flop
Seat 2: blistein folded before Flop (didn't bet)
Seat 3: IREQO folded before Flop (didn't bet)
Seat 5: LuckyShikari (button) collected ($5.22)
Seat 6: thebeckshow (small blind) folded before Flop



PokerStars Hand #254692741800:  Hold'em No Limit ($0.50/$1.00 USD) - 2025/02/03 20:53:50 WET [2025/02/03 15:53:50 ET]
Table 'Schwall' 6-max Seat #6 is the button
Seat 4: michasia ($100 in chips) is sitting out
Seat 1: JUANS2 ($137 in chips) 
Seat 2: blistein ($100 in chips) 
Seat 3: IREQO ($68.25 in chips) 
Seat 5: LuckyShikari ($118.33 in chips) 
Seat 6: thebeckshow ($52.64 in chips) 
JUANS2: posts small blind $0.50
blistein: posts big blind $1
michasia: sits out 
*** HOLE CARDS ***
IREQO: folds 
LuckyShikari: raises $1.50 to $2.50
thebeckshow: folds 
thebeckshow leaves the table
JUANS2: folds 
blistein: folds 
Uncalled bet ($1.50) returned to LuckyShikari
LuckyShikari collected $2.50 from pot
LuckyShikari: doesn't show hand 
*** SUMMARY ***
Total pot $2.50 | Rake $0 
Seat 4: michasia
Seat 1: JUANS2 (small blind) folded before Flop
Seat 2: blistein (big blind) folded before Flop
Seat 3: IREQO folded before Flop (didn't bet)
Seat 5: LuckyShikari collected ($2.50)
Seat 6: thebeckshow (button) folded before Flop (didn't bet)



PokerStars Hand #254692748840:  Hold'em No Limit ($0.50/$1.00 USD) - 2025/02/03 20:54:12 WET [2025/02/03 15:54:12 ET]
Table 'Schwall' 6-max Seat #1 is the button
Seat 4: michasia ($100 in chips) is sitting out
Seat 1: JUANS2 ($136.50 in chips) 
Seat 2: blistein ($100 in chips) 
Seat 3: IREQO ($68.25 in chips) 
Seat 5: LuckyShikari ($119.83 in chips) 
blistein: posts small blind $0.50
IREQO: posts big blind $1
michasia: sits out 
*** HOLE CARDS ***
LuckyShikari: folds 
JUANS2: folds 
blistein: folds 
Uncalled bet ($0.50) returned to IREQO
IREQO collected $1 from pot
IREQO: doesn't show hand 
*** SUMMARY ***
Total pot $1 | Rake $0 
Seat 4: michasia
Seat 1: JUANS2 (button) folded before Flop (didn't bet)
Seat 2: blistein (small blind) folded before Flop
Seat 3: IREQO (big blind) collected ($1)
Seat 5: LuckyShikari folded before Flop (didn't bet)



PokerStars Hand #254692752286:  Hold'em No Limit ($0.50/$1.00 USD) - 2025/02/03 20:54:23 WET [2025/02/03 15:54:23 ET]
Table 'Schwall' 6-max Seat #2 is the button
Seat 1: JUANS2 ($136.50 in chips) 
Seat 2: blistein ($100 in chips) 
Seat 3: IREQO ($68.75 in chips) 
Seat 4: michasia ($100 in chips) 
Seat 5: LuckyShikari ($119.83 in chips) 
IREQO: posts small blind $0.50
michasia: posts big blind $1
*** HOLE CARDS ***
LuckyShikari: folds 
LuckyShikari leaves the table
JUANS2: folds 
blistein: folds 
IREQO: raises $1.50 to $2.50
michasia: calls $1.50
*** FLOP *** [Ks Tc Jd]
IREQO: bets $1.57
michasia: folds 
Uncalled bet ($1.57) returned to IREQO
IREQO collected $4.75 from pot
IREQO: doesn't show hand 
*** SUMMARY ***
Total pot $5 | Rake $0.25 
Board [Ks Tc Jd]
Seat 1: JUANS2 folded before Flop (didn't bet)
Seat 2: blistein (button) folded before Flop (didn't bet)
Seat 3: IREQO (small blind) collected ($4.75)
Seat 4: michasia (big blind) folded on the Flop
Seat 5: LuckyShikari folded before Flop (didn't bet)



