PokerStars Hand #254687029173:  Hold'em No Limit ($0.50/$1.00 USD) - 2025/02/03 14:39:54 WET [2025/02/03 9:39:54 ET]
Table 'Sycorax II' 6-max Seat #2 is the button
Seat 2: M1k_DP ($105.30 in chips) 
Seat 3: hag111 ($100 in chips) 
Seat 4: magzi777 ($100 in chips) 
hag111: posts small blind $0.50
magzi777: posts big blind $1
*** HOLE CARDS ***
Steve18212627 joins the table at seat #5 
AndreaBsAs joins the table at seat #1 
Steve18212627 is disconnected 
ReVeu710 joins the table at seat #6 
M1k_DP: folds 
hag111: raises $1 to $2
magzi777: calls $1
*** FLOP *** [4s 3s Jd]
hag111: bets $2
magzi777: folds 
Uncalled bet ($2) returned to hag111
hag111 collected $3.80 from pot
hag111: doesn't show hand 
*** SUMMARY ***
Total pot $4 | Rake $0.20 
Board [4s 3s Jd]
Seat 2: M1k_DP (button) folded before Flop (didn't bet)
Seat 3: hag111 (small blind) collected ($3.80)
Seat 4: magzi777 (big blind) folded on the Flop



PokerStars Hand #254687035869:  Hold'em No Limit ($0.50/$1.00 USD) - 2025/02/03 14:40:30 WET [2025/02/03 9:40:30 ET]
Table 'Sycorax II' 6-max Seat #3 is the button
Seat 1: AndreaBsAs ($100 in chips) is sitting out
Seat 6: ReVeu710 ($100 in chips) is sitting out
Seat 2: M1k_DP ($105.30 in chips) 
Seat 3: hag111 ($101.80 in chips) 
Seat 4: magzi777 ($100 in chips) 
Seat 5: Steve18212627 ($100 in chips) 
magzi777: posts small blind $0.50
Steve18212627: posts big blind $1
ReVeu710: sits out 
AndreaBsAs: sits out 
*** HOLE CARDS ***
M1k_DP: folds 
hag111: raises $2 to $3
magzi777: folds 
Steve18212627: calls $2
*** FLOP *** [8d Jh 2s]
Steve18212627: checks 
hag111: bets $4
Steve18212627: folds 
Uncalled bet ($4) returned to hag111
hag111 collected $6.18 from pot
hag111: doesn't show hand 
*** SUMMARY ***
Total pot $6.50 | Rake $0.32 
Board [8d Jh 2s]
Seat 1: AndreaBsAs
Seat 6: ReVeu710
Seat 2: M1k_DP folded before Flop (didn't bet)
Seat 3: hag111 (button) collected ($6.18)
Seat 4: magzi777 (small blind) folded before Flop
Seat 5: Steve18212627 (big blind) folded on the Flop



PokerStars Hand #254687043441:  Hold'em No Limit ($0.50/$1.00 USD) - 2025/02/03 14:41:11 WET [2025/02/03 9:41:11 ET]
Table 'Sycorax II' 6-max Seat #4 is the button
Seat 1: AndreaBsAs ($100 in chips) is sitting out
Seat 2: M1k_DP ($105.30 in chips) 
Seat 3: hag111 ($104.98 in chips) 
Seat 4: magzi777 ($100 in chips) 
Seat 5: Steve18212627 ($100 in chips) 
Seat 6: ReVeu710 ($100 in chips) 
Steve18212627: posts small blind $0.50
ReVeu710: posts big blind $1
AndreaBsAs: sits out 
*** HOLE CARDS ***
M1k_DP: folds 
hag111: raises $2 to $3
magzi777: folds 
Steve18212627: folds 
ReVeu710: folds 
Uncalled bet ($2) returned to hag111
hag111 collected $2.50 from pot
hag111: doesn't show hand 
*** SUMMARY ***
Total pot $2.50 | Rake $0 
Seat 1: AndreaBsAs
Seat 2: M1k_DP folded before Flop (didn't bet)
Seat 3: hag111 collected ($2.50)
Seat 4: magzi777 (button) folded before Flop (didn't bet)
Seat 5: Steve18212627 (small blind) folded before Flop
Seat 6: ReVeu710 (big blind) folded before Flop



PokerStars Hand #254687046151:  Hold'em No Limit ($0.50/$1.00 USD) - 2025/02/03 14:41:28 WET [2025/02/03 9:41:28 ET]
Table 'Sycorax II' 6-max Seat #5 is the button
Seat 1: AndreaBsAs ($100 in chips) 
Seat 2: M1k_DP ($105.30 in chips) 
Seat 3: hag111 ($106.48 in chips) 
Seat 4: magzi777 ($100 in chips) 
Seat 5: Steve18212627 ($100 in chips) 
Seat 6: ReVeu710 ($100 in chips) 
ReVeu710: posts small blind $0.50
AndreaBsAs: posts big blind $1
*** HOLE CARDS ***
M1k_DP: folds 
hag111: folds 
magzi777: folds 
Steve18212627: folds 
ReVeu710: folds 
Uncalled bet ($0.50) returned to AndreaBsAs
AndreaBsAs collected $1 from pot
*** SUMMARY ***
Total pot $1 | Rake $0 
Seat 1: AndreaBsAs (big blind) collected ($1)
Seat 2: M1k_DP folded before Flop (didn't bet)
Seat 3: hag111 folded before Flop (didn't bet)
Seat 4: magzi777 folded before Flop (didn't bet)
Seat 5: Steve18212627 (button) folded before Flop (didn't bet)
Seat 6: ReVeu710 (small blind) folded before Flop



PokerStars Hand #254687049577:  Hold'em No Limit ($0.50/$1.00 USD) - 2025/02/03 14:41:59 WET [2025/02/03 9:41:59 ET]
Table 'Sycorax II' 6-max Seat #6 is the button
Seat 1: AndreaBsAs ($100.50 in chips) 
Seat 2: M1k_DP ($105.30 in chips) 
Seat 3: hag111 ($106.48 in chips) 
Seat 4: magzi777 ($100 in chips) 
Seat 5: Steve18212627 ($100 in chips) 
Seat 6: ReVeu710 ($100 in chips) 
AndreaBsAs: posts small blind $0.50
M1k_DP: posts big blind $1
*** HOLE CARDS ***
hag111: raises $2 to $3
magzi777: folds 
Steve18212627: folds 
ReVeu710: folds 
AndreaBsAs: folds 
M1k_DP: folds 
Uncalled bet ($2) returned to hag111
hag111 collected $2.50 from pot
hag111: doesn't show hand 
*** SUMMARY ***
Total pot $2.50 | Rake $0 
Seat 1: AndreaBsAs (small blind) folded before Flop
Seat 2: M1k_DP (big blind) folded before Flop
Seat 3: hag111 collected ($2.50)
Seat 4: magzi777 folded before Flop (didn't bet)
Seat 5: Steve18212627 folded before Flop (didn't bet)
Seat 6: ReVeu710 (button) folded before Flop (didn't bet)



PokerStars Hand #254687058056:  Hold'em No Limit ($0.50/$1.00 USD) - 2025/02/03 14:42:45 WET [2025/02/03 9:42:45 ET]
Table 'Sycorax II' 6-max Seat #1 is the button
Seat 1: AndreaBsAs ($100 in chips) 
Seat 2: M1k_DP ($104.30 in chips) 
Seat 3: hag111 ($107.98 in chips) 
Seat 4: magzi777 ($100 in chips) 
Seat 5: Steve18212627 ($100 in chips) 
Seat 6: ReVeu710 ($100 in chips) 
M1k_DP: posts small blind $0.50
hag111: posts big blind $1
*** HOLE CARDS ***
magzi777: folds 
Steve18212627: folds 
ReVeu710: folds 
AndreaBsAs: raises $1.50 to $2.50
M1k_DP: folds 
hag111: folds 
Uncalled bet ($1.50) returned to AndreaBsAs
AndreaBsAs collected $2.50 from pot
*** SUMMARY ***
Total pot $2.50 | Rake $0 
Seat 1: AndreaBsAs (button) collected ($2.50)
Seat 2: M1k_DP (small blind) folded before Flop
Seat 3: hag111 (big blind) folded before Flop
Seat 4: magzi777 folded before Flop (didn't bet)
Seat 5: Steve18212627 folded before Flop (didn't bet)
Seat 6: ReVeu710 folded before Flop (didn't bet)



PokerStars Hand #254687060696:  Hold'em No Limit ($0.50/$1.00 USD) - 2025/02/03 14:42:59 WET [2025/02/03 9:42:59 ET]
Table 'Sycorax II' 6-max Seat #2 is the button
Seat 1: AndreaBsAs ($101.50 in chips) 
Seat 2: M1k_DP ($103.80 in chips) 
Seat 3: hag111 ($106.98 in chips) 
Seat 4: magzi777 ($100 in chips) 
Seat 5: Steve18212627 ($100 in chips) 
Seat 6: ReVeu710 ($100 in chips) 
hag111: posts small blind $0.50
magzi777: posts big blind $1
*** HOLE CARDS ***
Steve18212627: folds 
ReVeu710: folds 
AndreaBsAs: folds 
M1k_DP: folds 
hag111: folds 
Uncalled bet ($0.50) returned to magzi777
magzi777 collected $1 from pot
*** SUMMARY ***
Total pot $1 | Rake $0 
Seat 1: AndreaBsAs folded before Flop (didn't bet)
Seat 2: M1k_DP (button) folded before Flop (didn't bet)
Seat 3: hag111 (small blind) folded before Flop
Seat 4: magzi777 (big blind) collected ($1)
Seat 5: Steve18212627 folded before Flop (didn't bet)
Seat 6: ReVeu710 folded before Flop (didn't bet)



PokerStars Hand #254687063611:  Hold'em No Limit ($0.50/$1.00 USD) - 2025/02/03 14:43:15 WET [2025/02/03 9:43:15 ET]
Table 'Sycorax II' 6-max Seat #3 is the button
Seat 1: AndreaBsAs ($101.50 in chips) 
Seat 2: M1k_DP ($103.80 in chips) 
Seat 3: hag111 ($106.48 in chips) 
Seat 4: magzi777 ($100.50 in chips) 
Seat 5: Steve18212627 ($100 in chips) 
Seat 6: ReVeu710 ($100 in chips) 
magzi777: posts small blind $0.50
Steve18212627: posts big blind $1
*** HOLE CARDS ***
ReVeu710: raises $1 to $2
AndreaBsAs: folds 
M1k_DP: folds 
hag111: raises $5.50 to $7.50
magzi777: folds 
Steve18212627: folds 
ReVeu710: calls $5.50
*** FLOP *** [7d 7s 9c]
ReVeu710: checks 
hag111: bets $7.84
ReVeu710: calls $7.84
*** TURN *** [7d 7s 9c] [4h]
ReVeu710: checks 
hag111: checks 
*** RIVER *** [7d 7s 9c 4h] [5s]
ReVeu710: checks 
hag111: checks 
*** SHOW DOWN ***
ReVeu710: shows [Qs As] (a pair of Sevens)
hag111: mucks hand 
ReVeu710 collected $30.57 from pot
*** SUMMARY ***
Total pot $32.18 | Rake $1.61 
Board [7d 7s 9c 4h 5s]
Seat 1: AndreaBsAs folded before Flop (didn't bet)
Seat 2: M1k_DP folded before Flop (didn't bet)
Seat 3: hag111 (button) mucked
Seat 4: magzi777 (small blind) folded before Flop
Seat 5: Steve18212627 (big blind) folded before Flop
Seat 6: ReVeu710 showed [Qs As] and won ($30.57) with a pair of Sevens



PokerStars Hand #254687072828:  Hold'em No Limit ($0.50/$1.00 USD) - 2025/02/03 14:44:05 WET [2025/02/03 9:44:05 ET]
Table 'Sycorax II' 6-max Seat #4 is the button
Seat 6: ReVeu710 ($115.23 in chips) is sitting out
Seat 1: AndreaBsAs ($101.50 in chips) 
Seat 2: M1k_DP ($103.80 in chips) 
Seat 3: hag111 ($100 in chips) 
Seat 4: magzi777 ($100 in chips) 
Seat 5: Steve18212627 ($100 in chips) 
Steve18212627: posts small blind $0.50
ReVeu710: is sitting out 
AndreaBsAs: posts big blind $1
*** HOLE CARDS ***
ReVeu710 leaves the table
M1k_DP: folds 
hag111: folds 
magzi777: raises $1.50 to $2.50
Steve18212627: folds 
AndreaBsAs: calls $1.50
*** FLOP *** [Ac 7s Ah]
tintin641 joins the table at seat #6 
AndreaBsAs: checks 
magzi777: bets $1.30
AndreaBsAs: folds 
Uncalled bet ($1.30) returned to magzi777
magzi777 collected $5.22 from pot
*** SUMMARY ***
Total pot $5.50 | Rake $0.28 
Board [Ac 7s Ah]
Seat 6: ReVeu710
Seat 1: AndreaBsAs (big blind) folded on the Flop
Seat 2: M1k_DP folded before Flop (didn't bet)
Seat 3: hag111 folded before Flop (didn't bet)
Seat 4: magzi777 (button) collected ($5.22)
Seat 5: Steve18212627 (small blind) folded before Flop



PokerStars Hand #254687084162:  Hold'em No Limit ($0.50/$1.00 USD) - 2025/02/03 14:45:06 WET [2025/02/03 9:45:06 ET]
Table 'Sycorax II' 6-max Seat #5 is the button
Seat 2: M1k_DP ($103.80 in chips) is sitting out
Seat 6: tintin641 ($100 in chips) is sitting out
Seat 1: AndreaBsAs ($100 in chips) 
Seat 3: hag111 ($100 in chips) 
Seat 4: magzi777 ($102.72 in chips) 
Seat 5: Steve18212627 ($100 in chips) 
AndreaBsAs: posts small blind $0.50
M1k_DP: is sitting out 
hag111: posts big blind $1
*** HOLE CARDS ***
magzi777: folds 
M1k_DP leaves the table
Steve18212627: folds 
AndreaBsAs: folds 
Uncalled bet ($0.50) returned to hag111
hag111 collected $1 from pot
hag111: doesn't show hand 
*** SUMMARY ***
Total pot $1 | Rake $0 
Seat 2: M1k_DP
Seat 6: tintin641
Seat 1: AndreaBsAs (small blind) folded before Flop
Seat 3: hag111 (big blind) collected ($1)
Seat 4: magzi777 folded before Flop (didn't bet)
Seat 5: Steve18212627 (button) folded before Flop (didn't bet)



PokerStars Hand #254687088573:  Hold'em No Limit ($0.50/$1.00 USD) - 2025/02/03 14:45:30 WET [2025/02/03 9:45:30 ET]
Table 'Sycorax II' 6-max Seat #1 is the button
Seat 6: tintin641 ($100 in chips) is sitting out
Seat 1: AndreaBsAs ($100 in chips) 
Seat 3: hag111 ($100.50 in chips) 
Seat 4: magzi777 ($102.72 in chips) 
Seat 5: Steve18212627 ($100 in chips) 
hag111: posts small blind $0.50
magzi777: posts big blind $1
tintin641: sits out 
*** HOLE CARDS ***
Steve18212627: folds 
AndreaBsAs: folds 
hag111: folds 
Uncalled bet ($0.50) returned to magzi777
magzi777 collected $1 from pot
Cle0patr4 joins the table at seat #2 
*** SUMMARY ***
Total pot $1 | Rake $0 
Seat 6: tintin641
Seat 1: AndreaBsAs (button) folded before Flop (didn't bet)
Seat 3: hag111 (small blind) folded before Flop
Seat 4: magzi777 (big blind) collected ($1)
Seat 5: Steve18212627 folded before Flop (didn't bet)



PokerStars Hand #254687090194:  Hold'em No Limit ($0.50/$1.00 USD) - 2025/02/03 14:45:39 WET [2025/02/03 9:45:39 ET]
Table 'Sycorax II' 6-max Seat #3 is the button
Seat 2: Cle0patr4 ($96.34 in chips) is sitting out
Seat 6: tintin641 ($100 in chips) is sitting out
Seat 1: AndreaBsAs ($100 in chips) 
Seat 3: hag111 ($100 in chips) 
Seat 4: magzi777 ($103.22 in chips) 
Seat 5: Steve18212627 ($100 in chips) 
magzi777: posts small blind $0.50
Steve18212627: posts big blind $1
tintin641: sits out 
Cle0patr4: sits out 
*** HOLE CARDS ***
AndreaBsAs: folds 
hag111: folds 
magzi777: raises $2 to $3
Steve18212627: folds 
Uncalled bet ($2) returned to magzi777
magzi777 collected $2 from pot
*** SUMMARY ***
Total pot $2 | Rake $0 
Seat 2: Cle0patr4
Seat 6: tintin641
Seat 1: AndreaBsAs folded before Flop (didn't bet)
Seat 3: hag111 (button) folded before Flop (didn't bet)
Seat 4: magzi777 (small blind) collected ($2)
Seat 5: Steve18212627 (big blind) folded before Flop



PokerStars Hand #254687093537:  Hold'em No Limit ($0.50/$1.00 USD) - 2025/02/03 14:45:57 WET [2025/02/03 9:45:57 ET]
Table 'Sycorax II' 6-max Seat #4 is the button
Seat 2: Cle0patr4 ($96.34 in chips) is sitting out
Seat 1: AndreaBsAs ($100 in chips) 
Seat 3: hag111 ($100 in chips) 
Seat 4: magzi777 ($104.22 in chips) 
Seat 5: Steve18212627 ($100 in chips) 
Seat 6: tintin641 ($100 in chips) 
Steve18212627: posts small blind $0.50
tintin641: posts big blind $1
Cle0patr4: sits out 
*** HOLE CARDS ***
AndreaBsAs: raises $1.20 to $2.20
hag111: raises $7.90 to $10.10
magzi777: folds 
Steve18212627: folds 
tintin641: folds 
AndreaBsAs: calls $7.90
*** FLOP *** [2s 6d 4h]
AndreaBsAs: checks 
hag111: checks 
*** TURN *** [2s 6d 4h] [Qs]
AndreaBsAs: checks 
hag111: bets $10.31
AndreaBsAs: calls $10.31
*** RIVER *** [2s 6d 4h Qs] [2h]
AndreaBsAs: checks 
hag111: checks 
*** SHOW DOWN ***
AndreaBsAs: shows [7c 7s] (two pair, Sevens and Deuces)
hag111: mucks hand 
AndreaBsAs collected $40.20 from pot
*** SUMMARY ***
Total pot $42.32 | Rake $2.12 
Board [2s 6d 4h Qs 2h]
Seat 2: Cle0patr4
Seat 1: AndreaBsAs showed [7c 7s] and won ($40.20) with two pair, Sevens and Deuces
Seat 3: hag111 mucked
Seat 4: magzi777 (button) folded before Flop (didn't bet)
Seat 5: Steve18212627 (small blind) folded before Flop
Seat 6: tintin641 (big blind) folded before Flop



PokerStars Hand #254687104389:  Hold'em No Limit ($0.50/$1.00 USD) - 2025/02/03 14:46:56 WET [2025/02/03 9:46:56 ET]
Table 'Sycorax II' 6-max Seat #5 is the button
Seat 2: Cle0patr4 ($96.34 in chips) is sitting out
Seat 1: AndreaBsAs ($119.79 in chips) 
Seat 3: hag111 ($100 in chips) 
Seat 4: magzi777 ($104.22 in chips) 
Seat 5: Steve18212627 ($100 in chips) 
Seat 6: tintin641 ($100 in chips) 
tintin641: posts small blind $0.50
AndreaBsAs: posts big blind $1
Cle0patr4: sits out 
*** HOLE CARDS ***
hag111: raises $2 to $3
magzi777: folds 
Steve18212627: folds 
tintin641: folds 
AndreaBsAs: calls $2
*** FLOP *** [Ac 4d 8s]
AndreaBsAs: checks 
hag111: checks 
*** TURN *** [Ac 4d 8s] [3d]
AndreaBsAs: bets $4.08
hag111: folds 
Uncalled bet ($4.08) returned to AndreaBsAs
AndreaBsAs collected $6.18 from pot
*** SUMMARY ***
Total pot $6.50 | Rake $0.32 
Board [Ac 4d 8s 3d]
Seat 2: Cle0patr4
Seat 1: AndreaBsAs (big blind) collected ($6.18)
Seat 3: hag111 folded on the Turn
Seat 4: magzi777 folded before Flop (didn't bet)
Seat 5: Steve18212627 (button) folded before Flop (didn't bet)
Seat 6: tintin641 (small blind) folded before Flop



PokerStars Hand #254687114342:  Hold'em No Limit ($0.50/$1.00 USD) - 2025/02/03 14:47:50 WET [2025/02/03 9:47:50 ET]
Table 'Sycorax II' 6-max Seat #6 is the button
Seat 1: AndreaBsAs ($122.97 in chips) 
Seat 2: Cle0patr4 ($96.34 in chips) 
Seat 3: hag111 ($100 in chips) 
Seat 4: magzi777 ($104.22 in chips) 
Seat 5: Steve18212627 ($100 in chips) 
Seat 6: tintin641 ($100 in chips) 
AndreaBsAs: posts small blind $0.50
Cle0patr4: posts big blind $1
*** HOLE CARDS ***
hag111: folds 
magzi777: raises $1.50 to $2.50
Steve18212627: folds 
tintin641: folds 
AndreaBsAs: folds 
Cle0patr4: raises $9 to $11.50
magzi777: calls $9
*** FLOP *** [2d 8h Jc]
Cle0patr4: checks 
magzi777: bets $7.50
Cle0patr4: raises $12 to $19.50
magzi777: calls $12
*** TURN *** [2d 8h Jc] [4c]
Cle0patr4: bets $65.34 and is all-in
magzi777: folds 
Uncalled bet ($65.34) returned to Cle0patr4
Cle0patr4 collected $60 from pot
Cle0patr4: doesn't show hand 
*** SUMMARY ***
Total pot $62.50 | Rake $2.50 
Board [2d 8h Jc 4c]
Seat 1: AndreaBsAs (small blind) folded before Flop
Seat 2: Cle0patr4 (big blind) collected ($60)
Seat 3: hag111 folded before Flop (didn't bet)
Seat 4: magzi777 folded on the Turn
Seat 5: Steve18212627 folded before Flop (didn't bet)
Seat 6: tintin641 (button) folded before Flop (didn't bet)



PokerStars Hand #254687127647:  Hold'em No Limit ($0.50/$1.00 USD) - 2025/02/03 14:49:03 WET [2025/02/03 9:49:03 ET]
Table 'Sycorax II' 6-max Seat #1 is the button
Seat 1: AndreaBsAs ($122.47 in chips) 
Seat 2: Cle0patr4 ($125.34 in chips) 
Seat 3: hag111 ($100 in chips) 
Seat 4: magzi777 ($100 in chips) 
Seat 5: Steve18212627 ($100 in chips) 
Seat 6: tintin641 ($100 in chips) 
Cle0patr4: posts small blind $0.50
hag111: posts big blind $1
*** HOLE CARDS ***
magzi777: folds 
Steve18212627: folds 
tintin641: folds 
AndreaBsAs: raises $1.50 to $2.50
Cle0patr4: folds 
hag111: folds 
Uncalled bet ($1.50) returned to AndreaBsAs
AndreaBsAs collected $2.50 from pot
*** SUMMARY ***
Total pot $2.50 | Rake $0 
Seat 1: AndreaBsAs (button) collected ($2.50)
Seat 2: Cle0patr4 (small blind) folded before Flop
Seat 3: hag111 (big blind) folded before Flop
Seat 4: magzi777 folded before Flop (didn't bet)
Seat 5: Steve18212627 folded before Flop (didn't bet)
Seat 6: tintin641 folded before Flop (didn't bet)



PokerStars Hand #254687131072:  Hold'em No Limit ($0.50/$1.00 USD) - 2025/02/03 14:49:22 WET [2025/02/03 9:49:22 ET]
Table 'Sycorax II' 6-max Seat #2 is the button
Seat 1: AndreaBsAs ($123.97 in chips) 
Seat 2: Cle0patr4 ($124.84 in chips) 
Seat 3: hag111 ($100 in chips) 
Seat 4: magzi777 ($100 in chips) 
Seat 5: Steve18212627 ($100 in chips) 
Seat 6: tintin641 ($100 in chips) 
hag111: posts small blind $0.50
magzi777: posts big blind $1
*** HOLE CARDS ***
Steve18212627: folds 
tintin641: folds 
AndreaBsAs: folds 
Cle0patr4: folds 
hag111: raises $2 to $3
magzi777: calls $2
*** FLOP *** [2h 2d Qh]
hag111: bets $3
magzi777: folds 
Uncalled bet ($3) returned to hag111
hag111 collected $5.70 from pot
hag111: doesn't show hand 
*** SUMMARY ***
Total pot $6 | Rake $0.30 
Board [2h 2d Qh]
Seat 1: AndreaBsAs folded before Flop (didn't bet)
Seat 2: Cle0patr4 (button) folded before Flop (didn't bet)
Seat 3: hag111 (small blind) collected ($5.70)
Seat 4: magzi777 (big blind) folded on the Flop
Seat 5: Steve18212627 folded before Flop (didn't bet)
Seat 6: tintin641 folded before Flop (didn't bet)



PokerStars Hand #254687136276:  Hold'em No Limit ($0.50/$1.00 USD) - 2025/02/03 14:49:50 WET [2025/02/03 9:49:50 ET]
Table 'Sycorax II' 6-max Seat #3 is the button
Seat 1: AndreaBsAs ($123.97 in chips) 
Seat 2: Cle0patr4 ($124.84 in chips) 
Seat 3: hag111 ($102.70 in chips) 
Seat 4: magzi777 ($100 in chips) 
Seat 5: Steve18212627 ($100 in chips) 
Seat 6: tintin641 ($100 in chips) 
magzi777: posts small blind $0.50
Steve18212627: posts big blind $1
*** HOLE CARDS ***
tintin641: folds 
AndreaBsAs: folds 
Cle0patr4: folds 
hag111: folds 
magzi777: raises $2 to $3
Steve18212627: calls $2
*** FLOP *** [Kd 4h Tc]
magzi777: bets $3.76
Steve18212627: folds 
Uncalled bet ($3.76) returned to magzi777
magzi777 collected $5.70 from pot
*** SUMMARY ***
Total pot $6 | Rake $0.30 
Board [Kd 4h Tc]
Seat 1: AndreaBsAs folded before Flop (didn't bet)
Seat 2: Cle0patr4 folded before Flop (didn't bet)
Seat 3: hag111 (button) folded before Flop (didn't bet)
Seat 4: magzi777 (small blind) collected ($5.70)
Seat 5: Steve18212627 (big blind) folded on the Flop
Seat 6: tintin641 folded before Flop (didn't bet)



PokerStars Hand #254687143752:  Hold'em No Limit ($0.50/$1.00 USD) - 2025/02/03 14:50:31 WET [2025/02/03 9:50:31 ET]
Table 'Sycorax II' 6-max Seat #4 is the button
Seat 1: AndreaBsAs ($123.97 in chips) 
Seat 2: Cle0patr4 ($124.84 in chips) 
Seat 3: hag111 ($102.70 in chips) 
Seat 4: magzi777 ($102.70 in chips) 
Seat 5: Steve18212627 ($100 in chips) 
Seat 6: tintin641 ($100 in chips) 
Steve18212627: posts small blind $0.50
tintin641: posts big blind $1
*** HOLE CARDS ***
AndreaBsAs: folds 
Cle0patr4: folds 
hag111: folds 
magzi777: folds 
Steve18212627: folds 
Uncalled bet ($0.50) returned to tintin641
tintin641 collected $1 from pot
tintin641: doesn't show hand 
*** SUMMARY ***
Total pot $1 | Rake $0 
Seat 1: AndreaBsAs folded before Flop (didn't bet)
Seat 2: Cle0patr4 folded before Flop (didn't bet)
Seat 3: hag111 folded before Flop (didn't bet)
Seat 4: magzi777 (button) folded before Flop (didn't bet)
Seat 5: Steve18212627 (small blind) folded before Flop
Seat 6: tintin641 (big blind) collected ($1)



PokerStars Hand #254687147123:  Hold'em No Limit ($0.50/$1.00 USD) - 2025/02/03 14:50:49 WET [2025/02/03 9:50:49 ET]
Table 'Sycorax II' 6-max Seat #5 is the button
Seat 1: AndreaBsAs ($123.97 in chips) 
Seat 2: Cle0patr4 ($124.84 in chips) 
Seat 3: hag111 ($102.70 in chips) 
Seat 4: magzi777 ($102.70 in chips) 
Seat 5: Steve18212627 ($100 in chips) 
Seat 6: tintin641 ($100.50 in chips) 
tintin641: posts small blind $0.50
AndreaBsAs: posts big blind $1
*** HOLE CARDS ***
Cle0patr4: folds 
hag111: raises $2 to $3
magzi777: folds 
Steve18212627: folds 
tintin641: folds 
AndreaBsAs: raises $9 to $12
hag111: calls $9
*** FLOP *** [7h 6s Th]
AndreaBsAs: bets $7.18
hag111: raises $9.18 to $16.36
AndreaBsAs: calls $9.18
*** TURN *** [7h 6s Th] [3c]
AndreaBsAs: checks 
hag111: bets $27.36
AndreaBsAs: folds 
Uncalled bet ($27.36) returned to hag111
hag111 collected $54.72 from pot
hag111: doesn't show hand 
*** SUMMARY ***
Total pot $57.22 | Rake $2.50 
Board [7h 6s Th 3c]
Seat 1: AndreaBsAs (big blind) folded on the Turn
Seat 2: Cle0patr4 folded before Flop (didn't bet)
Seat 3: hag111 collected ($54.72)
Seat 4: magzi777 folded before Flop (didn't bet)
Seat 5: Steve18212627 (button) folded before Flop (didn't bet)
Seat 6: tintin641 (small blind) folded before Flop



PokerStars Hand #254687158652:  Hold'em No Limit ($0.50/$1.00 USD) - 2025/02/03 14:51:51 WET [2025/02/03 9:51:51 ET]
Table 'Sycorax II' 6-max Seat #6 is the button
Seat 1: AndreaBsAs ($100 in chips) 
Seat 2: Cle0patr4 ($124.84 in chips) 
Seat 3: hag111 ($129.06 in chips) 
Seat 4: magzi777 ($102.70 in chips) 
Seat 5: Steve18212627 ($100 in chips) 
Seat 6: tintin641 ($100 in chips) 
AndreaBsAs: posts small blind $0.50
Cle0patr4: posts big blind $1
*** HOLE CARDS ***
hag111: folds 
magzi777: folds 
Steve18212627: folds 
tintin641: folds 
AndreaBsAs: folds 
Uncalled bet ($0.50) returned to Cle0patr4
Cle0patr4 collected $1 from pot
Cle0patr4: doesn't show hand 
*** SUMMARY ***
Total pot $1 | Rake $0 
Seat 1: AndreaBsAs (small blind) folded before Flop
Seat 2: Cle0patr4 (big blind) collected ($1)
Seat 3: hag111 folded before Flop (didn't bet)
Seat 4: magzi777 folded before Flop (didn't bet)
Seat 5: Steve18212627 folded before Flop (didn't bet)
Seat 6: tintin641 (button) folded before Flop (didn't bet)



PokerStars Hand #254687161370:  Hold'em No Limit ($0.50/$1.00 USD) - 2025/02/03 14:52:07 WET [2025/02/03 9:52:07 ET]
Table 'Sycorax II' 6-max Seat #1 is the button
Seat 1: AndreaBsAs ($100 in chips) 
Seat 2: Cle0patr4 ($125.34 in chips) 
Seat 3: hag111 ($129.06 in chips) 
Seat 4: magzi777 ($102.70 in chips) 
Seat 5: Steve18212627 ($100 in chips) 
Seat 6: tintin641 ($100 in chips) 
Cle0patr4: posts small blind $0.50
hag111: posts big blind $1
*** HOLE CARDS ***
magzi777: folds 
Steve18212627: folds 
tintin641: raises $1.50 to $2.50
AndreaBsAs: folds 
Cle0patr4: raises $9 to $11.50
hag111: folds 
tintin641: folds 
Uncalled bet ($9) returned to Cle0patr4
Cle0patr4 collected $6 from pot
Cle0patr4: doesn't show hand 
*** SUMMARY ***
Total pot $6 | Rake $0 
Seat 1: AndreaBsAs (button) folded before Flop (didn't bet)
Seat 2: Cle0patr4 (small blind) collected ($6)
Seat 3: hag111 (big blind) folded before Flop
Seat 4: magzi777 folded before Flop (didn't bet)
Seat 5: Steve18212627 folded before Flop (didn't bet)
Seat 6: tintin641 folded before Flop



PokerStars Hand #254687166432:  Hold'em No Limit ($0.50/$1.00 USD) - 2025/02/03 14:52:34 WET [2025/02/03 9:52:34 ET]
Table 'Sycorax II' 6-max Seat #2 is the button
Seat 1: AndreaBsAs ($100 in chips) 
Seat 2: Cle0patr4 ($128.84 in chips) 
Seat 3: hag111 ($128.06 in chips) 
Seat 4: magzi777 ($102.70 in chips) 
Seat 5: Steve18212627 ($100 in chips) 
Seat 6: tintin641 ($100 in chips) 
hag111: posts small blind $0.50
magzi777: posts big blind $1
*** HOLE CARDS ***
Steve18212627: folds 
tintin641: folds 
AndreaBsAs: raises $1.50 to $2.50
Cle0patr4: folds 
Cle0patr4 leaves the table
hag111: folds 
magzi777: folds 
Uncalled bet ($1.50) returned to AndreaBsAs
AndreaBsAs collected $2.50 from pot
*** SUMMARY ***
Total pot $2.50 | Rake $0 
Seat 1: AndreaBsAs collected ($2.50)
Seat 2: Cle0patr4 (button) folded before Flop (didn't bet)
Seat 3: hag111 (small blind) folded before Flop
Seat 4: magzi777 (big blind) folded before Flop
Seat 5: Steve18212627 folded before Flop (didn't bet)
Seat 6: tintin641 folded before Flop (didn't bet)



PokerStars Hand #254687169093:  Hold'em No Limit ($0.50/$1.00 USD) - 2025/02/03 14:52:48 WET [2025/02/03 9:52:48 ET]
Table 'Sycorax II' 6-max Seat #3 is the button
Seat 1: AndreaBsAs ($101.50 in chips) 
Seat 3: hag111 ($127.56 in chips) 
Seat 4: magzi777 ($101.70 in chips) 
Seat 5: Steve18212627 ($100 in chips) 
Seat 6: tintin641 ($100 in chips) 
magzi777: posts small blind $0.50
Steve18212627: posts big blind $1
*** HOLE CARDS ***
tintin641: folds 
AndreaBsAs: folds 
hag111: folds 
magzi777: folds 
Uncalled bet ($0.50) returned to Steve18212627
Steve18212627 collected $1 from pot
*** SUMMARY ***
Total pot $1 | Rake $0 
Seat 1: AndreaBsAs folded before Flop (didn't bet)
Seat 3: hag111 (button) folded before Flop (didn't bet)
Seat 4: magzi777 (small blind) folded before Flop
Seat 5: Steve18212627 (big blind) collected ($1)
Seat 6: tintin641 folded before Flop (didn't bet)



PokerStars Hand #254687171587:  Hold'em No Limit ($0.50/$1.00 USD) - 2025/02/03 14:53:02 WET [2025/02/03 9:53:02 ET]
Table 'Sycorax II' 6-max Seat #4 is the button
Seat 1: AndreaBsAs ($101.50 in chips) 
Seat 3: hag111 ($127.56 in chips) 
Seat 4: magzi777 ($101.20 in chips) 
Seat 5: Steve18212627 ($100.50 in chips) 
Seat 6: tintin641 ($100 in chips) 
Steve18212627: posts small blind $0.50
tintin641: posts big blind $1
*** HOLE CARDS ***
AndreaBsAs: folds 
hag111: raises $1 to $2
magzi777: folds 
Steve18212627: folds 
tintin641: folds 
Uncalled bet ($1) returned to hag111
hag111 collected $2.50 from pot
hag111: doesn't show hand 
*** SUMMARY ***
Total pot $2.50 | Rake $0 
Seat 1: AndreaBsAs folded before Flop (didn't bet)
Seat 3: hag111 collected ($2.50)
Seat 4: magzi777 (button) folded before Flop (didn't bet)
Seat 5: Steve18212627 (small blind) folded before Flop
Seat 6: tintin641 (big blind) folded before Flop



PokerStars Hand #254687175129:  Hold'em No Limit ($0.50/$1.00 USD) - 2025/02/03 14:53:21 WET [2025/02/03 9:53:21 ET]
Table 'Sycorax II' 6-max Seat #5 is the button
Seat 1: AndreaBsAs ($101.50 in chips) 
Seat 3: hag111 ($129.06 in chips) 
Seat 4: magzi777 ($101.20 in chips) 
Seat 5: Steve18212627 ($100 in chips) 
Seat 6: tintin641 ($100 in chips) 
tintin641: posts small blind $0.50
AndreaBsAs: posts big blind $1
*** HOLE CARDS ***
hag111: folds 
magzi777: folds 
Steve18212627: folds 
tintin641: raises $2 to $3
AndreaBsAs: folds 
Uncalled bet ($2) returned to tintin641
tintin641 collected $2 from pot
tintin641: doesn't show hand 
*** SUMMARY ***
Total pot $2 | Rake $0 
Seat 1: AndreaBsAs (big blind) folded before Flop
Seat 3: hag111 folded before Flop (didn't bet)
Seat 4: magzi777 folded before Flop (didn't bet)
Seat 5: Steve18212627 (button) folded before Flop (didn't bet)
Seat 6: tintin641 (small blind) collected ($2)



PokerStars Hand #254687179107:  Hold'em No Limit ($0.50/$1.00 USD) - 2025/02/03 14:53:43 WET [2025/02/03 9:53:43 ET]
Table 'Sycorax II' 6-max Seat #6 is the button
Seat 1: AndreaBsAs ($100.50 in chips) 
Seat 3: hag111 ($129.06 in chips) 
Seat 4: magzi777 ($101.20 in chips) 
Seat 5: Steve18212627 ($100 in chips) 
Seat 6: tintin641 ($101 in chips) 
AndreaBsAs: posts small blind $0.50
hag111: posts big blind $1
*** HOLE CARDS ***
magzi777: folds 
Steve18212627: folds 
tintin641: raises $1.50 to $2.50
Felete1981 joins the table at seat #2 
Felete1981 is disconnected 
AndreaBsAs: raises $8 to $10.50
hag111: folds 
tintin641: folds 
Uncalled bet ($8) returned to AndreaBsAs
AndreaBsAs collected $6 from pot
*** SUMMARY ***
Total pot $6 | Rake $0 
Seat 1: AndreaBsAs (small blind) collected ($6)
Seat 3: hag111 (big blind) folded before Flop
Seat 4: magzi777 folded before Flop (didn't bet)
Seat 5: Steve18212627 folded before Flop (didn't bet)
Seat 6: tintin641 (button) folded before Flop



PokerStars Hand #254687183036:  Hold'em No Limit ($0.50/$1.00 USD) - 2025/02/03 14:54:05 WET [2025/02/03 9:54:05 ET]
Table 'Sycorax II' 6-max Seat #1 is the button
Seat 2: Felete1981 ($10 in chips) is sitting out
Seat 1: AndreaBsAs ($104 in chips) 
Seat 3: hag111 ($128.06 in chips) 
Seat 4: magzi777 ($101.20 in chips) 
Seat 5: Steve18212627 ($100 in chips) 
Seat 6: tintin641 ($100 in chips) 
hag111: posts small blind $0.50
magzi777: posts big blind $1
*** HOLE CARDS ***
Steve18212627: folds 
tintin641: folds 
AndreaBsAs: folds 
hag111: folds 
Uncalled bet ($0.50) returned to magzi777
magzi777 collected $1 from pot
*** SUMMARY ***
Total pot $1 | Rake $0 
Seat 2: Felete1981
Seat 1: AndreaBsAs (button) folded before Flop (didn't bet)
Seat 3: hag111 (small blind) folded before Flop
Seat 4: magzi777 (big blind) collected ($1)
Seat 5: Steve18212627 folded before Flop (didn't bet)
Seat 6: tintin641 folded before Flop (didn't bet)



PokerStars Hand #254687184747:  Hold'em No Limit ($0.50/$1.00 USD) - 2025/02/03 14:54:14 WET [2025/02/03 9:54:14 ET]
Table 'Sycorax II' 6-max Seat #3 is the button
Seat 2: Felete1981 ($10 in chips) is sitting out
Seat 1: AndreaBsAs ($104 in chips) 
Seat 3: hag111 ($127.56 in chips) 
Seat 4: magzi777 ($101.70 in chips) 
Seat 5: Steve18212627 ($100 in chips) 
Seat 6: tintin641 ($100 in chips) 
magzi777: posts small blind $0.50
Steve18212627: posts big blind $1
Felete1981: sits out 
*** HOLE CARDS ***
tintin641: folds 
AndreaBsAs: folds 
hag111: raises $2 to $3
magzi777: calls $2.50
Steve18212627: calls $2
*** FLOP *** [6h Qc 4h]
magzi777: checks 
Steve18212627: checks 
hag111: checks 
*** TURN *** [6h Qc 4h] [9c]
magzi777: bets $4.28
Steve18212627: folds 
hag111: folds 
Uncalled bet ($4.28) returned to magzi777
magzi777 collected $8.55 from pot
*** SUMMARY ***
Total pot $9 | Rake $0.45 
Board [6h Qc 4h 9c]
Seat 2: Felete1981
Seat 1: AndreaBsAs folded before Flop (didn't bet)
Seat 3: hag111 (button) folded on the Turn
Seat 4: magzi777 (small blind) collected ($8.55)
Seat 5: Steve18212627 (big blind) folded on the Turn
Seat 6: tintin641 folded before Flop (didn't bet)



PokerStars Hand #254687196026:  Hold'em No Limit ($0.50/$1.00 USD) - 2025/02/03 14:55:17 WET [2025/02/03 9:55:17 ET]
Table 'Sycorax II' 6-max Seat #4 is the button
Seat 2: Felete1981 ($10 in chips) is sitting out
Seat 1: AndreaBsAs ($104 in chips) 
Seat 3: hag111 ($124.56 in chips) 
Seat 4: magzi777 ($107.25 in chips) 
Seat 5: Steve18212627 ($100 in chips) 
Seat 6: tintin641 ($100 in chips) 
Steve18212627: posts small blind $0.50
tintin641: posts big blind $1
Felete1981: sits out 
*** HOLE CARDS ***
AndreaBsAs: folds 
hag111: raises $2 to $3
magzi777: folds 
Steve18212627: folds 
tintin641: folds 
Uncalled bet ($2) returned to hag111
hag111 collected $2.50 from pot
hag111: doesn't show hand 
*** SUMMARY ***
Total pot $2.50 | Rake $0 
Seat 2: Felete1981
Seat 1: AndreaBsAs folded before Flop (didn't bet)
Seat 3: hag111 collected ($2.50)
Seat 4: magzi777 (button) folded before Flop (didn't bet)
Seat 5: Steve18212627 (small blind) folded before Flop
Seat 6: tintin641 (big blind) folded before Flop



PokerStars Hand #254687198820:  Hold'em No Limit ($0.50/$1.00 USD) - 2025/02/03 14:55:36 WET [2025/02/03 9:55:36 ET]
Table 'Sycorax II' 6-max Seat #5 is the button
Seat 2: Felete1981 ($10 in chips) is sitting out
Seat 1: AndreaBsAs ($104 in chips) 
Seat 3: hag111 ($126.06 in chips) 
Seat 4: magzi777 ($107.25 in chips) 
Seat 5: Steve18212627 ($100 in chips) 
Seat 6: tintin641 ($100 in chips) 
tintin641: posts small blind $0.50
AndreaBsAs: posts big blind $1
Felete1981: sits out 
*** HOLE CARDS ***
hag111: folds 
magzi777: raises $1.50 to $2.50
Steve18212627: folds 
tintin641: folds 
AndreaBsAs: folds 
Uncalled bet ($1.50) returned to magzi777
magzi777 collected $2.50 from pot
*** SUMMARY ***
Total pot $2.50 | Rake $0 
Seat 2: Felete1981
Seat 1: AndreaBsAs (big blind) folded before Flop
Seat 3: hag111 folded before Flop (didn't bet)
Seat 4: magzi777 collected ($2.50)
Seat 5: Steve18212627 (button) folded before Flop (didn't bet)
Seat 6: tintin641 (small blind) folded before Flop



PokerStars Hand #254687202232:  Hold'em No Limit ($0.50/$1.00 USD) - 2025/02/03 14:56:00 WET [2025/02/03 9:56:00 ET]
Table 'Sycorax II' 6-max Seat #6 is the button
Seat 1: AndreaBsAs ($103 in chips) 
Seat 2: Felete1981 ($10 in chips) 
Seat 3: hag111 ($126.06 in chips) 
Seat 4: magzi777 ($108.75 in chips) 
Seat 5: Steve18212627 ($100 in chips) 
Seat 6: tintin641 ($100 in chips) 
AndreaBsAs: posts small blind $0.50
Felete1981: posts big blind $1
*** HOLE CARDS ***
hag111: folds 
magzi777: folds 
Steve18212627: folds 
tintin641: folds 
AndreaBsAs: folds 
Uncalled bet ($0.50) returned to Felete1981
Felete1981 collected $1 from pot
*** SUMMARY ***
Total pot $1 | Rake $0 
Seat 1: AndreaBsAs (small blind) folded before Flop
Seat 2: Felete1981 (big blind) collected ($1)
Seat 3: hag111 folded before Flop (didn't bet)
Seat 4: magzi777 folded before Flop (didn't bet)
Seat 5: Steve18212627 folded before Flop (didn't bet)
Seat 6: tintin641 (button) folded before Flop (didn't bet)



PokerStars Hand #254687206292:  Hold'em No Limit ($0.50/$1.00 USD) - 2025/02/03 14:56:27 WET [2025/02/03 9:56:27 ET]
Table 'Sycorax II' 6-max Seat #1 is the button
Seat 1: AndreaBsAs ($102.50 in chips) 
Seat 2: Felete1981 ($10.50 in chips) 
Seat 3: hag111 ($126.06 in chips) 
Seat 4: magzi777 ($108.75 in chips) 
Seat 5: Steve18212627 ($100 in chips) 
Seat 6: tintin641 ($100 in chips) 
Felete1981: posts small blind $0.50
hag111: posts big blind $1
*** HOLE CARDS ***
magzi777: folds 
Steve18212627: folds 
tintin641: folds 
AndreaBsAs: folds 
Felete1981: folds 
Uncalled bet ($0.50) returned to hag111
hag111 collected $1 from pot
hag111: doesn't show hand 
*** SUMMARY ***
Total pot $1 | Rake $0 
Seat 1: AndreaBsAs (button) folded before Flop (didn't bet)
Seat 2: Felete1981 (small blind) folded before Flop
Seat 3: hag111 (big blind) collected ($1)
Seat 4: magzi777 folded before Flop (didn't bet)
Seat 5: Steve18212627 folded before Flop (didn't bet)
Seat 6: tintin641 folded before Flop (didn't bet)



PokerStars Hand #254687208244:  Hold'em No Limit ($0.50/$1.00 USD) - 2025/02/03 14:56:40 WET [2025/02/03 9:56:40 ET]
Table 'Sycorax II' 6-max Seat #2 is the button
Seat 1: AndreaBsAs ($102.50 in chips) 
Seat 2: Felete1981 ($10 in chips) 
Seat 3: hag111 ($126.56 in chips) 
Seat 4: magzi777 ($108.75 in chips) 
Seat 5: Steve18212627 ($100 in chips) 
Seat 6: tintin641 ($100 in chips) 
hag111: posts small blind $0.50
magzi777: posts big blind $1
*** HOLE CARDS ***
Steve18212627: folds 
tintin641: folds 
AndreaBsAs: folds 
Felete1981: folds 
hag111: folds 
Uncalled bet ($0.50) returned to magzi777
magzi777 collected $1 from pot
*** SUMMARY ***
Total pot $1 | Rake $0 
Seat 1: AndreaBsAs folded before Flop (didn't bet)
Seat 2: Felete1981 (button) folded before Flop (didn't bet)
Seat 3: hag111 (small blind) folded before Flop
Seat 4: magzi777 (big blind) collected ($1)
Seat 5: Steve18212627 folded before Flop (didn't bet)
Seat 6: tintin641 folded before Flop (didn't bet)



PokerStars Hand #254687210446:  Hold'em No Limit ($0.50/$1.00 USD) - 2025/02/03 14:56:55 WET [2025/02/03 9:56:55 ET]
Table 'Sycorax II' 6-max Seat #3 is the button
Seat 1: AndreaBsAs ($102.50 in chips) 
Seat 2: Felete1981 ($10 in chips) 
Seat 3: hag111 ($126.06 in chips) 
Seat 4: magzi777 ($109.25 in chips) 
Seat 5: Steve18212627 ($100 in chips) 
Seat 6: tintin641 ($100 in chips) 
magzi777: posts small blind $0.50
Steve18212627: posts big blind $1
*** HOLE CARDS ***
tintin641: folds 
AndreaBsAs: raises $1.20 to $2.20
Felete1981: folds 
hag111: folds 
magzi777: folds 
Steve18212627: folds 
Uncalled bet ($1.20) returned to AndreaBsAs
AndreaBsAs collected $2.50 from pot
*** SUMMARY ***
Total pot $2.50 | Rake $0 
Seat 1: AndreaBsAs collected ($2.50)
Seat 2: Felete1981 folded before Flop (didn't bet)
Seat 3: hag111 (button) folded before Flop (didn't bet)
Seat 4: magzi777 (small blind) folded before Flop
Seat 5: Steve18212627 (big blind) folded before Flop
Seat 6: tintin641 folded before Flop (didn't bet)



PokerStars Hand #254687213413:  Hold'em No Limit ($0.50/$1.00 USD) - 2025/02/03 14:57:15 WET [2025/02/03 9:57:15 ET]
Table 'Sycorax II' 6-max Seat #4 is the button
Seat 1: AndreaBsAs ($104 in chips) 
Seat 2: Felete1981 ($10 in chips) 
Seat 3: hag111 ($126.06 in chips) 
Seat 4: magzi777 ($108.75 in chips) 
Seat 5: Steve18212627 ($100 in chips) 
Seat 6: tintin641 ($100 in chips) 
Steve18212627: posts small blind $0.50
tintin641: posts big blind $1
*** HOLE CARDS ***
AndreaBsAs: folds 
Felete1981: folds 
hag111: raises $2 to $3
magzi777: folds 
Steve18212627: calls $2.50
tintin641: folds 
*** FLOP *** [Qd 3c 4h]
Steve18212627: checks 
hag111: checks 
*** TURN *** [Qd 3c 4h] [9c]
Steve18212627: checks 
hag111: bets $3.33
Steve18212627: folds 
Uncalled bet ($3.33) returned to hag111
hag111 collected $6.65 from pot
hag111: doesn't show hand 
*** SUMMARY ***
Total pot $7 | Rake $0.35 
Board [Qd 3c 4h 9c]
Seat 1: AndreaBsAs folded before Flop (didn't bet)
Seat 2: Felete1981 folded before Flop (didn't bet)
Seat 3: hag111 collected ($6.65)
Seat 4: magzi777 (button) folded before Flop (didn't bet)
Seat 5: Steve18212627 (small blind) folded on the Turn
Seat 6: tintin641 (big blind) folded before Flop



PokerStars Hand #254687220496:  Hold'em No Limit ($0.50/$1.00 USD) - 2025/02/03 14:58:04 WET [2025/02/03 9:58:04 ET]
Table 'Sycorax II' 6-max Seat #5 is the button
Seat 1: AndreaBsAs ($104 in chips) 
Seat 2: Felete1981 ($10 in chips) 
Seat 3: hag111 ($129.71 in chips) 
Seat 4: magzi777 ($108.75 in chips) 
Seat 5: Steve18212627 ($100 in chips) 
Seat 6: tintin641 ($100 in chips) 
tintin641: posts small blind $0.50
AndreaBsAs: posts big blind $1
*** HOLE CARDS ***
Felete1981: folds 
hag111: raises $2 to $3
magzi777: folds 
Steve18212627: calls $3
tintin641: folds 
AndreaBsAs: calls $2
*** FLOP *** [7d 7c 2d]
AndreaBsAs: checks 
hag111: checks 
Steve18212627: checks 
*** TURN *** [7d 7c 2d] [Qc]
AndreaBsAs: bets $7.95
hag111: raises $12.95 to $20.90
Steve18212627: folds 
AndreaBsAs: raises $16.97 to $37.87
hag111: calls $16.97
*** RIVER *** [7d 7c 2d Qc] [Jc]
AndreaBsAs: checks 
hag111: bets $50.37
AndreaBsAs: calls $50.37
*** SHOW DOWN ***
hag111: shows [Ac 5c] (a flush, Ace high)
AndreaBsAs: mucks hand 
hag111 collected $183.48 from pot
*** SUMMARY ***
Total pot $185.98 | Rake $2.50 
Board [7d 7c 2d Qc Jc]
Seat 1: AndreaBsAs (big blind) mucked
Seat 2: Felete1981 folded before Flop (didn't bet)
Seat 3: hag111 showed [Ac 5c] and won ($183.48) with a flush, Ace high
Seat 4: magzi777 folded before Flop (didn't bet)
Seat 5: Steve18212627 (button) folded on the Turn
Seat 6: tintin641 (small blind) folded before Flop



PokerStars Hand #254687242151:  Hold'em No Limit ($0.50/$1.00 USD) - 2025/02/03 15:00:29 WET [2025/02/03 10:00:29 ET]
Table 'Sycorax II' 6-max Seat #6 is the button
Seat 1: AndreaBsAs ($100 in chips) 
Seat 2: Felete1981 ($10 in chips) 
Seat 3: hag111 ($221.95 in chips) 
Seat 4: magzi777 ($108.75 in chips) 
Seat 5: Steve18212627 ($100 in chips) 
Seat 6: tintin641 ($100 in chips) 
AndreaBsAs: posts small blind $0.50
Felete1981: posts big blind $1
*** HOLE CARDS ***
hag111: folds 
magzi777: folds 
hag111 leaves the table
Steve18212627: folds 
tintin641: folds 
AndreaBsAs: folds 
Uncalled bet ($0.50) returned to Felete1981
Felete1981 collected $1 from pot
Joe_Li7 joins the table at seat #3 
*** SUMMARY ***
Total pot $1 | Rake $0 
Seat 1: AndreaBsAs (small blind) folded before Flop
Seat 2: Felete1981 (big blind) collected ($1)
Seat 3: hag111 folded before Flop (didn't bet)
Seat 4: magzi777 folded before Flop (didn't bet)
Seat 5: Steve18212627 folded before Flop (didn't bet)
Seat 6: tintin641 (button) folded before Flop (didn't bet)



PokerStars Hand #254687246430:  Hold'em No Limit ($0.50/$1.00 USD) - 2025/02/03 15:00:56 WET [2025/02/03 10:00:56 ET]
Table 'Sycorax II' 6-max Seat #1 is the button
Seat 1: AndreaBsAs ($100 in chips) 
Seat 2: Felete1981 ($10.50 in chips) 
Seat 3: Joe_Li7 ($100 in chips) 
Seat 4: magzi777 ($108.75 in chips) 
Seat 5: Steve18212627 ($100 in chips) 
Seat 6: tintin641 ($100 in chips) 
Felete1981: posts small blind $0.50
Joe_Li7: posts big blind $1
*** HOLE CARDS ***
magzi777: folds 
Steve18212627: folds 
tintin641: raises $1 to $2
AndreaBsAs: folds 
Felete1981: folds 
Joe_Li7: calls $1
*** FLOP *** [7h Jh 8c]
Joe_Li7: checks 
tintin641: checks 
*** TURN *** [7h Jh 8c] [As]
Joe_Li7: checks 
tintin641: checks 
*** RIVER *** [7h Jh 8c As] [7s]
Joe_Li7: checks 
tintin641: bets $3.21
Joe_Li7: folds 
Uncalled bet ($3.21) returned to tintin641
tintin641 collected $4.28 from pot
tintin641: doesn't show hand 
*** SUMMARY ***
Total pot $4.50 | Rake $0.22 
Board [7h Jh 8c As 7s]
Seat 1: AndreaBsAs (button) folded before Flop (didn't bet)
Seat 2: Felete1981 (small blind) folded before Flop
Seat 3: Joe_Li7 (big blind) folded on the River
Seat 4: magzi777 folded before Flop (didn't bet)
Seat 5: Steve18212627 folded before Flop (didn't bet)
Seat 6: tintin641 collected ($4.28)



PokerStars Hand #254687264661:  Hold'em No Limit ($0.50/$1.00 USD) - 2025/02/03 15:02:38 WET [2025/02/03 10:02:38 ET]
Table 'Sycorax II' 6-max Seat #2 is the button
Seat 1: AndreaBsAs ($100 in chips) 
Seat 2: Felete1981 ($10 in chips) 
Seat 3: Joe_Li7 ($100 in chips) 
Seat 4: magzi777 ($108.75 in chips) 
Seat 5: Steve18212627 ($100 in chips) 
Seat 6: tintin641 ($102.28 in chips) 
Joe_Li7: posts small blind $0.50
magzi777: posts big blind $1
*** HOLE CARDS ***
Steve18212627: folds 
tintin641: folds 
AndreaBsAs: raises $1.50 to $2.50
Felete1981: folds 
Joe_Li7: folds 
magzi777: folds 
Uncalled bet ($1.50) returned to AndreaBsAs
AndreaBsAs collected $2.50 from pot
*** SUMMARY ***
Total pot $2.50 | Rake $0 
Seat 1: AndreaBsAs collected ($2.50)
Seat 2: Felete1981 (button) folded before Flop (didn't bet)
Seat 3: Joe_Li7 (small blind) folded before Flop
Seat 4: magzi777 (big blind) folded before Flop
Seat 5: Steve18212627 folded before Flop (didn't bet)
Seat 6: tintin641 folded before Flop (didn't bet)



PokerStars Hand #254687268591:  Hold'em No Limit ($0.50/$1.00 USD) - 2025/02/03 15:03:00 WET [2025/02/03 10:03:00 ET]
Table 'Sycorax II' 6-max Seat #3 is the button
Seat 1: AndreaBsAs ($101.50 in chips) 
Seat 2: Felete1981 ($10 in chips) 
Seat 3: Joe_Li7 ($100 in chips) 
Seat 4: magzi777 ($107.75 in chips) 
Seat 5: Steve18212627 ($100 in chips) 
Seat 6: tintin641 ($102.28 in chips) 
magzi777: posts small blind $0.50
Steve18212627: posts big blind $1
*** HOLE CARDS ***
tintin641: folds 
AndreaBsAs: raises $1.20 to $2.20
Felete1981: raises $7.80 to $10 and is all-in
Joe_Li7: folds 
magzi777: folds 
Steve18212627: folds 
AndreaBsAs: calls $7.80
*** FLOP *** [Td 5d 5h]
*** TURN *** [Td 5d 5h] [9c]
*** RIVER *** [Td 5d 5h 9c] [Jh]
*** SHOW DOWN ***
AndreaBsAs: shows [3d 3h] (two pair, Fives and Threes)
Felete1981: shows [Kd Ah] (a pair of Fives)
AndreaBsAs collected $20.42 from pot
*** SUMMARY ***
Total pot $21.50 | Rake $1.08 
Board [Td 5d 5h 9c Jh]
Seat 1: AndreaBsAs showed [3d 3h] and won ($20.42) with two pair, Fives and Threes
Seat 2: Felete1981 showed [Kd Ah] and lost with a pair of Fives
Seat 3: Joe_Li7 (button) folded before Flop (didn't bet)
Seat 4: magzi777 (small blind) folded before Flop
Seat 5: Steve18212627 (big blind) folded before Flop
Seat 6: tintin641 folded before Flop (didn't bet)



PokerStars Hand #254687276523:  Hold'em No Limit ($0.50/$1.00 USD) - 2025/02/03 15:03:42 WET [2025/02/03 10:03:42 ET]
Table 'Sycorax II' 6-max Seat #4 is the button
Seat 1: AndreaBsAs ($111.92 in chips) is sitting out
Seat 2: Felete1981 ($0 in chips) is sitting out
Seat 6: tintin641 ($102.28 in chips) is sitting out
Seat 3: Joe_Li7 ($100 in chips) 
Seat 4: magzi777 ($107.25 in chips) 
Seat 5: Steve18212627 ($100 in chips) 
Steve18212627: posts small blind $0.50
tintin641: is sitting out 
AndreaBsAs: is sitting out 
Joe_Li7: posts big blind $1
*** HOLE CARDS ***
magzi777: raises $1.50 to $2.50
tintin641 leaves the table
Felete1981 leaves the table
Steve18212627: folds 
Joe_Li7: folds 
Uncalled bet ($1.50) returned to magzi777
magzi777 collected $2.50 from pot
Steve18212627 leaves the table
*** SUMMARY ***
Total pot $2.50 | Rake $0 
Seat 1: AndreaBsAs
Seat 2: Felete1981
Seat 6: tintin641
Seat 3: Joe_Li7 (big blind) folded before Flop
Seat 4: magzi777 (button) collected ($2.50)
Seat 5: Steve18212627 (small blind) folded before Flop



PokerStars Hand #254687280271:  Hold'em No Limit ($0.50/$1.00 USD) - 2025/02/03 15:04:03 WET [2025/02/03 10:04:03 ET]
Table 'Sycorax II' 6-max Seat #3 is the button
Seat 1: AndreaBsAs ($111.92 in chips) is sitting out
Seat 3: Joe_Li7 ($100 in chips) 
Seat 4: magzi777 ($108.75 in chips) 
Joe_Li7: posts small blind $0.50
magzi777: posts big blind $1
*** HOLE CARDS ***
Joe_Li7: raises $1.20 to $2.20
AndreaBsAs leaves the table
magzi777: raises $8.30 to $10.50
Joe_Li7: calls $8.30
*** FLOP *** [Ah Qh Kd]
magzi777: bets $8.40
Joe_Li7: folds 
Uncalled bet ($8.40) returned to magzi777
magzi777 collected $20 from pot
*** SUMMARY ***
Total pot $21 | Rake $1 
Board [Ah Qh Kd]
Seat 1: AndreaBsAs
Seat 3: Joe_Li7 (button) (small blind) folded on the Flop
Seat 4: magzi777 (big blind) collected ($20)



