PokerStars Hand #254689191012:  Hold'em No Limit ($0.50/$1.00 USD) - 2025/02/03 17:31:19 WET [2025/02/03 12:31:19 ET]
Table 'Theresia II' 6-max Seat #2 is the button
Seat 1: rao999 ($100 in chips) 
Seat 2: gudrozd ($101.50 in chips) 
Seat 3: EyzRED ($100 in chips) 
Seat 4: Dima_Olen ($21.98 in chips) 
Seat 5: blackclan7 ($110.50 in chips) 
Seat 6: paramourx ($100 in chips) 
EyzRED: posts small blind $0.50
Dima_Olen: posts big blind $1
*** HOLE CARDS ***
blackclan7: raises $1 to $2
paramourx: folds 
rao999: folds 
gudrozd: folds 
EyzRED: raises $7 to $9
Dima_Olen: raises $12.98 to $21.98 and is all-in
blackclan7: folds 
EyzRED: calls $12.98
*** FLOP *** [4d 3s 5s]
*** TURN *** [4d 3s 5s] [9c]
*** RIVER *** [4d 3s 5s 9c] [9d]
*** SHOW DOWN ***
EyzRED: shows [Ac 4c] (two pair, Nines and Fours)
Dima_Olen: shows [Qc Qh] (two pair, Queens and Nines)
Dima_Olen collected $43.66 from pot
*** SUMMARY ***
Total pot $45.96 | Rake $2.30 
Board [4d 3s 5s 9c 9d]
Seat 1: rao999 folded before Flop (didn't bet)
Seat 2: gudrozd (button) folded before Flop (didn't bet)
Seat 3: EyzRED (small blind) showed [Ac 4c] and lost with two pair, Nines and Fours
Seat 4: Dima_Olen (big blind) showed [Qc Qh] and won ($43.66) with two pair, Queens and Nines
Seat 5: blackclan7 folded before Flop
Seat 6: paramourx folded before Flop (didn't bet)



PokerStars Hand #254689201803:  Hold'em No Limit ($0.50/$1.00 USD) - 2025/02/03 17:32:01 WET [2025/02/03 12:32:01 ET]
Table 'Theresia II' 6-max Seat #3 is the button
Seat 1: rao999 ($100 in chips) 
Seat 2: gudrozd ($101.50 in chips) 
Seat 3: EyzRED ($100 in chips) 
Seat 4: Dima_Olen ($43.66 in chips) 
Seat 5: blackclan7 ($108.50 in chips) 
Seat 6: paramourx ($100 in chips) 
Dima_Olen: posts small blind $0.50
blackclan7: posts big blind $1
*** HOLE CARDS ***
paramourx: raises $2 to $3
rao999: folds 
gudrozd: folds 
EyzRED: folds 
Dima_Olen: folds 
blackclan7: folds 
Uncalled bet ($2) returned to paramourx
paramourx collected $2.50 from pot
paramourx: doesn't show hand 
*** SUMMARY ***
Total pot $2.50 | Rake $0 
Seat 1: rao999 folded before Flop (didn't bet)
Seat 2: gudrozd folded before Flop (didn't bet)
Seat 3: EyzRED (button) folded before Flop (didn't bet)
Seat 4: Dima_Olen (small blind) folded before Flop
Seat 5: blackclan7 (big blind) folded before Flop
Seat 6: paramourx collected ($2.50)



PokerStars Hand #254689207120:  Hold'em No Limit ($0.50/$1.00 USD) - 2025/02/03 17:32:21 WET [2025/02/03 12:32:21 ET]
Table 'Theresia II' 6-max Seat #4 is the button
Seat 1: rao999 ($100 in chips) 
Seat 2: gudrozd ($101.50 in chips) 
Seat 3: EyzRED ($100 in chips) 
Seat 4: Dima_Olen ($43.16 in chips) 
Seat 5: blackclan7 ($107.50 in chips) 
Seat 6: paramourx ($101.50 in chips) 
blackclan7: posts small blind $0.50
paramourx: posts big blind $1
*** HOLE CARDS ***
rao999: folds 
gudrozd: raises $1.50 to $2.50
EyzRED: folds 
Dima_Olen: folds 
blackclan7: folds 
paramourx: folds 
Uncalled bet ($1.50) returned to gudrozd
gudrozd collected $2.50 from pot
gudrozd: doesn't show hand 
*** SUMMARY ***
Total pot $2.50 | Rake $0 
Seat 1: rao999 folded before Flop (didn't bet)
Seat 2: gudrozd collected ($2.50)
Seat 3: EyzRED folded before Flop (didn't bet)
Seat 4: Dima_Olen (button) folded before Flop (didn't bet)
Seat 5: blackclan7 (small blind) folded before Flop
Seat 6: paramourx (big blind) folded before Flop



PokerStars Hand #254689211888:  Hold'em No Limit ($0.50/$1.00 USD) - 2025/02/03 17:32:40 WET [2025/02/03 12:32:40 ET]
Table 'Theresia II' 6-max Seat #5 is the button
Seat 1: rao999 ($100 in chips) 
Seat 2: gudrozd ($103 in chips) 
Seat 3: EyzRED ($100 in chips) 
Seat 4: Dima_Olen ($43.16 in chips) 
Seat 5: blackclan7 ($107 in chips) 
Seat 6: paramourx ($100.50 in chips) 
paramourx: posts small blind $0.50
rao999: posts big blind $1
*** HOLE CARDS ***
gudrozd: folds 
EyzRED: raises $1.20 to $2.20
Dima_Olen: folds 
blackclan7: folds 
paramourx: raises $9.30 to $11.50
rao999: folds 
EyzRED: folds 
Uncalled bet ($9.30) returned to paramourx
paramourx collected $5.40 from pot
paramourx: doesn't show hand 
*** SUMMARY ***
Total pot $5.40 | Rake $0 
Seat 1: rao999 (big blind) folded before Flop
Seat 2: gudrozd folded before Flop (didn't bet)
Seat 3: EyzRED folded before Flop
Seat 4: Dima_Olen folded before Flop (didn't bet)
Seat 5: blackclan7 (button) folded before Flop (didn't bet)
Seat 6: paramourx (small blind) collected ($5.40)



PokerStars Hand #254689220915:  Hold'em No Limit ($0.50/$1.00 USD) - 2025/02/03 17:33:14 WET [2025/02/03 12:33:14 ET]
Table 'Theresia II' 6-max Seat #6 is the button
Seat 1: rao999 ($100 in chips) 
Seat 2: gudrozd ($103 in chips) 
Seat 3: EyzRED ($100 in chips) 
Seat 4: Dima_Olen ($43.16 in chips) 
Seat 5: blackclan7 ($107 in chips) 
Seat 6: paramourx ($103.70 in chips) 
rao999: posts small blind $0.50
gudrozd: posts big blind $1
*** HOLE CARDS ***
EyzRED: raises $1.20 to $2.20
Dima_Olen: folds 
blackclan7: folds 
paramourx: folds 
rao999: folds 
gudrozd: folds 
Uncalled bet ($1.20) returned to EyzRED
EyzRED collected $2.50 from pot
EyzRED: doesn't show hand 
*** SUMMARY ***
Total pot $2.50 | Rake $0 
Seat 1: rao999 (small blind) folded before Flop
Seat 2: gudrozd (big blind) folded before Flop
Seat 3: EyzRED collected ($2.50)
Seat 4: Dima_Olen folded before Flop (didn't bet)
Seat 5: blackclan7 folded before Flop (didn't bet)
Seat 6: paramourx (button) folded before Flop (didn't bet)



PokerStars Hand #254689224674:  Hold'em No Limit ($0.50/$1.00 USD) - 2025/02/03 17:33:29 WET [2025/02/03 12:33:29 ET]
Table 'Theresia II' 6-max Seat #1 is the button
Seat 1: rao999 ($100 in chips) 
Seat 2: gudrozd ($102 in chips) 
Seat 3: EyzRED ($101.50 in chips) 
Seat 4: Dima_Olen ($43.16 in chips) 
Seat 5: blackclan7 ($107 in chips) 
Seat 6: paramourx ($103.70 in chips) 
gudrozd: posts small blind $0.50
EyzRED: posts big blind $1
*** HOLE CARDS ***
Dima_Olen: raises $42.16 to $43.16 and is all-in
blackclan7: folds 
paramourx: folds 
rao999: folds 
gudrozd: folds 
EyzRED: folds 
Uncalled bet ($42.16) returned to Dima_Olen
Dima_Olen collected $2.50 from pot
*** SUMMARY ***
Total pot $2.50 | Rake $0 
Seat 1: rao999 (button) folded before Flop (didn't bet)
Seat 2: gudrozd (small blind) folded before Flop
Seat 3: EyzRED (big blind) folded before Flop
Seat 4: Dima_Olen collected ($2.50)
Seat 5: blackclan7 folded before Flop (didn't bet)
Seat 6: paramourx folded before Flop (didn't bet)



PokerStars Hand #254689230105:  Hold'em No Limit ($0.50/$1.00 USD) - 2025/02/03 17:33:49 WET [2025/02/03 12:33:49 ET]
Table 'Theresia II' 6-max Seat #2 is the button
Seat 1: rao999 ($100 in chips) 
Seat 2: gudrozd ($101.50 in chips) 
Seat 3: EyzRED ($100.50 in chips) 
Seat 4: Dima_Olen ($44.66 in chips) 
Seat 5: blackclan7 ($107 in chips) 
Seat 6: paramourx ($103.70 in chips) 
EyzRED: posts small blind $0.50
Dima_Olen: posts big blind $1
*** HOLE CARDS ***
blackclan7: folds 
blackclan7 leaves the table
paramourx: raises $2 to $3
rao999: folds 
gudrozd: folds 
EyzRED: folds 
Dima_Olen: folds 
Uncalled bet ($2) returned to paramourx
paramourx collected $2.50 from pot
paramourx: doesn't show hand 
Mr_Dick666 joins the table at seat #5 
*** SUMMARY ***
Total pot $2.50 | Rake $0 
Seat 1: rao999 folded before Flop (didn't bet)
Seat 2: gudrozd (button) folded before Flop (didn't bet)
Seat 3: EyzRED (small blind) folded before Flop
Seat 4: Dima_Olen (big blind) folded before Flop
Seat 5: blackclan7 folded before Flop (didn't bet)
Seat 6: paramourx collected ($2.50)



PokerStars Hand #254689234023:  Hold'em No Limit ($0.50/$1.00 USD) - 2025/02/03 17:34:04 WET [2025/02/03 12:34:04 ET]
Table 'Theresia II' 6-max Seat #3 is the button
Seat 1: rao999 ($100 in chips) 
Seat 2: gudrozd ($101.50 in chips) 
Seat 3: EyzRED ($100 in chips) 
Seat 4: Dima_Olen ($43.66 in chips) 
Seat 5: Mr_Dick666 ($100 in chips) 
Seat 6: paramourx ($105.20 in chips) 
Dima_Olen: posts small blind $0.50
Mr_Dick666: posts big blind $1
*** HOLE CARDS ***
paramourx: folds 
rao999: folds 
gudrozd: folds 
EyzRED: raises $1.50 to $2.50
Dima_Olen: calls $2
Mr_Dick666: calls $1.50
*** FLOP *** [3d Ac Qc]
Dima_Olen: checks 
Mr_Dick666: checks 
EyzRED: bets $2.06
Dima_Olen: folds 
Mr_Dick666: calls $2.06
*** TURN *** [3d Ac Qc] [4h]
Mr_Dick666: checks 
EyzRED: checks 
*** RIVER *** [3d Ac Qc 4h] [6s]
Mr_Dick666: checks 
EyzRED: bets $7.84
Mr_Dick666: calls $7.84
*** SHOW DOWN ***
EyzRED: shows [Ah Kd] (a pair of Aces)
Mr_Dick666: mucks hand 
EyzRED collected $25.94 from pot
*** SUMMARY ***
Total pot $27.30 | Rake $1.36 
Board [3d Ac Qc 4h 6s]
Seat 1: rao999 folded before Flop (didn't bet)
Seat 2: gudrozd folded before Flop (didn't bet)
Seat 3: EyzRED (button) showed [Ah Kd] and won ($25.94) with a pair of Aces
Seat 4: Dima_Olen (small blind) folded on the Flop
Seat 5: Mr_Dick666 (big blind) mucked
Seat 6: paramourx folded before Flop (didn't bet)



PokerStars Hand #254689590757:  Hold'em No Limit ($0.50/$1.00 USD) - 2025/02/03 17:57:02 WET [2025/02/03 12:57:02 ET]
Table 'Theresia II' 6-max Seat #3 is the button
Seat 1: rao999 ($100 in chips) 
Seat 2: gudrozd ($151.66 in chips) 
Seat 3: EyzRED ($100 in chips) 
Seat 4: Dima_Olen ($62.84 in chips) 
Seat 5: Rdalonso ($101.30 in chips) 
Seat 6: paramourx ($106.71 in chips) 
Dima_Olen: posts small blind $0.50
Rdalonso: posts big blind $1
*** HOLE CARDS ***
paramourx: folds 
rao999: folds 
gudrozd: raises $1.50 to $2.50
EyzRED: folds 
Dima_Olen: calls $2
Rdalonso: folds 
*** FLOP *** [Qd 2h Qh]
Dima_Olen: checks 
gudrozd: bets $1.88
Dima_Olen: folds 
Uncalled bet ($1.88) returned to gudrozd
gudrozd collected $5.70 from pot
gudrozd: doesn't show hand 
*** SUMMARY ***
Total pot $6 | Rake $0.30 
Board [Qd 2h Qh]
Seat 1: rao999 folded before Flop (didn't bet)
Seat 2: gudrozd collected ($5.70)
Seat 3: EyzRED (button) folded before Flop (didn't bet)
Seat 4: Dima_Olen (small blind) folded on the Flop
Seat 5: Rdalonso (big blind) folded before Flop
Seat 6: paramourx folded before Flop (didn't bet)



PokerStars Hand #254689597157:  Hold'em No Limit ($0.50/$1.00 USD) - 2025/02/03 17:57:35 WET [2025/02/03 12:57:35 ET]
Table 'Theresia II' 6-max Seat #4 is the button
Seat 1: rao999 ($100 in chips) 
Seat 2: gudrozd ($154.86 in chips) 
Seat 3: EyzRED ($100 in chips) 
Seat 4: Dima_Olen ($60.34 in chips) 
Seat 5: Rdalonso ($100.30 in chips) 
Seat 6: paramourx ($106.71 in chips) 
Rdalonso: posts small blind $0.50
paramourx: posts big blind $1
*** HOLE CARDS ***
rao999: folds 
gudrozd: raises $1.50 to $2.50
EyzRED: folds 
Dima_Olen: folds 
Rdalonso: folds 
paramourx: folds 
Uncalled bet ($1.50) returned to gudrozd
gudrozd collected $2.50 from pot
gudrozd: doesn't show hand 
*** SUMMARY ***
Total pot $2.50 | Rake $0 
Seat 1: rao999 folded before Flop (didn't bet)
Seat 2: gudrozd collected ($2.50)
Seat 3: EyzRED folded before Flop (didn't bet)
Seat 4: Dima_Olen (button) folded before Flop (didn't bet)
Seat 5: Rdalonso (small blind) folded before Flop
Seat 6: paramourx (big blind) folded before Flop



PokerStars Hand #254689600896:  Hold'em No Limit ($0.50/$1.00 USD) - 2025/02/03 17:57:54 WET [2025/02/03 12:57:54 ET]
Table 'Theresia II' 6-max Seat #5 is the button
Seat 1: rao999 ($100 in chips) 
Seat 2: gudrozd ($156.36 in chips) 
Seat 3: EyzRED ($100 in chips) 
Seat 4: Dima_Olen ($60.34 in chips) 
Seat 5: Rdalonso ($100 in chips) 
Seat 6: paramourx ($105.71 in chips) 
paramourx: posts small blind $0.50
rao999: posts big blind $1
*** HOLE CARDS ***
gudrozd: folds 
EyzRED: folds 
Dima_Olen: calls $1
Rdalonso: folds 
paramourx: folds 
rao999: checks 
*** FLOP *** [Qh 5c 4d]
rao999: checks 
Dima_Olen: bets $59.34 and is all-in
rao999: folds 
Uncalled bet ($59.34) returned to Dima_Olen
Dima_Olen collected $2.38 from pot
*** SUMMARY ***
Total pot $2.50 | Rake $0.12 
Board [Qh 5c 4d]
Seat 1: rao999 (big blind) folded on the Flop
Seat 2: gudrozd folded before Flop (didn't bet)
Seat 3: EyzRED folded before Flop (didn't bet)
Seat 4: Dima_Olen collected ($2.38)
Seat 5: Rdalonso (button) folded before Flop (didn't bet)
Seat 6: paramourx (small blind) folded before Flop



PokerStars Hand #254689606903:  Hold'em No Limit ($0.50/$1.00 USD) - 2025/02/03 17:58:25 WET [2025/02/03 12:58:25 ET]
Table 'Theresia II' 6-max Seat #6 is the button
Seat 1: rao999 ($100 in chips) 
Seat 2: gudrozd ($156.36 in chips) 
Seat 3: EyzRED ($100 in chips) 
Seat 4: Dima_Olen ($61.72 in chips) 
Seat 5: Rdalonso ($100 in chips) 
Seat 6: paramourx ($105.21 in chips) 
rao999: posts small blind $0.50
gudrozd: posts big blind $1
*** HOLE CARDS ***
EyzRED: folds 
Dima_Olen: folds 
Rdalonso: folds 
paramourx: folds 
rao999: folds 
Uncalled bet ($0.50) returned to gudrozd
gudrozd collected $1 from pot
gudrozd: doesn't show hand 
*** SUMMARY ***
Total pot $1 | Rake $0 
Seat 1: rao999 (small blind) folded before Flop
Seat 2: gudrozd (big blind) collected ($1)
Seat 3: EyzRED folded before Flop (didn't bet)
Seat 4: Dima_Olen folded before Flop (didn't bet)
Seat 5: Rdalonso folded before Flop (didn't bet)
Seat 6: paramourx (button) folded before Flop (didn't bet)



PokerStars Hand #254689255208:  Hold'em No Limit ($0.50/$1.00 USD) - 2025/02/03 17:35:25 WET [2025/02/03 12:35:25 ET]
Table 'Theresia II' 6-max Seat #4 is the button
Seat 1: rao999 ($100 in chips) 
Seat 2: gudrozd ($101.50 in chips) 
Seat 3: EyzRED ($113.54 in chips) 
Seat 4: Dima_Olen ($41.16 in chips) 
Seat 5: Mr_Dick666 ($100 in chips) 
Seat 6: paramourx ($105.20 in chips) 
Mr_Dick666: posts small blind $0.50
paramourx: posts big blind $1
*** HOLE CARDS ***
rao999: folds 
gudrozd: folds 
EyzRED: folds 
Dima_Olen: calls $1
Mr_Dick666: folds 
paramourx: checks 
*** FLOP *** [8h 4h Jc]
paramourx: checks 
Dima_Olen: checks 
*** TURN *** [8h 4h Jc] [Ah]
paramourx: checks 
Dima_Olen: bets $1
paramourx: folds 
Uncalled bet ($1) returned to Dima_Olen
Dima_Olen collected $2.38 from pot
Dima_Olen: doesn't show hand 
*** SUMMARY ***
Total pot $2.50 | Rake $0.12 
Board [8h 4h Jc Ah]
Seat 1: rao999 folded before Flop (didn't bet)
Seat 2: gudrozd folded before Flop (didn't bet)
Seat 3: EyzRED folded before Flop (didn't bet)
Seat 4: Dima_Olen (button) collected ($2.38)
Seat 5: Mr_Dick666 (small blind) folded before Flop
Seat 6: paramourx (big blind) folded on the Turn



PokerStars Hand #254689270693:  Hold'em No Limit ($0.50/$1.00 USD) - 2025/02/03 17:36:24 WET [2025/02/03 12:36:24 ET]
Table 'Theresia II' 6-max Seat #5 is the button
Seat 1: rao999 ($100 in chips) 
Seat 2: gudrozd ($101.50 in chips) 
Seat 3: EyzRED ($113.54 in chips) 
Seat 4: Dima_Olen ($42.54 in chips) 
Seat 5: Mr_Dick666 ($100 in chips) 
Seat 6: paramourx ($104.20 in chips) 
paramourx: posts small blind $0.50
rao999: posts big blind $1
*** HOLE CARDS ***
gudrozd: folds 
EyzRED: folds 
Dima_Olen: calls $1
Mr_Dick666: folds 
paramourx: folds 
rao999: checks 
*** FLOP *** [5d Kh 9s]
rao999: checks 
Dima_Olen: checks 
*** TURN *** [5d Kh 9s] [7s]
rao999: checks 
Dima_Olen: checks 
*** RIVER *** [5d Kh 9s 7s] [6s]
rao999: bets $1
Dima_Olen: raises $4.38 to $5.38
rao999: folds 
Uncalled bet ($4.38) returned to Dima_Olen
Dima_Olen collected $4.28 from pot
*** SUMMARY ***
Total pot $4.50 | Rake $0.22 
Board [5d Kh 9s 7s 6s]
Seat 1: rao999 (big blind) folded on the River
Seat 2: gudrozd folded before Flop (didn't bet)
Seat 3: EyzRED folded before Flop (didn't bet)
Seat 4: Dima_Olen collected ($4.28)
Seat 5: Mr_Dick666 (button) folded before Flop (didn't bet)
Seat 6: paramourx (small blind) folded before Flop



PokerStars Hand #254689281582:  Hold'em No Limit ($0.50/$1.00 USD) - 2025/02/03 17:37:05 WET [2025/02/03 12:37:05 ET]
Table 'Theresia II' 6-max Seat #6 is the button
Seat 1: rao999 ($100 in chips) 
Seat 2: gudrozd ($101.50 in chips) 
Seat 3: EyzRED ($113.54 in chips) 
Seat 4: Dima_Olen ($44.82 in chips) 
Seat 5: Mr_Dick666 ($100 in chips) 
Seat 6: paramourx ($103.70 in chips) 
rao999: posts small blind $0.50
gudrozd: posts big blind $1
*** HOLE CARDS ***
EyzRED: folds 
Dima_Olen: calls $1
Mr_Dick666: folds 
paramourx: raises $3.50 to $4.50
rao999: folds 
gudrozd: calls $3.50
Dima_Olen: folds 
*** FLOP *** [5s 9d Qd]
gudrozd: checks 
paramourx: checks 
*** TURN *** [5s 9d Qd] [9h]
gudrozd: checks 
paramourx: bets $3.09
gudrozd: folds 
Uncalled bet ($3.09) returned to paramourx
paramourx collected $9.98 from pot
paramourx: doesn't show hand 
*** SUMMARY ***
Total pot $10.50 | Rake $0.52 
Board [5s 9d Qd 9h]
Seat 1: rao999 (small blind) folded before Flop
Seat 2: gudrozd (big blind) folded on the Turn
Seat 3: EyzRED folded before Flop (didn't bet)
Seat 4: Dima_Olen folded before Flop
Seat 5: Mr_Dick666 folded before Flop (didn't bet)
Seat 6: paramourx (button) collected ($9.98)



PokerStars Hand #254689299146:  Hold'em No Limit ($0.50/$1.00 USD) - 2025/02/03 17:38:12 WET [2025/02/03 12:38:12 ET]
Table 'Theresia II' 6-max Seat #1 is the button
Seat 1: rao999 ($100 in chips) 
Seat 2: gudrozd ($100 in chips) 
Seat 3: EyzRED ($113.54 in chips) 
Seat 4: Dima_Olen ($43.82 in chips) 
Seat 5: Mr_Dick666 ($100 in chips) 
Seat 6: paramourx ($109.18 in chips) 
gudrozd: posts small blind $0.50
EyzRED: posts big blind $1
*** HOLE CARDS ***
Dima_Olen: folds 
Mr_Dick666: folds 
paramourx: folds 
rao999: folds 
gudrozd: raises $2 to $3
EyzRED: calls $2
*** FLOP *** [Qd 8s 9h]
gudrozd: checks 
EyzRED: checks 
*** TURN *** [Qd 8s 9h] [Qc]
gudrozd: bets $4.28
EyzRED: calls $4.28
*** RIVER *** [Qd 8s 9h Qc] [Ad]
gudrozd: bets $4.56
EyzRED: folds 
Uncalled bet ($4.56) returned to gudrozd
gudrozd collected $13.83 from pot
gudrozd: doesn't show hand 
*** SUMMARY ***
Total pot $14.56 | Rake $0.73 
Board [Qd 8s 9h Qc Ad]
Seat 1: rao999 (button) folded before Flop (didn't bet)
Seat 2: gudrozd (small blind) collected ($13.83)
Seat 3: EyzRED (big blind) folded on the River
Seat 4: Dima_Olen folded before Flop (didn't bet)
Seat 5: Mr_Dick666 folded before Flop (didn't bet)
Seat 6: paramourx folded before Flop (didn't bet)



PokerStars Hand #254689322083:  Hold'em No Limit ($0.50/$1.00 USD) - 2025/02/03 17:39:39 WET [2025/02/03 12:39:39 ET]
Table 'Theresia II' 6-max Seat #2 is the button
Seat 1: rao999 ($100 in chips) 
Seat 2: gudrozd ($106.55 in chips) 
Seat 3: EyzRED ($106.26 in chips) 
Seat 4: Dima_Olen ($43.82 in chips) 
Seat 5: Mr_Dick666 ($100 in chips) 
Seat 6: paramourx ($109.18 in chips) 
EyzRED: posts small blind $0.50
Dima_Olen: posts big blind $1
*** HOLE CARDS ***
Mr_Dick666: folds 
paramourx: folds 
rao999: folds 
gudrozd: raises $1.50 to $2.50
EyzRED: folds 
Dima_Olen: folds 
Uncalled bet ($1.50) returned to gudrozd
gudrozd collected $2.50 from pot
gudrozd: doesn't show hand 
*** SUMMARY ***
Total pot $2.50 | Rake $0 
Seat 1: rao999 folded before Flop (didn't bet)
Seat 2: gudrozd (button) collected ($2.50)
Seat 3: EyzRED (small blind) folded before Flop
Seat 4: Dima_Olen (big blind) folded before Flop
Seat 5: Mr_Dick666 folded before Flop (didn't bet)
Seat 6: paramourx folded before Flop (didn't bet)



PokerStars Hand #254689325375:  Hold'em No Limit ($0.50/$1.00 USD) - 2025/02/03 17:39:51 WET [2025/02/03 12:39:51 ET]
Table 'Theresia II' 6-max Seat #3 is the button
Seat 1: rao999 ($100 in chips) 
Seat 2: gudrozd ($108.05 in chips) 
Seat 3: EyzRED ($105.76 in chips) 
Seat 4: Dima_Olen ($42.82 in chips) 
Seat 5: Mr_Dick666 ($100 in chips) 
Seat 6: paramourx ($109.18 in chips) 
Dima_Olen: posts small blind $0.50
Mr_Dick666: posts big blind $1
*** HOLE CARDS ***
paramourx: raises $2 to $3
rao999: folds 
gudrozd: calls $3
EyzRED: raises $9 to $12
Dima_Olen: folds 
Mr_Dick666: folds 
paramourx: folds 
gudrozd: calls $9
*** FLOP *** [Js 4h Kh]
gudrozd: checks 
EyzRED: bets $7.85
gudrozd: folds 
Uncalled bet ($7.85) returned to EyzRED
EyzRED collected $27.08 from pot
EyzRED: doesn't show hand 
*** SUMMARY ***
Total pot $28.50 | Rake $1.42 
Board [Js 4h Kh]
Seat 1: rao999 folded before Flop (didn't bet)
Seat 2: gudrozd folded on the Flop
Seat 3: EyzRED (button) collected ($27.08)
Seat 4: Dima_Olen (small blind) folded before Flop
Seat 5: Mr_Dick666 (big blind) folded before Flop
Seat 6: paramourx folded before Flop



PokerStars Hand #254689339621:  Hold'em No Limit ($0.50/$1.00 USD) - 2025/02/03 17:40:46 WET [2025/02/03 12:40:46 ET]
Table 'Theresia II' 6-max Seat #4 is the button
Seat 1: rao999 ($100 in chips) 
Seat 2: gudrozd ($100 in chips) 
Seat 3: EyzRED ($120.84 in chips) 
Seat 4: Dima_Olen ($42.32 in chips) 
Seat 5: Mr_Dick666 ($100 in chips) 
Seat 6: paramourx ($106.18 in chips) 
Mr_Dick666: posts small blind $0.50
paramourx: posts big blind $1
*** HOLE CARDS ***
rao999: folds 
gudrozd: folds 
EyzRED: folds 
Dima_Olen: calls $1
Mr_Dick666: raises $3 to $4
paramourx: calls $3
Dima_Olen: calls $3
*** FLOP *** [5s Qc 3c]
Mr_Dick666: checks 
paramourx: bets $3.53
Dima_Olen: calls $3.53
Mr_Dick666: calls $3.53
*** TURN *** [5s Qc 3c] [6d]
Mr_Dick666: checks 
paramourx: bets $33.26
Dima_Olen: folds 
Mr_Dick666: folds 
Uncalled bet ($33.26) returned to paramourx
paramourx collected $21.46 from pot
paramourx: doesn't show hand 
*** SUMMARY ***
Total pot $22.59 | Rake $1.13 
Board [5s Qc 3c 6d]
Seat 1: rao999 folded before Flop (didn't bet)
Seat 2: gudrozd folded before Flop (didn't bet)
Seat 3: EyzRED folded before Flop (didn't bet)
Seat 4: Dima_Olen (button) folded on the Turn
Seat 5: Mr_Dick666 (small blind) folded on the Turn
Seat 6: paramourx (big blind) collected ($21.46)



PokerStars Hand #254689362596:  Hold'em No Limit ($0.50/$1.00 USD) - 2025/02/03 17:42:12 WET [2025/02/03 12:42:12 ET]
Table 'Theresia II' 6-max Seat #5 is the button
Seat 1: rao999 ($100 in chips) 
Seat 2: gudrozd ($100 in chips) 
Seat 3: EyzRED ($120.84 in chips) 
Seat 4: Dima_Olen ($34.79 in chips) 
Seat 5: Mr_Dick666 ($100 in chips) 
Seat 6: paramourx ($120.11 in chips) 
paramourx: posts small blind $0.50
rao999: posts big blind $1
*** HOLE CARDS ***
gudrozd: folds 
EyzRED: folds 
Dima_Olen: calls $1
Mr_Dick666: folds 
paramourx: folds 
rao999: checks 
*** FLOP *** [Kd 4h 2h]
rao999: checks 
Dima_Olen: checks 
*** TURN *** [Kd 4h 2h] [3h]
rao999: bets $1.57
Dima_Olen: calls $1.57
*** RIVER *** [Kd 4h 2h 3h] [7s]
rao999: bets $3.54
Dima_Olen: folds 
Uncalled bet ($3.54) returned to rao999
rao999 collected $5.36 from pot
rao999: doesn't show hand 
*** SUMMARY ***
Total pot $5.64 | Rake $0.28 
Board [Kd 4h 2h 3h 7s]
Seat 1: rao999 (big blind) collected ($5.36)
Seat 2: gudrozd folded before Flop (didn't bet)
Seat 3: EyzRED folded before Flop (didn't bet)
Seat 4: Dima_Olen folded on the River
Seat 5: Mr_Dick666 (button) folded before Flop (didn't bet)
Seat 6: paramourx (small blind) folded before Flop



PokerStars Hand #254689370532:  Hold'em No Limit ($0.50/$1.00 USD) - 2025/02/03 17:42:42 WET [2025/02/03 12:42:42 ET]
Table 'Theresia II' 6-max Seat #6 is the button
Seat 1: rao999 ($102.79 in chips) 
Seat 2: gudrozd ($100 in chips) 
Seat 3: EyzRED ($120.84 in chips) 
Seat 4: Dima_Olen ($32.22 in chips) 
Seat 5: Mr_Dick666 ($100 in chips) 
Seat 6: paramourx ($119.61 in chips) 
rao999: posts small blind $0.50
gudrozd: posts big blind $1
*** HOLE CARDS ***
EyzRED: folds 
Dima_Olen: calls $1
Mr_Dick666: folds 
paramourx: raises $2.50 to $3.50
rao999: folds 
gudrozd: raises $10.50 to $14
Dima_Olen: folds 
paramourx: folds 
Uncalled bet ($10.50) returned to gudrozd
gudrozd collected $8.50 from pot
gudrozd: doesn't show hand 
*** SUMMARY ***
Total pot $8.50 | Rake $0 
Seat 1: rao999 (small blind) folded before Flop
Seat 2: gudrozd (big blind) collected ($8.50)
Seat 3: EyzRED folded before Flop (didn't bet)
Seat 4: Dima_Olen folded before Flop
Seat 5: Mr_Dick666 folded before Flop (didn't bet)
Seat 6: paramourx (button) folded before Flop



PokerStars Hand #254689381800:  Hold'em No Limit ($0.50/$1.00 USD) - 2025/02/03 17:43:24 WET [2025/02/03 12:43:24 ET]
Table 'Theresia II' 6-max Seat #1 is the button
Seat 1: rao999 ($102.29 in chips) 
Seat 2: gudrozd ($105 in chips) 
Seat 3: EyzRED ($120.84 in chips) 
Seat 4: Dima_Olen ($31.22 in chips) 
Seat 5: Mr_Dick666 ($100 in chips) 
Seat 6: paramourx ($116.11 in chips) 
gudrozd: posts small blind $0.50
EyzRED: posts big blind $1
*** HOLE CARDS ***
Dima_Olen: calls $1
Mr_Dick666: raises $2.50 to $3.50
paramourx: folds 
rao999: calls $3.50
gudrozd: folds 
EyzRED: calls $2.50
Dima_Olen: calls $2.50
*** FLOP *** [Th 2d 2c]
EyzRED: checks 
Dima_Olen: checks 
Mr_Dick666: checks 
rao999: bets $4.55
EyzRED: folds 
Dima_Olen: folds 
Mr_Dick666: folds 
Uncalled bet ($4.55) returned to rao999
rao999 collected $13.78 from pot
rao999: doesn't show hand 
*** SUMMARY ***
Total pot $14.50 | Rake $0.72 
Board [Th 2d 2c]
Seat 1: rao999 (button) collected ($13.78)
Seat 2: gudrozd (small blind) folded before Flop
Seat 3: EyzRED (big blind) folded on the Flop
Seat 4: Dima_Olen folded on the Flop
Seat 5: Mr_Dick666 folded on the Flop
Seat 6: paramourx folded before Flop (didn't bet)



PokerStars Hand #254689398692:  Hold'em No Limit ($0.50/$1.00 USD) - 2025/02/03 17:44:28 WET [2025/02/03 12:44:28 ET]
Table 'Theresia II' 6-max Seat #2 is the button
Seat 1: rao999 ($112.57 in chips) 
Seat 2: gudrozd ($104.50 in chips) 
Seat 3: EyzRED ($117.34 in chips) 
Seat 4: Dima_Olen ($27.72 in chips) 
Seat 5: Mr_Dick666 ($100 in chips) 
Seat 6: paramourx ($116.11 in chips) 
EyzRED: posts small blind $0.50
Dima_Olen: posts big blind $1
*** HOLE CARDS ***
Mr_Dick666: folds 
paramourx: folds 
rao999: raises $1.50 to $2.50
gudrozd: folds 
EyzRED: folds 
Dima_Olen: calls $1.50
*** FLOP *** [8c Ts 6d]
Dima_Olen: checks 
rao999: bets $3.45
Dima_Olen: calls $3.45
*** TURN *** [8c Ts 6d] [9s]
Dima_Olen: checks 
rao999: checks 
*** RIVER *** [8c Ts 6d 9s] [7d]
Dima_Olen: bets $21.77 and is all-in
rao999: folds 
Uncalled bet ($21.77) returned to Dima_Olen
Dima_Olen collected $11.78 from pot
*** SUMMARY ***
Total pot $12.40 | Rake $0.62 
Board [8c Ts 6d 9s 7d]
Seat 1: rao999 folded on the River
Seat 2: gudrozd (button) folded before Flop (didn't bet)
Seat 3: EyzRED (small blind) folded before Flop
Seat 4: Dima_Olen (big blind) collected ($11.78)
Seat 5: Mr_Dick666 folded before Flop (didn't bet)
Seat 6: paramourx folded before Flop (didn't bet)



PokerStars Hand #254689409485:  Hold'em No Limit ($0.50/$1.00 USD) - 2025/02/03 17:45:08 WET [2025/02/03 12:45:08 ET]
Table 'Theresia II' 6-max Seat #3 is the button
Seat 5: Mr_Dick666 ($100 in chips) is sitting out
Seat 1: rao999 ($106.62 in chips) 
Seat 2: gudrozd ($104.50 in chips) 
Seat 3: EyzRED ($116.84 in chips) 
Seat 4: Dima_Olen ($33.55 in chips) 
Seat 6: paramourx ($116.11 in chips) 
Dima_Olen: posts small blind $0.50
Mr_Dick666: is sitting out 
paramourx: posts big blind $1
*** HOLE CARDS ***
rao999: folds 
gudrozd: folds 
Mr_Dick666 leaves the table
EyzRED: folds 
Dima_Olen: raises $1 to $2
paramourx: calls $1
*** FLOP *** [7s Jc Kd]
Dima_Olen: bets $3.80
Rdalonso joins the table at seat #5 
paramourx: folds 
Uncalled bet ($3.80) returned to Dima_Olen
Dima_Olen collected $3.80 from pot
Dima_Olen: doesn't show hand 
*** SUMMARY ***
Total pot $4 | Rake $0.20 
Board [7s Jc Kd]
Seat 5: Mr_Dick666
Seat 1: rao999 folded before Flop (didn't bet)
Seat 2: gudrozd folded before Flop (didn't bet)
Seat 3: EyzRED (button) folded before Flop (didn't bet)
Seat 4: Dima_Olen (small blind) collected ($3.80)
Seat 6: paramourx (big blind) folded on the Flop



PokerStars Hand #254689414419:  Hold'em No Limit ($0.50/$1.00 USD) - 2025/02/03 17:45:27 WET [2025/02/03 12:45:27 ET]
Table 'Theresia II' 6-max Seat #4 is the button
Seat 5: Rdalonso ($100 in chips) is sitting out
Seat 1: rao999 ($106.62 in chips) 
Seat 2: gudrozd ($104.50 in chips) 
Seat 3: EyzRED ($116.84 in chips) 
Seat 4: Dima_Olen ($35.35 in chips) 
Seat 6: paramourx ($114.11 in chips) 
paramourx: posts small blind $0.50
rao999: posts big blind $1
*** HOLE CARDS ***
gudrozd: raises $1.50 to $2.50
EyzRED: folds 
Dima_Olen: calls $2.50
paramourx: folds 
rao999: calls $1.50
*** FLOP *** [Jh 3h 9s]
rao999: checks 
gudrozd: checks 
Dima_Olen: checks 
*** TURN *** [Jh 3h 9s] [7d]
rao999: bets $5.70
gudrozd: folds 
Dima_Olen: folds 
Uncalled bet ($5.70) returned to rao999
rao999 collected $7.60 from pot
rao999: doesn't show hand 
*** SUMMARY ***
Total pot $8 | Rake $0.40 
Board [Jh 3h 9s 7d]
Seat 5: Rdalonso
Seat 1: rao999 (big blind) collected ($7.60)
Seat 2: gudrozd folded on the Turn
Seat 3: EyzRED folded before Flop (didn't bet)
Seat 4: Dima_Olen (button) folded on the Turn
Seat 6: paramourx (small blind) folded before Flop



PokerStars Hand #254689431093:  Hold'em No Limit ($0.50/$1.00 USD) - 2025/02/03 17:46:30 WET [2025/02/03 12:46:30 ET]
Table 'Theresia II' 6-max Seat #6 is the button
Seat 5: Rdalonso ($100 in chips) is sitting out
Seat 1: rao999 ($111.72 in chips) 
Seat 2: gudrozd ($102 in chips) 
Seat 3: EyzRED ($116.84 in chips) 
Seat 4: Dima_Olen ($32.85 in chips) 
Seat 6: paramourx ($113.61 in chips) 
rao999: posts small blind $0.50
gudrozd: posts big blind $1
Rdalonso: sits out 
*** HOLE CARDS ***
EyzRED: folds 
Dima_Olen: calls $1
paramourx: folds 
rao999: folds 
gudrozd: raises $4 to $5
Dima_Olen: calls $4
*** FLOP *** [Ad 5s 3c]
gudrozd: checks 
Dima_Olen: checks 
*** TURN *** [Ad 5s 3c] [8h]
gudrozd: bets $4.99
Dima_Olen: raises $19.96 to $24.95
gudrozd: folds 
Uncalled bet ($19.96) returned to Dima_Olen
Dima_Olen collected $19.46 from pot
*** SUMMARY ***
Total pot $20.48 | Rake $1.02 
Board [Ad 5s 3c 8h]
Seat 5: Rdalonso
Seat 1: rao999 (small blind) folded before Flop
Seat 2: gudrozd (big blind) folded on the Turn
Seat 3: EyzRED folded before Flop (didn't bet)
Seat 4: Dima_Olen collected ($19.46)
Seat 6: paramourx (button) folded before Flop (didn't bet)



PokerStars Hand #254689442362:  Hold'em No Limit ($0.50/$1.00 USD) - 2025/02/03 17:47:12 WET [2025/02/03 12:47:12 ET]
Table 'Theresia II' 6-max Seat #1 is the button
Seat 5: Rdalonso ($100 in chips) is sitting out
Seat 1: rao999 ($111.22 in chips) 
Seat 2: gudrozd ($100 in chips) 
Seat 3: EyzRED ($116.84 in chips) 
Seat 4: Dima_Olen ($42.32 in chips) 
Seat 6: paramourx ($113.61 in chips) 
gudrozd: posts small blind $0.50
EyzRED: posts big blind $1
Rdalonso: sits out 
*** HOLE CARDS ***
Dima_Olen: calls $1
paramourx: raises $2.50 to $3.50
rao999: folds 
gudrozd: folds 
EyzRED: calls $2.50
Dima_Olen: folds 
*** FLOP *** [8h 9d Ac]
EyzRED: checks 
paramourx: bets $6.30
EyzRED: calls $6.30
*** TURN *** [8h 9d Ac] [5d]
EyzRED: checks 
paramourx: checks 
*** RIVER *** [8h 9d Ac 5d] [4h]
EyzRED: checks 
paramourx: checks 
*** SHOW DOWN ***
EyzRED: shows [2d Ad] (a pair of Aces)
paramourx: mucks hand 
EyzRED collected $20.04 from pot
*** SUMMARY ***
Total pot $21.10 | Rake $1.06 
Board [8h 9d Ac 5d 4h]
Seat 5: Rdalonso
Seat 1: rao999 (button) folded before Flop (didn't bet)
Seat 2: gudrozd (small blind) folded before Flop
Seat 3: EyzRED (big blind) showed [2d Ad] and won ($20.04) with a pair of Aces
Seat 4: Dima_Olen folded before Flop
Seat 6: paramourx mucked



PokerStars Hand #254689464150:  Hold'em No Limit ($0.50/$1.00 USD) - 2025/02/03 17:48:34 WET [2025/02/03 12:48:34 ET]
Table 'Theresia II' 6-max Seat #2 is the button
Seat 5: Rdalonso ($100 in chips) is sitting out
Seat 1: rao999 ($111.22 in chips) 
Seat 2: gudrozd ($100 in chips) 
Seat 3: EyzRED ($127.08 in chips) 
Seat 4: Dima_Olen ($41.32 in chips) 
Seat 6: paramourx ($103.81 in chips) 
EyzRED: posts small blind $0.50
Dima_Olen: posts big blind $1
Rdalonso: sits out 
*** HOLE CARDS ***
paramourx: folds 
rao999: raises $1.50 to $2.50
gudrozd: folds 
EyzRED: folds 
Dima_Olen: calls $1.50
*** FLOP *** [Ac 5h Qc]
Dima_Olen: checks 
rao999: checks 
*** TURN *** [Ac 5h Qc] [Ah]
Dima_Olen: checks 
rao999: checks 
*** RIVER *** [Ac 5h Qc Ah] [9c]
Dima_Olen: checks 
rao999: bets $3.45
Dima_Olen: folds 
Uncalled bet ($3.45) returned to rao999
rao999 collected $5.22 from pot
rao999: doesn't show hand 
*** SUMMARY ***
Total pot $5.50 | Rake $0.28 
Board [Ac 5h Qc Ah 9c]
Seat 5: Rdalonso
Seat 1: rao999 collected ($5.22)
Seat 2: gudrozd (button) folded before Flop (didn't bet)
Seat 3: EyzRED (small blind) folded before Flop
Seat 4: Dima_Olen (big blind) folded on the River
Seat 6: paramourx folded before Flop (didn't bet)



PokerStars Hand #254689485107:  Hold'em No Limit ($0.50/$1.00 USD) - 2025/02/03 17:49:52 WET [2025/02/03 12:49:52 ET]
Table 'Theresia II' 6-max Seat #3 is the button
Seat 1: rao999 ($113.94 in chips) 
Seat 2: gudrozd ($100 in chips) 
Seat 3: EyzRED ($126.58 in chips) 
Seat 4: Dima_Olen ($38.82 in chips) 
Seat 5: Rdalonso ($100 in chips) 
Seat 6: paramourx ($103.81 in chips) 
Dima_Olen: posts small blind $0.50
Rdalonso: posts big blind $1
*** HOLE CARDS ***
paramourx: folds 
rao999: folds 
gudrozd: folds 
EyzRED: folds 
Dima_Olen: calls $0.50
Rdalonso: checks 
*** FLOP *** [Ac Js Ks]
Dima_Olen: checks 
Rdalonso: checks 
*** TURN *** [Ac Js Ks] [6c]
Dima_Olen: bets $1
Rdalonso: calls $1
*** RIVER *** [Ac Js Ks 6c] [7c]
Dima_Olen: checks 
Rdalonso: bets $5.70
Dima_Olen: folds 
Uncalled bet ($5.70) returned to Rdalonso
Rdalonso collected $3.80 from pot
Rdalonso: doesn't show hand 
*** SUMMARY ***
Total pot $4 | Rake $0.20 
Board [Ac Js Ks 6c 7c]
Seat 1: rao999 folded before Flop (didn't bet)
Seat 2: gudrozd folded before Flop (didn't bet)
Seat 3: EyzRED (button) folded before Flop (didn't bet)
Seat 4: Dima_Olen (small blind) folded on the River
Seat 5: Rdalonso (big blind) collected ($3.80)
Seat 6: paramourx folded before Flop (didn't bet)



PokerStars Hand #254689507394:  Hold'em No Limit ($0.50/$1.00 USD) - 2025/02/03 17:51:17 WET [2025/02/03 12:51:17 ET]
Table 'Theresia II' 6-max Seat #4 is the button
Seat 1: rao999 ($113.94 in chips) 
Seat 2: gudrozd ($100 in chips) 
Seat 3: EyzRED ($126.58 in chips) 
Seat 4: Dima_Olen ($36.82 in chips) 
Seat 5: Rdalonso ($101.80 in chips) 
Seat 6: paramourx ($103.81 in chips) 
Rdalonso: posts small blind $0.50
paramourx: posts big blind $1
*** HOLE CARDS ***
rao999: folds 
gudrozd: folds 
EyzRED: folds 
Dima_Olen: raises $35.82 to $36.82 and is all-in
Rdalonso: folds 
paramourx: folds 
Uncalled bet ($35.82) returned to Dima_Olen
Dima_Olen collected $2.50 from pot
*** SUMMARY ***
Total pot $2.50 | Rake $0 
Seat 1: rao999 folded before Flop (didn't bet)
Seat 2: gudrozd folded before Flop (didn't bet)
Seat 3: EyzRED folded before Flop (didn't bet)
Seat 4: Dima_Olen (button) collected ($2.50)
Seat 5: Rdalonso (small blind) folded before Flop
Seat 6: paramourx (big blind) folded before Flop



PokerStars Hand #254689511764:  Hold'em No Limit ($0.50/$1.00 USD) - 2025/02/03 17:51:33 WET [2025/02/03 12:51:33 ET]
Table 'Theresia II' 6-max Seat #5 is the button
Seat 1: rao999 ($113.94 in chips) 
Seat 2: gudrozd ($100 in chips) 
Seat 3: EyzRED ($126.58 in chips) 
Seat 4: Dima_Olen ($38.32 in chips) 
Seat 5: Rdalonso ($101.30 in chips) 
Seat 6: paramourx ($102.81 in chips) 
paramourx: posts small blind $0.50
rao999: posts big blind $1
*** HOLE CARDS ***
gudrozd: folds 
EyzRED: folds 
Dima_Olen: raises $1 to $2
Rdalonso: folds 
paramourx: folds 
rao999: calls $1
*** FLOP *** [Ts 3c 9c]
rao999: checks 
Dima_Olen: bets $1
rao999: calls $1
*** TURN *** [Ts 3c 9c] [8c]
rao999: checks 
Dima_Olen: checks 
*** RIVER *** [Ts 3c 9c 8c] [2d]
rao999: bets $11.50
Dima_Olen: folds 
Uncalled bet ($11.50) returned to rao999
rao999 collected $6.18 from pot
rao999: doesn't show hand 
*** SUMMARY ***
Total pot $6.50 | Rake $0.32 
Board [Ts 3c 9c 8c 2d]
Seat 1: rao999 (big blind) collected ($6.18)
Seat 2: gudrozd folded before Flop (didn't bet)
Seat 3: EyzRED folded before Flop (didn't bet)
Seat 4: Dima_Olen folded on the River
Seat 5: Rdalonso (button) folded before Flop (didn't bet)
Seat 6: paramourx (small blind) folded before Flop



PokerStars Hand #254689528475:  Hold'em No Limit ($0.50/$1.00 USD) - 2025/02/03 17:52:37 WET [2025/02/03 12:52:37 ET]
Table 'Theresia II' 6-max Seat #6 is the button
Seat 1: rao999 ($117.12 in chips) 
Seat 2: gudrozd ($100 in chips) 
Seat 3: EyzRED ($126.58 in chips) 
Seat 4: Dima_Olen ($35.32 in chips) 
Seat 5: Rdalonso ($101.30 in chips) 
Seat 6: paramourx ($102.31 in chips) 
rao999: posts small blind $0.50
gudrozd: posts big blind $1
*** HOLE CARDS ***
EyzRED: raises $1.20 to $2.20
Dima_Olen: calls $2.20
Rdalonso: folds 
paramourx: raises $9.30 to $11.50
rao999: folds 
gudrozd: folds 
EyzRED: folds 
Dima_Olen: folds 
Uncalled bet ($9.30) returned to paramourx
paramourx collected $8.10 from pot
paramourx: doesn't show hand 
*** SUMMARY ***
Total pot $8.10 | Rake $0 
Seat 1: rao999 (small blind) folded before Flop
Seat 2: gudrozd (big blind) folded before Flop
Seat 3: EyzRED folded before Flop
Seat 4: Dima_Olen folded before Flop
Seat 5: Rdalonso folded before Flop (didn't bet)
Seat 6: paramourx (button) collected ($8.10)



PokerStars Hand #254689535327:  Hold'em No Limit ($0.50/$1.00 USD) - 2025/02/03 17:53:02 WET [2025/02/03 12:53:02 ET]
Table 'Theresia II' 6-max Seat #1 is the button
Seat 1: rao999 ($116.62 in chips) 
Seat 2: gudrozd ($100 in chips) 
Seat 3: EyzRED ($124.38 in chips) 
Seat 4: Dima_Olen ($33.12 in chips) 
Seat 5: Rdalonso ($101.30 in chips) 
Seat 6: paramourx ($108.21 in chips) 
gudrozd: posts small blind $0.50
EyzRED: posts big blind $1
*** HOLE CARDS ***
Dima_Olen: raises $32.12 to $33.12 and is all-in
Rdalonso: folds 
paramourx: folds 
rao999: folds 
gudrozd: folds 
EyzRED: folds 
Uncalled bet ($32.12) returned to Dima_Olen
Dima_Olen collected $2.50 from pot
*** SUMMARY ***
Total pot $2.50 | Rake $0 
Seat 1: rao999 (button) folded before Flop (didn't bet)
Seat 2: gudrozd (small blind) folded before Flop
Seat 3: EyzRED (big blind) folded before Flop
Seat 4: Dima_Olen collected ($2.50)
Seat 5: Rdalonso folded before Flop (didn't bet)
Seat 6: paramourx folded before Flop (didn't bet)



PokerStars Hand #254689608793:  Hold'em No Limit ($0.50/$1.00 USD) - 2025/02/03 17:58:35 WET [2025/02/03 12:58:35 ET]
Table 'Theresia II' 6-max Seat #1 is the button
Seat 1: rao999 ($100 in chips) 
Seat 2: gudrozd ($156.86 in chips) 
Seat 3: EyzRED ($100 in chips) 
Seat 4: Dima_Olen ($61.72 in chips) 
Seat 5: Rdalonso ($100 in chips) 
Seat 6: paramourx ($105.21 in chips) 
gudrozd: posts small blind $0.50
EyzRED: posts big blind $1
*** HOLE CARDS ***
Dima_Olen: calls $1
Rdalonso: folds 
paramourx: folds 
rao999: folds 
gudrozd: raises $4 to $5
EyzRED: folds 
Dima_Olen: calls $4
*** FLOP *** [7s 9d Ac]
gudrozd: checks 
Dima_Olen: checks 
*** TURN *** [7s 9d Ac] [Qc]
gudrozd: checks 
Dima_Olen: checks 
*** RIVER *** [7s 9d Ac Qc] [Jc]
gudrozd: checks 
Dima_Olen: checks 
*** SHOW DOWN ***
gudrozd: shows [Tc 9h] (a pair of Nines)
Dima_Olen: mucks hand 
gudrozd collected $10.45 from pot
*** SUMMARY ***
Total pot $11 | Rake $0.55 
Board [7s 9d Ac Qc Jc]
Seat 1: rao999 (button) folded before Flop (didn't bet)
Seat 2: gudrozd (small blind) showed [Tc 9h] and won ($10.45) with a pair of Nines
Seat 3: EyzRED (big blind) folded before Flop
Seat 4: Dima_Olen mucked
Seat 5: Rdalonso folded before Flop (didn't bet)
Seat 6: paramourx folded before Flop (didn't bet)



PokerStars Hand #254689617468:  Hold'em No Limit ($0.50/$1.00 USD) - 2025/02/03 17:59:19 WET [2025/02/03 12:59:19 ET]
Table 'Theresia II' 6-max Seat #2 is the button
Seat 1: rao999 ($100 in chips) 
Seat 2: gudrozd ($162.31 in chips) 
Seat 3: EyzRED ($100 in chips) 
Seat 4: Dima_Olen ($56.72 in chips) 
Seat 5: Rdalonso ($100 in chips) 
Seat 6: paramourx ($105.21 in chips) 
EyzRED: posts small blind $0.50
Dima_Olen: posts big blind $1
*** HOLE CARDS ***
Rdalonso: folds 
paramourx: folds 
rao999: raises $1.50 to $2.50
gudrozd: raises $5.50 to $8
EyzRED: folds 
Dima_Olen: folds 
rao999: calls $5.50
*** FLOP *** [3c 7h 5s]
rao999: checks 
gudrozd: bets $5.48
rao999: folds 
Uncalled bet ($5.48) returned to gudrozd
gudrozd collected $16.62 from pot
gudrozd: doesn't show hand 
*** SUMMARY ***
Total pot $17.50 | Rake $0.88 
Board [3c 7h 5s]
Seat 1: rao999 folded on the Flop
Seat 2: gudrozd (button) collected ($16.62)
Seat 3: EyzRED (small blind) folded before Flop
Seat 4: Dima_Olen (big blind) folded before Flop
Seat 5: Rdalonso folded before Flop (didn't bet)
Seat 6: paramourx folded before Flop (didn't bet)



PokerStars Hand #254689625321:  Hold'em No Limit ($0.50/$1.00 USD) - 2025/02/03 17:59:59 WET [2025/02/03 12:59:59 ET]
Table 'Theresia II' 6-max Seat #3 is the button
Seat 1: rao999 ($100 in chips) 
Seat 2: gudrozd ($170.93 in chips) 
Seat 3: EyzRED ($100 in chips) 
Seat 4: Dima_Olen ($55.72 in chips) 
Seat 5: Rdalonso ($100 in chips) 
Seat 6: paramourx ($105.21 in chips) 
Dima_Olen: posts small blind $0.50
Rdalonso: posts big blind $1
*** HOLE CARDS ***
paramourx: folds 
rao999: folds 
gudrozd: folds 
EyzRED: folds 
Dima_Olen: raises $54.72 to $55.72 and is all-in
Rdalonso: folds 
Uncalled bet ($54.72) returned to Dima_Olen
Dima_Olen collected $2 from pot
*** SUMMARY ***
Total pot $2 | Rake $0 
Seat 1: rao999 folded before Flop (didn't bet)
Seat 2: gudrozd folded before Flop (didn't bet)
Seat 3: EyzRED (button) folded before Flop (didn't bet)
Seat 4: Dima_Olen (small blind) collected ($2)
Seat 5: Rdalonso (big blind) folded before Flop
Seat 6: paramourx folded before Flop (didn't bet)



PokerStars Hand #254689631605:  Hold'em No Limit ($0.50/$1.00 USD) - 2025/02/03 18:00:31 WET [2025/02/03 13:00:31 ET]
Table 'Theresia II' 6-max Seat #4 is the button
Seat 1: rao999 ($100 in chips) 
Seat 2: gudrozd ($170.93 in chips) 
Seat 3: EyzRED ($100 in chips) 
Seat 4: Dima_Olen ($56.72 in chips) 
Seat 5: Rdalonso ($100 in chips) 
Seat 6: paramourx ($105.21 in chips) 
Rdalonso: posts small blind $0.50
paramourx: posts big blind $1
*** HOLE CARDS ***
rao999: raises $1.50 to $2.50
gudrozd: folds 
EyzRED: raises $5 to $7.50
Dima_Olen: folds 
Rdalonso: folds 
paramourx: folds 
rao999: raises $15.50 to $23
EyzRED: folds 
Uncalled bet ($15.50) returned to rao999
rao999 collected $16.50 from pot
rao999: doesn't show hand 
*** SUMMARY ***
Total pot $16.50 | Rake $0 
Seat 1: rao999 collected ($16.50)
Seat 2: gudrozd folded before Flop (didn't bet)
Seat 3: EyzRED folded before Flop
Seat 4: Dima_Olen (button) folded before Flop (didn't bet)
Seat 5: Rdalonso (small blind) folded before Flop
Seat 6: paramourx (big blind) folded before Flop



PokerStars Hand #254689640515:  Hold'em No Limit ($0.50/$1.00 USD) - 2025/02/03 18:01:11 WET [2025/02/03 13:01:11 ET]
Table 'Theresia II' 6-max Seat #5 is the button
Seat 1: rao999 ($109 in chips) 
Seat 2: gudrozd ($170.93 in chips) 
Seat 3: EyzRED ($100 in chips) 
Seat 4: Dima_Olen ($56.72 in chips) 
Seat 5: Rdalonso ($100 in chips) 
Seat 6: paramourx ($104.21 in chips) 
paramourx: posts small blind $0.50
rao999: posts big blind $1
*** HOLE CARDS ***
gudrozd: folds 
EyzRED: folds 
Dima_Olen: calls $1
Rdalonso: folds 
paramourx: folds 
rao999: checks 
*** FLOP *** [5h 8c Qd]
rao999: checks 
Dima_Olen: checks 
*** TURN *** [5h 8c Qd] [7h]
rao999: bets $1.79
Dima_Olen: calls $1.79
*** RIVER *** [5h 8c Qd 7h] [7d]
rao999: checks 
Dima_Olen: bets $53.93 and is all-in
rao999: folds 
Uncalled bet ($53.93) returned to Dima_Olen
Dima_Olen collected $5.78 from pot
*** SUMMARY ***
Total pot $6.08 | Rake $0.30 
Board [5h 8c Qd 7h 7d]
Seat 1: rao999 (big blind) folded on the River
Seat 2: gudrozd folded before Flop (didn't bet)
Seat 3: EyzRED folded before Flop (didn't bet)
Seat 4: Dima_Olen collected ($5.78)
Seat 5: Rdalonso (button) folded before Flop (didn't bet)
Seat 6: paramourx (small blind) folded before Flop



PokerStars Hand #254689658217:  Hold'em No Limit ($0.50/$1.00 USD) - 2025/02/03 18:02:23 WET [2025/02/03 13:02:23 ET]
Table 'Theresia II' 6-max Seat #6 is the button
Seat 1: rao999 ($106.21 in chips) 
Seat 2: gudrozd ($170.93 in chips) 
Seat 3: EyzRED ($100 in chips) 
Seat 4: Dima_Olen ($59.71 in chips) 
Seat 5: Rdalonso ($100 in chips) 
Seat 6: paramourx ($103.71 in chips) 
rao999: posts small blind $0.50
gudrozd: posts big blind $1
*** HOLE CARDS ***
EyzRED: folds 
Dima_Olen: calls $1
Rdalonso: folds 
paramourx: raises $4 to $5
rao999: folds 
gudrozd: folds 
Dima_Olen: calls $4
*** FLOP *** [5c Kd 6s]
Dima_Olen: checks 
paramourx: bets $3.39
Dima_Olen: folds 
Uncalled bet ($3.39) returned to paramourx
paramourx collected $10.92 from pot
paramourx: doesn't show hand 
*** SUMMARY ***
Total pot $11.50 | Rake $0.58 
Board [5c Kd 6s]
Seat 1: rao999 (small blind) folded before Flop
Seat 2: gudrozd (big blind) folded before Flop
Seat 3: EyzRED folded before Flop (didn't bet)
Seat 4: Dima_Olen folded on the Flop
Seat 5: Rdalonso folded before Flop (didn't bet)
Seat 6: paramourx (button) collected ($10.92)



PokerStars Hand #254689671218:  Hold'em No Limit ($0.50/$1.00 USD) - 2025/02/03 18:03:12 WET [2025/02/03 13:03:12 ET]
Table 'Theresia II' 6-max Seat #1 is the button
Seat 1: rao999 ($105.71 in chips) 
Seat 2: gudrozd ($169.93 in chips) 
Seat 3: EyzRED ($100 in chips) 
Seat 4: Dima_Olen ($54.71 in chips) 
Seat 5: Rdalonso ($100 in chips) 
Seat 6: paramourx ($109.63 in chips) 
gudrozd: posts small blind $0.50
EyzRED: posts big blind $1
*** HOLE CARDS ***
Dima_Olen: calls $1
Rdalonso: raises $4 to $5
paramourx: folds 
rao999: folds 
gudrozd: folds 
EyzRED: folds 
Dima_Olen: folds 
Uncalled bet ($4) returned to Rdalonso
Rdalonso collected $3.50 from pot
Rdalonso: doesn't show hand 
*** SUMMARY ***
Total pot $3.50 | Rake $0 
Seat 1: rao999 (button) folded before Flop (didn't bet)
Seat 2: gudrozd (small blind) folded before Flop
Seat 3: EyzRED (big blind) folded before Flop
Seat 4: Dima_Olen folded before Flop
Seat 5: Rdalonso collected ($3.50)
Seat 6: paramourx folded before Flop (didn't bet)



PokerStars Hand #254689677898:  Hold'em No Limit ($0.50/$1.00 USD) - 2025/02/03 18:03:38 WET [2025/02/03 13:03:38 ET]
Table 'Theresia II' 6-max Seat #2 is the button
Seat 1: rao999 ($105.71 in chips) 
Seat 2: gudrozd ($169.43 in chips) 
Seat 3: EyzRED ($100 in chips) 
Seat 4: Dima_Olen ($53.71 in chips) 
Seat 5: Rdalonso ($102.50 in chips) 
Seat 6: paramourx ($109.63 in chips) 
EyzRED: posts small blind $0.50
Dima_Olen: posts big blind $1
*** HOLE CARDS ***
Rdalonso: folds 
paramourx: folds 
rao999: folds 
gudrozd: folds 
EyzRED: raises $2 to $3
Dima_Olen: raises $2 to $5
EyzRED: calls $2
*** FLOP *** [8h 9s 3c]
EyzRED: checks 
Dima_Olen: bets $9.50
EyzRED: calls $9.50
*** TURN *** [8h 9s 3c] [7c]
EyzRED: checks 
Dima_Olen: bets $39.21 and is all-in
EyzRED: folds 
Uncalled bet ($39.21) returned to Dima_Olen
Dima_Olen collected $27.55 from pot
*** SUMMARY ***
Total pot $29 | Rake $1.45 
Board [8h 9s 3c 7c]
Seat 1: rao999 folded before Flop (didn't bet)
Seat 2: gudrozd (button) folded before Flop (didn't bet)
Seat 3: EyzRED (small blind) folded on the Turn
Seat 4: Dima_Olen (big blind) collected ($27.55)
Seat 5: Rdalonso folded before Flop (didn't bet)
Seat 6: paramourx folded before Flop (didn't bet)



PokerStars Hand #254689697691:  Hold'em No Limit ($0.50/$1.00 USD) - 2025/02/03 18:04:51 WET [2025/02/03 13:04:51 ET]
Table 'Theresia II' 6-max Seat #3 is the button
Seat 1: rao999 ($105.71 in chips) 
Seat 2: gudrozd ($169.43 in chips) 
Seat 3: EyzRED ($100 in chips) 
Seat 4: Dima_Olen ($66.76 in chips) 
Seat 5: Rdalonso ($102.50 in chips) 
Seat 6: paramourx ($109.63 in chips) 
Dima_Olen: posts small blind $0.50
Rdalonso: posts big blind $1
*** HOLE CARDS ***
paramourx: folds 
rao999: raises $1.50 to $2.50
gudrozd: folds 
EyzRED: folds 
Dima_Olen: calls $2
Rdalonso: folds 
*** FLOP *** [Tc 6c 7d]
Dima_Olen: bets $1
rao999: calls $1
*** TURN *** [Tc 6c 7d] [Jc]
Dima_Olen: bets $7.60
rao999: calls $7.60
*** RIVER *** [Tc 6c 7d Jc] [7s]
Dima_Olen: bets $55.66 and is all-in
rao999: folds 
Uncalled bet ($55.66) returned to Dima_Olen
Dima_Olen collected $22.04 from pot
*** SUMMARY ***
Total pot $23.20 | Rake $1.16 
Board [Tc 6c 7d Jc 7s]
Seat 1: rao999 folded on the River
Seat 2: gudrozd folded before Flop (didn't bet)
Seat 3: EyzRED (button) folded before Flop (didn't bet)
Seat 4: Dima_Olen (small blind) collected ($22.04)
Seat 5: Rdalonso (big blind) folded before Flop
Seat 6: paramourx folded before Flop (didn't bet)



PokerStars Hand #254689708693:  Hold'em No Limit ($0.50/$1.00 USD) - 2025/02/03 18:05:31 WET [2025/02/03 13:05:31 ET]
Table 'Theresia II' 6-max Seat #4 is the button
Seat 1: rao999 ($100 in chips) 
Seat 2: gudrozd ($169.43 in chips) 
Seat 3: EyzRED ($100 in chips) 
Seat 4: Dima_Olen ($77.70 in chips) 
Seat 5: Rdalonso ($101.50 in chips) 
Seat 6: paramourx ($109.63 in chips) 
Rdalonso: posts small blind $0.50
paramourx: posts big blind $1
*** HOLE CARDS ***
rao999: raises $1.50 to $2.50
gudrozd: folds 
EyzRED: folds 
Dima_Olen: calls $2.50
Rdalonso: folds 
paramourx: calls $1.50
*** FLOP *** [Qh 8h 9h]
paramourx: checks 
rao999: checks 
Dima_Olen: bets $7.60
paramourx: folds 
rao999: folds 
Uncalled bet ($7.60) returned to Dima_Olen
Dima_Olen collected $7.60 from pot
*** SUMMARY ***
Total pot $8 | Rake $0.40 
Board [Qh 8h 9h]
Seat 1: rao999 folded on the Flop
Seat 2: gudrozd folded before Flop (didn't bet)
Seat 3: EyzRED folded before Flop (didn't bet)
Seat 4: Dima_Olen (button) collected ($7.60)
Seat 5: Rdalonso (small blind) folded before Flop
Seat 6: paramourx (big blind) folded on the Flop



PokerStars Hand #254689726991:  Hold'em No Limit ($0.50/$1.00 USD) - 2025/02/03 18:06:39 WET [2025/02/03 13:06:39 ET]
Table 'Theresia II' 6-max Seat #5 is the button
Seat 1: rao999 ($100 in chips) 
Seat 2: gudrozd ($169.43 in chips) 
Seat 3: EyzRED ($100 in chips) 
Seat 4: Dima_Olen ($82.80 in chips) 
Seat 5: Rdalonso ($101 in chips) 
Seat 6: paramourx ($107.13 in chips) 
paramourx: posts small blind $0.50
rao999: posts big blind $1
*** HOLE CARDS ***
gudrozd: folds 
EyzRED: folds 
Dima_Olen: calls $1
Rdalonso: raises $4 to $5
paramourx: folds 
rao999: folds 
Dima_Olen: calls $4
*** FLOP *** [4s 8h 6c]
Dima_Olen: bets $1
Rdalonso: calls $1
*** TURN *** [4s 8h 6c] [Jc]
Dima_Olen: checks 
Rdalonso: bets $9.60
Dima_Olen: folds 
Uncalled bet ($9.60) returned to Rdalonso
Rdalonso collected $12.82 from pot
Rdalonso: doesn't show hand 
*** SUMMARY ***
Total pot $13.50 | Rake $0.68 
Board [4s 8h 6c Jc]
Seat 1: rao999 (big blind) folded before Flop
Seat 2: gudrozd folded before Flop (didn't bet)
Seat 3: EyzRED folded before Flop (didn't bet)
Seat 4: Dima_Olen folded on the Turn
Seat 5: Rdalonso (button) collected ($12.82)
Seat 6: paramourx (small blind) folded before Flop



PokerStars Hand #254689748413:  Hold'em No Limit ($0.50/$1.00 USD) - 2025/02/03 18:07:58 WET [2025/02/03 13:07:58 ET]
Table 'Theresia II' 6-max Seat #6 is the button
Seat 1: rao999 ($100 in chips) 
Seat 2: gudrozd ($169.43 in chips) 
Seat 3: EyzRED ($100 in chips) 
Seat 4: Dima_Olen ($76.80 in chips) 
Seat 5: Rdalonso ($107.82 in chips) 
Seat 6: paramourx ($106.63 in chips) 
rao999: posts small blind $0.50
gudrozd: posts big blind $1
*** HOLE CARDS ***
EyzRED: folds 
Dima_Olen: folds 
Rdalonso: raises $1.50 to $2.50
paramourx: folds 
rao999: folds 
gudrozd: folds 
Uncalled bet ($1.50) returned to Rdalonso
Rdalonso collected $2.50 from pot
Rdalonso: doesn't show hand 
*** SUMMARY ***
Total pot $2.50 | Rake $0 
Seat 1: rao999 (small blind) folded before Flop
Seat 2: gudrozd (big blind) folded before Flop
Seat 3: EyzRED folded before Flop (didn't bet)
Seat 4: Dima_Olen folded before Flop (didn't bet)
Seat 5: Rdalonso collected ($2.50)
Seat 6: paramourx (button) folded before Flop (didn't bet)



PokerStars Hand #254689755208:  Hold'em No Limit ($0.50/$1.00 USD) - 2025/02/03 18:08:23 WET [2025/02/03 13:08:23 ET]
Table 'Theresia II' 6-max Seat #1 is the button
Seat 1: rao999 ($100 in chips) 
Seat 2: gudrozd ($168.43 in chips) 
Seat 3: EyzRED ($100 in chips) 
Seat 4: Dima_Olen ($76.80 in chips) 
Seat 5: Rdalonso ($109.32 in chips) 
Seat 6: paramourx ($106.63 in chips) 
gudrozd: posts small blind $0.50
EyzRED: posts big blind $1
*** HOLE CARDS ***
Dima_Olen: calls $1
Rdalonso: folds 
paramourx: folds 
rao999: folds 
gudrozd: raises $4 to $5
EyzRED: folds 
Dima_Olen: calls $4
*** FLOP *** [6c 5h Kh]
gudrozd: bets $3.45
Dima_Olen: raises $3.45 to $6.90
gudrozd: calls $3.45
*** TURN *** [6c 5h Kh] [Ac]
gudrozd: checks 
Dima_Olen: checks 
*** RIVER *** [6c 5h Kh Ac] [Ks]
gudrozd: checks 
Dima_Olen: bets $64.90 and is all-in
gudrozd: folds 
Uncalled bet ($64.90) returned to Dima_Olen
Dima_Olen collected $23.56 from pot
*** SUMMARY ***
Total pot $24.80 | Rake $1.24 
Board [6c 5h Kh Ac Ks]
Seat 1: rao999 (button) folded before Flop (didn't bet)
Seat 2: gudrozd (small blind) folded on the River
Seat 3: EyzRED (big blind) folded before Flop
Seat 4: Dima_Olen collected ($23.56)
Seat 5: Rdalonso folded before Flop (didn't bet)
Seat 6: paramourx folded before Flop (didn't bet)



PokerStars Hand #254689773074:  Hold'em No Limit ($0.50/$1.00 USD) - 2025/02/03 18:09:29 WET [2025/02/03 13:09:29 ET]
Table 'Theresia II' 6-max Seat #2 is the button
Seat 1: rao999 ($100 in chips) 
Seat 2: gudrozd ($156.53 in chips) 
Seat 3: EyzRED ($100 in chips) 
Seat 4: Dima_Olen ($88.46 in chips) 
Seat 5: Rdalonso ($109.32 in chips) 
Seat 6: paramourx ($106.63 in chips) 
EyzRED: posts small blind $0.50
Dima_Olen: posts big blind $1
*** HOLE CARDS ***
Rdalonso: folds 
paramourx: folds 
rao999: folds 
gudrozd: raises $1.50 to $2.50
EyzRED: folds 
Dima_Olen: calls $1.50
*** FLOP *** [5c Ah 4s]
Dima_Olen: checks 
gudrozd: bets $1.72
Dima_Olen: calls $1.72
*** TURN *** [5c Ah 4s] [Ts]
Dima_Olen: checks 
gudrozd: checks 
*** RIVER *** [5c Ah 4s Ts] [4h]
Dima_Olen: checks 
gudrozd: checks 
*** SHOW DOWN ***
Dima_Olen: shows [3h Js] (a pair of Fours)
gudrozd: shows [3s 3c] (two pair, Fours and Threes)
gudrozd collected $8.49 from pot
*** SUMMARY ***
Total pot $8.94 | Rake $0.45 
Board [5c Ah 4s Ts 4h]
Seat 1: rao999 folded before Flop (didn't bet)
Seat 2: gudrozd (button) showed [3s 3c] and won ($8.49) with two pair, Fours and Threes
Seat 3: EyzRED (small blind) folded before Flop
Seat 4: Dima_Olen (big blind) showed [3h Js] and lost with a pair of Fours
Seat 5: Rdalonso folded before Flop (didn't bet)
Seat 6: paramourx folded before Flop (didn't bet)



PokerStars Hand #254689790310:  Hold'em No Limit ($0.50/$1.00 USD) - 2025/02/03 18:10:33 WET [2025/02/03 13:10:33 ET]
Table 'Theresia II' 6-max Seat #3 is the button
Seat 1: rao999 ($100 in chips) 
Seat 2: gudrozd ($160.80 in chips) 
Seat 3: EyzRED ($100 in chips) 
Seat 4: Dima_Olen ($84.24 in chips) 
Seat 5: Rdalonso ($109.32 in chips) 
Seat 6: paramourx ($106.63 in chips) 
Dima_Olen: posts small blind $0.50
Rdalonso: posts big blind $1
*** HOLE CARDS ***
paramourx: folds 
rao999: raises $1.50 to $2.50
gudrozd: folds 
EyzRED: folds 
Dima_Olen: calls $2
Rdalonso: folds 
*** FLOP *** [4h Jc 8s]
Dima_Olen: checks 
rao999: checks 
*** TURN *** [4h Jc 8s] [8h]
Dima_Olen: checks 
rao999: checks 
*** RIVER *** [4h Jc 8s 8h] [2d]
Dima_Olen: checks 
rao999: bets $7.50
Dima_Olen: folds 
Uncalled bet ($7.50) returned to rao999
rao999 collected $5.70 from pot
rao999: doesn't show hand 
*** SUMMARY ***
Total pot $6 | Rake $0.30 
Board [4h Jc 8s 8h 2d]
Seat 1: rao999 collected ($5.70)
Seat 2: gudrozd folded before Flop (didn't bet)
Seat 3: EyzRED (button) folded before Flop (didn't bet)
Seat 4: Dima_Olen (small blind) folded on the River
Seat 5: Rdalonso (big blind) folded before Flop
Seat 6: paramourx folded before Flop (didn't bet)



PokerStars Hand #254689803720:  Hold'em No Limit ($0.50/$1.00 USD) - 2025/02/03 18:11:22 WET [2025/02/03 13:11:22 ET]
Table 'Theresia II' 6-max Seat #4 is the button
Seat 1: rao999 ($103.20 in chips) 
Seat 2: gudrozd ($160.80 in chips) 
Seat 3: EyzRED ($100 in chips) 
Seat 4: Dima_Olen ($81.74 in chips) 
Seat 5: Rdalonso ($108.32 in chips) 
Seat 6: paramourx ($106.63 in chips) 
Rdalonso: posts small blind $0.50
paramourx: posts big blind $1
*** HOLE CARDS ***
rao999: folds 
gudrozd: folds 
EyzRED: folds 
Dima_Olen: calls $1
Rdalonso: folds 
paramourx: checks 
*** FLOP *** [5s Ad Qh]
paramourx: checks 
Dima_Olen: checks 
*** TURN *** [5s Ad Qh] [8h]
paramourx: bets $1.86
Dima_Olen: calls $1.86
*** RIVER *** [5s Ad Qh 8h] [Jd]
paramourx: bets $4.61
Dima_Olen: folds 
Uncalled bet ($4.61) returned to paramourx
paramourx collected $5.91 from pot
paramourx: doesn't show hand 
*** SUMMARY ***
Total pot $6.22 | Rake $0.31 
Board [5s Ad Qh 8h Jd]
Seat 1: rao999 folded before Flop (didn't bet)
Seat 2: gudrozd folded before Flop (didn't bet)
Seat 3: EyzRED folded before Flop (didn't bet)
Seat 4: Dima_Olen (button) folded on the River
Seat 5: Rdalonso (small blind) folded before Flop
Seat 6: paramourx (big blind) collected ($5.91)



PokerStars Hand #254689817203:  Hold'em No Limit ($0.50/$1.00 USD) - 2025/02/03 18:12:11 WET [2025/02/03 13:12:11 ET]
Table 'Theresia II' 6-max Seat #5 is the button
Seat 1: rao999 ($103.20 in chips) 
Seat 2: gudrozd ($160.80 in chips) 
Seat 3: EyzRED ($100 in chips) 
Seat 4: Dima_Olen ($78.88 in chips) 
Seat 5: Rdalonso ($107.82 in chips) 
Seat 6: paramourx ($109.68 in chips) 
paramourx: posts small blind $0.50
rao999: posts big blind $1
*** HOLE CARDS ***
gudrozd: folds 
EyzRED: folds 
Dima_Olen: calls $1
Rdalonso: folds 
paramourx: folds 
rao999: checks 
*** FLOP *** [3c Jc Qs]
rao999: checks 
Dima_Olen: checks 
*** TURN *** [3c Jc Qs] [Ts]
rao999: checks 
Dima_Olen: checks 
*** RIVER *** [3c Jc Qs Ts] [Tc]
rao999: checks 
Dima_Olen: checks 
*** SHOW DOWN ***
rao999: shows [Ad 7s] (a pair of Tens)
Dima_Olen: shows [As 2c] (a pair of Tens)
rao999 collected $1.19 from pot
Dima_Olen collected $1.19 from pot
*** SUMMARY ***
Total pot $2.50 | Rake $0.12 
Board [3c Jc Qs Ts Tc]
Seat 1: rao999 (big blind) showed [Ad 7s] and won ($1.19) with a pair of Tens
Seat 2: gudrozd folded before Flop (didn't bet)
Seat 3: EyzRED folded before Flop (didn't bet)
Seat 4: Dima_Olen showed [As 2c] and won ($1.19) with a pair of Tens
Seat 5: Rdalonso (button) folded before Flop (didn't bet)
Seat 6: paramourx (small blind) folded before Flop



PokerStars Hand #254689829559:  Hold'em No Limit ($0.50/$1.00 USD) - 2025/02/03 18:12:56 WET [2025/02/03 13:12:56 ET]
Table 'Theresia II' 6-max Seat #6 is the button
Seat 1: rao999 ($103.39 in chips) 
Seat 2: gudrozd ($160.80 in chips) 
Seat 3: EyzRED ($100 in chips) 
Seat 4: Dima_Olen ($79.07 in chips) 
Seat 5: Rdalonso ($107.82 in chips) 
Seat 6: paramourx ($109.18 in chips) 
rao999: posts small blind $0.50
gudrozd: posts big blind $1
*** HOLE CARDS ***
EyzRED: raises $1.20 to $2.20
Dima_Olen: calls $2.20
Rdalonso: folds 
paramourx: folds 
rao999: folds 
gudrozd: calls $1.20
*** FLOP *** [Kd 6h 7s]
gudrozd: checks 
EyzRED: checks 
Dima_Olen: bets $6.74
gudrozd: folds 
EyzRED: calls $6.74
*** TURN *** [Kd 6h 7s] [2s]
EyzRED: checks 
Dima_Olen: bets $19.55
EyzRED: calls $19.55
*** RIVER *** [Kd 6h 7s 2s] [Jd]
EyzRED: checks 
Dima_Olen: bets $50.58 and is all-in
EyzRED: calls $50.58
*** SHOW DOWN ***
Dima_Olen: shows [Kh 6d] (two pair, Kings and Sixes)
EyzRED: shows [Jh Kc] (two pair, Kings and Jacks)
EyzRED collected $158.34 from pot
*** SUMMARY ***
Total pot $160.84 | Rake $2.50 
Board [Kd 6h 7s 2s Jd]
Seat 1: rao999 (small blind) folded before Flop
Seat 2: gudrozd (big blind) folded on the Flop
Seat 3: EyzRED showed [Jh Kc] and won ($158.34) with two pair, Kings and Jacks
Seat 4: Dima_Olen showed [Kh 6d] and lost with two pair, Kings and Sixes
Seat 5: Rdalonso folded before Flop (didn't bet)
Seat 6: paramourx (button) folded before Flop (didn't bet)



PokerStars Hand #254689854579:  Hold'em No Limit ($0.50/$1.00 USD) - 2025/02/03 18:14:26 WET [2025/02/03 13:14:26 ET]
Table 'Theresia II' 6-max Seat #1 is the button
Seat 4: Dima_Olen ($0 in chips) is sitting out
Seat 1: rao999 ($102.89 in chips) 
Seat 2: gudrozd ($158.60 in chips) 
Seat 3: EyzRED ($179.27 in chips) 
Seat 5: Rdalonso ($107.82 in chips) 
Seat 6: paramourx ($109.18 in chips) 
gudrozd: posts small blind $0.50
EyzRED: posts big blind $1
*** HOLE CARDS ***
Dima_Olen is disconnected 
Rdalonso: raises $1.50 to $2.50
paramourx: folds 
rao999: folds 
gudrozd: folds 
EyzRED: folds 
Uncalled bet ($1.50) returned to Rdalonso
Rdalonso collected $2.50 from pot
Rdalonso: doesn't show hand 
*** SUMMARY ***
Total pot $2.50 | Rake $0 
Seat 4: Dima_Olen
Seat 1: rao999 (button) folded before Flop (didn't bet)
Seat 2: gudrozd (small blind) folded before Flop
Seat 3: EyzRED (big blind) folded before Flop
Seat 5: Rdalonso collected ($2.50)
Seat 6: paramourx folded before Flop (didn't bet)



PokerStars Hand #254689860643:  Hold'em No Limit ($0.50/$1.00 USD) - 2025/02/03 18:14:48 WET [2025/02/03 13:14:48 ET]
Table 'Theresia II' 6-max Seat #2 is the button
Seat 4: Dima_Olen ($0 in chips) is sitting out
Seat 1: rao999 ($102.89 in chips) 
Seat 2: gudrozd ($158.10 in chips) 
Seat 3: EyzRED ($178.27 in chips) 
Seat 5: Rdalonso ($109.32 in chips) 
Seat 6: paramourx ($109.18 in chips) 
EyzRED: posts small blind $0.50
Rdalonso: posts big blind $1
*** HOLE CARDS ***
paramourx: folds 
rao999: folds 
gudrozd: raises $1.50 to $2.50
EyzRED: folds 
Rdalonso: calls $1.50
*** FLOP *** [4s Qh 8c]
Rdalonso: checks 
gudrozd: checks 
*** TURN *** [4s Qh 8c] [3d]
Rdalonso: bets $3.45
gudrozd: calls $3.45
*** RIVER *** [4s Qh 8c 3d] [Qs]
Rdalonso: checks 
gudrozd: bets $8.84
Rdalonso: folds 
Uncalled bet ($8.84) returned to gudrozd
gudrozd collected $11.78 from pot
gudrozd: doesn't show hand 
*** SUMMARY ***
Total pot $12.40 | Rake $0.62 
Board [4s Qh 8c 3d Qs]
Seat 4: Dima_Olen
Seat 1: rao999 folded before Flop (didn't bet)
Seat 2: gudrozd (button) collected ($11.78)
Seat 3: EyzRED (small blind) folded before Flop
Seat 5: Rdalonso (big blind) folded on the River
Seat 6: paramourx folded before Flop (didn't bet)



PokerStars Hand #254689881672:  Hold'em No Limit ($0.50/$1.00 USD) - 2025/02/03 18:16:04 WET [2025/02/03 13:16:04 ET]
Table 'Theresia II' 6-max Seat #3 is the button
Seat 4: Dima_Olen ($0 in chips) is sitting out
Seat 1: rao999 ($102.89 in chips) 
Seat 2: gudrozd ($163.93 in chips) 
Seat 3: EyzRED ($177.77 in chips) 
Seat 5: Rdalonso ($103.37 in chips) 
Seat 6: paramourx ($109.18 in chips) 
Rdalonso: posts small blind $0.50
paramourx: posts big blind $1
*** HOLE CARDS ***
rao999: folds 
gudrozd: folds 
EyzRED: folds 
Rdalonso: folds 
Uncalled bet ($0.50) returned to paramourx
paramourx collected $1 from pot
paramourx: doesn't show hand 
*** SUMMARY ***
Total pot $1 | Rake $0 
Seat 4: Dima_Olen
Seat 1: rao999 folded before Flop (didn't bet)
Seat 2: gudrozd folded before Flop (didn't bet)
Seat 3: EyzRED (button) folded before Flop (didn't bet)
Seat 5: Rdalonso (small blind) folded before Flop
Seat 6: paramourx (big blind) collected ($1)



PokerStars Hand #254689884157:  Hold'em No Limit ($0.50/$1.00 USD) - 2025/02/03 18:16:13 WET [2025/02/03 13:16:13 ET]
Table 'Theresia II' 6-max Seat #5 is the button
Seat 4: Dima_Olen ($0 in chips) is sitting out
Seat 1: rao999 ($102.89 in chips) 
Seat 2: gudrozd ($163.93 in chips) 
Seat 3: EyzRED ($177.77 in chips) 
Seat 5: Rdalonso ($102.87 in chips) 
Seat 6: paramourx ($109.68 in chips) 
paramourx: posts small blind $0.50
rao999: posts big blind $1
*** HOLE CARDS ***
gudrozd: folds 
EyzRED: raises $1.20 to $2.20
Rdalonso: raises $5.30 to $7.50
paramourx: folds 
rao999: folds 
EyzRED: folds 
Uncalled bet ($5.30) returned to Rdalonso
Rdalonso collected $5.90 from pot
Rdalonso: doesn't show hand 
*** SUMMARY ***
Total pot $5.90 | Rake $0 
Seat 4: Dima_Olen
Seat 1: rao999 (big blind) folded before Flop
Seat 2: gudrozd folded before Flop (didn't bet)
Seat 3: EyzRED folded before Flop
Seat 5: Rdalonso (button) collected ($5.90)
Seat 6: paramourx (small blind) folded before Flop



PokerStars Hand #254689891642:  Hold'em No Limit ($0.50/$1.00 USD) - 2025/02/03 18:16:39 WET [2025/02/03 13:16:39 ET]
Table 'Theresia II' 6-max Seat #6 is the button
Seat 4: Dima_Olen ($0 in chips) is sitting out
Seat 1: rao999 ($101.89 in chips) 
Seat 2: gudrozd ($163.93 in chips) 
Seat 3: EyzRED ($175.57 in chips) 
Seat 5: Rdalonso ($106.57 in chips) 
Seat 6: paramourx ($109.18 in chips) 
rao999: posts small blind $0.50
gudrozd: posts big blind $1
*** HOLE CARDS ***
EyzRED: folds 
Rdalonso: folds 
paramourx: folds 
EyzRED leaves the table
rao999: raises $2 to $3
gudrozd: calls $2
*** FLOP *** [Ac Ah 3d]
rao999: bets $1.43
gudrozd: calls $1.43
*** TURN *** [Ac Ah 3d] [5s]
rao999: bets $8.50
gudrozd: calls $8.50
*** RIVER *** [Ac Ah 3d 5s] [3s]
rao999: checks 
gudrozd: bets $18.43
rao999: folds 
Uncalled bet ($18.43) returned to gudrozd
gudrozd collected $24.57 from pot
gudrozd: doesn't show hand 
*** SUMMARY ***
Total pot $25.86 | Rake $1.29 
Board [Ac Ah 3d 5s 3s]
Seat 4: Dima_Olen
Seat 1: rao999 (small blind) folded on the River
Seat 2: gudrozd (big blind) collected ($24.57)
Seat 3: EyzRED folded before Flop (didn't bet)
Seat 5: Rdalonso folded before Flop (didn't bet)
Seat 6: paramourx (button) folded before Flop (didn't bet)



PokerStars Hand #254689907986:  Hold'em No Limit ($0.50/$1.00 USD) - 2025/02/03 18:17:37 WET [2025/02/03 13:17:37 ET]
Table 'Theresia II' 6-max Seat #1 is the button
Seat 4: Dima_Olen ($0 in chips) is sitting out
Seat 5: Rdalonso ($106.57 in chips) is sitting out
Seat 1: rao999 ($100 in chips) 
Seat 2: gudrozd ($175.57 in chips) 
Seat 6: paramourx ($109.18 in chips) 
gudrozd: posts small blind $0.50
Rdalonso: is sitting out 
paramourx: posts big blind $1
*** HOLE CARDS ***
rao999: raises $1.50 to $2.50
gudrozd: folds 
RedEyeJedi444 joins the table at seat #3 
RedEyeJedi444 is disconnected 
paramourx: calls $1.50
*** FLOP *** [Jh 8d Ks]
gudrozd leaves the table
Rdalonso leaves the table
paramourx: checks 
rao999: bets $1.72
vadjkeee joins the table at seat #5 
arthurect10 joins the table at seat #2 
paramourx: calls $1.72
*** TURN *** [Jh 8d Ks] [Jc]
paramourx: checks 
rao999: checks 
*** RIVER *** [Jh 8d Ks Jc] [3c]
paramourx: bets $13.16
rao999: folds 
Uncalled bet ($13.16) returned to paramourx
paramourx collected $8.49 from pot
paramourx: doesn't show hand 
*** SUMMARY ***
Total pot $8.94 | Rake $0.45 
Board [Jh 8d Ks Jc 3c]
Seat 4: Dima_Olen
Seat 5: Rdalonso
Seat 1: rao999 (button) folded on the River
Seat 2: gudrozd (small blind) folded before Flop
Seat 6: paramourx (big blind) collected ($8.49)



PokerStars Hand #254689923024:  Hold'em No Limit ($0.50/$1.00 USD) - 2025/02/03 18:18:32 WET [2025/02/03 13:18:32 ET]
Table 'Theresia II' 6-max Seat #6 is the button
Seat 4: Dima_Olen ($0 in chips) is sitting out
Seat 5: vadjkeee ($100 in chips) is sitting out
Seat 1: rao999 ($100 in chips) 
Seat 2: arthurect10 ($100 in chips) 
Seat 3: RedEyeJedi444 ($78.32 in chips) 
Seat 6: paramourx ($113.45 in chips) 
rao999: posts small blind $0.50
arthurect10: posts big blind $1
RedEyeJedi444: posts big blind $1
vadjkeee: sits out 
*** HOLE CARDS ***
RedEyeJedi444: checks 
paramourx: folds 
rao999: calls $0.50
arthurect10: checks 
*** FLOP *** [Th Qc 6d]
rao999: checks 
arthurect10: checks 
RedEyeJedi444: bets $2
rao999: calls $2
arthurect10: folds 
*** TURN *** [Th Qc 6d] [Qh]
rao999: checks 
RedEyeJedi444: checks 
*** RIVER *** [Th Qc 6d Qh] [8d]
rao999: bets $4.39
RedEyeJedi444: folds 
Uncalled bet ($4.39) returned to rao999
rao999 collected $6.65 from pot
rao999: doesn't show hand 
*** SUMMARY ***
Total pot $7 | Rake $0.35 
Board [Th Qc 6d Qh 8d]
Seat 4: Dima_Olen
Seat 5: vadjkeee
Seat 1: rao999 (small blind) collected ($6.65)
Seat 2: arthurect10 (big blind) folded on the Flop
Seat 3: RedEyeJedi444 folded on the River
Seat 6: paramourx (button) folded before Flop (didn't bet)



PokerStars Hand #254689946676:  Hold'em No Limit ($0.50/$1.00 USD) - 2025/02/03 18:19:56 WET [2025/02/03 13:19:56 ET]
Table 'Theresia II' 6-max Seat #1 is the button
Seat 4: Dima_Olen ($0 in chips) is sitting out
Seat 5: vadjkeee ($100 in chips) is sitting out
Seat 1: rao999 ($103.65 in chips) 
Seat 2: arthurect10 ($100 in chips) 
Seat 3: RedEyeJedi444 ($75.32 in chips) 
Seat 6: paramourx ($113.45 in chips) 
arthurect10: posts small blind $0.50
RedEyeJedi444: posts big blind $1
vadjkeee: sits out 
*** HOLE CARDS ***
paramourx: folds 
rao999: raises $1.50 to $2.50
arthurect10: folds 
RedEyeJedi444: folds 
Uncalled bet ($1.50) returned to rao999
rao999 collected $2.50 from pot
rao999: doesn't show hand 
*** SUMMARY ***
Total pot $2.50 | Rake $0 
Seat 4: Dima_Olen
Seat 5: vadjkeee
Seat 1: rao999 (button) collected ($2.50)
Seat 2: arthurect10 (small blind) folded before Flop
Seat 3: RedEyeJedi444 (big blind) folded before Flop
Seat 6: paramourx folded before Flop (didn't bet)



PokerStars Hand #254689949691:  Hold'em No Limit ($0.50/$1.00 USD) - 2025/02/03 18:20:07 WET [2025/02/03 13:20:07 ET]
Table 'Theresia II' 6-max Seat #2 is the button
Seat 4: Dima_Olen ($0 in chips) is sitting out
Seat 1: rao999 ($105.15 in chips) 
Seat 2: arthurect10 ($100 in chips) 
Seat 3: RedEyeJedi444 ($74.32 in chips) 
Seat 5: vadjkeee ($100 in chips) 
Seat 6: paramourx ($113.45 in chips) 
RedEyeJedi444: posts small blind $0.50
vadjkeee: posts big blind $1
*** HOLE CARDS ***
paramourx: folds 
rao999: folds 
arthurect10: folds 
RedEyeJedi444: folds 
Uncalled bet ($0.50) returned to vadjkeee
vadjkeee collected $1 from pot
vadjkeee: doesn't show hand 
*** SUMMARY ***
Total pot $1 | Rake $0 
Seat 4: Dima_Olen
Seat 1: rao999 folded before Flop (didn't bet)
Seat 2: arthurect10 (button) folded before Flop (didn't bet)
Seat 3: RedEyeJedi444 (small blind) folded before Flop
Seat 5: vadjkeee (big blind) collected ($1)
Seat 6: paramourx folded before Flop (didn't bet)



PokerStars Hand #254689952921:  Hold'em No Limit ($0.50/$1.00 USD) - 2025/02/03 18:20:18 WET [2025/02/03 13:20:18 ET]
Table 'Theresia II' 6-max Seat #3 is the button
Seat 4: Dima_Olen ($0 in chips) is sitting out
Seat 1: rao999 ($105.15 in chips) 
Seat 2: arthurect10 ($100 in chips) 
Seat 3: RedEyeJedi444 ($73.82 in chips) 
Seat 5: vadjkeee ($100.50 in chips) 
Seat 6: paramourx ($113.45 in chips) 
vadjkeee: posts small blind $0.50
paramourx: posts big blind $1
*** HOLE CARDS ***
rao999: folds 
arthurect10: folds 
RedEyeJedi444: folds 
vadjkeee: folds 
Uncalled bet ($0.50) returned to paramourx
paramourx collected $1 from pot
paramourx: doesn't show hand 
*** SUMMARY ***
Total pot $1 | Rake $0 
Seat 4: Dima_Olen
Seat 1: rao999 folded before Flop (didn't bet)
Seat 2: arthurect10 folded before Flop (didn't bet)
Seat 3: RedEyeJedi444 (button) folded before Flop (didn't bet)
Seat 5: vadjkeee (small blind) folded before Flop
Seat 6: paramourx (big blind) collected ($1)



PokerStars Hand #254689955923:  Hold'em No Limit ($0.50/$1.00 USD) - 2025/02/03 18:20:29 WET [2025/02/03 13:20:29 ET]
Table 'Theresia II' 6-max Seat #5 is the button
Seat 4: Dima_Olen ($0 in chips) is sitting out
Seat 1: rao999 ($105.15 in chips) 
Seat 2: arthurect10 ($100 in chips) 
Seat 3: RedEyeJedi444 ($73.82 in chips) 
Seat 5: vadjkeee ($100 in chips) 
Seat 6: paramourx ($113.95 in chips) 
paramourx: posts small blind $0.50
rao999: posts big blind $1
*** HOLE CARDS ***
arthurect10: folds 
RedEyeJedi444: folds 
vadjkeee: raises $1.50 to $2.50
paramourx: raises $9 to $11.50
rao999: folds 
vadjkeee: folds 
Uncalled bet ($9) returned to paramourx
paramourx collected $6 from pot
paramourx: doesn't show hand 
*** SUMMARY ***
Total pot $6 | Rake $0 
Seat 4: Dima_Olen
Seat 1: rao999 (big blind) folded before Flop
Seat 2: arthurect10 folded before Flop (didn't bet)
Seat 3: RedEyeJedi444 folded before Flop (didn't bet)
Seat 5: vadjkeee (button) folded before Flop
Seat 6: paramourx (small blind) collected ($6)



PokerStars Hand #254689962095:  Hold'em No Limit ($0.50/$1.00 USD) - 2025/02/03 18:20:51 WET [2025/02/03 13:20:51 ET]
Table 'Theresia II' 6-max Seat #6 is the button
Seat 4: Dima_Olen ($0 in chips) is sitting out
Seat 1: rao999 ($104.15 in chips) 
Seat 2: arthurect10 ($100 in chips) 
Seat 3: RedEyeJedi444 ($73.82 in chips) 
Seat 5: vadjkeee ($100 in chips) 
Seat 6: paramourx ($117.45 in chips) 
rao999: posts small blind $0.50
arthurect10: posts big blind $1
*** HOLE CARDS ***
RedEyeJedi444: folds 
vadjkeee: folds 
paramourx: folds 
rao999: folds 
Uncalled bet ($0.50) returned to arthurect10
arthurect10 collected $1 from pot
*** SUMMARY ***
Total pot $1 | Rake $0 
Seat 4: Dima_Olen
Seat 1: rao999 (small blind) folded before Flop
Seat 2: arthurect10 (big blind) collected ($1)
Seat 3: RedEyeJedi444 folded before Flop (didn't bet)
Seat 5: vadjkeee folded before Flop (didn't bet)
Seat 6: paramourx (button) folded before Flop (didn't bet)



PokerStars Hand #254689966112:  Hold'em No Limit ($0.50/$1.00 USD) - 2025/02/03 18:21:05 WET [2025/02/03 13:21:05 ET]
Table 'Theresia II' 6-max Seat #1 is the button
Seat 4: Dima_Olen ($0 in chips) is sitting out
Seat 1: rao999 ($103.65 in chips) 
Seat 2: arthurect10 ($100.50 in chips) 
Seat 3: RedEyeJedi444 ($73.82 in chips) 
Seat 5: vadjkeee ($100 in chips) 
Seat 6: paramourx ($117.45 in chips) 
arthurect10: posts small blind $0.50
RedEyeJedi444: posts big blind $1
*** HOLE CARDS ***
vadjkeee: folds 
paramourx: raises $2 to $3
rao999: folds 
arthurect10: raises $8 to $11
RedEyeJedi444: folds 
paramourx: folds 
Uncalled bet ($8) returned to arthurect10
arthurect10 collected $7 from pot
*** SUMMARY ***
Total pot $7 | Rake $0 
Seat 4: Dima_Olen
Seat 1: rao999 (button) folded before Flop (didn't bet)
Seat 2: arthurect10 (small blind) collected ($7)
Seat 3: RedEyeJedi444 (big blind) folded before Flop
Seat 5: vadjkeee folded before Flop (didn't bet)
Seat 6: paramourx folded before Flop



PokerStars Hand #254689974913:  Hold'em No Limit ($0.50/$1.00 USD) - 2025/02/03 18:21:37 WET [2025/02/03 13:21:37 ET]
Table 'Theresia II' 6-max Seat #2 is the button
Seat 4: Dima_Olen ($0 in chips) is sitting out
Seat 1: rao999 ($103.65 in chips) 
Seat 2: arthurect10 ($104.50 in chips) 
Seat 3: RedEyeJedi444 ($72.82 in chips) 
Seat 5: vadjkeee ($100 in chips) 
Seat 6: paramourx ($114.45 in chips) 
RedEyeJedi444: posts small blind $0.50
vadjkeee: posts big blind $1
*** HOLE CARDS ***
paramourx: folds 
rao999: folds 
arthurect10: raises $1.50 to $2.50
RedEyeJedi444: folds 
vadjkeee: calls $1.50
*** FLOP *** [Qs 7s Kh]
vadjkeee: checks 
arthurect10: bets $6
vadjkeee: calls $6
*** TURN *** [Qs 7s Kh] [Js]
vadjkeee: bets $4.16
arthurect10: folds 
Uncalled bet ($4.16) returned to vadjkeee
vadjkeee collected $16.62 from pot
vadjkeee: doesn't show hand 
*** SUMMARY ***
Total pot $17.50 | Rake $0.88 
Board [Qs 7s Kh Js]
Seat 4: Dima_Olen
Seat 1: rao999 folded before Flop (didn't bet)
Seat 2: arthurect10 (button) folded on the Turn
Seat 3: RedEyeJedi444 (small blind) folded before Flop
Seat 5: vadjkeee (big blind) collected ($16.62)
Seat 6: paramourx folded before Flop (didn't bet)



PokerStars Hand #254689994374:  Hold'em No Limit ($0.50/$1.00 USD) - 2025/02/03 18:22:46 WET [2025/02/03 13:22:46 ET]
Table 'Theresia II' 6-max Seat #3 is the button
Seat 4: Dima_Olen ($0 in chips) is sitting out
Seat 1: rao999 ($103.65 in chips) 
Seat 2: arthurect10 ($100 in chips) 
Seat 3: RedEyeJedi444 ($72.32 in chips) 
Seat 5: vadjkeee ($108.12 in chips) 
Seat 6: paramourx ($114.45 in chips) 
vadjkeee: posts small blind $0.50
paramourx: posts big blind $1
*** HOLE CARDS ***
rao999: folds 
arthurect10: folds 
RedEyeJedi444: folds 
vadjkeee: raises $2 to $3
paramourx: calls $2
*** FLOP *** [2s 5s 8h]
vadjkeee: checks 
paramourx: bets $1.77
vadjkeee: calls $1.77
*** TURN *** [2s 5s 8h] [Ah]
vadjkeee: checks 
paramourx: checks 
*** RIVER *** [2s 5s 8h Ah] [2h]
vadjkeee: bets $11.78
paramourx: folds 
Uncalled bet ($11.78) returned to vadjkeee
vadjkeee collected $9.06 from pot
vadjkeee: doesn't show hand 
*** SUMMARY ***
Total pot $9.54 | Rake $0.48 
Board [2s 5s 8h Ah 2h]
Seat 4: Dima_Olen
Seat 1: rao999 folded before Flop (didn't bet)
Seat 2: arthurect10 folded before Flop (didn't bet)
Seat 3: RedEyeJedi444 (button) folded before Flop (didn't bet)
Seat 5: vadjkeee (small blind) collected ($9.06)
Seat 6: paramourx (big blind) folded on the River



PokerStars Hand #254690017774:  Hold'em No Limit ($0.50/$1.00 USD) - 2025/02/03 18:24:08 WET [2025/02/03 13:24:08 ET]
Table 'Theresia II' 6-max Seat #5 is the button
Seat 4: Dima_Olen ($0 in chips) is sitting out
Seat 1: rao999 ($103.65 in chips) 
Seat 2: arthurect10 ($100 in chips) 
Seat 3: RedEyeJedi444 ($72.32 in chips) 
Seat 5: vadjkeee ($112.41 in chips) 
Seat 6: paramourx ($109.68 in chips) 
paramourx: posts small blind $0.50
rao999: posts big blind $1
*** HOLE CARDS ***
arthurect10: folds 
RedEyeJedi444: folds 
vadjkeee: folds 
paramourx: raises $2 to $3
rao999: folds 
Uncalled bet ($2) returned to paramourx
paramourx collected $2 from pot
paramourx: doesn't show hand 
*** SUMMARY ***
Total pot $2 | Rake $0 
Seat 4: Dima_Olen
Seat 1: rao999 (big blind) folded before Flop
Seat 2: arthurect10 folded before Flop (didn't bet)
Seat 3: RedEyeJedi444 folded before Flop (didn't bet)
Seat 5: vadjkeee (button) folded before Flop (didn't bet)
Seat 6: paramourx (small blind) collected ($2)



PokerStars Hand #254690021300:  Hold'em No Limit ($0.50/$1.00 USD) - 2025/02/03 18:24:21 WET [2025/02/03 13:24:21 ET]
Table 'Theresia II' 6-max Seat #6 is the button
Seat 4: Dima_Olen ($0 in chips) is sitting out
Seat 1: rao999 ($102.65 in chips) 
Seat 2: arthurect10 ($100 in chips) 
Seat 3: RedEyeJedi444 ($72.32 in chips) 
Seat 5: vadjkeee ($112.41 in chips) 
Seat 6: paramourx ($110.68 in chips) 
rao999: posts small blind $0.50
arthurect10: posts big blind $1
*** HOLE CARDS ***
Dima_Olen leaves the table
RedEyeJedi444: raises $2 to $3
vadjkeee: folds 
paramourx: folds 
rao999: folds 
michasia joins the table at seat #4 
arthurect10: folds 
Uncalled bet ($2) returned to RedEyeJedi444
RedEyeJedi444 collected $2.50 from pot
*** SUMMARY ***
Total pot $2.50 | Rake $0 
Seat 4: Dima_Olen
Seat 1: rao999 (small blind) folded before Flop
Seat 2: arthurect10 (big blind) folded before Flop
Seat 3: RedEyeJedi444 collected ($2.50)
Seat 5: vadjkeee folded before Flop (didn't bet)
Seat 6: paramourx (button) folded before Flop (didn't bet)



PokerStars Hand #254690028576:  Hold'em No Limit ($0.50/$1.00 USD) - 2025/02/03 18:24:47 WET [2025/02/03 13:24:47 ET]
Table 'Theresia II' 6-max Seat #1 is the button
Seat 4: michasia ($100 in chips) is sitting out
Seat 1: rao999 ($102.15 in chips) 
Seat 2: arthurect10 ($100 in chips) 
Seat 3: RedEyeJedi444 ($73.82 in chips) 
Seat 5: vadjkeee ($112.41 in chips) 
Seat 6: paramourx ($110.68 in chips) 
arthurect10: posts small blind $0.50
RedEyeJedi444: posts big blind $1
michasia: sits out 
*** HOLE CARDS ***
vadjkeee: folds 
paramourx: raises $2 to $3
rao999: folds 
arthurect10: folds 
RedEyeJedi444: calls $2
*** FLOP *** [Ks As Ah]
RedEyeJedi444: bets $2
paramourx: calls $2
*** TURN *** [Ks As Ah] [6s]
RedEyeJedi444: bets $3
paramourx: calls $3
*** RIVER *** [Ks As Ah 6s] [8h]
RedEyeJedi444: bets $4
paramourx: folds 
Uncalled bet ($4) returned to RedEyeJedi444
RedEyeJedi444 collected $15.68 from pot
*** SUMMARY ***
Total pot $16.50 | Rake $0.82 
Board [Ks As Ah 6s 8h]
Seat 4: michasia
Seat 1: rao999 (button) folded before Flop (didn't bet)
Seat 2: arthurect10 (small blind) folded before Flop
Seat 3: RedEyeJedi444 (big blind) collected ($15.68)
Seat 5: vadjkeee folded before Flop (didn't bet)
Seat 6: paramourx folded on the River



PokerStars Hand #254690043333:  Hold'em No Limit ($0.50/$1.00 USD) - 2025/02/03 18:25:39 WET [2025/02/03 13:25:39 ET]
Table 'Theresia II' 6-max Seat #2 is the button
Seat 1: rao999 ($102.15 in chips) 
Seat 2: arthurect10 ($100 in chips) 
Seat 3: RedEyeJedi444 ($81.50 in chips) 
Seat 4: michasia ($100 in chips) 
Seat 5: vadjkeee ($112.41 in chips) 
Seat 6: paramourx ($102.68 in chips) 
RedEyeJedi444: posts small blind $0.50
michasia: posts big blind $1
*** HOLE CARDS ***
vadjkeee: folds 
paramourx: folds 
rao999: folds 
arthurect10: raises $1.50 to $2.50
RedEyeJedi444: folds 
michasia: folds 
Uncalled bet ($1.50) returned to arthurect10
arthurect10 collected $2.50 from pot
*** SUMMARY ***
Total pot $2.50 | Rake $0 
Seat 1: rao999 folded before Flop (didn't bet)
Seat 2: arthurect10 (button) collected ($2.50)
Seat 3: RedEyeJedi444 (small blind) folded before Flop
Seat 4: michasia (big blind) folded before Flop
Seat 5: vadjkeee folded before Flop (didn't bet)
Seat 6: paramourx folded before Flop (didn't bet)



PokerStars Hand #254690050656:  Hold'em No Limit ($0.50/$1.00 USD) - 2025/02/03 18:26:04 WET [2025/02/03 13:26:04 ET]
Table 'Theresia II' 6-max Seat #3 is the button
Seat 1: rao999 ($102.15 in chips) 
Seat 2: arthurect10 ($101.50 in chips) 
Seat 3: RedEyeJedi444 ($81 in chips) 
Seat 4: michasia ($100 in chips) 
Seat 5: vadjkeee ($112.41 in chips) 
Seat 6: paramourx ($102.68 in chips) 
michasia: posts small blind $0.50
vadjkeee: posts big blind $1
*** HOLE CARDS ***
paramourx: folds 
rao999: raises $1.50 to $2.50
arthurect10: folds 
RedEyeJedi444: folds 
michasia: folds 
vadjkeee: folds 
Uncalled bet ($1.50) returned to rao999
rao999 collected $2.50 from pot
rao999: doesn't show hand 
*** SUMMARY ***
Total pot $2.50 | Rake $0 
Seat 1: rao999 collected ($2.50)
Seat 2: arthurect10 folded before Flop (didn't bet)
Seat 3: RedEyeJedi444 (button) folded before Flop (didn't bet)
Seat 4: michasia (small blind) folded before Flop
Seat 5: vadjkeee (big blind) folded before Flop
Seat 6: paramourx folded before Flop (didn't bet)



PokerStars Hand #254690055449:  Hold'em No Limit ($0.50/$1.00 USD) - 2025/02/03 18:26:21 WET [2025/02/03 13:26:21 ET]
Table 'Theresia II' 6-max Seat #4 is the button
Seat 1: rao999 ($103.65 in chips) 
Seat 2: arthurect10 ($101.50 in chips) 
Seat 3: RedEyeJedi444 ($81 in chips) 
Seat 4: michasia ($100 in chips) 
Seat 5: vadjkeee ($111.41 in chips) 
Seat 6: paramourx ($102.68 in chips) 
vadjkeee: posts small blind $0.50
paramourx: posts big blind $1
*** HOLE CARDS ***
rao999: folds 
arthurect10: folds 
RedEyeJedi444: folds 
michasia: raises $1.80 to $2.80
vadjkeee: folds 
paramourx: folds 
Uncalled bet ($1.80) returned to michasia
michasia collected $2.50 from pot
michasia: doesn't show hand 
*** SUMMARY ***
Total pot $2.50 | Rake $0 
Seat 1: rao999 folded before Flop (didn't bet)
Seat 2: arthurect10 folded before Flop (didn't bet)
Seat 3: RedEyeJedi444 folded before Flop (didn't bet)
Seat 4: michasia (button) collected ($2.50)
Seat 5: vadjkeee (small blind) folded before Flop
Seat 6: paramourx (big blind) folded before Flop



PokerStars Hand #254690061931:  Hold'em No Limit ($0.50/$1.00 USD) - 2025/02/03 18:26:44 WET [2025/02/03 13:26:44 ET]
Table 'Theresia II' 6-max Seat #5 is the button
Seat 1: rao999 ($103.65 in chips) is sitting out
Seat 2: arthurect10 ($101.50 in chips) 
Seat 3: RedEyeJedi444 ($81 in chips) 
Seat 4: michasia ($101.50 in chips) 
Seat 5: vadjkeee ($110.91 in chips) 
Seat 6: paramourx ($101.68 in chips) 
paramourx: posts small blind $0.50
rao999: is sitting out 
arthurect10: posts big blind $1
*** HOLE CARDS ***
RedEyeJedi444: folds 
michasia: raises $1.80 to $2.80
vadjkeee: raises $4.70 to $7.50
paramourx: folds 
arthurect10: folds 
michasia: folds 
Uncalled bet ($4.70) returned to vadjkeee
vadjkeee collected $7.10 from pot
vadjkeee: doesn't show hand 
*** SUMMARY ***
Total pot $7.10 | Rake $0 
Seat 1: rao999
Seat 2: arthurect10 (big blind) folded before Flop
Seat 3: RedEyeJedi444 folded before Flop (didn't bet)
Seat 4: michasia folded before Flop
Seat 5: vadjkeee (button) collected ($7.10)
Seat 6: paramourx (small blind) folded before Flop



PokerStars Hand #254690074926:  Hold'em No Limit ($0.50/$1.00 USD) - 2025/02/03 18:27:30 WET [2025/02/03 13:27:30 ET]
Table 'Theresia II' 6-max Seat #6 is the button
Seat 1: rao999 ($103.65 in chips) is sitting out
Seat 2: arthurect10 ($100.50 in chips) 
Seat 3: RedEyeJedi444 ($81 in chips) 
Seat 4: michasia ($100 in chips) 
Seat 5: vadjkeee ($115.21 in chips) 
Seat 6: paramourx ($101.18 in chips) 
arthurect10: posts small blind $0.50
RedEyeJedi444: posts big blind $1
*** HOLE CARDS ***
michasia: raises $1.60 to $2.60
vadjkeee: folds 
paramourx: raises $5.40 to $8
arthurect10: folds 
RedEyeJedi444: folds 
michasia: folds 
Uncalled bet ($5.40) returned to paramourx
paramourx collected $6.70 from pot
paramourx: doesn't show hand 
*** SUMMARY ***
Total pot $6.70 | Rake $0 
Seat 1: rao999
Seat 2: arthurect10 (small blind) folded before Flop
Seat 3: RedEyeJedi444 (big blind) folded before Flop
Seat 4: michasia folded before Flop
Seat 5: vadjkeee folded before Flop (didn't bet)
Seat 6: paramourx (button) collected ($6.70)



PokerStars Hand #254690080640:  Hold'em No Limit ($0.50/$1.00 USD) - 2025/02/03 18:27:50 WET [2025/02/03 13:27:50 ET]
Table 'Theresia II' 6-max Seat #2 is the button
Seat 1: rao999 ($103.65 in chips) is sitting out
Seat 2: arthurect10 ($100 in chips) 
Seat 3: RedEyeJedi444 ($80 in chips) 
Seat 4: michasia ($100 in chips) 
Seat 5: vadjkeee ($115.21 in chips) 
Seat 6: paramourx ($105.28 in chips) 
RedEyeJedi444: posts small blind $0.50
michasia: posts big blind $1
*** HOLE CARDS ***
vadjkeee: folds 
paramourx: folds 
arthurect10: raises $1.50 to $2.50
RedEyeJedi444: calls $2
michasia: calls $1.50
*** FLOP *** [8s Qc 7c]
RedEyeJedi444: bets $2
michasia: calls $2
arthurect10: folds 
*** TURN *** [8s Qc 7c] [Ac]
RedEyeJedi444: bets $4
michasia: folds 
Uncalled bet ($4) returned to RedEyeJedi444
RedEyeJedi444 collected $10.92 from pot
*** SUMMARY ***
Total pot $11.50 | Rake $0.58 
Board [8s Qc 7c Ac]
Seat 1: rao999
Seat 2: arthurect10 (button) folded on the Flop
Seat 3: RedEyeJedi444 (small blind) collected ($10.92)
Seat 4: michasia (big blind) folded on the Turn
Seat 5: vadjkeee folded before Flop (didn't bet)
Seat 6: paramourx folded before Flop (didn't bet)



PokerStars Hand #254690092841:  Hold'em No Limit ($0.50/$1.00 USD) - 2025/02/03 18:28:33 WET [2025/02/03 13:28:33 ET]
Table 'Theresia II' 6-max Seat #3 is the button
Seat 1: rao999 ($103.65 in chips) is sitting out
Seat 2: arthurect10 ($100 in chips) 
Seat 3: RedEyeJedi444 ($86.42 in chips) 
Seat 4: michasia ($100 in chips) 
Seat 5: vadjkeee ($115.21 in chips) 
Seat 6: paramourx ($105.28 in chips) 
michasia: posts small blind $0.50
vadjkeee: posts big blind $1
*** HOLE CARDS ***
paramourx: folds 
arthurect10: folds 
RedEyeJedi444: folds 
michasia: folds 
Uncalled bet ($0.50) returned to vadjkeee
vadjkeee collected $1 from pot
vadjkeee: doesn't show hand 
*** SUMMARY ***
Total pot $1 | Rake $0 
Seat 1: rao999
Seat 2: arthurect10 folded before Flop (didn't bet)
Seat 3: RedEyeJedi444 (button) folded before Flop (didn't bet)
Seat 4: michasia (small blind) folded before Flop
Seat 5: vadjkeee (big blind) collected ($1)
Seat 6: paramourx folded before Flop (didn't bet)



PokerStars Hand #254690096036:  Hold'em No Limit ($0.50/$1.00 USD) - 2025/02/03 18:28:44 WET [2025/02/03 13:28:44 ET]
Table 'Theresia II' 6-max Seat #4 is the button
Seat 1: rao999 ($103.65 in chips) is sitting out
Seat 2: arthurect10 ($100 in chips) 
Seat 3: RedEyeJedi444 ($86.42 in chips) 
Seat 4: michasia ($100 in chips) 
Seat 5: vadjkeee ($115.71 in chips) 
Seat 6: paramourx ($105.28 in chips) 
vadjkeee: posts small blind $0.50
paramourx: posts big blind $1
*** HOLE CARDS ***
arthurect10: folds 
RedEyeJedi444: folds 
michasia: raises $1.80 to $2.80
vadjkeee: folds 
paramourx: folds 
Uncalled bet ($1.80) returned to michasia
michasia collected $2.50 from pot
michasia: doesn't show hand 
*** SUMMARY ***
Total pot $2.50 | Rake $0 
Seat 1: rao999
Seat 2: arthurect10 folded before Flop (didn't bet)
Seat 3: RedEyeJedi444 folded before Flop (didn't bet)
Seat 4: michasia (button) collected ($2.50)
Seat 5: vadjkeee (small blind) folded before Flop
Seat 6: paramourx (big blind) folded before Flop



PokerStars Hand #254690098961:  Hold'em No Limit ($0.50/$1.00 USD) - 2025/02/03 18:28:54 WET [2025/02/03 13:28:54 ET]
Table 'Theresia II' 6-max Seat #5 is the button
Seat 1: rao999 ($103.65 in chips) is sitting out
Seat 2: arthurect10 ($100 in chips) 
Seat 3: RedEyeJedi444 ($86.42 in chips) 
Seat 4: michasia ($101.50 in chips) 
Seat 5: vadjkeee ($115.21 in chips) 
Seat 6: paramourx ($104.28 in chips) 
paramourx: posts small blind $0.50
arthurect10: posts big blind $1
*** HOLE CARDS ***
RedEyeJedi444: folds 
michasia: raises $1.80 to $2.80
vadjkeee: folds 
paramourx: folds 
arthurect10: folds 
Uncalled bet ($1.80) returned to michasia
michasia collected $2.50 from pot
michasia: doesn't show hand 
*** SUMMARY ***
Total pot $2.50 | Rake $0 
Seat 1: rao999
Seat 2: arthurect10 (big blind) folded before Flop
Seat 3: RedEyeJedi444 folded before Flop (didn't bet)
Seat 4: michasia collected ($2.50)
Seat 5: vadjkeee (button) folded before Flop (didn't bet)
Seat 6: paramourx (small blind) folded before Flop



PokerStars Hand #254690103667:  Hold'em No Limit ($0.50/$1.00 USD) - 2025/02/03 18:29:11 WET [2025/02/03 13:29:11 ET]
Table 'Theresia II' 6-max Seat #6 is the button
Seat 1: rao999 ($103.65 in chips) is sitting out
Seat 2: arthurect10 ($100 in chips) 
Seat 3: RedEyeJedi444 ($86.42 in chips) 
Seat 4: michasia ($103 in chips) 
Seat 5: vadjkeee ($115.21 in chips) 
Seat 6: paramourx ($103.78 in chips) 
arthurect10: posts small blind $0.50
RedEyeJedi444: posts big blind $1
*** HOLE CARDS ***
michasia: folds 
vadjkeee: folds 
rao999 leaves the table
paramourx: folds 
arthurect10: folds 
Uncalled bet ($0.50) returned to RedEyeJedi444
RedEyeJedi444 collected $1 from pot
*** SUMMARY ***
Total pot $1 | Rake $0 
Seat 1: rao999
Seat 2: arthurect10 (small blind) folded before Flop
Seat 3: RedEyeJedi444 (big blind) collected ($1)
Seat 4: michasia folded before Flop (didn't bet)
Seat 5: vadjkeee folded before Flop (didn't bet)
Seat 6: paramourx (button) folded before Flop (didn't bet)



PokerStars Hand #254690108010:  Hold'em No Limit ($0.50/$1.00 USD) - 2025/02/03 18:29:27 WET [2025/02/03 13:29:27 ET]
Table 'Theresia II' 6-max Seat #2 is the button
Seat 2: arthurect10 ($100 in chips) 
Seat 3: RedEyeJedi444 ($86.92 in chips) 
Seat 4: michasia ($103 in chips) 
Seat 5: vadjkeee ($115.21 in chips) 
Seat 6: paramourx ($103.78 in chips) 
RedEyeJedi444: posts small blind $0.50
michasia: posts big blind $1
*** HOLE CARDS ***
vadjkeee: folds 
paramourx: folds 
arthurect10: raises $1.50 to $2.50
RedEyeJedi444: calls $2
michasia: folds 
*** FLOP *** [As 9d Tc]
sta$igk joins the table at seat #1 
RedEyeJedi444: checks 
arthurect10: checks 
*** TURN *** [As 9d Tc] [Kh]
RedEyeJedi444: bets $2
arthurect10: calls $2
*** RIVER *** [As 9d Tc Kh] [7d]
RedEyeJedi444: bets $3
arthurect10: calls $3
*** SHOW DOWN ***
RedEyeJedi444: shows [Qc Ad] (a pair of Aces)
arthurect10: mucks hand 
RedEyeJedi444 collected $15.20 from pot
*** SUMMARY ***
Total pot $16 | Rake $0.80 
Board [As 9d Tc Kh 7d]
Seat 2: arthurect10 (button) mucked
Seat 3: RedEyeJedi444 (small blind) showed [Qc Ad] and won ($15.20) with a pair of Aces
Seat 4: michasia (big blind) folded before Flop
Seat 5: vadjkeee folded before Flop (didn't bet)
Seat 6: paramourx folded before Flop (didn't bet)



PokerStars Hand #254690123426:  Hold'em No Limit ($0.50/$1.00 USD) - 2025/02/03 18:30:20 WET [2025/02/03 13:30:20 ET]
Table 'Theresia II' 6-max Seat #3 is the button
Seat 1: sta$igk ($100 in chips) is sitting out
Seat 2: arthurect10 ($100 in chips) 
Seat 3: RedEyeJedi444 ($94.62 in chips) 
Seat 4: michasia ($102 in chips) 
Seat 5: vadjkeee ($115.21 in chips) 
Seat 6: paramourx ($103.78 in chips) 
michasia: posts small blind $0.50
vadjkeee: posts big blind $1
sta$igk: sits out 
*** HOLE CARDS ***
paramourx: folds 
arthurect10: folds 
RedEyeJedi444: folds 
michasia: folds 
Uncalled bet ($0.50) returned to vadjkeee
vadjkeee collected $1 from pot
vadjkeee: doesn't show hand 
*** SUMMARY ***
Total pot $1 | Rake $0 
Seat 1: sta$igk
Seat 2: arthurect10 folded before Flop (didn't bet)
Seat 3: RedEyeJedi444 (button) folded before Flop (didn't bet)
Seat 4: michasia (small blind) folded before Flop
Seat 5: vadjkeee (big blind) collected ($1)
Seat 6: paramourx folded before Flop (didn't bet)



PokerStars Hand #254690127453:  Hold'em No Limit ($0.50/$1.00 USD) - 2025/02/03 18:30:34 WET [2025/02/03 13:30:34 ET]
Table 'Theresia II' 6-max Seat #4 is the button
Seat 1: sta$igk ($100 in chips) is sitting out
Seat 2: arthurect10 ($100 in chips) 
Seat 3: RedEyeJedi444 ($94.62 in chips) 
Seat 4: michasia ($101.50 in chips) 
Seat 5: vadjkeee ($115.71 in chips) 
Seat 6: paramourx ($103.78 in chips) 
vadjkeee: posts small blind $0.50
paramourx: posts big blind $1
sta$igk: sits out 
*** HOLE CARDS ***
arthurect10: folds 
RedEyeJedi444: folds 
michasia: raises $1.80 to $2.80
vadjkeee: folds 
paramourx: calls $1.80
*** FLOP *** [Ts Qc 8c]
paramourx: checks 
michasia: checks 
*** TURN *** [Ts Qc 8c] [5h]
paramourx: bets $8.99
michasia: calls $8.99
*** RIVER *** [Ts Qc 8c 5h] [6d]
paramourx: checks 
michasia: bets $15.25
paramourx: folds 
Uncalled bet ($15.25) returned to michasia
michasia collected $22.88 from pot
michasia: doesn't show hand 
*** SUMMARY ***
Total pot $24.08 | Rake $1.20 
Board [Ts Qc 8c 5h 6d]
Seat 1: sta$igk
Seat 2: arthurect10 folded before Flop (didn't bet)
Seat 3: RedEyeJedi444 folded before Flop (didn't bet)
Seat 4: michasia (button) collected ($22.88)
Seat 5: vadjkeee (small blind) folded before Flop
Seat 6: paramourx (big blind) folded on the River



PokerStars Hand #254690157773:  Hold'em No Limit ($0.50/$1.00 USD) - 2025/02/03 18:32:19 WET [2025/02/03 13:32:19 ET]
Table 'Theresia II' 6-max Seat #5 is the button
Seat 1: sta$igk ($100 in chips) 
Seat 2: arthurect10 ($100 in chips) 
Seat 3: RedEyeJedi444 ($94.62 in chips) 
Seat 4: michasia ($112.59 in chips) 
Seat 5: vadjkeee ($115.21 in chips) 
Seat 6: paramourx ($100 in chips) 
paramourx: posts small blind $0.50
sta$igk: posts big blind $1
*** HOLE CARDS ***
arthurect10: folds 
RedEyeJedi444: folds 
michasia: raises $1.80 to $2.80
vadjkeee: folds 
paramourx: folds 
sta$igk: folds 
Uncalled bet ($1.80) returned to michasia
michasia collected $2.50 from pot
michasia: doesn't show hand 
*** SUMMARY ***
Total pot $2.50 | Rake $0 
Seat 1: sta$igk (big blind) folded before Flop
Seat 2: arthurect10 folded before Flop (didn't bet)
Seat 3: RedEyeJedi444 folded before Flop (didn't bet)
Seat 4: michasia collected ($2.50)
Seat 5: vadjkeee (button) folded before Flop (didn't bet)
Seat 6: paramourx (small blind) folded before Flop



PokerStars Hand #254690161260:  Hold'em No Limit ($0.50/$1.00 USD) - 2025/02/03 18:32:31 WET [2025/02/03 13:32:31 ET]
Table 'Theresia II' 6-max Seat #6 is the button
Seat 1: sta$igk ($100 in chips) 
Seat 2: arthurect10 ($100 in chips) 
Seat 3: RedEyeJedi444 ($94.62 in chips) 
Seat 4: michasia ($114.09 in chips) 
Seat 5: vadjkeee ($115.21 in chips) 
Seat 6: paramourx ($100 in chips) 
sta$igk: posts small blind $0.50
arthurect10: posts big blind $1
*** HOLE CARDS ***
RedEyeJedi444: raises $2 to $3
michasia: folds 
vadjkeee: folds 
paramourx: raises $6 to $9
sta$igk: folds 
arthurect10: folds 
RedEyeJedi444: calls $6
*** FLOP *** [2h 4h 7s]
RedEyeJedi444: bets $3
paramourx: calls $3
*** TURN *** [2h 4h 7s] [Td]
RedEyeJedi444: checks 
paramourx: checks 
*** RIVER *** [2h 4h 7s Td] [4d]
RedEyeJedi444: bets $1
paramourx: calls $1
*** SHOW DOWN ***
RedEyeJedi444: shows [Kc Jh] (a pair of Fours)
paramourx: shows [As Qs] (a pair of Fours - Ace kicker)
paramourx collected $26.12 from pot
*** SUMMARY ***
Total pot $27.50 | Rake $1.38 
Board [2h 4h 7s Td 4d]
Seat 1: sta$igk (small blind) folded before Flop
Seat 2: arthurect10 (big blind) folded before Flop
Seat 3: RedEyeJedi444 showed [Kc Jh] and lost with a pair of Fours
Seat 4: michasia folded before Flop (didn't bet)
Seat 5: vadjkeee folded before Flop (didn't bet)
Seat 6: paramourx (button) showed [As Qs] and won ($26.12) with a pair of Fours



PokerStars Hand #254690184074:  Hold'em No Limit ($0.50/$1.00 USD) - 2025/02/03 18:33:49 WET [2025/02/03 13:33:49 ET]
Table 'Theresia II' 6-max Seat #1 is the button
Seat 1: sta$igk ($100 in chips) 
Seat 2: arthurect10 ($100 in chips) 
Seat 3: RedEyeJedi444 ($81.62 in chips) 
Seat 4: michasia ($114.09 in chips) 
Seat 5: vadjkeee ($115.21 in chips) 
Seat 6: paramourx ($113.12 in chips) 
arthurect10: posts small blind $0.50
RedEyeJedi444: posts big blind $1
*** HOLE CARDS ***
michasia: folds 
vadjkeee: folds 
paramourx: folds 
sta$igk: raises $1.50 to $2.50
arthurect10: folds 
RedEyeJedi444: calls $1.50
*** FLOP *** [Jd 2s 4h]
RedEyeJedi444: checks 
sta$igk: bets $1.72
RedEyeJedi444: folds 
Uncalled bet ($1.72) returned to sta$igk
sta$igk collected $5.22 from pot
sta$igk: doesn't show hand 
*** SUMMARY ***
Total pot $5.50 | Rake $0.28 
Board [Jd 2s 4h]
Seat 1: sta$igk (button) collected ($5.22)
Seat 2: arthurect10 (small blind) folded before Flop
Seat 3: RedEyeJedi444 (big blind) folded on the Flop
Seat 4: michasia folded before Flop (didn't bet)
Seat 5: vadjkeee folded before Flop (didn't bet)
Seat 6: paramourx folded before Flop (didn't bet)



PokerStars Hand #254690192432:  Hold'em No Limit ($0.50/$1.00 USD) - 2025/02/03 18:34:18 WET [2025/02/03 13:34:18 ET]
Table 'Theresia II' 6-max Seat #2 is the button
Seat 1: sta$igk ($102.72 in chips) 
Seat 2: arthurect10 ($100 in chips) 
Seat 3: RedEyeJedi444 ($79.12 in chips) 
Seat 4: michasia ($114.09 in chips) 
Seat 5: vadjkeee ($115.21 in chips) 
Seat 6: paramourx ($113.12 in chips) 
RedEyeJedi444: posts small blind $0.50
michasia: posts big blind $1
*** HOLE CARDS ***
vadjkeee: raises $2 to $3
paramourx: folds 
sta$igk: folds 
arthurect10: folds 
RedEyeJedi444: folds 
michasia: raises $9 to $12
vadjkeee: folds 
Uncalled bet ($9) returned to michasia
michasia collected $6.50 from pot
michasia: doesn't show hand 
*** SUMMARY ***
Total pot $6.50 | Rake $0 
Seat 1: sta$igk folded before Flop (didn't bet)
Seat 2: arthurect10 (button) folded before Flop (didn't bet)
Seat 3: RedEyeJedi444 (small blind) folded before Flop
Seat 4: michasia (big blind) collected ($6.50)
Seat 5: vadjkeee folded before Flop
Seat 6: paramourx folded before Flop (didn't bet)



PokerStars Hand #254690197356:  Hold'em No Limit ($0.50/$1.00 USD) - 2025/02/03 18:34:35 WET [2025/02/03 13:34:35 ET]
Table 'Theresia II' 6-max Seat #3 is the button
Seat 1: sta$igk ($102.72 in chips) 
Seat 2: arthurect10 ($100 in chips) 
Seat 3: RedEyeJedi444 ($78.62 in chips) 
Seat 4: michasia ($117.59 in chips) 
Seat 5: vadjkeee ($112.21 in chips) 
Seat 6: paramourx ($113.12 in chips) 
michasia: posts small blind $0.50
vadjkeee: posts big blind $1
*** HOLE CARDS ***
paramourx: raises $2 to $3
sta$igk: folds 
arthurect10: folds 
RedEyeJedi444: folds 
michasia: folds 
vadjkeee: folds 
Uncalled bet ($2) returned to paramourx
paramourx collected $2.50 from pot
paramourx: doesn't show hand 
*** SUMMARY ***
Total pot $2.50 | Rake $0 
Seat 1: sta$igk folded before Flop (didn't bet)
Seat 2: arthurect10 folded before Flop (didn't bet)
Seat 3: RedEyeJedi444 (button) folded before Flop (didn't bet)
Seat 4: michasia (small blind) folded before Flop
Seat 5: vadjkeee (big blind) folded before Flop
Seat 6: paramourx collected ($2.50)



PokerStars Hand #254690201933:  Hold'em No Limit ($0.50/$1.00 USD) - 2025/02/03 18:34:50 WET [2025/02/03 13:34:50 ET]
Table 'Theresia II' 6-max Seat #4 is the button
Seat 1: sta$igk ($102.72 in chips) 
Seat 2: arthurect10 ($100 in chips) 
Seat 3: RedEyeJedi444 ($78.62 in chips) 
Seat 4: michasia ($117.09 in chips) 
Seat 5: vadjkeee ($111.21 in chips) 
Seat 6: paramourx ($114.62 in chips) 
vadjkeee: posts small blind $0.50
paramourx: posts big blind $1
*** HOLE CARDS ***
sta$igk: folds 
arthurect10: folds 
RedEyeJedi444: calls $1
michasia: raises $2.50 to $3.50
vadjkeee: folds 
paramourx: folds 
RedEyeJedi444: calls $2.50
*** FLOP *** [7s 9s Ks]
RedEyeJedi444: checks 
michasia: bets $5.39
RedEyeJedi444: folds 
Uncalled bet ($5.39) returned to michasia
michasia collected $8.08 from pot
michasia: doesn't show hand 
*** SUMMARY ***
Total pot $8.50 | Rake $0.42 
Board [7s 9s Ks]
Seat 1: sta$igk folded before Flop (didn't bet)
Seat 2: arthurect10 folded before Flop (didn't bet)
Seat 3: RedEyeJedi444 folded on the Flop
Seat 4: michasia (button) collected ($8.08)
Seat 5: vadjkeee (small blind) folded before Flop
Seat 6: paramourx (big blind) folded before Flop



PokerStars Hand #254690212336:  Hold'em No Limit ($0.50/$1.00 USD) - 2025/02/03 18:35:26 WET [2025/02/03 13:35:26 ET]
Table 'Theresia II' 6-max Seat #5 is the button
Seat 1: sta$igk ($102.72 in chips) 
Seat 2: arthurect10 ($100 in chips) 
Seat 3: RedEyeJedi444 ($75.12 in chips) 
Seat 4: michasia ($121.67 in chips) 
Seat 5: vadjkeee ($110.71 in chips) 
Seat 6: paramourx ($113.62 in chips) 
paramourx: posts small blind $0.50
sta$igk: posts big blind $1
*** HOLE CARDS ***
arthurect10: folds 
RedEyeJedi444: folds 
michasia: folds 
vadjkeee: folds 
paramourx: folds 
Uncalled bet ($0.50) returned to sta$igk
sta$igk collected $1 from pot
sta$igk: doesn't show hand 
*** SUMMARY ***
Total pot $1 | Rake $0 
Seat 1: sta$igk (big blind) collected ($1)
Seat 2: arthurect10 folded before Flop (didn't bet)
Seat 3: RedEyeJedi444 folded before Flop (didn't bet)
Seat 4: michasia folded before Flop (didn't bet)
Seat 5: vadjkeee (button) folded before Flop (didn't bet)
Seat 6: paramourx (small blind) folded before Flop



PokerStars Hand #254690215384:  Hold'em No Limit ($0.50/$1.00 USD) - 2025/02/03 18:35:37 WET [2025/02/03 13:35:37 ET]
Table 'Theresia II' 6-max Seat #6 is the button
Seat 1: sta$igk ($103.22 in chips) 
Seat 2: arthurect10 ($100 in chips) 
Seat 3: RedEyeJedi444 ($75.12 in chips) 
Seat 4: michasia ($121.67 in chips) 
Seat 5: vadjkeee ($110.71 in chips) 
Seat 6: paramourx ($113.12 in chips) 
sta$igk: posts small blind $0.50
arthurect10: posts big blind $1
*** HOLE CARDS ***
RedEyeJedi444: folds 
michasia: folds 
vadjkeee: raises $1.50 to $2.50
paramourx: raises $5 to $7.50
sta$igk: folds 
arthurect10: folds 
vadjkeee: folds 
Uncalled bet ($5) returned to paramourx
paramourx collected $6.50 from pot
paramourx: doesn't show hand 
*** SUMMARY ***
Total pot $6.50 | Rake $0 
Seat 1: sta$igk (small blind) folded before Flop
Seat 2: arthurect10 (big blind) folded before Flop
Seat 3: RedEyeJedi444 folded before Flop (didn't bet)
Seat 4: michasia folded before Flop (didn't bet)
Seat 5: vadjkeee folded before Flop
Seat 6: paramourx (button) collected ($6.50)



PokerStars Hand #254690227176:  Hold'em No Limit ($0.50/$1.00 USD) - 2025/02/03 18:36:17 WET [2025/02/03 13:36:17 ET]
Table 'Theresia II' 6-max Seat #1 is the button
Seat 1: sta$igk ($102.72 in chips) 
Seat 2: arthurect10 ($100 in chips) 
Seat 3: RedEyeJedi444 ($75.12 in chips) 
Seat 4: michasia ($121.67 in chips) 
Seat 5: vadjkeee ($108.21 in chips) 
Seat 6: paramourx ($117.12 in chips) 
arthurect10: posts small blind $0.50
RedEyeJedi444: posts big blind $1
*** HOLE CARDS ***
michasia: folds 
vadjkeee: folds 
paramourx: raises $2 to $3
sta$igk: folds 
arthurect10: folds 
RedEyeJedi444: folds 
Uncalled bet ($2) returned to paramourx
paramourx collected $2.50 from pot
paramourx: doesn't show hand 
*** SUMMARY ***
Total pot $2.50 | Rake $0 
Seat 1: sta$igk (button) folded before Flop (didn't bet)
Seat 2: arthurect10 (small blind) folded before Flop
Seat 3: RedEyeJedi444 (big blind) folded before Flop
Seat 4: michasia folded before Flop (didn't bet)
Seat 5: vadjkeee folded before Flop (didn't bet)
Seat 6: paramourx collected ($2.50)



PokerStars Hand #254690230524:  Hold'em No Limit ($0.50/$1.00 USD) - 2025/02/03 18:36:29 WET [2025/02/03 13:36:29 ET]
Table 'Theresia II' 6-max Seat #2 is the button
Seat 1: sta$igk ($102.72 in chips) 
Seat 2: arthurect10 ($100 in chips) 
Seat 3: RedEyeJedi444 ($74.12 in chips) 
Seat 4: michasia ($121.67 in chips) 
Seat 5: vadjkeee ($108.21 in chips) 
Seat 6: paramourx ($118.62 in chips) 
RedEyeJedi444: posts small blind $0.50
michasia: posts big blind $1
*** HOLE CARDS ***
vadjkeee: folds 
paramourx: folds 
sta$igk: raises $1.50 to $2.50
arthurect10: folds 
RedEyeJedi444: folds 
michasia: folds 
Uncalled bet ($1.50) returned to sta$igk
sta$igk collected $2.50 from pot
sta$igk: doesn't show hand 
*** SUMMARY ***
Total pot $2.50 | Rake $0 
Seat 1: sta$igk collected ($2.50)
Seat 2: arthurect10 (button) folded before Flop (didn't bet)
Seat 3: RedEyeJedi444 (small blind) folded before Flop
Seat 4: michasia (big blind) folded before Flop
Seat 5: vadjkeee folded before Flop (didn't bet)
Seat 6: paramourx folded before Flop (didn't bet)



PokerStars Hand #254690236504:  Hold'em No Limit ($0.50/$1.00 USD) - 2025/02/03 18:36:49 WET [2025/02/03 13:36:49 ET]
Table 'Theresia II' 6-max Seat #3 is the button
Seat 1: sta$igk ($104.22 in chips) 
Seat 2: arthurect10 ($100 in chips) 
Seat 3: RedEyeJedi444 ($73.62 in chips) 
Seat 4: michasia ($120.67 in chips) 
Seat 5: vadjkeee ($108.21 in chips) 
Seat 6: paramourx ($118.62 in chips) 
michasia: posts small blind $0.50
vadjkeee: posts big blind $1
*** HOLE CARDS ***
paramourx: folds 
sta$igk: folds 
arthurect10: folds 
RedEyeJedi444: folds 
michasia: folds 
Uncalled bet ($0.50) returned to vadjkeee
vadjkeee collected $1 from pot
vadjkeee: doesn't show hand 
*** SUMMARY ***
Total pot $1 | Rake $0 
Seat 1: sta$igk folded before Flop (didn't bet)
Seat 2: arthurect10 folded before Flop (didn't bet)
Seat 3: RedEyeJedi444 (button) folded before Flop (didn't bet)
Seat 4: michasia (small blind) folded before Flop
Seat 5: vadjkeee (big blind) collected ($1)
Seat 6: paramourx folded before Flop (didn't bet)



PokerStars Hand #254690239439:  Hold'em No Limit ($0.50/$1.00 USD) - 2025/02/03 18:36:59 WET [2025/02/03 13:36:59 ET]
Table 'Theresia II' 6-max Seat #4 is the button
Seat 1: sta$igk ($104.22 in chips) 
Seat 2: arthurect10 ($100 in chips) 
Seat 3: RedEyeJedi444 ($73.62 in chips) 
Seat 4: michasia ($120.17 in chips) 
Seat 5: vadjkeee ($108.71 in chips) 
Seat 6: paramourx ($118.62 in chips) 
vadjkeee: posts small blind $0.50
paramourx: posts big blind $1
*** HOLE CARDS ***
sta$igk: folds 
arthurect10: folds 
RedEyeJedi444: folds 
michasia: raises $1.80 to $2.80
vadjkeee: folds 
paramourx: folds 
Uncalled bet ($1.80) returned to michasia
michasia collected $2.50 from pot
michasia: doesn't show hand 
*** SUMMARY ***
Total pot $2.50 | Rake $0 
Seat 1: sta$igk folded before Flop (didn't bet)
Seat 2: arthurect10 folded before Flop (didn't bet)
Seat 3: RedEyeJedi444 folded before Flop (didn't bet)
Seat 4: michasia (button) collected ($2.50)
Seat 5: vadjkeee (small blind) folded before Flop
Seat 6: paramourx (big blind) folded before Flop



PokerStars Hand #254690244574:  Hold'em No Limit ($0.50/$1.00 USD) - 2025/02/03 18:37:17 WET [2025/02/03 13:37:17 ET]
Table 'Theresia II' 6-max Seat #5 is the button
Seat 1: sta$igk ($104.22 in chips) 
Seat 2: arthurect10 ($100 in chips) 
Seat 3: RedEyeJedi444 ($73.62 in chips) 
Seat 4: michasia ($121.67 in chips) 
Seat 5: vadjkeee ($108.21 in chips) 
Seat 6: paramourx ($117.62 in chips) 
paramourx: posts small blind $0.50
sta$igk: posts big blind $1
*** HOLE CARDS ***
arthurect10: folds 
RedEyeJedi444: folds 
michasia: folds 
vadjkeee: folds 
paramourx: folds 
Uncalled bet ($0.50) returned to sta$igk
sta$igk collected $1 from pot
sta$igk: doesn't show hand 
*** SUMMARY ***
Total pot $1 | Rake $0 
Seat 1: sta$igk (big blind) collected ($1)
Seat 2: arthurect10 folded before Flop (didn't bet)
Seat 3: RedEyeJedi444 folded before Flop (didn't bet)
Seat 4: michasia folded before Flop (didn't bet)
Seat 5: vadjkeee (button) folded before Flop (didn't bet)
Seat 6: paramourx (small blind) folded before Flop



PokerStars Hand #254690247708:  Hold'em No Limit ($0.50/$1.00 USD) - 2025/02/03 18:37:27 WET [2025/02/03 13:37:27 ET]
Table 'Theresia II' 6-max Seat #6 is the button
Seat 1: sta$igk ($104.72 in chips) 
Seat 2: arthurect10 ($100 in chips) 
Seat 3: RedEyeJedi444 ($73.62 in chips) 
Seat 4: michasia ($121.67 in chips) 
Seat 5: vadjkeee ($108.21 in chips) 
Seat 6: paramourx ($117.12 in chips) 
sta$igk: posts small blind $0.50
arthurect10: posts big blind $1
*** HOLE CARDS ***
RedEyeJedi444: folds 
michasia: folds 
vadjkeee: folds 
paramourx: raises $2 to $3
sta$igk: raises $9 to $12
arthurect10: folds 
paramourx: folds 
Uncalled bet ($9) returned to sta$igk
sta$igk collected $7 from pot
sta$igk: doesn't show hand 
*** SUMMARY ***
Total pot $7 | Rake $0 
Seat 1: sta$igk (small blind) collected ($7)
Seat 2: arthurect10 (big blind) folded before Flop
Seat 3: RedEyeJedi444 folded before Flop (didn't bet)
Seat 4: michasia folded before Flop (didn't bet)
Seat 5: vadjkeee folded before Flop (didn't bet)
Seat 6: paramourx (button) folded before Flop



PokerStars Hand #254690254419:  Hold'em No Limit ($0.50/$1.00 USD) - 2025/02/03 18:37:50 WET [2025/02/03 13:37:50 ET]
Table 'Theresia II' 6-max Seat #1 is the button
Seat 1: sta$igk ($108.72 in chips) 
Seat 2: arthurect10 ($100 in chips) 
Seat 3: RedEyeJedi444 ($73.62 in chips) 
Seat 4: michasia ($121.67 in chips) 
Seat 5: vadjkeee ($108.21 in chips) 
Seat 6: paramourx ($114.12 in chips) 
arthurect10: posts small blind $0.50
RedEyeJedi444: posts big blind $1
*** HOLE CARDS ***
michasia: folds 
vadjkeee: folds 
paramourx: folds 
sta$igk: folds 
arthurect10: folds 
Uncalled bet ($0.50) returned to RedEyeJedi444
RedEyeJedi444 collected $1 from pot
*** SUMMARY ***
Total pot $1 | Rake $0 
Seat 1: sta$igk (button) folded before Flop (didn't bet)
Seat 2: arthurect10 (small blind) folded before Flop
Seat 3: RedEyeJedi444 (big blind) collected ($1)
Seat 4: michasia folded before Flop (didn't bet)
Seat 5: vadjkeee folded before Flop (didn't bet)
Seat 6: paramourx folded before Flop (didn't bet)



PokerStars Hand #254690257526:  Hold'em No Limit ($0.50/$1.00 USD) - 2025/02/03 18:38:01 WET [2025/02/03 13:38:01 ET]
Table 'Theresia II' 6-max Seat #2 is the button
Seat 1: sta$igk ($108.72 in chips) 
Seat 2: arthurect10 ($100 in chips) 
Seat 3: RedEyeJedi444 ($74.12 in chips) 
Seat 4: michasia ($121.67 in chips) 
Seat 5: vadjkeee ($108.21 in chips) 
Seat 6: paramourx ($114.12 in chips) 
RedEyeJedi444: posts small blind $0.50
michasia: posts big blind $1
*** HOLE CARDS ***
vadjkeee: folds 
paramourx: folds 
sta$igk: raises $1.50 to $2.50
arthurect10: folds 
RedEyeJedi444: folds 
michasia: folds 
Uncalled bet ($1.50) returned to sta$igk
sta$igk collected $2.50 from pot
sta$igk: doesn't show hand 
*** SUMMARY ***
Total pot $2.50 | Rake $0 
Seat 1: sta$igk collected ($2.50)
Seat 2: arthurect10 (button) folded before Flop (didn't bet)
Seat 3: RedEyeJedi444 (small blind) folded before Flop
Seat 4: michasia (big blind) folded before Flop
Seat 5: vadjkeee folded before Flop (didn't bet)
Seat 6: paramourx folded before Flop (didn't bet)



PokerStars Hand #254690261761:  Hold'em No Limit ($0.50/$1.00 USD) - 2025/02/03 18:38:15 WET [2025/02/03 13:38:15 ET]
Table 'Theresia II' 6-max Seat #3 is the button
Seat 1: sta$igk ($110.22 in chips) 
Seat 2: arthurect10 ($100 in chips) 
Seat 3: RedEyeJedi444 ($73.62 in chips) 
Seat 4: michasia ($120.67 in chips) 
Seat 5: vadjkeee ($108.21 in chips) 
Seat 6: paramourx ($114.12 in chips) 
michasia: posts small blind $0.50
vadjkeee: posts big blind $1
*** HOLE CARDS ***
paramourx: folds 
sta$igk: folds 
arthurect10: folds 
RedEyeJedi444: folds 
michasia: raises $2 to $3
vadjkeee: folds 
Uncalled bet ($2) returned to michasia
michasia collected $2 from pot
michasia: doesn't show hand 
*** SUMMARY ***
Total pot $2 | Rake $0 
Seat 1: sta$igk folded before Flop (didn't bet)
Seat 2: arthurect10 folded before Flop (didn't bet)
Seat 3: RedEyeJedi444 (button) folded before Flop (didn't bet)
Seat 4: michasia (small blind) collected ($2)
Seat 5: vadjkeee (big blind) folded before Flop
Seat 6: paramourx folded before Flop (didn't bet)



PokerStars Hand #254690281141:  Hold'em No Limit ($0.50/$1.00 USD) - 2025/02/03 18:39:20 WET [2025/02/03 13:39:20 ET]
Table 'Theresia II' 6-max Seat #1 is the button
Seat 1: sta$igk ($108.72 in chips) 
Seat 2: arthurect10 ($100 in chips) 
Seat 3: RedEyeJedi444 ($73.62 in chips) 
Seat 4: michasia ($116.27 in chips) 
Seat 5: vadjkeee ($116.61 in chips) 
Seat 6: paramourx ($112.62 in chips) 
arthurect10: posts small blind $0.50
RedEyeJedi444: posts big blind $1
*** HOLE CARDS ***
michasia: raises $1.60 to $2.60
vadjkeee: folds 
paramourx: folds 
sta$igk: folds 
arthurect10: folds 
RedEyeJedi444: folds 
Uncalled bet ($1.60) returned to michasia
michasia collected $2.50 from pot
michasia: doesn't show hand 
*** SUMMARY ***
Total pot $2.50 | Rake $0 
Seat 1: sta$igk (button) folded before Flop (didn't bet)
Seat 2: arthurect10 (small blind) folded before Flop
Seat 3: RedEyeJedi444 (big blind) folded before Flop
Seat 4: michasia collected ($2.50)
Seat 5: vadjkeee folded before Flop (didn't bet)
Seat 6: paramourx folded before Flop (didn't bet)



PokerStars Hand #254690285242:  Hold'em No Limit ($0.50/$1.00 USD) - 2025/02/03 18:39:34 WET [2025/02/03 13:39:34 ET]
Table 'Theresia II' 6-max Seat #2 is the button
Seat 4: michasia ($117.77 in chips) is sitting out
Seat 1: sta$igk ($108.72 in chips) 
Seat 2: arthurect10 ($100 in chips) 
Seat 3: RedEyeJedi444 ($72.62 in chips) 
Seat 5: vadjkeee ($116.61 in chips) 
Seat 6: paramourx ($112.62 in chips) 
RedEyeJedi444: posts small blind $0.50
vadjkeee: posts big blind $1
*** HOLE CARDS ***
paramourx: folds 
sta$igk: folds 
arthurect10: folds 
RedEyeJedi444: folds 
Uncalled bet ($0.50) returned to vadjkeee
vadjkeee collected $1 from pot
vadjkeee: doesn't show hand 
*** SUMMARY ***
Total pot $1 | Rake $0 
Seat 4: michasia
Seat 1: sta$igk folded before Flop (didn't bet)
Seat 2: arthurect10 (button) folded before Flop (didn't bet)
Seat 3: RedEyeJedi444 (small blind) folded before Flop
Seat 5: vadjkeee (big blind) collected ($1)
Seat 6: paramourx folded before Flop (didn't bet)



PokerStars Hand #254690287334:  Hold'em No Limit ($0.50/$1.00 USD) - 2025/02/03 18:39:41 WET [2025/02/03 13:39:41 ET]
Table 'Theresia II' 6-max Seat #3 is the button
Seat 4: michasia ($117.77 in chips) is sitting out
Seat 1: sta$igk ($108.72 in chips) 
Seat 2: arthurect10 ($100 in chips) 
Seat 3: RedEyeJedi444 ($72.12 in chips) 
Seat 5: vadjkeee ($117.11 in chips) 
Seat 6: paramourx ($112.62 in chips) 
vadjkeee: posts small blind $0.50
paramourx: posts big blind $1
*** HOLE CARDS ***
sta$igk: folds 
arthurect10: folds 
RedEyeJedi444: folds 
vadjkeee: folds 
Uncalled bet ($0.50) returned to paramourx
paramourx collected $1 from pot
paramourx: doesn't show hand 
*** SUMMARY ***
Total pot $1 | Rake $0 
Seat 4: michasia
Seat 1: sta$igk folded before Flop (didn't bet)
Seat 2: arthurect10 folded before Flop (didn't bet)
Seat 3: RedEyeJedi444 (button) folded before Flop (didn't bet)
Seat 5: vadjkeee (small blind) folded before Flop
Seat 6: paramourx (big blind) collected ($1)



PokerStars Hand #254690292299:  Hold'em No Limit ($0.50/$1.00 USD) - 2025/02/03 18:39:57 WET [2025/02/03 13:39:57 ET]
Table 'Theresia II' 6-max Seat #5 is the button
Seat 4: michasia ($117.77 in chips) is sitting out
Seat 1: sta$igk ($108.72 in chips) 
Seat 2: arthurect10 ($100 in chips) 
Seat 3: RedEyeJedi444 ($72.12 in chips) 
Seat 5: vadjkeee ($116.61 in chips) 
Seat 6: paramourx ($113.12 in chips) 
paramourx: posts small blind $0.50
sta$igk: posts big blind $1
*** HOLE CARDS ***
arthurect10: folds 
RedEyeJedi444: folds 
vadjkeee: folds 
paramourx: raises $2 to $3
sta$igk: folds 
Uncalled bet ($2) returned to paramourx
paramourx collected $2 from pot
paramourx: doesn't show hand 
*** SUMMARY ***
Total pot $2 | Rake $0 
Seat 4: michasia
Seat 1: sta$igk (big blind) folded before Flop
Seat 2: arthurect10 folded before Flop (didn't bet)
Seat 3: RedEyeJedi444 folded before Flop (didn't bet)
Seat 5: vadjkeee (button) folded before Flop (didn't bet)
Seat 6: paramourx (small blind) collected ($2)



PokerStars Hand #254690297233:  Hold'em No Limit ($0.50/$1.00 USD) - 2025/02/03 18:40:14 WET [2025/02/03 13:40:14 ET]
Table 'Theresia II' 6-max Seat #6 is the button
Seat 4: michasia ($117.77 in chips) is sitting out
Seat 1: sta$igk ($107.72 in chips) 
Seat 2: arthurect10 ($100 in chips) 
Seat 3: RedEyeJedi444 ($72.12 in chips) 
Seat 5: vadjkeee ($116.61 in chips) 
Seat 6: paramourx ($114.12 in chips) 
sta$igk: posts small blind $0.50
arthurect10: posts big blind $1
*** HOLE CARDS ***
RedEyeJedi444: folds 
vadjkeee: raises $1.50 to $2.50
paramourx: raises $5.50 to $8
sta$igk: folds 
arthurect10: folds 
vadjkeee: calls $5.50
*** FLOP *** [Jh Td 9s]
vadjkeee: checks 
paramourx: bets $5.15
vadjkeee: calls $5.15
*** TURN *** [Jh Td 9s] [3h]
vadjkeee: checks 
paramourx: bets $20.60
vadjkeee: folds 
Uncalled bet ($20.60) returned to paramourx
paramourx collected $26.41 from pot
paramourx: doesn't show hand 
*** SUMMARY ***
Total pot $27.80 | Rake $1.39 
Board [Jh Td 9s 3h]
Seat 4: michasia
Seat 1: sta$igk (small blind) folded before Flop
Seat 2: arthurect10 (big blind) folded before Flop
Seat 3: RedEyeJedi444 folded before Flop (didn't bet)
Seat 5: vadjkeee folded on the Turn
Seat 6: paramourx (button) collected ($26.41)



PokerStars Hand #254690323486:  Hold'em No Limit ($0.50/$1.00 USD) - 2025/02/03 18:41:43 WET [2025/02/03 13:41:43 ET]
Table 'Theresia II' 6-max Seat #1 is the button
Seat 4: michasia ($117.77 in chips) is sitting out
Seat 1: sta$igk ($107.22 in chips) 
Seat 2: arthurect10 ($100 in chips) 
Seat 3: RedEyeJedi444 ($72.12 in chips) 
Seat 5: vadjkeee ($103.46 in chips) 
Seat 6: paramourx ($127.38 in chips) 
arthurect10: posts small blind $0.50
RedEyeJedi444: posts big blind $1
*** HOLE CARDS ***
vadjkeee: folds 
paramourx: raises $2 to $3
sta$igk: folds 
arthurect10: folds 
RedEyeJedi444: folds 
Uncalled bet ($2) returned to paramourx
paramourx collected $2.50 from pot
paramourx: doesn't show hand 
*** SUMMARY ***
Total pot $2.50 | Rake $0 
Seat 4: michasia
Seat 1: sta$igk (button) folded before Flop (didn't bet)
Seat 2: arthurect10 (small blind) folded before Flop
Seat 3: RedEyeJedi444 (big blind) folded before Flop
Seat 5: vadjkeee folded before Flop (didn't bet)
Seat 6: paramourx collected ($2.50)



PokerStars Hand #254690327405:  Hold'em No Limit ($0.50/$1.00 USD) - 2025/02/03 18:41:56 WET [2025/02/03 13:41:56 ET]
Table 'Theresia II' 6-max Seat #2 is the button
Seat 4: michasia ($117.77 in chips) is sitting out
Seat 1: sta$igk ($107.22 in chips) 
Seat 2: arthurect10 ($100 in chips) 
Seat 3: RedEyeJedi444 ($71.12 in chips) 
Seat 5: vadjkeee ($103.46 in chips) 
Seat 6: paramourx ($128.88 in chips) 
RedEyeJedi444: posts small blind $0.50
vadjkeee: posts big blind $1
*** HOLE CARDS ***
paramourx: raises $2 to $3
sta$igk: folds 
arthurect10: folds 
RedEyeJedi444: folds 
vadjkeee: folds 
Uncalled bet ($2) returned to paramourx
paramourx collected $2.50 from pot
paramourx: doesn't show hand 
*** SUMMARY ***
Total pot $2.50 | Rake $0 
Seat 4: michasia
Seat 1: sta$igk folded before Flop (didn't bet)
Seat 2: arthurect10 (button) folded before Flop (didn't bet)
Seat 3: RedEyeJedi444 (small blind) folded before Flop
Seat 5: vadjkeee (big blind) folded before Flop
Seat 6: paramourx collected ($2.50)



PokerStars Hand #254690331887:  Hold'em No Limit ($0.50/$1.00 USD) - 2025/02/03 18:42:11 WET [2025/02/03 13:42:11 ET]
Table 'Theresia II' 6-max Seat #3 is the button
Seat 4: michasia ($117.77 in chips) is sitting out
Seat 1: sta$igk ($107.22 in chips) 
Seat 2: arthurect10 ($100 in chips) 
Seat 3: RedEyeJedi444 ($70.62 in chips) 
Seat 5: vadjkeee ($102.46 in chips) 
Seat 6: paramourx ($130.38 in chips) 
vadjkeee: posts small blind $0.50
paramourx: posts big blind $1
*** HOLE CARDS ***
sta$igk: folds 
arthurect10: raises $1.50 to $2.50
RedEyeJedi444: calls $2.50
vadjkeee: folds 
paramourx: folds 
*** FLOP *** [Ks Jc Kh]
arthurect10: checks 
RedEyeJedi444: bets $3
arthurect10: calls $3
*** TURN *** [Ks Jc Kh] [6h]
arthurect10: checks 
RedEyeJedi444: bets $5
arthurect10: folds 
Uncalled bet ($5) returned to RedEyeJedi444
RedEyeJedi444 collected $11.88 from pot
*** SUMMARY ***
Total pot $12.50 | Rake $0.62 
Board [Ks Jc Kh 6h]
Seat 4: michasia
Seat 1: sta$igk folded before Flop (didn't bet)
Seat 2: arthurect10 folded on the Turn
Seat 3: RedEyeJedi444 (button) collected ($11.88)
Seat 5: vadjkeee (small blind) folded before Flop
Seat 6: paramourx (big blind) folded before Flop



PokerStars Hand #254690347299:  Hold'em No Limit ($0.50/$1.00 USD) - 2025/02/03 18:43:03 WET [2025/02/03 13:43:03 ET]
Table 'Theresia II' 6-max Seat #5 is the button
Seat 4: michasia ($117.77 in chips) is sitting out
Seat 1: sta$igk ($107.22 in chips) 
Seat 2: arthurect10 ($100 in chips) 
Seat 3: RedEyeJedi444 ($77 in chips) 
Seat 5: vadjkeee ($101.96 in chips) 
Seat 6: paramourx ($129.38 in chips) 
paramourx: posts small blind $0.50
sta$igk: posts big blind $1
*** HOLE CARDS ***
arthurect10: folds 
RedEyeJedi444: folds 
vadjkeee: raises $1.50 to $2.50
paramourx: folds 
sta$igk: folds 
Uncalled bet ($1.50) returned to vadjkeee
vadjkeee collected $2.50 from pot
vadjkeee: doesn't show hand 
*** SUMMARY ***
Total pot $2.50 | Rake $0 
Seat 4: michasia
Seat 1: sta$igk (big blind) folded before Flop
Seat 2: arthurect10 folded before Flop (didn't bet)
Seat 3: RedEyeJedi444 folded before Flop (didn't bet)
Seat 5: vadjkeee (button) collected ($2.50)
Seat 6: paramourx (small blind) folded before Flop



PokerStars Hand #254690351711:  Hold'em No Limit ($0.50/$1.00 USD) - 2025/02/03 18:43:17 WET [2025/02/03 13:43:17 ET]
Table 'Theresia II' 6-max Seat #6 is the button
Seat 4: michasia ($117.77 in chips) is sitting out
Seat 1: sta$igk ($106.22 in chips) 
Seat 2: arthurect10 ($100 in chips) 
Seat 3: RedEyeJedi444 ($77 in chips) 
Seat 5: vadjkeee ($103.46 in chips) 
Seat 6: paramourx ($128.88 in chips) 
sta$igk: posts small blind $0.50
arthurect10: posts big blind $1
*** HOLE CARDS ***
RedEyeJedi444: calls $1
vadjkeee: folds 
paramourx: raises $4 to $5
sta$igk: folds 
arthurect10: folds 
RedEyeJedi444: calls $4
*** FLOP *** [Kh Kd 4h]
RedEyeJedi444: bets $4
paramourx: calls $4
*** TURN *** [Kh Kd 4h] [6h]
RedEyeJedi444: bets $5
paramourx: calls $5
*** RIVER *** [Kh Kd 4h 6h] [6c]
RedEyeJedi444: bets $3
paramourx: calls $3
*** SHOW DOWN ***
RedEyeJedi444: shows [Ah Ac] (two pair, Aces and Kings)
paramourx: mucks hand 
RedEyeJedi444 collected $33.72 from pot
*** SUMMARY ***
Total pot $35.50 | Rake $1.78 
Board [Kh Kd 4h 6h 6c]
Seat 4: michasia
Seat 1: sta$igk (small blind) folded before Flop
Seat 2: arthurect10 (big blind) folded before Flop
Seat 3: RedEyeJedi444 showed [Ah Ac] and won ($33.72) with two pair, Aces and Kings
Seat 5: vadjkeee folded before Flop (didn't bet)
Seat 6: paramourx (button) mucked



PokerStars Hand #254690379825:  Hold'em No Limit ($0.50/$1.00 USD) - 2025/02/03 18:44:52 WET [2025/02/03 13:44:52 ET]
Table 'Theresia II' 6-max Seat #1 is the button
Seat 4: michasia ($117.77 in chips) is sitting out
Seat 1: sta$igk ($105.72 in chips) 
Seat 2: arthurect10 ($100 in chips) 
Seat 3: RedEyeJedi444 ($93.72 in chips) 
Seat 5: vadjkeee ($103.46 in chips) 
Seat 6: paramourx ($111.88 in chips) 
arthurect10: posts small blind $0.50
RedEyeJedi444: posts big blind $1
michasia: sits out 
*** HOLE CARDS ***
vadjkeee: folds 
paramourx: folds 
sta$igk: folds 
arthurect10: folds 
Uncalled bet ($0.50) returned to RedEyeJedi444
RedEyeJedi444 collected $1 from pot
*** SUMMARY ***
Total pot $1 | Rake $0 
Seat 4: michasia
Seat 1: sta$igk (button) folded before Flop (didn't bet)
Seat 2: arthurect10 (small blind) folded before Flop
Seat 3: RedEyeJedi444 (big blind) collected ($1)
Seat 5: vadjkeee folded before Flop (didn't bet)
Seat 6: paramourx folded before Flop (didn't bet)



PokerStars Hand #254690383553:  Hold'em No Limit ($0.50/$1.00 USD) - 2025/02/03 18:45:05 WET [2025/02/03 13:45:05 ET]
Table 'Theresia II' 6-max Seat #2 is the button
Seat 1: sta$igk ($105.72 in chips) 
Seat 2: arthurect10 ($100 in chips) 
Seat 3: RedEyeJedi444 ($94.22 in chips) 
Seat 4: michasia ($117.77 in chips) 
Seat 5: vadjkeee ($103.46 in chips) 
Seat 6: paramourx ($111.88 in chips) 
RedEyeJedi444: posts small blind $0.50
michasia: posts big blind $1
*** HOLE CARDS ***
vadjkeee: folds 
paramourx: folds 
sta$igk: folds 
arthurect10: raises $1.50 to $2.50
RedEyeJedi444: folds 
michasia: folds 
Uncalled bet ($1.50) returned to arthurect10
RedEyeJedi444 leaves the table
arthurect10 collected $2.50 from pot
*** SUMMARY ***
Total pot $2.50 | Rake $0 
Seat 1: sta$igk folded before Flop (didn't bet)
Seat 2: arthurect10 (button) collected ($2.50)
Seat 3: RedEyeJedi444 (small blind) folded before Flop
Seat 4: michasia (big blind) folded before Flop
Seat 5: vadjkeee folded before Flop (didn't bet)
Seat 6: paramourx folded before Flop (didn't bet)



PokerStars Hand #254690388381:  Hold'em No Limit ($0.50/$1.00 USD) - 2025/02/03 18:45:22 WET [2025/02/03 13:45:22 ET]
Table 'Theresia II' 6-max Seat #4 is the button
Seat 1: sta$igk ($105.72 in chips) 
Seat 2: arthurect10 ($101.50 in chips) 
Seat 4: michasia ($116.77 in chips) 
Seat 5: vadjkeee ($103.46 in chips) 
Seat 6: paramourx ($111.88 in chips) 
vadjkeee: posts small blind $0.50
paramourx: posts big blind $1
*** HOLE CARDS ***
sta$igk: folds 
sta$igk leaves the table
arthurect10: raises $1.50 to $2.50
michasia: folds 
vadjkeee: folds 
paramourx: folds 
Uncalled bet ($1.50) returned to arthurect10
arthurect10 collected $2.50 from pot
*** SUMMARY ***
Total pot $2.50 | Rake $0 
Seat 1: sta$igk folded before Flop (didn't bet)
Seat 2: arthurect10 collected ($2.50)
Seat 4: michasia (button) folded before Flop (didn't bet)
Seat 5: vadjkeee (small blind) folded before Flop
Seat 6: paramourx (big blind) folded before Flop



PokerStars Hand #254690393459:  Hold'em No Limit ($0.50/$1.00 USD) - 2025/02/03 18:45:39 WET [2025/02/03 13:45:39 ET]
Table 'Theresia II' 6-max Seat #5 is the button
Seat 2: arthurect10 ($103 in chips) 
Seat 4: michasia ($116.77 in chips) 
Seat 5: vadjkeee ($102.96 in chips) 
Seat 6: paramourx ($110.88 in chips) 
paramourx: posts small blind $0.50
arthurect10: posts big blind $1
*** HOLE CARDS ***
michasia: folds 
vadjkeee: folds 
paramourx: folds 
Uncalled bet ($0.50) returned to arthurect10
arthurect10 collected $1 from pot
*** SUMMARY ***
Total pot $1 | Rake $0 
Seat 2: arthurect10 (big blind) collected ($1)
Seat 4: michasia folded before Flop (didn't bet)
Seat 5: vadjkeee (button) folded before Flop (didn't bet)
Seat 6: paramourx (small blind) folded before Flop



PokerStars Hand #254690396647:  Hold'em No Limit ($0.50/$1.00 USD) - 2025/02/03 18:45:49 WET [2025/02/03 13:45:49 ET]
Table 'Theresia II' 6-max Seat #6 is the button
Seat 2: arthurect10 ($103.50 in chips) 
Seat 4: michasia ($116.77 in chips) 
Seat 5: vadjkeee ($102.96 in chips) 
Seat 6: paramourx ($110.38 in chips) 
arthurect10: posts small blind $0.50
michasia: posts big blind $1
*** HOLE CARDS ***
vadjkeee: folds 
paramourx: raises $2 to $3
arthurect10: folds 
michasia: calls $2
*** FLOP *** [9c Kd Th]
michasia: checks 
paramourx: bets $3.09
michasia: calls $3.09
*** TURN *** [9c Kd Th] [3d]
michasia: checks 
paramourx: bets $18.68
michasia: folds 
Uncalled bet ($18.68) returned to paramourx
paramourx collected $12.05 from pot
paramourx: doesn't show hand 
*** SUMMARY ***
Total pot $12.68 | Rake $0.63 
Board [9c Kd Th 3d]
Seat 2: arthurect10 (small blind) folded before Flop
Seat 4: michasia (big blind) folded on the Turn
Seat 5: vadjkeee folded before Flop (didn't bet)
Seat 6: paramourx (button) collected ($12.05)



PokerStars Hand #254690410910:  Hold'em No Limit ($0.50/$1.00 USD) - 2025/02/03 18:46:37 WET [2025/02/03 13:46:37 ET]
Table 'Theresia II' 6-max Seat #2 is the button
Seat 2: arthurect10 ($103 in chips) 
Seat 4: michasia ($110.68 in chips) 
Seat 5: vadjkeee ($102.96 in chips) 
Seat 6: paramourx ($116.34 in chips) 
michasia: posts small blind $0.50
vadjkeee: posts big blind $1
*** HOLE CARDS ***
paramourx: folds 
arthurect10: folds 
michasia: folds 
Uncalled bet ($0.50) returned to vadjkeee
vadjkeee collected $1 from pot
vadjkeee: doesn't show hand 
*** SUMMARY ***
Total pot $1 | Rake $0 
Seat 2: arthurect10 (button) folded before Flop (didn't bet)
Seat 4: michasia (small blind) folded before Flop
Seat 5: vadjkeee (big blind) collected ($1)
Seat 6: paramourx folded before Flop (didn't bet)



PokerStars Hand #254690413738:  Hold'em No Limit ($0.50/$1.00 USD) - 2025/02/03 18:46:47 WET [2025/02/03 13:46:47 ET]
Table 'Theresia II' 6-max Seat #4 is the button
Seat 6: paramourx ($116.34 in chips) is sitting out
Seat 2: arthurect10 ($103 in chips) 
Seat 4: michasia ($110.18 in chips) 
Seat 5: vadjkeee ($103.46 in chips) 
vadjkeee: posts small blind $0.50
paramourx: is sitting out 
arthurect10: posts big blind $1
*** HOLE CARDS ***
coeeeelho joins the table at seat #1 
G.Andrei95 joins the table at seat #3 
michasia: folds 
vadjkeee: raises $2 to $3
paramourx leaves the table
arthurect10: calls $2
*** FLOP *** [Qc 8s 7s]
vadjkeee: checks 
coeeeelho leaves the table
arthurect10: checks 
*** TURN *** [Qc 8s 7s] [2c]
vadjkeee: checks 
arthurect10: checks 
*** RIVER *** [Qc 8s 7s 2c] [Tc]
vadjkeee: checks 
Benny7001 joins the table at seat #6 
Benny7001 is disconnected 
arthurect10: checks 
*** SHOW DOWN ***
vadjkeee: shows [6h 7h] (a pair of Sevens)
arthurect10: shows [9d 8c] (a pair of Eights)
ru_ruu_ru joins the table at seat #1 
arthurect10 collected $5.70 from pot
*** SUMMARY ***
Total pot $6 | Rake $0.30 
Board [Qc 8s 7s 2c Tc]
Seat 6: paramourx
Seat 2: arthurect10 (big blind) showed [9d 8c] and won ($5.70) with a pair of Eights
Seat 4: michasia (button) folded before Flop (didn't bet)
Seat 5: vadjkeee (small blind) showed [6h 7h] and lost with a pair of Sevens



PokerStars Hand #254690426664:  Hold'em No Limit ($0.50/$1.00 USD) - 2025/02/03 18:47:31 WET [2025/02/03 13:47:31 ET]
Table 'Theresia II' 6-max Seat #2 is the button
Seat 1: ru_ruu_ru ($100 in chips) is sitting out
Seat 3: G.Andrei95 ($100 in chips) is sitting out
Seat 5: vadjkeee ($100.46 in chips) is sitting out
Seat 2: arthurect10 ($105.70 in chips) 
Seat 4: michasia ($110.18 in chips) 
Seat 6: Benny7001 ($100 in chips) 
michasia: posts small blind $0.50
Benny7001: posts big blind $1
ru_ruu_ru: sits out 
*** HOLE CARDS ***
vadjkeee leaves the table
arthurect10: raises $1.50 to $2.50
michasia: folds 
SorinS28 joins the table at seat #5 
Benny7001: calls $1.50
*** FLOP *** [3d 4d 8c]
Benny7001: bets $3
arthurect10: calls $3
*** TURN *** [3d 4d 8c] [Kh]
Benny7001: bets $5
arthurect10: raises $15.90 to $20.90
Benny7001: calls $15.90
*** RIVER *** [3d 4d 8c Kh] [5c]
Benny7001: checks 
arthurect10: bets $79.30 and is all-in
Benny7001: folds 
Uncalled bet ($79.30) returned to arthurect10
arthurect10 collected $52.30 from pot
*** SUMMARY ***
Total pot $53.30 | Rake $1 
Board [3d 4d 8c Kh 5c]
Seat 1: ru_ruu_ru
Seat 3: G.Andrei95
Seat 5: vadjkeee
Seat 2: arthurect10 (button) collected ($52.30)
Seat 4: michasia (small blind) folded before Flop
Seat 6: Benny7001 (big blind) folded on the River



PokerStars Hand #254690448836:  Hold'em No Limit ($0.50/$1.00 USD) - 2025/02/03 18:48:46 WET [2025/02/03 13:48:46 ET]
Table 'Theresia II' 6-max Seat #4 is the button
Seat 3: G.Andrei95 ($100 in chips) is sitting out
Seat 5: SorinS28 ($100 in chips) is sitting out
Seat 1: ru_ruu_ru ($100 in chips) 
Seat 2: arthurect10 ($131.60 in chips) 
Seat 4: michasia ($109.68 in chips) 
Seat 6: Benny7001 ($73.60 in chips) 
Benny7001: posts small blind $0.50
ru_ruu_ru: posts big blind $1
G.Andrei95: sits out 
*** HOLE CARDS ***
arthurect10: raises $1.50 to $2.50
michasia: raises $5 to $7.50
Benny7001: folds 
ru_ruu_ru: folds 
arthurect10: folds 
Uncalled bet ($5) returned to michasia
michasia collected $6.50 from pot
michasia: doesn't show hand 
*** SUMMARY ***
Total pot $6.50 | Rake $0 
Seat 3: G.Andrei95
Seat 5: SorinS28
Seat 1: ru_ruu_ru (big blind) folded before Flop
Seat 2: arthurect10 folded before Flop
Seat 4: michasia (button) collected ($6.50)
Seat 6: Benny7001 (small blind) folded before Flop



PokerStars Hand #254690453241:  Hold'em No Limit ($0.50/$1.00 USD) - 2025/02/03 18:49:01 WET [2025/02/03 13:49:01 ET]
Table 'Theresia II' 6-max Seat #6 is the button
Seat 3: G.Andrei95 ($100 in chips) is sitting out
Seat 5: SorinS28 ($100 in chips) is sitting out
Seat 1: ru_ruu_ru ($100 in chips) 
Seat 2: arthurect10 ($129.10 in chips) 
Seat 4: michasia ($113.68 in chips) 
Seat 6: Benny7001 ($73.10 in chips) 
ru_ruu_ru: posts small blind $0.50
arthurect10: posts big blind $1
G.Andrei95: sits out 
SorinS28: sits out 
*** HOLE CARDS ***
michasia: raises $1.80 to $2.80
Benny7001: raises $6.80 to $9.60
ru_ruu_ru: folds 
arthurect10: folds 
michasia: calls $6.80
*** FLOP *** [8s 9s 6s]
michasia: checks 
Benny7001: bets $10.85
michasia: calls $10.85
*** TURN *** [8s 9s 6s] [As]
michasia: checks 
Benny7001: bets $20.70
michasia: folds 
Uncalled bet ($20.70) returned to Benny7001
Benny7001 collected $41.15 from pot
*** SUMMARY ***
Total pot $42.40 | Rake $1.25 
Board [8s 9s 6s As]
Seat 3: G.Andrei95
Seat 5: SorinS28
Seat 1: ru_ruu_ru (small blind) folded before Flop
Seat 2: arthurect10 (big blind) folded before Flop
Seat 4: michasia folded on the Turn
Seat 6: Benny7001 (button) collected ($41.15)



PokerStars Hand #254690464771:  Hold'em No Limit ($0.50/$1.00 USD) - 2025/02/03 18:49:40 WET [2025/02/03 13:49:40 ET]
Table 'Theresia II' 6-max Seat #1 is the button
Seat 5: SorinS28 ($100 in chips) is sitting out
Seat 1: ru_ruu_ru ($100 in chips) 
Seat 2: arthurect10 ($128.10 in chips) 
Seat 3: G.Andrei95 ($100 in chips) 
Seat 4: michasia ($100 in chips) 
Seat 6: Benny7001 ($93.80 in chips) 
arthurect10: posts small blind $0.50
G.Andrei95: posts big blind $1
SorinS28: sits out 
*** HOLE CARDS ***
michasia: folds 
Benny7001: folds 
ru_ruu_ru: raises $1.50 to $2.50
arthurect10: folds 
G.Andrei95: folds 
Uncalled bet ($1.50) returned to ru_ruu_ru
ru_ruu_ru collected $2.50 from pot
ru_ruu_ru: doesn't show hand 
*** SUMMARY ***
Total pot $2.50 | Rake $0 
Seat 5: SorinS28
Seat 1: ru_ruu_ru (button) collected ($2.50)
Seat 2: arthurect10 (small blind) folded before Flop
Seat 3: G.Andrei95 (big blind) folded before Flop
Seat 4: michasia folded before Flop (didn't bet)
Seat 6: Benny7001 folded before Flop (didn't bet)



PokerStars Hand #254690472188:  Hold'em No Limit ($0.50/$1.00 USD) - 2025/02/03 18:50:06 WET [2025/02/03 13:50:06 ET]
Table 'Theresia II' 6-max Seat #2 is the button
Seat 5: SorinS28 ($100 in chips) is sitting out
Seat 1: ru_ruu_ru ($101.50 in chips) 
Seat 2: arthurect10 ($127.60 in chips) 
Seat 3: G.Andrei95 ($100 in chips) 
Seat 4: michasia ($100 in chips) 
Seat 6: Benny7001 ($93.80 in chips) 
G.Andrei95: posts small blind $0.50
michasia: posts big blind $1
SorinS28: sits out 
*** HOLE CARDS ***
Benny7001: folds 
ru_ruu_ru has timed out
ru_ruu_ru: folds 
arthurect10: raises $1.50 to $2.50
G.Andrei95: raises $9.50 to $12
michasia: folds 
arthurect10: folds 
Uncalled bet ($9.50) returned to G.Andrei95
G.Andrei95 collected $6 from pot
G.Andrei95: doesn't show hand 
*** SUMMARY ***
Total pot $6 | Rake $0 
Seat 5: SorinS28
Seat 1: ru_ruu_ru folded before Flop (didn't bet)
Seat 2: arthurect10 (button) folded before Flop
Seat 3: G.Andrei95 (small blind) collected ($6)
Seat 4: michasia (big blind) folded before Flop
Seat 6: Benny7001 folded before Flop (didn't bet)



PokerStars Hand #254690481022:  Hold'em No Limit ($0.50/$1.00 USD) - 2025/02/03 18:50:35 WET [2025/02/03 13:50:35 ET]
Table 'Theresia II' 6-max Seat #3 is the button
Seat 1: ru_ruu_ru ($101.50 in chips) 
Seat 2: arthurect10 ($125.10 in chips) 
Seat 3: G.Andrei95 ($103.50 in chips) 
Seat 4: michasia ($100 in chips) 
Seat 5: SorinS28 ($100 in chips) 
Seat 6: Benny7001 ($93.80 in chips) 
michasia: posts small blind $0.50
SorinS28: posts big blind $1
*** HOLE CARDS ***
Benny7001: folds 
ru_ruu_ru: raises $1.20 to $2.20
arthurect10: folds 
G.Andrei95: folds 
michasia: folds 
SorinS28: calls $1.20
*** FLOP *** [8c Ah 6c]
SorinS28: checks 
ru_ruu_ru: bets $2.33
SorinS28: folds 
Uncalled bet ($2.33) returned to ru_ruu_ru
ru_ruu_ru collected $4.66 from pot
ru_ruu_ru: doesn't show hand 
*** SUMMARY ***
Total pot $4.90 | Rake $0.24 
Board [8c Ah 6c]
Seat 1: ru_ruu_ru collected ($4.66)
Seat 2: arthurect10 folded before Flop (didn't bet)
Seat 3: G.Andrei95 (button) folded before Flop (didn't bet)
Seat 4: michasia (small blind) folded before Flop
Seat 5: SorinS28 (big blind) folded on the Flop
Seat 6: Benny7001 folded before Flop (didn't bet)



PokerStars Hand #254690491596:  Hold'em No Limit ($0.50/$1.00 USD) - 2025/02/03 18:51:11 WET [2025/02/03 13:51:11 ET]
Table 'Theresia II' 6-max Seat #4 is the button
Seat 1: ru_ruu_ru ($103.96 in chips) 
Seat 2: arthurect10 ($125.10 in chips) 
Seat 3: G.Andrei95 ($103.50 in chips) 
Seat 4: michasia ($100 in chips) 
Seat 5: SorinS28 ($100 in chips) 
Seat 6: Benny7001 ($93.80 in chips) 
SorinS28: posts small blind $0.50
Benny7001: posts big blind $1
*** HOLE CARDS ***
ru_ruu_ru: folds 
arthurect10: folds 
G.Andrei95: folds 
michasia: raises $1.80 to $2.80
SorinS28: raises $9.90 to $12.70
Benny7001: folds 
michasia: folds 
Uncalled bet ($9.90) returned to SorinS28
SorinS28 collected $6.60 from pot
SorinS28: doesn't show hand 
*** SUMMARY ***
Total pot $6.60 | Rake $0 
Seat 1: ru_ruu_ru folded before Flop (didn't bet)
Seat 2: arthurect10 folded before Flop (didn't bet)
Seat 3: G.Andrei95 folded before Flop (didn't bet)
Seat 4: michasia (button) folded before Flop
Seat 5: SorinS28 (small blind) collected ($6.60)
Seat 6: Benny7001 (big blind) folded before Flop



PokerStars Hand #254690500015:  Hold'em No Limit ($0.50/$1.00 USD) - 2025/02/03 18:51:39 WET [2025/02/03 13:51:39 ET]
Table 'Theresia II' 6-max Seat #5 is the button
Seat 1: ru_ruu_ru ($103.96 in chips) 
Seat 2: arthurect10 ($125.10 in chips) 
Seat 3: G.Andrei95 ($103.50 in chips) 
Seat 4: michasia ($100 in chips) 
Seat 5: SorinS28 ($103.80 in chips) 
Seat 6: Benny7001 ($92.80 in chips) 
Benny7001: posts small blind $0.50
ru_ruu_ru: posts big blind $1
*** HOLE CARDS ***
arthurect10: folds 
G.Andrei95: raises $1.50 to $2.50
michasia: folds 
SorinS28: calls $2.50
Benny7001: calls $2
ru_ruu_ru: calls $1.50
*** FLOP *** [Qd 9h 6c]
Benny7001: checks 
ru_ruu_ru: checks 
G.Andrei95: bets $2.09
SorinS28: folds 
Benny7001: raises $3.09 to $5.18
ru_ruu_ru: folds 
G.Andrei95: calls $3.09
*** TURN *** [Qd 9h 6c] [Kc]
Benny7001: checks 
G.Andrei95: checks 
*** RIVER *** [Qd 9h 6c Kc] [Ad]
Benny7001: bets $15.67
G.Andrei95: calls $15.67
*** SHOW DOWN ***
Benny7001: shows [7d 8d] (high card Ace)
G.Andrei95: shows [Tc Th] (a pair of Tens)
G.Andrei95 collected $49.20 from pot
*** SUMMARY ***
Total pot $51.70 | Rake $2.50 
Board [Qd 9h 6c Kc Ad]
Seat 1: ru_ruu_ru (big blind) folded on the Flop
Seat 2: arthurect10 folded before Flop (didn't bet)
Seat 3: G.Andrei95 showed [Tc Th] and won ($49.20) with a pair of Tens
Seat 4: michasia folded before Flop (didn't bet)
Seat 5: SorinS28 (button) folded on the Flop
Seat 6: Benny7001 (small blind) showed [7d 8d] and lost with high card Ace



PokerStars Hand #254690535160:  Hold'em No Limit ($0.50/$1.00 USD) - 2025/02/03 18:53:39 WET [2025/02/03 13:53:39 ET]
Table 'Theresia II' 6-max Seat #6 is the button
Seat 1: ru_ruu_ru ($101.46 in chips) 
Seat 2: arthurect10 ($125.10 in chips) 
Seat 3: G.Andrei95 ($129.35 in chips) 
Seat 4: michasia ($100 in chips) 
Seat 5: SorinS28 ($101.30 in chips) 
Seat 6: Benny7001 ($69.45 in chips) 
ru_ruu_ru: posts small blind $0.50
arthurect10: posts big blind $1
*** HOLE CARDS ***
G.Andrei95: folds 
michasia: folds 
SorinS28: raises $1.30 to $2.30
Benny7001: calls $2.30
ru_ruu_ru: folds 
arthurect10: raises $9.70 to $12
SorinS28: folds 
Benny7001: folds 
Uncalled bet ($9.70) returned to arthurect10
arthurect10 collected $7.40 from pot
*** SUMMARY ***
Total pot $7.40 | Rake $0 
Seat 1: ru_ruu_ru (small blind) folded before Flop
Seat 2: arthurect10 (big blind) collected ($7.40)
Seat 3: G.Andrei95 folded before Flop (didn't bet)
Seat 4: michasia folded before Flop (didn't bet)
Seat 5: SorinS28 folded before Flop
Seat 6: Benny7001 (button) folded before Flop



PokerStars Hand #254690545114:  Hold'em No Limit ($0.50/$1.00 USD) - 2025/02/03 18:54:13 WET [2025/02/03 13:54:13 ET]
Table 'Theresia II' 6-max Seat #1 is the button
Seat 1: ru_ruu_ru ($100.96 in chips) 
Seat 2: arthurect10 ($130.20 in chips) 
Seat 3: G.Andrei95 ($129.35 in chips) 
Seat 4: michasia ($100 in chips) 
Seat 5: SorinS28 ($100 in chips) 
Seat 6: Benny7001 ($67.15 in chips) 
arthurect10: posts small blind $0.50
G.Andrei95: posts big blind $1
*** HOLE CARDS ***
michasia: folds 
SorinS28: folds 
Benny7001: raises $4 to $5
ru_ruu_ru: folds 
arthurect10: folds 
G.Andrei95: raises $12.50 to $17.50
Benny7001: calls $12.50
*** FLOP *** [9s 3c 8c]
G.Andrei95: checks 
Benny7001: checks 
*** TURN *** [9s 3c 8c] [8h]
G.Andrei95: checks 
Benny7001: checks 
*** RIVER *** [9s 3c 8c 8h] [4d]
G.Andrei95: checks 
Benny7001: checks 
*** SHOW DOWN ***
G.Andrei95: shows [Jd Ah] (a pair of Eights)
Benny7001: mucks hand 
G.Andrei95 collected $33.72 from pot
*** SUMMARY ***
Total pot $35.50 | Rake $1.78 
Board [9s 3c 8c 8h 4d]
Seat 1: ru_ruu_ru (button) folded before Flop (didn't bet)
Seat 2: arthurect10 (small blind) folded before Flop
Seat 3: G.Andrei95 (big blind) showed [Jd Ah] and won ($33.72) with a pair of Eights
Seat 4: michasia folded before Flop (didn't bet)
Seat 5: SorinS28 folded before Flop (didn't bet)
Seat 6: Benny7001 mucked



PokerStars Hand #254690559659:  Hold'em No Limit ($0.50/$1.00 USD) - 2025/02/03 18:55:04 WET [2025/02/03 13:55:04 ET]
Table 'Theresia II' 6-max Seat #2 is the button
Seat 5: SorinS28 ($100 in chips) is sitting out
Seat 1: ru_ruu_ru ($100.96 in chips) 
Seat 2: arthurect10 ($129.70 in chips) 
Seat 3: G.Andrei95 ($145.57 in chips) 
Seat 4: michasia ($100 in chips) 
Seat 6: Benny7001 ($49.65 in chips) 
G.Andrei95: posts small blind $0.50
michasia: posts big blind $1
*** HOLE CARDS ***
Benny7001: raises $2 to $3
ru_ruu_ru: folds 
arthurect10: folds 
G.Andrei95: folds 
michasia: raises $8.50 to $11.50
Benny7001: calls $8.50
*** FLOP *** [8s Kd 3s]
michasia: bets $7.37
Benny7001: folds 
Uncalled bet ($7.37) returned to michasia
michasia collected $22.32 from pot
michasia: doesn't show hand 
*** SUMMARY ***
Total pot $23.50 | Rake $1.18 
Board [8s Kd 3s]
Seat 5: SorinS28
Seat 1: ru_ruu_ru folded before Flop (didn't bet)
Seat 2: arthurect10 (button) folded before Flop (didn't bet)
Seat 3: G.Andrei95 (small blind) folded before Flop
Seat 4: michasia (big blind) collected ($22.32)
Seat 6: Benny7001 folded on the Flop



PokerStars Hand #254690565800:  Hold'em No Limit ($0.50/$1.00 USD) - 2025/02/03 18:55:30 WET [2025/02/03 13:55:30 ET]
Table 'Theresia II' 6-max Seat #3 is the button
Seat 5: SorinS28 ($100 in chips) is sitting out
Seat 1: ru_ruu_ru ($100.96 in chips) 
Seat 2: arthurect10 ($129.70 in chips) 
Seat 3: G.Andrei95 ($145.07 in chips) 
Seat 4: michasia ($110.82 in chips) 
Seat 6: Benny7001 ($38.15 in chips) 
michasia: posts small blind $0.50
Benny7001: posts big blind $1
*** HOLE CARDS ***
ru_ruu_ru: folds 
arthurect10: folds 
G.Andrei95: folds 
michasia: raises $2 to $3
Benny7001: folds 
Uncalled bet ($2) returned to michasia
michasia collected $2 from pot
michasia: doesn't show hand 
*** SUMMARY ***
Total pot $2 | Rake $0 
Seat 5: SorinS28
Seat 1: ru_ruu_ru folded before Flop (didn't bet)
Seat 2: arthurect10 folded before Flop (didn't bet)
Seat 3: G.Andrei95 (button) folded before Flop (didn't bet)
Seat 4: michasia (small blind) collected ($2)
Seat 6: Benny7001 (big blind) folded before Flop



PokerStars Hand #254690567900:  Hold'em No Limit ($0.50/$1.00 USD) - 2025/02/03 18:55:41 WET [2025/02/03 13:55:41 ET]
Table 'Theresia II' 6-max Seat #4 is the button
Seat 5: SorinS28 ($100 in chips) is sitting out
Seat 1: ru_ruu_ru ($100.96 in chips) 
Seat 2: arthurect10 ($129.70 in chips) 
Seat 3: G.Andrei95 ($145.07 in chips) 
Seat 4: michasia ($111.82 in chips) 
Seat 6: Benny7001 ($37.15 in chips) 
Benny7001: posts small blind $0.50
ru_ruu_ru: posts big blind $1
*** HOLE CARDS ***
arthurect10: folds 
G.Andrei95: folds 
michasia: folds 
Benny7001: folds 
Uncalled bet ($0.50) returned to ru_ruu_ru
ru_ruu_ru collected $1 from pot
ru_ruu_ru: doesn't show hand 
*** SUMMARY ***
Total pot $1 | Rake $0 
Seat 5: SorinS28
Seat 1: ru_ruu_ru (big blind) collected ($1)
Seat 2: arthurect10 folded before Flop (didn't bet)
Seat 3: G.Andrei95 folded before Flop (didn't bet)
Seat 4: michasia (button) folded before Flop (didn't bet)
Seat 6: Benny7001 (small blind) folded before Flop



PokerStars Hand #254690569560:  Hold'em No Limit ($0.50/$1.00 USD) - 2025/02/03 18:55:48 WET [2025/02/03 13:55:48 ET]
Table 'Theresia II' 6-max Seat #6 is the button
Seat 5: SorinS28 ($100 in chips) is sitting out
Seat 1: ru_ruu_ru ($101.46 in chips) 
Seat 2: arthurect10 ($129.70 in chips) 
Seat 3: G.Andrei95 ($145.07 in chips) 
Seat 4: michasia ($111.82 in chips) 
Seat 6: Benny7001 ($36.65 in chips) 
ru_ruu_ru: posts small blind $0.50
arthurect10: posts big blind $1
*** HOLE CARDS ***
G.Andrei95: raises $1.50 to $2.50
michasia: folds 
Benny7001: calls $2.50
ru_ruu_ru: folds 
arthurect10: folds 
*** FLOP *** [3d 9s Qh]
G.Andrei95: bets $2.04
Benny7001: raises $3.04 to $5.08
G.Andrei95: raises $5.39 to $10.47
Benny7001: calls $5.39
*** TURN *** [3d 9s Qh] [5c]
G.Andrei95: checks 
Benny7001: checks 
*** RIVER *** [3d 9s Qh 5c] [Js]
G.Andrei95: checks 
Benny7001: checks 
*** SHOW DOWN ***
G.Andrei95: shows [9h Ac] (a pair of Nines)
Benny7001: mucks hand 
G.Andrei95 collected $26.07 from pot
*** SUMMARY ***
Total pot $27.44 | Rake $1.37 
Board [3d 9s Qh 5c Js]
Seat 5: SorinS28
Seat 1: ru_ruu_ru (small blind) folded before Flop
Seat 2: arthurect10 (big blind) folded before Flop
Seat 3: G.Andrei95 showed [9h Ac] and won ($26.07) with a pair of Nines
Seat 4: michasia folded before Flop (didn't bet)
Seat 6: Benny7001 (button) mucked



PokerStars Hand #254690578555:  Hold'em No Limit ($0.50/$1.00 USD) - 2025/02/03 18:56:32 WET [2025/02/03 13:56:32 ET]
Table 'Theresia II' 6-max Seat #1 is the button
Seat 5: SorinS28 ($100 in chips) is sitting out
Seat 6: Benny7001 ($23.68 in chips) is sitting out
Seat 1: ru_ruu_ru ($100.96 in chips) 
Seat 2: arthurect10 ($128.70 in chips) 
Seat 3: G.Andrei95 ($158.17 in chips) 
Seat 4: michasia ($111.82 in chips) 
arthurect10: posts small blind $0.50
G.Andrei95: posts big blind $1
*** HOLE CARDS ***
michasia: raises $1.60 to $2.60
ru_ruu_ru: folds 
Benny7001 leaves the table
arthurect10: folds 
G.Andrei95: calls $1.60
*** FLOP *** [7s Js Kh]
G.Andrei95: checks 
michasia: checks 
*** TURN *** [7s Js Kh] [5h]
G.Andrei95: checks 
michasia: checks 
*** RIVER *** [7s Js Kh 5h] [Tc]
G.Andrei95: checks 
michasia: checks 
*** SHOW DOWN ***
G.Andrei95: shows [3d 3c] (a pair of Threes)
michasia: mucks hand 
G.Andrei95 collected $5.42 from pot
*** SUMMARY ***
Total pot $5.70 | Rake $0.28 
Board [7s Js Kh 5h Tc]
Seat 5: SorinS28
Seat 6: Benny7001
Seat 1: ru_ruu_ru (button) folded before Flop (didn't bet)
Seat 2: arthurect10 (small blind) folded before Flop
Seat 3: G.Andrei95 (big blind) showed [3d 3c] and won ($5.42) with a pair of Threes
Seat 4: michasia mucked



PokerStars Hand #254690584380:  Hold'em No Limit ($0.50/$1.00 USD) - 2025/02/03 18:57:00 WET [2025/02/03 13:57:00 ET]
Table 'Theresia II' 6-max Seat #2 is the button
Seat 4: michasia ($109.22 in chips) is sitting out
Seat 5: SorinS28 ($100 in chips) is sitting out
Seat 1: ru_ruu_ru ($100.96 in chips) 
Seat 2: arthurect10 ($128.20 in chips) 
Seat 3: G.Andrei95 ($160.99 in chips) 
G.Andrei95: posts small blind $0.50
michasia: is sitting out 
ru_ruu_ru: posts big blind $1
*** HOLE CARDS ***
michasia leaves the table
arthurect10: folds 
arthurect10 leaves the table
G.Andrei95: raises $2 to $3
SorinS28 leaves the table
ru_ruu_ru: folds 
Uncalled bet ($2) returned to G.Andrei95
G.Andrei95 collected $2 from pot
G.Andrei95: doesn't show hand 
*** SUMMARY ***
Total pot $2 | Rake $0 
Seat 4: michasia
Seat 5: SorinS28
Seat 1: ru_ruu_ru (big blind) folded before Flop
Seat 2: arthurect10 (button) folded before Flop (didn't bet)
Seat 3: G.Andrei95 (small blind) collected ($2)



