PokerStars Hand #254690674639:  Hold'em No Limit ($0.50/$1.00 USD) - 2025/02/03 19:03:27 WET [2025/02/03 14:03:27 ET]
Table 'Ducrosa II' 6-max Seat #4 is the button
Seat 5: D_style1905 ($0 in chips) is sitting out
Seat 1: coeeeelho ($100 in chips) 
Seat 2: SorinS28 ($101.50 in chips) 
Seat 3: easy_sarcasm ($100 in chips) 
Seat 4: NoonTime1991 ($116.20 in chips) 
Seat 6: G.Andrei95 ($130 in chips) 
G.Andrei95: posts small blind $0.50
coeeeelho: posts big blind $1
*** HOLE CARDS ***
SorinS28: folds 
D_style1905 leaves the table
Oli3579 joins the table at seat #5 
Oli3579 leaves the table
easy_sarcasm: folds 
NoonTime1991: folds 
G.Andrei95: folds 
Uncalled bet ($0.50) returned to coeeeelho
coeeeelho collected $1 from pot
*** SUMMARY ***
Total pot $1 | Rake $0 
Seat 5: D_style1905
Seat 1: coeeeelho (big blind) collected ($1)
Seat 2: SorinS28 folded before Flop (didn't bet)
Seat 3: easy_sarcasm folded before Flop (didn't bet)
Seat 4: NoonTime1991 (button) folded before Flop (didn't bet)
Seat 6: G.Andrei95 (small blind) folded before Flop



PokerStars Hand #254690680049:  Hold'em No Limit ($0.50/$1.00 USD) - 2025/02/03 19:03:46 WET [2025/02/03 14:03:46 ET]
Table 'Ducrosa II' 6-max Seat #6 is the button
Seat 1: coeeeelho ($100.50 in chips) 
Seat 2: SorinS28 ($101.50 in chips) 
Seat 3: easy_sarcasm ($100 in chips) 
Seat 4: NoonTime1991 ($116.20 in chips) 
Seat 6: G.Andrei95 ($129.50 in chips) 
coeeeelho: posts small blind $0.50
SorinS28: posts big blind $1
*** HOLE CARDS ***
easy_sarcasm: folds 
NoonTime1991: folds 
G.Andrei95: folds 
coeeeelho: raises $2 to $3
SorinS28: folds 
Uncalled bet ($2) returned to coeeeelho
grumpymace joins the table at seat #5 
coeeeelho collected $2 from pot
*** SUMMARY ***
Total pot $2 | Rake $0 
Seat 1: coeeeelho (small blind) collected ($2)
Seat 2: SorinS28 (big blind) folded before Flop
Seat 3: easy_sarcasm folded before Flop (didn't bet)
Seat 4: NoonTime1991 folded before Flop (didn't bet)
Seat 6: G.Andrei95 (button) folded before Flop (didn't bet)



PokerStars Hand #254690687565:  Hold'em No Limit ($0.50/$1.00 USD) - 2025/02/03 19:04:12 WET [2025/02/03 14:04:12 ET]
Table 'Ducrosa II' 6-max Seat #1 is the button
Seat 3: easy_sarcasm ($100 in chips) is sitting out
Seat 4: NoonTime1991 ($116.20 in chips) is sitting out
Seat 1: coeeeelho ($101.50 in chips) 
Seat 2: SorinS28 ($100.50 in chips) 
Seat 5: grumpymace ($10 in chips) 
Seat 6: G.Andrei95 ($129.50 in chips) 
SorinS28: posts small blind $0.50
easy_sarcasm: is sitting out 
NoonTime1991: is sitting out 
grumpymace: posts big blind $1
*** HOLE CARDS ***
G.Andrei95: raises $1.50 to $2.50
easy_sarcasm leaves the table
coeeeelho: raises $5 to $7.50
SorinS28: folds 
sta$igk joins the table at seat #3 
grumpymace: calls $6.50
G.Andrei95: folds 
*** FLOP *** [6d Kc Qc]
grumpymace: bets $2.50 and is all-in
coeeeelho: calls $2.50
*** TURN *** [6d Kc Qc] [2d]
*** RIVER *** [6d Kc Qc 2d] [7h]
*** SHOW DOWN ***
grumpymace: shows [Ad Jc] (high card Ace)
coeeeelho: shows [7c 7s] (three of a kind, Sevens)
coeeeelho collected $22 from pot
*** SUMMARY ***
Total pot $23 | Rake $1 
Board [6d Kc Qc 2d 7h]
Seat 3: easy_sarcasm
Seat 4: NoonTime1991
Seat 1: coeeeelho (button) showed [7c 7s] and won ($22) with three of a kind, Sevens
Seat 2: SorinS28 (small blind) folded before Flop
Seat 5: grumpymace (big blind) showed [Ad Jc] and lost with high card Ace
Seat 6: G.Andrei95 folded before Flop



PokerStars Hand #254690701770:  Hold'em No Limit ($0.50/$1.00 USD) - 2025/02/03 19:05:01 WET [2025/02/03 14:05:01 ET]
Table 'Ducrosa II' 6-max Seat #2 is the button
Seat 3: sta$igk ($100 in chips) is sitting out
Seat 4: NoonTime1991 ($116.20 in chips) is sitting out
Seat 1: coeeeelho ($113.50 in chips) 
Seat 2: SorinS28 ($100 in chips) 
Seat 5: grumpymace ($90 in chips) 
Seat 6: G.Andrei95 ($127 in chips) 
grumpymace: posts small blind $0.50
G.Andrei95: posts big blind $1
*** HOLE CARDS ***
coeeeelho: raises $1.20 to $2.20
SorinS28: folds 
grumpymace: folds 
G.Andrei95: calls $1.20
*** FLOP *** [8c 5h 4h]
G.Andrei95: bets $1.03
coeeeelho: calls $1.03
*** TURN *** [8c 5h 4h] [7h]
G.Andrei95: checks 
coeeeelho: checks 
*** RIVER *** [8c 5h 4h 7h] [Qh]
G.Andrei95: bets $4.69
coeeeelho: raises $16.31 to $21
G.Andrei95: raises $16.31 to $37.31
coeeeelho: raises $16.31 to $53.62
G.Andrei95: folds 
Uncalled bet ($16.31) returned to coeeeelho
coeeeelho collected $80.58 from pot
*** SUMMARY ***
Total pot $81.58 | Rake $1 
Board [8c 5h 4h 7h Qh]
Seat 3: sta$igk
Seat 4: NoonTime1991
Seat 1: coeeeelho collected ($80.58)
Seat 2: SorinS28 (button) folded before Flop (didn't bet)
Seat 5: grumpymace (small blind) folded before Flop
Seat 6: G.Andrei95 (big blind) folded on the River



PokerStars Hand #254690740743:  Hold'em No Limit ($0.50/$1.00 USD) - 2025/02/03 19:07:12 WET [2025/02/03 14:07:12 ET]
Table 'Ducrosa II' 6-max Seat #5 is the button
Seat 3: sta$igk ($100 in chips) is sitting out
Seat 4: NoonTime1991 ($116.20 in chips) is sitting out
Seat 1: coeeeelho ($153.54 in chips) 
Seat 2: SorinS28 ($100 in chips) 
Seat 5: grumpymace ($100 in chips) 
Seat 6: G.Andrei95 ($100 in chips) 
G.Andrei95: posts small blind $0.50
coeeeelho: posts big blind $1
sta$igk: sits out 
NoonTime1991: sits out 
*** HOLE CARDS ***
SorinS28: folds 
grumpymace: calls $1
G.Andrei95: calls $0.50
coeeeelho: checks 
*** FLOP *** [8d Th 2h]
G.Andrei95: bets $1
coeeeelho: folds 
grumpymace: raises $4.85 to $5.85
G.Andrei95: folds 
Uncalled bet ($4.85) returned to grumpymace
grumpymace collected $4.75 from pot
grumpymace: doesn't show hand 
*** SUMMARY ***
Total pot $5 | Rake $0.25 
Board [8d Th 2h]
Seat 3: sta$igk
Seat 4: NoonTime1991
Seat 1: coeeeelho (big blind) folded on the Flop
Seat 2: SorinS28 folded before Flop (didn't bet)
Seat 5: grumpymace (button) collected ($4.75)
Seat 6: G.Andrei95 (small blind) folded on the Flop



PokerStars Hand #254690753128:  Hold'em No Limit ($0.50/$1.00 USD) - 2025/02/03 19:07:53 WET [2025/02/03 14:07:53 ET]
Table 'Ducrosa II' 6-max Seat #6 is the button
Seat 3: sta$igk ($100 in chips) is sitting out
Seat 4: NoonTime1991 ($116.20 in chips) is sitting out
Seat 1: coeeeelho ($152.54 in chips) 
Seat 2: SorinS28 ($100 in chips) 
Seat 5: grumpymace ($102.75 in chips) 
Seat 6: G.Andrei95 ($100 in chips) 
coeeeelho: posts small blind $0.50
SorinS28: posts big blind $1
sta$igk: sits out 
NoonTime1991: sits out 
*** HOLE CARDS ***
grumpymace: calls $1
G.Andrei95: raises $2.50 to $3.50
coeeeelho: folds 
SorinS28: folds 
grumpymace: calls $2.50
*** FLOP *** [Kd Jd Js]
grumpymace: checks 
G.Andrei95: checks 
*** TURN *** [Kd Jd Js] [5h]
grumpymace: checks 
G.Andrei95: checks 
*** RIVER *** [Kd Jd Js 5h] [6s]
grumpymace: checks 
G.Andrei95: bets $5.74
grumpymace: folds 
Uncalled bet ($5.74) returned to G.Andrei95
G.Andrei95 collected $8.08 from pot
G.Andrei95: doesn't show hand 
*** SUMMARY ***
Total pot $8.50 | Rake $0.42 
Board [Kd Jd Js 5h 6s]
Seat 3: sta$igk
Seat 4: NoonTime1991
Seat 1: coeeeelho (small blind) folded before Flop
Seat 2: SorinS28 (big blind) folded before Flop
Seat 5: grumpymace folded on the River
Seat 6: G.Andrei95 (button) collected ($8.08)



PokerStars Hand #254690767719:  Hold'em No Limit ($0.50/$1.00 USD) - 2025/02/03 19:08:43 WET [2025/02/03 14:08:43 ET]
Table 'Ducrosa II' 6-max Seat #1 is the button
Seat 4: NoonTime1991 ($116.20 in chips) is sitting out
Seat 1: coeeeelho ($152.04 in chips) 
Seat 2: SorinS28 ($100 in chips) 
Seat 3: sta$igk ($100 in chips) 
Seat 5: grumpymace ($99.25 in chips) 
Seat 6: G.Andrei95 ($104.58 in chips) 
SorinS28: posts small blind $0.50
sta$igk: posts big blind $1
NoonTime1991: sits out 
*** HOLE CARDS ***
grumpymace: folds 
G.Andrei95: folds 
coeeeelho: raises $1.50 to $2.50
SorinS28: folds 
sta$igk: folds 
Uncalled bet ($1.50) returned to coeeeelho
coeeeelho collected $2.50 from pot
*** SUMMARY ***
Total pot $2.50 | Rake $0 
Seat 4: NoonTime1991
Seat 1: coeeeelho (button) collected ($2.50)
Seat 2: SorinS28 (small blind) folded before Flop
Seat 3: sta$igk (big blind) folded before Flop
Seat 5: grumpymace folded before Flop (didn't bet)
Seat 6: G.Andrei95 folded before Flop (didn't bet)



PokerStars Hand #254690774622:  Hold'em No Limit ($0.50/$1.00 USD) - 2025/02/03 19:09:06 WET [2025/02/03 14:09:06 ET]
Table 'Ducrosa II' 6-max Seat #2 is the button
Seat 1: coeeeelho ($153.54 in chips) 
Seat 2: SorinS28 ($100 in chips) 
Seat 3: sta$igk ($100 in chips) 
Seat 4: NoonTime1991 ($116.20 in chips) 
Seat 5: grumpymace ($99.25 in chips) 
Seat 6: G.Andrei95 ($104.58 in chips) 
sta$igk: posts small blind $0.50
NoonTime1991: posts big blind $1
*** HOLE CARDS ***
grumpymace: calls $1
G.Andrei95: folds 
coeeeelho: raises $3.20 to $4.20
SorinS28: calls $4.20
sta$igk: raises $12.30 to $16.50
NoonTime1991: folds 
grumpymace: folds 
coeeeelho: folds 
SorinS28: folds 
Uncalled bet ($12.30) returned to sta$igk
sta$igk collected $14.60 from pot
sta$igk: doesn't show hand 
*** SUMMARY ***
Total pot $14.60 | Rake $0 
Seat 1: coeeeelho folded before Flop
Seat 2: SorinS28 (button) folded before Flop
Seat 3: sta$igk (small blind) collected ($14.60)
Seat 4: NoonTime1991 (big blind) folded before Flop
Seat 5: grumpymace folded before Flop
Seat 6: G.Andrei95 folded before Flop (didn't bet)



PokerStars Hand #254690793275:  Hold'em No Limit ($0.50/$1.00 USD) - 2025/02/03 19:10:09 WET [2025/02/03 14:10:09 ET]
Table 'Ducrosa II' 6-max Seat #3 is the button
Seat 1: coeeeelho ($149.34 in chips) 
Seat 2: SorinS28 ($100 in chips) 
Seat 3: sta$igk ($110.40 in chips) 
Seat 4: NoonTime1991 ($115.20 in chips) 
Seat 5: grumpymace ($98.25 in chips) 
Seat 6: G.Andrei95 ($104.58 in chips) 
NoonTime1991: posts small blind $0.50
grumpymace: posts big blind $1
*** HOLE CARDS ***
G.Andrei95: folds 
coeeeelho: raises $1.10 to $2.10
SorinS28: folds 
sta$igk: folds 
NoonTime1991: folds 
grumpymace: folds 
Uncalled bet ($1.10) returned to coeeeelho
coeeeelho collected $2.50 from pot
*** SUMMARY ***
Total pot $2.50 | Rake $0 
Seat 1: coeeeelho collected ($2.50)
Seat 2: SorinS28 folded before Flop (didn't bet)
Seat 3: sta$igk (button) folded before Flop (didn't bet)
Seat 4: NoonTime1991 (small blind) folded before Flop
Seat 5: grumpymace (big blind) folded before Flop
Seat 6: G.Andrei95 folded before Flop (didn't bet)



PokerStars Hand #254690797368:  Hold'em No Limit ($0.50/$1.00 USD) - 2025/02/03 19:10:22 WET [2025/02/03 14:10:22 ET]
Table 'Ducrosa II' 6-max Seat #4 is the button
Seat 1: coeeeelho ($150.84 in chips) 
Seat 2: SorinS28 ($100 in chips) 
Seat 3: sta$igk ($110.40 in chips) 
Seat 4: NoonTime1991 ($114.70 in chips) 
Seat 5: grumpymace ($97.25 in chips) 
Seat 6: G.Andrei95 ($104.58 in chips) 
grumpymace: posts small blind $0.50
G.Andrei95: posts big blind $1
*** HOLE CARDS ***
coeeeelho: folds 
SorinS28: raises $1.02 to $2.02
sta$igk: folds 
NoonTime1991: folds 
grumpymace: folds 
G.Andrei95: calls $1.02
*** FLOP *** [Td Qh Kc]
G.Andrei95: checks 
SorinS28: bets $1.21
G.Andrei95: calls $1.21
*** TURN *** [Td Qh Kc] [Kd]
G.Andrei95: checks 
SorinS28: bets $4.96
G.Andrei95: raises $18.54 to $23.50
SorinS28: calls $18.54
*** RIVER *** [Td Qh Kc Kd] [Qc]
G.Andrei95: bets $77.85 and is all-in
SorinS28: calls $73.27 and is all-in
Uncalled bet ($4.58) returned to G.Andrei95
*** SHOW DOWN ***
G.Andrei95: shows [8d Qd] (a full house, Queens full of Kings)
SorinS28: shows [Kh 8h] (a full house, Kings full of Queens)
SorinS28 collected $198 from pot
*** SUMMARY ***
Total pot $200.50 | Rake $2.50 
Board [Td Qh Kc Kd Qc]
Seat 1: coeeeelho folded before Flop (didn't bet)
Seat 2: SorinS28 showed [Kh 8h] and won ($198) with a full house, Kings full of Queens
Seat 3: sta$igk folded before Flop (didn't bet)
Seat 4: NoonTime1991 (button) folded before Flop (didn't bet)
Seat 5: grumpymace (small blind) folded before Flop
Seat 6: G.Andrei95 (big blind) showed [8d Qd] and lost with a full house, Queens full of Kings



PokerStars Hand #254690830257:  Hold'em No Limit ($0.50/$1.00 USD) - 2025/02/03 19:12:12 WET [2025/02/03 14:12:12 ET]
Table 'Ducrosa II' 6-max Seat #5 is the button
Seat 1: coeeeelho ($150.84 in chips) 
Seat 2: SorinS28 ($198 in chips) 
Seat 3: sta$igk ($110.40 in chips) 
Seat 4: NoonTime1991 ($114.70 in chips) 
Seat 5: grumpymace ($96.75 in chips) 
Seat 6: G.Andrei95 ($100 in chips) 
G.Andrei95: posts small blind $0.50
coeeeelho: posts big blind $1
*** HOLE CARDS ***
SorinS28: folds 
sta$igk: folds 
NoonTime1991: raises $1 to $2
grumpymace: calls $2
G.Andrei95: folds 
coeeeelho: folds 
*** FLOP *** [9c 7c 8s]
NoonTime1991: bets $1.72
grumpymace: raises $3.28 to $5
NoonTime1991: calls $3.28
*** TURN *** [9c 7c 8s] [6d]
NoonTime1991: checks 
grumpymace: bets $9
NoonTime1991: folds 
Uncalled bet ($9) returned to grumpymace
grumpymace collected $14.72 from pot
grumpymace: doesn't show hand 
*** SUMMARY ***
Total pot $15.50 | Rake $0.78 
Board [9c 7c 8s 6d]
Seat 1: coeeeelho (big blind) folded before Flop
Seat 2: SorinS28 folded before Flop (didn't bet)
Seat 3: sta$igk folded before Flop (didn't bet)
Seat 4: NoonTime1991 folded on the Turn
Seat 5: grumpymace (button) collected ($14.72)
Seat 6: G.Andrei95 (small blind) folded before Flop



PokerStars Hand #254690844309:  Hold'em No Limit ($0.50/$1.00 USD) - 2025/02/03 19:12:59 WET [2025/02/03 14:12:59 ET]
Table 'Ducrosa II' 6-max Seat #6 is the button
Seat 1: coeeeelho ($149.84 in chips) 
Seat 2: SorinS28 ($198 in chips) 
Seat 3: sta$igk ($110.40 in chips) 
Seat 4: NoonTime1991 ($107.70 in chips) 
Seat 5: grumpymace ($104.47 in chips) 
Seat 6: G.Andrei95 ($100 in chips) 
coeeeelho: posts small blind $0.50
SorinS28: posts big blind $1
*** HOLE CARDS ***
sta$igk: folds 
NoonTime1991: folds 
grumpymace: folds 
G.Andrei95: folds 
coeeeelho: folds 
Uncalled bet ($0.50) returned to SorinS28
SorinS28 collected $1 from pot
SorinS28: doesn't show hand 
*** SUMMARY ***
Total pot $1 | Rake $0 
Seat 1: coeeeelho (small blind) folded before Flop
Seat 2: SorinS28 (big blind) collected ($1)
Seat 3: sta$igk folded before Flop (didn't bet)
Seat 4: NoonTime1991 folded before Flop (didn't bet)
Seat 5: grumpymace folded before Flop (didn't bet)
Seat 6: G.Andrei95 (button) folded before Flop (didn't bet)



PokerStars Hand #254690849629:  Hold'em No Limit ($0.50/$1.00 USD) - 2025/02/03 19:13:17 WET [2025/02/03 14:13:17 ET]
Table 'Ducrosa II' 6-max Seat #1 is the button
Seat 1: coeeeelho ($149.34 in chips) 
Seat 2: SorinS28 ($198.50 in chips) 
Seat 3: sta$igk ($110.40 in chips) 
Seat 4: NoonTime1991 ($107.70 in chips) 
Seat 5: grumpymace ($104.47 in chips) 
Seat 6: G.Andrei95 ($100 in chips) 
SorinS28: posts small blind $0.50
sta$igk: posts big blind $1
*** HOLE CARDS ***
NoonTime1991: raises $1 to $2
grumpymace: folds 
G.Andrei95: folds 
coeeeelho: folds 
SorinS28: folds 
sta$igk: raises $10 to $12
NoonTime1991: folds 
Uncalled bet ($10) returned to sta$igk
sta$igk collected $4.50 from pot
sta$igk: doesn't show hand 
*** SUMMARY ***
Total pot $4.50 | Rake $0 
Seat 1: coeeeelho (button) folded before Flop (didn't bet)
Seat 2: SorinS28 (small blind) folded before Flop
Seat 3: sta$igk (big blind) collected ($4.50)
Seat 4: NoonTime1991 folded before Flop
Seat 5: grumpymace folded before Flop (didn't bet)
Seat 6: G.Andrei95 folded before Flop (didn't bet)



PokerStars Hand #254690857197:  Hold'em No Limit ($0.50/$1.00 USD) - 2025/02/03 19:13:42 WET [2025/02/03 14:13:42 ET]
Table 'Ducrosa II' 6-max Seat #2 is the button
Seat 1: coeeeelho ($149.34 in chips) 
Seat 2: SorinS28 ($198 in chips) 
Seat 3: sta$igk ($112.90 in chips) 
Seat 4: NoonTime1991 ($105.70 in chips) 
Seat 5: grumpymace ($104.47 in chips) 
Seat 6: G.Andrei95 ($100 in chips) 
sta$igk: posts small blind $0.50
NoonTime1991: posts big blind $1
*** HOLE CARDS ***
grumpymace: folds 
G.Andrei95: folds 
coeeeelho: raises $1.20 to $2.20
SorinS28: folds 
sta$igk: raises $8.80 to $11
NoonTime1991: folds 
coeeeelho: folds 
Uncalled bet ($8.80) returned to sta$igk
sta$igk collected $5.40 from pot
sta$igk: doesn't show hand 
*** SUMMARY ***
Total pot $5.40 | Rake $0 
Seat 1: coeeeelho folded before Flop
Seat 2: SorinS28 (button) folded before Flop (didn't bet)
Seat 3: sta$igk (small blind) collected ($5.40)
Seat 4: NoonTime1991 (big blind) folded before Flop
Seat 5: grumpymace folded before Flop (didn't bet)
Seat 6: G.Andrei95 folded before Flop (didn't bet)



PokerStars Hand #254690863340:  Hold'em No Limit ($0.50/$1.00 USD) - 2025/02/03 19:14:02 WET [2025/02/03 14:14:02 ET]
Table 'Ducrosa II' 6-max Seat #3 is the button
Seat 1: coeeeelho ($147.14 in chips) 
Seat 2: SorinS28 ($198 in chips) 
Seat 3: sta$igk ($116.10 in chips) 
Seat 4: NoonTime1991 ($104.70 in chips) 
Seat 5: grumpymace ($104.47 in chips) 
Seat 6: G.Andrei95 ($100 in chips) 
NoonTime1991: posts small blind $0.50
grumpymace: posts big blind $1
*** HOLE CARDS ***
G.Andrei95: folds 
coeeeelho: folds 
SorinS28: folds 
sta$igk: folds 
NoonTime1991: folds 
Uncalled bet ($0.50) returned to grumpymace
grumpymace collected $1 from pot
grumpymace: doesn't show hand 
*** SUMMARY ***
Total pot $1 | Rake $0 
Seat 1: coeeeelho folded before Flop (didn't bet)
Seat 2: SorinS28 folded before Flop (didn't bet)
Seat 3: sta$igk (button) folded before Flop (didn't bet)
Seat 4: NoonTime1991 (small blind) folded before Flop
Seat 5: grumpymace (big blind) collected ($1)
Seat 6: G.Andrei95 folded before Flop (didn't bet)



PokerStars Hand #254690867503:  Hold'em No Limit ($0.50/$1.00 USD) - 2025/02/03 19:14:16 WET [2025/02/03 14:14:16 ET]
Table 'Ducrosa II' 6-max Seat #4 is the button
Seat 1: coeeeelho ($147.14 in chips) 
Seat 2: SorinS28 ($198 in chips) 
Seat 3: sta$igk ($116.10 in chips) 
Seat 4: NoonTime1991 ($104.20 in chips) 
Seat 5: grumpymace ($104.97 in chips) 
Seat 6: G.Andrei95 ($100 in chips) 
grumpymace: posts small blind $0.50
G.Andrei95: posts big blind $1
*** HOLE CARDS ***
coeeeelho: folds 
SorinS28: folds 
sta$igk: folds 
NoonTime1991: folds 
grumpymace: raises $1 to $2
G.Andrei95: calls $1
*** FLOP *** [Kd Th 2h]
grumpymace: checks 
G.Andrei95: checks 
*** TURN *** [Kd Th 2h] [9h]
grumpymace: checks 
G.Andrei95: bets $2.70
grumpymace: folds 
Uncalled bet ($2.70) returned to G.Andrei95
G.Andrei95 collected $3.80 from pot
G.Andrei95: doesn't show hand 
*** SUMMARY ***
Total pot $4 | Rake $0.20 
Board [Kd Th 2h 9h]
Seat 1: coeeeelho folded before Flop (didn't bet)
Seat 2: SorinS28 folded before Flop (didn't bet)
Seat 3: sta$igk folded before Flop (didn't bet)
Seat 4: NoonTime1991 (button) folded before Flop (didn't bet)
Seat 5: grumpymace (small blind) folded on the Turn
Seat 6: G.Andrei95 (big blind) collected ($3.80)



PokerStars Hand #254690878571:  Hold'em No Limit ($0.50/$1.00 USD) - 2025/02/03 19:14:53 WET [2025/02/03 14:14:53 ET]
Table 'Ducrosa II' 6-max Seat #5 is the button
Seat 1: coeeeelho ($147.14 in chips) 
Seat 2: SorinS28 ($198 in chips) 
Seat 3: sta$igk ($116.10 in chips) 
Seat 4: NoonTime1991 ($104.20 in chips) 
Seat 5: grumpymace ($102.97 in chips) 
Seat 6: G.Andrei95 ($101.80 in chips) 
G.Andrei95: posts small blind $0.50
coeeeelho: posts big blind $1
*** HOLE CARDS ***
SorinS28: folds 
sta$igk: folds 
NoonTime1991: folds 
grumpymace: raises $2.50 to $3.50
G.Andrei95: raises $9 to $12.50
coeeeelho: folds 
grumpymace: calls $9
*** FLOP *** [Th 7s 5h]
G.Andrei95: bets $17.54
grumpymace: calls $17.54
*** TURN *** [Th 7s 5h] [3s]
G.Andrei95: bets $71.76 and is all-in
grumpymace: folds 
Uncalled bet ($71.76) returned to G.Andrei95
G.Andrei95 collected $58.58 from pot
G.Andrei95: doesn't show hand 
*** SUMMARY ***
Total pot $61.08 | Rake $2.50 
Board [Th 7s 5h 3s]
Seat 1: coeeeelho (big blind) folded before Flop
Seat 2: SorinS28 folded before Flop (didn't bet)
Seat 3: sta$igk folded before Flop (didn't bet)
Seat 4: NoonTime1991 folded before Flop (didn't bet)
Seat 5: grumpymace (button) folded on the Turn
Seat 6: G.Andrei95 (small blind) collected ($58.58)



PokerStars Hand #254690898186:  Hold'em No Limit ($0.50/$1.00 USD) - 2025/02/03 19:15:58 WET [2025/02/03 14:15:58 ET]
Table 'Ducrosa II' 6-max Seat #6 is the button
Seat 1: coeeeelho ($146.14 in chips) 
Seat 2: SorinS28 ($198 in chips) 
Seat 3: sta$igk ($116.10 in chips) 
Seat 4: NoonTime1991 ($104.20 in chips) 
Seat 5: grumpymace ($72.93 in chips) 
Seat 6: G.Andrei95 ($130.34 in chips) 
coeeeelho: posts small blind $0.50
SorinS28: posts big blind $1
*** HOLE CARDS ***
sta$igk: folds 
NoonTime1991: folds 
grumpymace: raises $2 to $3
G.Andrei95: folds 
coeeeelho: folds 
SorinS28: raises $10 to $13
grumpymace: calls $10
*** FLOP *** [8s Qc Js]
SorinS28: bets $8.31
grumpymace: raises $11.69 to $20
SorinS28: raises $98.42 to $118.42
grumpymace: calls $39.93 and is all-in
Uncalled bet ($58.49) returned to SorinS28
*** TURN *** [8s Qc Js] [Th]
*** RIVER *** [8s Qc Js Th] [6d]
*** SHOW DOWN ***
SorinS28: shows [Ks Qs] (a pair of Queens)
grumpymace: shows [Td 9h] (a straight, Eight to Queen)
SorinS28 cashed out the hand for $56.68 | Cash Out Fee $1.16
grumpymace cashed out the hand for $84.30 | Cash Out Fee $1.72
*** SUMMARY ***
Total pot $146.36 | Rake $2.50 
Board [8s Qc Js Th 6d]
Seat 1: coeeeelho (small blind) folded before Flop
Seat 2: SorinS28 (big blind) showed [Ks Qs] and lost with a pair of Queens (cashed out).
Seat 3: sta$igk folded before Flop (didn't bet)
Seat 4: NoonTime1991 folded before Flop (didn't bet)
Seat 5: grumpymace showed [Td 9h] and won ($143.86) with a straight, Eight to Queen (pot not awarded as player cashed out)
Seat 6: G.Andrei95 (button) folded before Flop (didn't bet)



PokerStars Hand #254690921312:  Hold'em No Limit ($0.50/$1.00 USD) - 2025/02/03 19:17:14 WET [2025/02/03 14:17:14 ET]
Table 'Ducrosa II' 6-max Seat #1 is the button
Seat 1: coeeeelho ($145.64 in chips) 
Seat 2: SorinS28 ($181.75 in chips) 
Seat 3: sta$igk ($116.10 in chips) 
Seat 4: NoonTime1991 ($104.20 in chips) 
Seat 5: grumpymace ($99.39 in chips) 
Seat 6: G.Andrei95 ($130.34 in chips) 
SorinS28: posts small blind $0.50
sta$igk: posts big blind $1
*** HOLE CARDS ***
NoonTime1991: folds 
grumpymace: raises $2 to $3
G.Andrei95: raises $5.50 to $8.50
coeeeelho: folds 
SorinS28: folds 
sta$igk: folds 
grumpymace: calls $5.50
*** FLOP *** [6d Js Qd]
grumpymace: checks 
G.Andrei95: bets $23
grumpymace: calls $23
*** TURN *** [6d Js Qd] [2d]
grumpymace: checks 
G.Andrei95: checks 
*** RIVER *** [6d Js Qd 2d] [8h]
grumpymace: checks 
G.Andrei95: bets $98.84 and is all-in
grumpymace: folds 
Uncalled bet ($98.84) returned to G.Andrei95
G.Andrei95 collected $62 from pot
G.Andrei95: doesn't show hand 
*** SUMMARY ***
Total pot $64.50 | Rake $2.50 
Board [6d Js Qd 2d 8h]
Seat 1: coeeeelho (button) folded before Flop (didn't bet)
Seat 2: SorinS28 (small blind) folded before Flop
Seat 3: sta$igk (big blind) folded before Flop
Seat 4: NoonTime1991 folded before Flop (didn't bet)
Seat 5: grumpymace folded on the River
Seat 6: G.Andrei95 collected ($62)



PokerStars Hand #254690935320:  Hold'em No Limit ($0.50/$1.00 USD) - 2025/02/03 19:18:00 WET [2025/02/03 14:18:00 ET]
Table 'Ducrosa II' 6-max Seat #2 is the button
Seat 1: coeeeelho ($145.64 in chips) 
Seat 2: SorinS28 ($181.25 in chips) 
Seat 3: sta$igk ($115.10 in chips) 
Seat 4: NoonTime1991 ($104.20 in chips) 
Seat 5: grumpymace ($67.89 in chips) 
Seat 6: G.Andrei95 ($160.84 in chips) 
sta$igk: posts small blind $0.50
NoonTime1991: posts big blind $1
*** HOLE CARDS ***
grumpymace: folds 
G.Andrei95: folds 
coeeeelho: folds 
SorinS28: raises $1.50 to $2.50
sta$igk: folds 
NoonTime1991: folds 
Uncalled bet ($1.50) returned to SorinS28
SorinS28 collected $2.50 from pot
SorinS28: doesn't show hand 
*** SUMMARY ***
Total pot $2.50 | Rake $0 
Seat 1: coeeeelho folded before Flop (didn't bet)
Seat 2: SorinS28 (button) collected ($2.50)
Seat 3: sta$igk (small blind) folded before Flop
Seat 4: NoonTime1991 (big blind) folded before Flop
Seat 5: grumpymace folded before Flop (didn't bet)
Seat 6: G.Andrei95 folded before Flop (didn't bet)



PokerStars Hand #254690940067:  Hold'em No Limit ($0.50/$1.00 USD) - 2025/02/03 19:18:16 WET [2025/02/03 14:18:16 ET]
Table 'Ducrosa II' 6-max Seat #3 is the button
Seat 1: coeeeelho ($145.64 in chips) 
Seat 2: SorinS28 ($182.75 in chips) 
Seat 3: sta$igk ($114.60 in chips) 
Seat 4: NoonTime1991 ($103.20 in chips) 
Seat 5: grumpymace ($67.89 in chips) 
Seat 6: G.Andrei95 ($160.84 in chips) 
NoonTime1991: posts small blind $0.50
grumpymace: posts big blind $1
*** HOLE CARDS ***
G.Andrei95: folds 
coeeeelho: raises $1.20 to $2.20
SorinS28: folds 
sta$igk: folds 
NoonTime1991: folds 
grumpymace: folds 
Uncalled bet ($1.20) returned to coeeeelho
coeeeelho collected $2.50 from pot
*** SUMMARY ***
Total pot $2.50 | Rake $0 
Seat 1: coeeeelho collected ($2.50)
Seat 2: SorinS28 folded before Flop (didn't bet)
Seat 3: sta$igk (button) folded before Flop (didn't bet)
Seat 4: NoonTime1991 (small blind) folded before Flop
Seat 5: grumpymace (big blind) folded before Flop
Seat 6: G.Andrei95 folded before Flop (didn't bet)



PokerStars Hand #254690944719:  Hold'em No Limit ($0.50/$1.00 USD) - 2025/02/03 19:18:31 WET [2025/02/03 14:18:31 ET]
Table 'Ducrosa II' 6-max Seat #4 is the button
Seat 1: coeeeelho ($147.14 in chips) 
Seat 2: SorinS28 ($182.75 in chips) 
Seat 3: sta$igk ($114.60 in chips) 
Seat 4: NoonTime1991 ($102.70 in chips) 
Seat 5: grumpymace ($66.89 in chips) 
Seat 6: G.Andrei95 ($160.84 in chips) 
grumpymace: posts small blind $0.50
G.Andrei95: posts big blind $1
*** HOLE CARDS ***
coeeeelho: raises $1.20 to $2.20
SorinS28: folds 
sta$igk: folds 
NoonTime1991: folds 
grumpymace: folds 
G.Andrei95: folds 
Uncalled bet ($1.20) returned to coeeeelho
coeeeelho collected $2.50 from pot
*** SUMMARY ***
Total pot $2.50 | Rake $0 
Seat 1: coeeeelho collected ($2.50)
Seat 2: SorinS28 folded before Flop (didn't bet)
Seat 3: sta$igk folded before Flop (didn't bet)
Seat 4: NoonTime1991 (button) folded before Flop (didn't bet)
Seat 5: grumpymace (small blind) folded before Flop
Seat 6: G.Andrei95 (big blind) folded before Flop



PokerStars Hand #254690950128:  Hold'em No Limit ($0.50/$1.00 USD) - 2025/02/03 19:18:49 WET [2025/02/03 14:18:49 ET]
Table 'Ducrosa II' 6-max Seat #5 is the button
Seat 1: coeeeelho ($148.64 in chips) 
Seat 2: SorinS28 ($182.75 in chips) 
Seat 3: sta$igk ($114.60 in chips) 
Seat 4: NoonTime1991 ($102.70 in chips) 
Seat 5: grumpymace ($66.39 in chips) 
Seat 6: G.Andrei95 ($159.84 in chips) 
G.Andrei95: posts small blind $0.50
coeeeelho: posts big blind $1
*** HOLE CARDS ***
SorinS28: folds 
sta$igk: folds 
NoonTime1991: folds 
grumpymace: calls $1
G.Andrei95: raises $4 to $5
coeeeelho: folds 
grumpymace: calls $4
*** FLOP *** [7d Ad 3s]
G.Andrei95: bets $7.42
grumpymace: calls $7.42
*** TURN *** [7d Ad 3s] [5h]
G.Andrei95: checks 
grumpymace: checks 
*** RIVER *** [7d Ad 3s 5h] [7s]
G.Andrei95: checks 
grumpymace: checks 
*** SHOW DOWN ***
G.Andrei95: shows [8h As] (two pair, Aces and Sevens)
grumpymace: mucks hand 
G.Andrei95 collected $24.55 from pot
*** SUMMARY ***
Total pot $25.84 | Rake $1.29 
Board [7d Ad 3s 5h 7s]
Seat 1: coeeeelho (big blind) folded before Flop
Seat 2: SorinS28 folded before Flop (didn't bet)
Seat 3: sta$igk folded before Flop (didn't bet)
Seat 4: NoonTime1991 folded before Flop (didn't bet)
Seat 5: grumpymace (button) mucked
Seat 6: G.Andrei95 (small blind) showed [8h As] and won ($24.55) with two pair, Aces and Sevens



PokerStars Hand #254690961019:  Hold'em No Limit ($0.50/$1.00 USD) - 2025/02/03 19:19:25 WET [2025/02/03 14:19:25 ET]
Table 'Ducrosa II' 6-max Seat #6 is the button
Seat 1: coeeeelho ($147.64 in chips) 
Seat 2: SorinS28 ($182.75 in chips) 
Seat 3: sta$igk ($114.60 in chips) 
Seat 4: NoonTime1991 ($102.70 in chips) 
Seat 5: grumpymace ($53.97 in chips) 
Seat 6: G.Andrei95 ($171.97 in chips) 
coeeeelho: posts small blind $0.50
SorinS28: posts big blind $1
*** HOLE CARDS ***
sta$igk: raises $1.50 to $2.50
NoonTime1991: folds 
grumpymace: calls $2.50
G.Andrei95: folds 
coeeeelho: folds 
SorinS28: folds 
*** FLOP *** [8h 9s 2d]
sta$igk: bets $2.04
grumpymace: folds 
Uncalled bet ($2.04) returned to sta$igk
sta$igk collected $6.18 from pot
sta$igk: doesn't show hand 
*** SUMMARY ***
Total pot $6.50 | Rake $0.32 
Board [8h 9s 2d]
Seat 1: coeeeelho (small blind) folded before Flop
Seat 2: SorinS28 (big blind) folded before Flop
Seat 3: sta$igk collected ($6.18)
Seat 4: NoonTime1991 folded before Flop (didn't bet)
Seat 5: grumpymace folded on the Flop
Seat 6: G.Andrei95 (button) folded before Flop (didn't bet)



PokerStars Hand #254690969108:  Hold'em No Limit ($0.50/$1.00 USD) - 2025/02/03 19:19:52 WET [2025/02/03 14:19:52 ET]
Table 'Ducrosa II' 6-max Seat #1 is the button
Seat 1: coeeeelho ($147.14 in chips) 
Seat 2: SorinS28 ($181.75 in chips) 
Seat 3: sta$igk ($118.28 in chips) 
Seat 4: NoonTime1991 ($102.70 in chips) 
Seat 5: grumpymace ($51.47 in chips) 
Seat 6: G.Andrei95 ($171.97 in chips) 
SorinS28: posts small blind $0.50
sta$igk: posts big blind $1
*** HOLE CARDS ***
NoonTime1991: raises $2 to $3
grumpymace: folds 
G.Andrei95: folds 
coeeeelho: folds 
SorinS28: folds 
sta$igk: folds 
Uncalled bet ($2) returned to NoonTime1991
NoonTime1991 collected $2.50 from pot
NoonTime1991: doesn't show hand 
*** SUMMARY ***
Total pot $2.50 | Rake $0 
Seat 1: coeeeelho (button) folded before Flop (didn't bet)
Seat 2: SorinS28 (small blind) folded before Flop
Seat 3: sta$igk (big blind) folded before Flop
Seat 4: NoonTime1991 collected ($2.50)
Seat 5: grumpymace folded before Flop (didn't bet)
Seat 6: G.Andrei95 folded before Flop (didn't bet)



PokerStars Hand #254690974891:  Hold'em No Limit ($0.50/$1.00 USD) - 2025/02/03 19:20:12 WET [2025/02/03 14:20:12 ET]
Table 'Ducrosa II' 6-max Seat #2 is the button
Seat 1: coeeeelho ($147.14 in chips) 
Seat 2: SorinS28 ($181.25 in chips) 
Seat 3: sta$igk ($117.28 in chips) 
Seat 4: NoonTime1991 ($104.20 in chips) 
Seat 5: grumpymace ($51.47 in chips) 
Seat 6: G.Andrei95 ($171.97 in chips) 
sta$igk: posts small blind $0.50
NoonTime1991: posts big blind $1
*** HOLE CARDS ***
grumpymace: calls $1
G.Andrei95: folds 
coeeeelho: folds 
SorinS28: folds 
sta$igk: folds 
NoonTime1991: raises $3 to $4
grumpymace: calls $3
*** FLOP *** [7c Kd 4c]
NoonTime1991: checks 
grumpymace: checks 
*** TURN *** [7c Kd 4c] [6h]
NoonTime1991: checks 
grumpymace: bets $8.08
NoonTime1991: folds 
Uncalled bet ($8.08) returned to grumpymace
grumpymace collected $8.08 from pot
grumpymace: doesn't show hand 
*** SUMMARY ***
Total pot $8.50 | Rake $0.42 
Board [7c Kd 4c 6h]
Seat 1: coeeeelho folded before Flop (didn't bet)
Seat 2: SorinS28 (button) folded before Flop (didn't bet)
Seat 3: sta$igk (small blind) folded before Flop
Seat 4: NoonTime1991 (big blind) folded on the Turn
Seat 5: grumpymace collected ($8.08)
Seat 6: G.Andrei95 folded before Flop (didn't bet)



PokerStars Hand #254690989126:  Hold'em No Limit ($0.50/$1.00 USD) - 2025/02/03 19:20:59 WET [2025/02/03 14:20:59 ET]
Table 'Ducrosa II' 6-max Seat #3 is the button
Seat 1: coeeeelho ($147.14 in chips) 
Seat 2: SorinS28 ($181.25 in chips) 
Seat 3: sta$igk ($116.78 in chips) 
Seat 4: NoonTime1991 ($100.20 in chips) 
Seat 5: grumpymace ($55.55 in chips) 
Seat 6: G.Andrei95 ($171.97 in chips) 
NoonTime1991: posts small blind $0.50
grumpymace: posts big blind $1
*** HOLE CARDS ***
G.Andrei95: folds 
coeeeelho: raises $1.10 to $2.10
SorinS28: folds 
sta$igk: folds 
NoonTime1991: folds 
grumpymace: folds 
Uncalled bet ($1.10) returned to coeeeelho
coeeeelho collected $2.50 from pot
*** SUMMARY ***
Total pot $2.50 | Rake $0 
Seat 1: coeeeelho collected ($2.50)
Seat 2: SorinS28 folded before Flop (didn't bet)
Seat 3: sta$igk (button) folded before Flop (didn't bet)
Seat 4: NoonTime1991 (small blind) folded before Flop
Seat 5: grumpymace (big blind) folded before Flop
Seat 6: G.Andrei95 folded before Flop (didn't bet)



PokerStars Hand #254690996724:  Hold'em No Limit ($0.50/$1.00 USD) - 2025/02/03 19:21:24 WET [2025/02/03 14:21:24 ET]
Table 'Ducrosa II' 6-max Seat #4 is the button
Seat 1: coeeeelho ($148.64 in chips) 
Seat 2: SorinS28 ($181.25 in chips) 
Seat 3: sta$igk ($116.78 in chips) 
Seat 4: NoonTime1991 ($100 in chips) 
Seat 5: grumpymace ($54.55 in chips) 
Seat 6: G.Andrei95 ($171.97 in chips) 
grumpymace: posts small blind $0.50
G.Andrei95: posts big blind $1
*** HOLE CARDS ***
coeeeelho: folds 
SorinS28: folds 
sta$igk: folds 
NoonTime1991: folds 
grumpymace: raises $1 to $2
G.Andrei95: calls $1
*** FLOP *** [6s Qd 8s]
grumpymace: bets $1
G.Andrei95: calls $1
*** TURN *** [6s Qd 8s] [9s]
grumpymace: bets $5.70
G.Andrei95: folds 
Uncalled bet ($5.70) returned to grumpymace
grumpymace collected $5.70 from pot
grumpymace: doesn't show hand 
*** SUMMARY ***
Total pot $6 | Rake $0.30 
Board [6s Qd 8s 9s]
Seat 1: coeeeelho folded before Flop (didn't bet)
Seat 2: SorinS28 folded before Flop (didn't bet)
Seat 3: sta$igk folded before Flop (didn't bet)
Seat 4: NoonTime1991 (button) folded before Flop (didn't bet)
Seat 5: grumpymace (small blind) collected ($5.70)
Seat 6: G.Andrei95 (big blind) folded on the Turn



PokerStars Hand #254691006050:  Hold'em No Limit ($0.50/$1.00 USD) - 2025/02/03 19:21:55 WET [2025/02/03 14:21:55 ET]
Table 'Ducrosa II' 6-max Seat #5 is the button
Seat 1: coeeeelho ($148.64 in chips) 
Seat 2: SorinS28 ($181.25 in chips) 
Seat 3: sta$igk ($116.78 in chips) 
Seat 4: NoonTime1991 ($100 in chips) 
Seat 5: grumpymace ($57.25 in chips) 
Seat 6: G.Andrei95 ($168.97 in chips) 
G.Andrei95: posts small blind $0.50
coeeeelho: posts big blind $1
*** HOLE CARDS ***
SorinS28: folds 
sta$igk: folds 
NoonTime1991: folds 
grumpymace: raises $2 to $3
G.Andrei95: folds 
coeeeelho: folds 
Uncalled bet ($2) returned to grumpymace
grumpymace collected $2.50 from pot
grumpymace: doesn't show hand 
*** SUMMARY ***
Total pot $2.50 | Rake $0 
Seat 1: coeeeelho (big blind) folded before Flop
Seat 2: SorinS28 folded before Flop (didn't bet)
Seat 3: sta$igk folded before Flop (didn't bet)
Seat 4: NoonTime1991 folded before Flop (didn't bet)
Seat 5: grumpymace (button) collected ($2.50)
Seat 6: G.Andrei95 (small blind) folded before Flop



PokerStars Hand #254691010687:  Hold'em No Limit ($0.50/$1.00 USD) - 2025/02/03 19:22:10 WET [2025/02/03 14:22:10 ET]
Table 'Ducrosa II' 6-max Seat #6 is the button
Seat 2: SorinS28 ($181.25 in chips) is sitting out
Seat 1: coeeeelho ($147.64 in chips) 
Seat 3: sta$igk ($116.78 in chips) 
Seat 4: NoonTime1991 ($100 in chips) 
Seat 5: grumpymace ($58.75 in chips) 
Seat 6: G.Andrei95 ($168.47 in chips) 
coeeeelho: posts small blind $0.50
SorinS28: is sitting out 
sta$igk: posts big blind $1
*** HOLE CARDS ***
NoonTime1991: raises $1 to $2
grumpymace: calls $2
G.Andrei95: raises $10.50 to $12.50
coeeeelho: folds 
sta$igk: folds 
NoonTime1991: folds 
grumpymace: calls $10.50
*** FLOP *** [4c 4h Tc]
grumpymace: checks 
G.Andrei95: checks 
*** TURN *** [4c 4h Tc] [4d]
grumpymace: checks 
G.Andrei95: bets $155.97 and is all-in
grumpymace: folds 
Uncalled bet ($155.97) returned to G.Andrei95
G.Andrei95 collected $27.08 from pot
G.Andrei95: doesn't show hand 
*** SUMMARY ***
Total pot $28.50 | Rake $1.42 
Board [4c 4h Tc 4d]
Seat 2: SorinS28
Seat 1: coeeeelho (small blind) folded before Flop
Seat 3: sta$igk (big blind) folded before Flop
Seat 4: NoonTime1991 folded before Flop
Seat 5: grumpymace folded on the Turn
Seat 6: G.Andrei95 (button) collected ($27.08)



PokerStars Hand #254691024327:  Hold'em No Limit ($0.50/$1.00 USD) - 2025/02/03 19:22:55 WET [2025/02/03 14:22:55 ET]
Table 'Ducrosa II' 6-max Seat #1 is the button
Seat 2: SorinS28 ($181.25 in chips) is sitting out
Seat 1: coeeeelho ($147.14 in chips) 
Seat 3: sta$igk ($115.78 in chips) 
Seat 4: NoonTime1991 ($100 in chips) 
Seat 5: grumpymace ($46.25 in chips) 
Seat 6: G.Andrei95 ($183.05 in chips) 
sta$igk: posts small blind $0.50
NoonTime1991: posts big blind $1
*** HOLE CARDS ***
grumpymace: calls $1
G.Andrei95: folds 
coeeeelho: folds 
sta$igk: folds 
NoonTime1991: checks 
*** FLOP *** [Qs 3c 4d]
NoonTime1991: checks 
grumpymace: checks 
*** TURN *** [Qs 3c 4d] [4c]
NoonTime1991: checks 
grumpymace: bets $2.38
NoonTime1991: folds 
Uncalled bet ($2.38) returned to grumpymace
grumpymace collected $2.38 from pot
grumpymace: doesn't show hand 
*** SUMMARY ***
Total pot $2.50 | Rake $0.12 
Board [Qs 3c 4d 4c]
Seat 2: SorinS28
Seat 1: coeeeelho (button) folded before Flop (didn't bet)
Seat 3: sta$igk (small blind) folded before Flop
Seat 4: NoonTime1991 (big blind) folded on the Turn
Seat 5: grumpymace collected ($2.38)
Seat 6: G.Andrei95 folded before Flop (didn't bet)



PokerStars Hand #254691036977:  Hold'em No Limit ($0.50/$1.00 USD) - 2025/02/03 19:23:37 WET [2025/02/03 14:23:37 ET]
Table 'Ducrosa II' 6-max Seat #3 is the button
Seat 2: SorinS28 ($181.25 in chips) is sitting out
Seat 1: coeeeelho ($147.14 in chips) 
Seat 3: sta$igk ($115.28 in chips) 
Seat 4: NoonTime1991 ($100 in chips) 
Seat 5: grumpymace ($47.63 in chips) 
Seat 6: G.Andrei95 ($183.05 in chips) 
NoonTime1991: posts small blind $0.50
grumpymace: posts big blind $1
*** HOLE CARDS ***
G.Andrei95: folds 
coeeeelho: folds 
sta$igk: raises $1.50 to $2.50
NoonTime1991: folds 
grumpymace: calls $1.50
*** FLOP *** [Jd 9c 3d]
grumpymace: checks 
sta$igk: bets $1.72
grumpymace: folds 
Uncalled bet ($1.72) returned to sta$igk
sta$igk collected $5.22 from pot
sta$igk: doesn't show hand 
*** SUMMARY ***
Total pot $5.50 | Rake $0.28 
Board [Jd 9c 3d]
Seat 2: SorinS28
Seat 1: coeeeelho folded before Flop (didn't bet)
Seat 3: sta$igk (button) collected ($5.22)
Seat 4: NoonTime1991 (small blind) folded before Flop
Seat 5: grumpymace (big blind) folded on the Flop
Seat 6: G.Andrei95 folded before Flop (didn't bet)



PokerStars Hand #254691052908:  Hold'em No Limit ($0.50/$1.00 USD) - 2025/02/03 19:24:29 WET [2025/02/03 14:24:29 ET]
Table 'Ducrosa II' 6-max Seat #4 is the button
Seat 2: SorinS28 ($181.25 in chips) is sitting out
Seat 1: coeeeelho ($147.14 in chips) 
Seat 3: sta$igk ($118 in chips) 
Seat 4: NoonTime1991 ($100 in chips) 
Seat 5: grumpymace ($45.13 in chips) 
Seat 6: G.Andrei95 ($183.05 in chips) 
grumpymace: posts small blind $0.50
G.Andrei95: posts big blind $1
*** HOLE CARDS ***
coeeeelho: raises $1.20 to $2.20
sta$igk: raises $5.30 to $7.50
NoonTime1991: folds 
grumpymace: calls $7
G.Andrei95: folds 
coeeeelho: folds 
*** FLOP *** [Kc 8h 2c]
grumpymace: checks 
sta$igk: bets $5.71
grumpymace: calls $5.71
*** TURN *** [Kc 8h 2c] [4s]
grumpymace: checks 
sta$igk: checks 
*** RIVER *** [Kc 8h 2c 4s] [Qh]
grumpymace: checks 
sta$igk: checks 
*** SHOW DOWN ***
grumpymace: shows [4h 5h] (a pair of Fours)
sta$igk: mucks hand 
grumpymace collected $28.14 from pot
*** SUMMARY ***
Total pot $29.62 | Rake $1.48 
Board [Kc 8h 2c 4s Qh]
Seat 2: SorinS28
Seat 1: coeeeelho folded before Flop
Seat 3: sta$igk mucked
Seat 4: NoonTime1991 (button) folded before Flop (didn't bet)
Seat 5: grumpymace (small blind) showed [4h 5h] and won ($28.14) with a pair of Fours
Seat 6: G.Andrei95 (big blind) folded before Flop



PokerStars Hand #254691069851:  Hold'em No Limit ($0.50/$1.00 USD) - 2025/02/03 19:25:24 WET [2025/02/03 14:25:24 ET]
Table 'Ducrosa II' 6-max Seat #5 is the button
Seat 2: SorinS28 ($181.25 in chips) is sitting out
Seat 1: coeeeelho ($144.94 in chips) 
Seat 3: sta$igk ($104.79 in chips) 
Seat 4: NoonTime1991 ($100 in chips) 
Seat 5: grumpymace ($60.06 in chips) 
Seat 6: G.Andrei95 ($182.05 in chips) 
G.Andrei95: posts small blind $0.50
coeeeelho: posts big blind $1
SorinS28: sits out 
*** HOLE CARDS ***
sta$igk: folds 
NoonTime1991: folds 
grumpymace: calls $1
G.Andrei95: raises $4 to $5
coeeeelho: folds 
grumpymace: calls $4
*** FLOP *** [7c Jd Ad]
G.Andrei95: bets $7.42
grumpymace: calls $7.42
*** TURN *** [7c Jd Ad] [4d]
G.Andrei95: bets $169.63 and is all-in
grumpymace: folds 
Uncalled bet ($169.63) returned to G.Andrei95
G.Andrei95 collected $24.55 from pot
G.Andrei95: doesn't show hand 
*** SUMMARY ***
Total pot $25.84 | Rake $1.29 
Board [7c Jd Ad 4d]
Seat 2: SorinS28
Seat 1: coeeeelho (big blind) folded before Flop
Seat 3: sta$igk folded before Flop (didn't bet)
Seat 4: NoonTime1991 folded before Flop (didn't bet)
Seat 5: grumpymace (button) folded on the Turn
Seat 6: G.Andrei95 (small blind) collected ($24.55)



PokerStars Hand #254691080877:  Hold'em No Limit ($0.50/$1.00 USD) - 2025/02/03 19:26:00 WET [2025/02/03 14:26:00 ET]
Table 'Ducrosa II' 6-max Seat #6 is the button
Seat 1: coeeeelho ($143.94 in chips) 
Seat 2: SorinS28 ($181.25 in chips) 
Seat 3: sta$igk ($104.79 in chips) 
Seat 4: NoonTime1991 ($100 in chips) 
Seat 5: grumpymace ($47.64 in chips) 
Seat 6: G.Andrei95 ($194.18 in chips) 
coeeeelho: posts small blind $0.50
SorinS28: posts big blind $1
*** HOLE CARDS ***
sta$igk: folds 
NoonTime1991: folds 
grumpymace: calls $1
G.Andrei95: raises $2.50 to $3.50
coeeeelho: folds 
SorinS28: folds 
grumpymace: calls $2.50
*** FLOP *** [Js 6c 5c]
grumpymace: checks 
G.Andrei95: checks 
*** TURN *** [Js 6c 5c] [Tc]
grumpymace: checks 
G.Andrei95: bets $5.74
grumpymace: folds 
Uncalled bet ($5.74) returned to G.Andrei95
G.Andrei95 collected $8.08 from pot
G.Andrei95: doesn't show hand 
*** SUMMARY ***
Total pot $8.50 | Rake $0.42 
Board [Js 6c 5c Tc]
Seat 1: coeeeelho (small blind) folded before Flop
Seat 2: SorinS28 (big blind) folded before Flop
Seat 3: sta$igk folded before Flop (didn't bet)
Seat 4: NoonTime1991 folded before Flop (didn't bet)
Seat 5: grumpymace folded on the Turn
Seat 6: G.Andrei95 (button) collected ($8.08)



PokerStars Hand #254691089780:  Hold'em No Limit ($0.50/$1.00 USD) - 2025/02/03 19:26:29 WET [2025/02/03 14:26:29 ET]
Table 'Ducrosa II' 6-max Seat #1 is the button
Seat 1: coeeeelho ($143.44 in chips) 
Seat 2: SorinS28 ($180.25 in chips) 
Seat 3: sta$igk ($104.79 in chips) 
Seat 4: NoonTime1991 ($100 in chips) 
Seat 5: grumpymace ($44.14 in chips) 
Seat 6: G.Andrei95 ($198.76 in chips) 
SorinS28: posts small blind $0.50
sta$igk: posts big blind $1
*** HOLE CARDS ***
NoonTime1991: folds 
grumpymace: calls $1
G.Andrei95: raises $2.50 to $3.50
coeeeelho: folds 
SorinS28: folds 
sta$igk: folds 
grumpymace: calls $2.50
*** FLOP *** [6c 8s 9c]
grumpymace: bets $8.08
G.Andrei95: folds 
Uncalled bet ($8.08) returned to grumpymace
grumpymace collected $8.08 from pot
grumpymace: doesn't show hand 
*** SUMMARY ***
Total pot $8.50 | Rake $0.42 
Board [6c 8s 9c]
Seat 1: coeeeelho (button) folded before Flop (didn't bet)
Seat 2: SorinS28 (small blind) folded before Flop
Seat 3: sta$igk (big blind) folded before Flop
Seat 4: NoonTime1991 folded before Flop (didn't bet)
Seat 5: grumpymace collected ($8.08)
Seat 6: G.Andrei95 folded on the Flop



PokerStars Hand #254691100786:  Hold'em No Limit ($0.50/$1.00 USD) - 2025/02/03 19:27:06 WET [2025/02/03 14:27:06 ET]
Table 'Ducrosa II' 6-max Seat #2 is the button
Seat 1: coeeeelho ($143.44 in chips) 
Seat 2: SorinS28 ($179.75 in chips) 
Seat 3: sta$igk ($103.79 in chips) 
Seat 4: NoonTime1991 ($100 in chips) 
Seat 5: grumpymace ($48.72 in chips) 
Seat 6: G.Andrei95 ($195.26 in chips) 
sta$igk: posts small blind $0.50
NoonTime1991: posts big blind $1
*** HOLE CARDS ***
grumpymace: folds 
G.Andrei95: folds 
coeeeelho: folds 
SorinS28: folds 
sta$igk: folds 
Uncalled bet ($0.50) returned to NoonTime1991
NoonTime1991 collected $1 from pot
NoonTime1991: doesn't show hand 
*** SUMMARY ***
Total pot $1 | Rake $0 
Seat 1: coeeeelho folded before Flop (didn't bet)
Seat 2: SorinS28 (button) folded before Flop (didn't bet)
Seat 3: sta$igk (small blind) folded before Flop
Seat 4: NoonTime1991 (big blind) collected ($1)
Seat 5: grumpymace folded before Flop (didn't bet)
Seat 6: G.Andrei95 folded before Flop (didn't bet)



PokerStars Hand #254691104456:  Hold'em No Limit ($0.50/$1.00 USD) - 2025/02/03 19:27:18 WET [2025/02/03 14:27:18 ET]
Table 'Ducrosa II' 6-max Seat #3 is the button
Seat 1: coeeeelho ($143.44 in chips) 
Seat 2: SorinS28 ($179.75 in chips) 
Seat 3: sta$igk ($103.29 in chips) 
Seat 4: NoonTime1991 ($100.50 in chips) 
Seat 5: grumpymace ($48.72 in chips) 
Seat 6: G.Andrei95 ($195.26 in chips) 
NoonTime1991: posts small blind $0.50
grumpymace: posts big blind $1
*** HOLE CARDS ***
G.Andrei95: raises $1.50 to $2.50
coeeeelho: folds 
SorinS28: folds 
sta$igk: folds 
NoonTime1991: folds 
grumpymace: calls $1.50
*** FLOP *** [Ac 2d 5s]
grumpymace: checks 
G.Andrei95: bets $1.72
grumpymace: calls $1.72
*** TURN *** [Ac 2d 5s] [7s]
grumpymace: bets $8.49
G.Andrei95: calls $8.49
*** RIVER *** [Ac 2d 5s 7s] [9c]
grumpymace: bets $15
G.Andrei95: calls $15
*** SHOW DOWN ***
grumpymace: shows [9s 2s] (two pair, Nines and Deuces)
G.Andrei95: mucks hand 
grumpymace collected $53.42 from pot
*** SUMMARY ***
Total pot $55.92 | Rake $2.50 
Board [Ac 2d 5s 7s 9c]
Seat 1: coeeeelho folded before Flop (didn't bet)
Seat 2: SorinS28 folded before Flop (didn't bet)
Seat 3: sta$igk (button) folded before Flop (didn't bet)
Seat 4: NoonTime1991 (small blind) folded before Flop
Seat 5: grumpymace (big blind) showed [9s 2s] and won ($53.42) with two pair, Nines and Deuces
Seat 6: G.Andrei95 mucked



PokerStars Hand #254691118816:  Hold'em No Limit ($0.50/$1.00 USD) - 2025/02/03 19:28:05 WET [2025/02/03 14:28:05 ET]
Table 'Ducrosa II' 6-max Seat #4 is the button
Seat 1: coeeeelho ($143.44 in chips) 
Seat 2: SorinS28 ($179.75 in chips) 
Seat 3: sta$igk ($103.29 in chips) 
Seat 4: NoonTime1991 ($100 in chips) 
Seat 5: grumpymace ($74.43 in chips) 
Seat 6: G.Andrei95 ($167.55 in chips) 
grumpymace: posts small blind $0.50
G.Andrei95: posts big blind $1
*** HOLE CARDS ***
coeeeelho: folds 
SorinS28: folds 
sta$igk: folds 
NoonTime1991: raises $1 to $2
grumpymace: calls $1.50
G.Andrei95: calls $1
*** FLOP *** [6d 8h 6h]
grumpymace: bets $2.85
G.Andrei95: folds 
NoonTime1991: calls $2.85
*** TURN *** [6d 8h 6h] [5h]
grumpymace: bets $4
NoonTime1991: calls $4
*** RIVER *** [6d 8h 6h 5h] [5d]
grumpymace: bets $18.72
NoonTime1991: folds 
Uncalled bet ($18.72) returned to grumpymace
grumpymace collected $18.72 from pot
grumpymace: doesn't show hand 
*** SUMMARY ***
Total pot $19.70 | Rake $0.98 
Board [6d 8h 6h 5h 5d]
Seat 1: coeeeelho folded before Flop (didn't bet)
Seat 2: SorinS28 folded before Flop (didn't bet)
Seat 3: sta$igk folded before Flop (didn't bet)
Seat 4: NoonTime1991 (button) folded on the River
Seat 5: grumpymace (small blind) collected ($18.72)
Seat 6: G.Andrei95 (big blind) folded on the Flop



PokerStars Hand #254691140814:  Hold'em No Limit ($0.50/$1.00 USD) - 2025/02/03 19:29:16 WET [2025/02/03 14:29:16 ET]
Table 'Ducrosa II' 6-max Seat #5 is the button
Seat 1: coeeeelho ($143.44 in chips) 
Seat 2: SorinS28 ($179.75 in chips) 
Seat 3: sta$igk ($103.29 in chips) 
Seat 4: NoonTime1991 ($100 in chips) 
Seat 5: grumpymace ($84.30 in chips) 
Seat 6: G.Andrei95 ($165.55 in chips) 
G.Andrei95: posts small blind $0.50
coeeeelho: posts big blind $1
*** HOLE CARDS ***
SorinS28: folds 
sta$igk: folds 
NoonTime1991: raises $1 to $2
grumpymace: calls $2
G.Andrei95: folds 
coeeeelho: raises $11 to $13
NoonTime1991: folds 
grumpymace: calls $11
*** FLOP *** [Jc Jh As]
coeeeelho: bets $5
grumpymace: calls $5
*** TURN *** [Jc Jh As] [2d]
coeeeelho: checks 
grumpymace: bets $20
coeeeelho: calls $20
*** RIVER *** [Jc Jh As 2d] [5d]
coeeeelho: checks 
grumpymace: bets $46.30 and is all-in
coeeeelho: calls $46.30
*** SHOW DOWN ***
grumpymace: shows [Kh Tc] (a pair of Jacks)
coeeeelho: shows [Qd Ah] (two pair, Aces and Jacks)
coeeeelho collected $168.60 from pot
*** SUMMARY ***
Total pot $171.10 | Rake $2.50 
Board [Jc Jh As 2d 5d]
Seat 1: coeeeelho (big blind) showed [Qd Ah] and won ($168.60) with two pair, Aces and Jacks
Seat 2: SorinS28 folded before Flop (didn't bet)
Seat 3: sta$igk folded before Flop (didn't bet)
Seat 4: NoonTime1991 folded before Flop
Seat 5: grumpymace (button) showed [Kh Tc] and lost with a pair of Jacks
Seat 6: G.Andrei95 (small blind) folded before Flop



PokerStars Hand #254691170023:  Hold'em No Limit ($0.50/$1.00 USD) - 2025/02/03 19:30:51 WET [2025/02/03 14:30:51 ET]
Table 'Ducrosa II' 6-max Seat #6 is the button
Seat 5: grumpymace ($0 in chips) is sitting out
Seat 1: coeeeelho ($227.74 in chips) 
Seat 2: SorinS28 ($179.75 in chips) 
Seat 3: sta$igk ($103.29 in chips) 
Seat 4: NoonTime1991 ($100 in chips) 
Seat 6: G.Andrei95 ($165.05 in chips) 
coeeeelho: posts small blind $0.50
SorinS28: posts big blind $1
*** HOLE CARDS ***
sta$igk: raises $1.50 to $2.50
grumpymace leaves the table
NoonTime1991: folds 
G.Andrei95: folds 
coeeeelho: folds 
SorinS28: folds 
Uncalled bet ($1.50) returned to sta$igk
sta$igk collected $2.50 from pot
sta$igk: doesn't show hand 
*** SUMMARY ***
Total pot $2.50 | Rake $0 
Seat 5: grumpymace
Seat 1: coeeeelho (small blind) folded before Flop
Seat 2: SorinS28 (big blind) folded before Flop
Seat 3: sta$igk collected ($2.50)
Seat 4: NoonTime1991 folded before Flop (didn't bet)
Seat 6: G.Andrei95 (button) folded before Flop (didn't bet)



PokerStars Hand #254691174338:  Hold'em No Limit ($0.50/$1.00 USD) - 2025/02/03 19:31:04 WET [2025/02/03 14:31:04 ET]
Table 'Ducrosa II' 6-max Seat #1 is the button
Seat 3: sta$igk ($104.79 in chips) is sitting out
Seat 1: coeeeelho ($227.24 in chips) 
Seat 2: SorinS28 ($178.75 in chips) 
Seat 4: NoonTime1991 ($100 in chips) 
Seat 6: G.Andrei95 ($165.05 in chips) 
SorinS28: posts small blind $0.50
sta$igk: is sitting out 
NoonTime1991: posts big blind $1
*** HOLE CARDS ***
G.Andrei95: folds 
sta$igk leaves the table
G.Andrei95 leaves the table
coeeeelho: raises $1.50 to $2.50
SorinS28: folds 
NoonTime1991: folds 
Uncalled bet ($1.50) returned to coeeeelho
coeeeelho collected $2.50 from pot
*** SUMMARY ***
Total pot $2.50 | Rake $0 
Seat 3: sta$igk
Seat 1: coeeeelho (button) collected ($2.50)
Seat 2: SorinS28 (small blind) folded before Flop
Seat 4: NoonTime1991 (big blind) folded before Flop
Seat 6: G.Andrei95 folded before Flop (didn't bet)



PokerStars Hand #254691179874:  Hold'em No Limit ($0.50/$1.00 USD) - 2025/02/03 19:31:22 WET [2025/02/03 14:31:22 ET]
Table 'Ducrosa II' 6-max Seat #4 is the button
Seat 1: coeeeelho ($228.74 in chips) is sitting out
Seat 2: SorinS28 ($178.25 in chips) 
Seat 4: NoonTime1991 ($100 in chips) 
NoonTime1991: posts small blind $0.50
coeeeelho: is sitting out 
SorinS28: posts big blind $1
*** HOLE CARDS ***
NoonTime1991: folds 
Uncalled bet ($0.50) returned to SorinS28
SorinS28 collected $1 from pot
SorinS28: doesn't show hand 
*** SUMMARY ***
Total pot $1 | Rake $0 
Seat 1: coeeeelho
Seat 2: SorinS28 (big blind) collected ($1)
Seat 4: NoonTime1991 (button) (small blind) folded before Flop



