PokerStars Hand #254689036294:  Hold'em No Limit ($0.50/$1.00 USD) - 2025/02/03 17:21:20 WET [2025/02/03 12:21:20 ET]
Table 'Genua II' 6-max Seat #5 is the button
Seat 2: lisanulgayb ($100 in chips) is sitting out
Seat 4: Burlica2013 ($100 in chips) is sitting out
Seat 1: xxxZeka ($100 in chips) 
Seat 3: NISIY ($199 in chips) 
Seat 5: Steve18212627 ($100 in chips) 
Seat 6: G.Andrei95 ($100.50 in chips) 
G.Andrei95: posts small blind $0.50
xxxZeka: posts big blind $1
lisanulgayb: sits out 
Burlica2013: sits out 
*** HOLE CARDS ***
NISIY: raises $1.50 to $2.50
Steve18212627: folds 
G.Andrei95: folds 
xxxZeka: folds 
Uncalled bet ($1.50) returned to NISIY
NISIY collected $2.50 from pot
NISIY: doesn't show hand 
*** SUMMARY ***
Total pot $2.50 | Rake $0 
Seat 2: lisanulgayb
Seat 4: Burlica2013
Seat 1: xxxZeka (big blind) folded before Flop
Seat 3: NISIY collected ($2.50)
Seat 5: Steve18212627 (button) folded before Flop (didn't bet)
Seat 6: G.Andrei95 (small blind) folded before Flop



PokerStars Hand #254689041158:  Hold'em No Limit ($0.50/$1.00 USD) - 2025/02/03 17:21:39 WET [2025/02/03 12:21:39 ET]
Table 'Genua II' 6-max Seat #6 is the button
Seat 4: Burlica2013 ($100 in chips) is sitting out
Seat 1: xxxZeka ($100 in chips) 
Seat 2: lisanulgayb ($100 in chips) 
Seat 3: NISIY ($200.50 in chips) 
Seat 5: Steve18212627 ($100 in chips) 
Seat 6: G.Andrei95 ($100 in chips) 
xxxZeka: posts small blind $0.50
lisanulgayb: posts big blind $1
Burlica2013: sits out 
*** HOLE CARDS ***
NISIY: folds 
Steve18212627: folds 
G.Andrei95: folds 
xxxZeka: folds 
Uncalled bet ($0.50) returned to lisanulgayb
lisanulgayb collected $1 from pot
*** SUMMARY ***
Total pot $1 | Rake $0 
Seat 4: Burlica2013
Seat 1: xxxZeka (small blind) folded before Flop
Seat 2: lisanulgayb (big blind) collected ($1)
Seat 3: NISIY folded before Flop (didn't bet)
Seat 5: Steve18212627 folded before Flop (didn't bet)
Seat 6: G.Andrei95 (button) folded before Flop (didn't bet)



PokerStars Hand #254689048229:  Hold'em No Limit ($0.50/$1.00 USD) - 2025/02/03 17:22:06 WET [2025/02/03 12:22:06 ET]
Table 'Genua II' 6-max Seat #1 is the button
Seat 4: Burlica2013 ($100 in chips) is sitting out
Seat 1: xxxZeka ($100 in chips) 
Seat 2: lisanulgayb ($100.50 in chips) 
Seat 3: NISIY ($200.50 in chips) 
Seat 5: Steve18212627 ($100 in chips) 
Seat 6: G.Andrei95 ($100 in chips) 
lisanulgayb: posts small blind $0.50
NISIY: posts big blind $1
Burlica2013: sits out 
*** HOLE CARDS ***
Steve18212627: folds 
G.Andrei95: folds 
xxxZeka: folds 
lisanulgayb: folds 
Uncalled bet ($0.50) returned to NISIY
NISIY collected $1 from pot
NISIY: doesn't show hand 
*** SUMMARY ***
Total pot $1 | Rake $0 
Seat 4: Burlica2013
Seat 1: xxxZeka (button) folded before Flop (didn't bet)
Seat 2: lisanulgayb (small blind) folded before Flop
Seat 3: NISIY (big blind) collected ($1)
Seat 5: Steve18212627 folded before Flop (didn't bet)
Seat 6: G.Andrei95 folded before Flop (didn't bet)



PokerStars Hand #254689050934:  Hold'em No Limit ($0.50/$1.00 USD) - 2025/02/03 17:22:17 WET [2025/02/03 12:22:17 ET]
Table 'Genua II' 6-max Seat #2 is the button
Seat 1: xxxZeka ($100 in chips) 
Seat 2: lisanulgayb ($100 in chips) 
Seat 3: NISIY ($201 in chips) 
Seat 4: Burlica2013 ($100 in chips) 
Seat 5: Steve18212627 ($100 in chips) 
Seat 6: G.Andrei95 ($100 in chips) 
NISIY: posts small blind $0.50
Burlica2013: posts big blind $1
*** HOLE CARDS ***
Steve18212627: raises $2 to $3
G.Andrei95: folds 
xxxZeka: folds 
lisanulgayb: calls $3
NISIY: folds 
Burlica2013: calls $2
*** FLOP *** [Qh Ah Th]
Burlica2013: checks 
Steve18212627: checks 
lisanulgayb: bets $9.02
Burlica2013: calls $9.02
Steve18212627: folds 
*** TURN *** [Qh Ah Th] [3s]
Burlica2013: checks 
lisanulgayb: bets $26.16
Burlica2013: raises $61.82 to $87.98 and is all-in
lisanulgayb: calls $61.82 and is all-in
*** RIVER *** [Qh Ah Th 3s] [Ks]
*** SHOW DOWN ***
Burlica2013: shows [Ad Tc] (two pair, Aces and Tens)
lisanulgayb: shows [Kc Jc] (a straight, Ten to Ace)
lisanulgayb collected $201 from pot
*** SUMMARY ***
Total pot $203.50 | Rake $2.50 
Board [Qh Ah Th 3s Ks]
Seat 1: xxxZeka folded before Flop (didn't bet)
Seat 2: lisanulgayb (button) showed [Kc Jc] and won ($201) with a straight, Ten to Ace
Seat 3: NISIY (small blind) folded before Flop
Seat 4: Burlica2013 (big blind) showed [Ad Tc] and lost with two pair, Aces and Tens
Seat 5: Steve18212627 folded on the Flop
Seat 6: G.Andrei95 folded before Flop (didn't bet)



PokerStars Hand #254689070615:  Hold'em No Limit ($0.50/$1.00 USD) - 2025/02/03 17:23:33 WET [2025/02/03 12:23:33 ET]
Table 'Genua II' 6-max Seat #3 is the button
Seat 1: xxxZeka ($100 in chips) 
Seat 2: lisanulgayb ($201 in chips) 
Seat 3: NISIY ($200.50 in chips) 
Seat 4: Burlica2013 ($100 in chips) 
Seat 5: Steve18212627 ($100 in chips) 
Seat 6: G.Andrei95 ($100 in chips) 
Burlica2013: posts small blind $0.50
Steve18212627: posts big blind $1
*** HOLE CARDS ***
G.Andrei95: folds 
xxxZeka: raises $1.50 to $2.50
lisanulgayb: folds 
NISIY: folds 
Burlica2013: folds 
Steve18212627: folds 
Uncalled bet ($1.50) returned to xxxZeka
xxxZeka collected $2.50 from pot
xxxZeka: doesn't show hand 
*** SUMMARY ***
Total pot $2.50 | Rake $0 
Seat 1: xxxZeka collected ($2.50)
Seat 2: lisanulgayb folded before Flop (didn't bet)
Seat 3: NISIY (button) folded before Flop (didn't bet)
Seat 4: Burlica2013 (small blind) folded before Flop
Seat 5: Steve18212627 (big blind) folded before Flop
Seat 6: G.Andrei95 folded before Flop (didn't bet)



PokerStars Hand #254689079649:  Hold'em No Limit ($0.50/$1.00 USD) - 2025/02/03 17:24:08 WET [2025/02/03 12:24:08 ET]
Table 'Genua II' 6-max Seat #4 is the button
Seat 6: G.Andrei95 ($100 in chips) is sitting out
Seat 1: xxxZeka ($101.50 in chips) 
Seat 2: lisanulgayb ($201 in chips) 
Seat 3: NISIY ($200.50 in chips) 
Seat 4: Burlica2013 ($100 in chips) 
Seat 5: Steve18212627 ($100 in chips) 
Steve18212627: posts small blind $0.50
G.Andrei95: is sitting out 
xxxZeka: posts big blind $1
*** HOLE CARDS ***
lisanulgayb: folds 
NISIY: folds 
Burlica2013: folds 
Steve18212627: folds 
Uncalled bet ($0.50) returned to xxxZeka
xxxZeka collected $1 from pot
xxxZeka: doesn't show hand 
G.Andrei95 leaves the table
*** SUMMARY ***
Total pot $1 | Rake $0 
Seat 6: G.Andrei95
Seat 1: xxxZeka (big blind) collected ($1)
Seat 2: lisanulgayb folded before Flop (didn't bet)
Seat 3: NISIY folded before Flop (didn't bet)
Seat 4: Burlica2013 (button) folded before Flop (didn't bet)
Seat 5: Steve18212627 (small blind) folded before Flop



PokerStars Hand #254689082029:  Hold'em No Limit ($0.50/$1.00 USD) - 2025/02/03 17:24:17 WET [2025/02/03 12:24:17 ET]
Table 'Genua II' 6-max Seat #5 is the button
Seat 1: xxxZeka ($102 in chips) 
Seat 2: lisanulgayb ($201 in chips) 
Seat 3: NISIY ($200.50 in chips) 
Seat 4: Burlica2013 ($100 in chips) 
Seat 5: Steve18212627 ($100 in chips) 
xxxZeka: posts small blind $0.50
lisanulgayb: posts big blind $1
*** HOLE CARDS ***
NISIY: folds 
Burlica2013: folds 
Steve18212627: folds 
xxxZeka: raises $2 to $3
lisanulgayb: folds 
Uncalled bet ($2) returned to xxxZeka
xxxZeka collected $2 from pot
xxxZeka: doesn't show hand 
*** SUMMARY ***
Total pot $2 | Rake $0 
Seat 1: xxxZeka (small blind) collected ($2)
Seat 2: lisanulgayb (big blind) folded before Flop
Seat 3: NISIY folded before Flop (didn't bet)
Seat 4: Burlica2013 folded before Flop (didn't bet)
Seat 5: Steve18212627 (button) folded before Flop (didn't bet)



PokerStars Hand #254689087129:  Hold'em No Limit ($0.50/$1.00 USD) - 2025/02/03 17:24:37 WET [2025/02/03 12:24:37 ET]
Table 'Genua II' 6-max Seat #1 is the button
Seat 1: xxxZeka ($103 in chips) 
Seat 2: lisanulgayb ($200 in chips) 
Seat 3: NISIY ($200.50 in chips) 
Seat 4: Burlica2013 ($100 in chips) 
Seat 5: Steve18212627 ($100 in chips) 
lisanulgayb: posts small blind $0.50
NISIY: posts big blind $1
*** HOLE CARDS ***
Mr_Dick666 joins the table at seat #6 
Burlica2013: raises $1.20 to $2.20
Steve18212627: folds 
xxxZeka: folds 
lisanulgayb: calls $1.70
NISIY: folds 
*** FLOP *** [Js 8h As]
lisanulgayb: checks 
Burlica2013: bets $3.85
lisanulgayb: folds 
Uncalled bet ($3.85) returned to Burlica2013
Burlica2013 collected $5.13 from pot
Burlica2013: doesn't show hand 
*** SUMMARY ***
Total pot $5.40 | Rake $0.27 
Board [Js 8h As]
Seat 1: xxxZeka (button) folded before Flop (didn't bet)
Seat 2: lisanulgayb (small blind) folded on the Flop
Seat 3: NISIY (big blind) folded before Flop
Seat 4: Burlica2013 collected ($5.13)
Seat 5: Steve18212627 folded before Flop (didn't bet)



PokerStars Hand #254689095949:  Hold'em No Limit ($0.50/$1.00 USD) - 2025/02/03 17:25:11 WET [2025/02/03 12:25:11 ET]
Table 'Genua II' 6-max Seat #2 is the button
Seat 6: Mr_Dick666 ($100 in chips) is sitting out
Seat 1: xxxZeka ($103 in chips) 
Seat 2: lisanulgayb ($197.80 in chips) 
Seat 3: NISIY ($199.50 in chips) 
Seat 4: Burlica2013 ($102.93 in chips) 
Seat 5: Steve18212627 ($100 in chips) 
NISIY: posts small blind $0.50
Burlica2013: posts big blind $1
Mr_Dick666: sits out 
*** HOLE CARDS ***
Steve18212627: folds 
xxxZeka: folds 
lisanulgayb: folds 
NISIY: raises $2 to $3
Burlica2013: calls $2
*** FLOP *** [7d Qs Jh]
NISIY: bets $1.88
Burlica2013: folds 
Uncalled bet ($1.88) returned to NISIY
NISIY collected $5.70 from pot
NISIY: doesn't show hand 
*** SUMMARY ***
Total pot $6 | Rake $0.30 
Board [7d Qs Jh]
Seat 6: Mr_Dick666
Seat 1: xxxZeka folded before Flop (didn't bet)
Seat 2: lisanulgayb (button) folded before Flop (didn't bet)
Seat 3: NISIY (small blind) collected ($5.70)
Seat 4: Burlica2013 (big blind) folded on the Flop
Seat 5: Steve18212627 folded before Flop (didn't bet)



PokerStars Hand #254689108180:  Hold'em No Limit ($0.50/$1.00 USD) - 2025/02/03 17:25:59 WET [2025/02/03 12:25:59 ET]
Table 'Genua II' 6-max Seat #3 is the button
Seat 6: Mr_Dick666 ($100 in chips) is sitting out
Seat 1: xxxZeka ($103 in chips) 
Seat 2: lisanulgayb ($197.80 in chips) 
Seat 3: NISIY ($202.20 in chips) 
Seat 4: Burlica2013 ($100 in chips) 
Seat 5: Steve18212627 ($100 in chips) 
Burlica2013: posts small blind $0.50
Steve18212627: posts big blind $1
Mr_Dick666: sits out 
*** HOLE CARDS ***
xxxZeka: folds 
lisanulgayb: raises $2 to $3
NISIY: folds 
Burlica2013: folds 
Steve18212627: folds 
Uncalled bet ($2) returned to lisanulgayb
lisanulgayb collected $2.50 from pot
*** SUMMARY ***
Total pot $2.50 | Rake $0 
Seat 6: Mr_Dick666
Seat 1: xxxZeka folded before Flop (didn't bet)
Seat 2: lisanulgayb collected ($2.50)
Seat 3: NISIY (button) folded before Flop (didn't bet)
Seat 4: Burlica2013 (small blind) folded before Flop
Seat 5: Steve18212627 (big blind) folded before Flop



PokerStars Hand #254689115591:  Hold'em No Limit ($0.50/$1.00 USD) - 2025/02/03 17:26:28 WET [2025/02/03 12:26:28 ET]
Table 'Genua II' 6-max Seat #4 is the button
Seat 1: xxxZeka ($103 in chips) 
Seat 2: lisanulgayb ($199.30 in chips) 
Seat 3: NISIY ($202.20 in chips) 
Seat 4: Burlica2013 ($100 in chips) 
Seat 5: Steve18212627 ($100 in chips) 
Seat 6: Mr_Dick666 ($100 in chips) 
Steve18212627: posts small blind $0.50
Mr_Dick666: posts big blind $1
*** HOLE CARDS ***
xxxZeka: folds 
lisanulgayb: raises $2 to $3
NISIY: folds 
Burlica2013: folds 
Steve18212627: folds 
Mr_Dick666: folds 
Uncalled bet ($2) returned to lisanulgayb
lisanulgayb collected $2.50 from pot
*** SUMMARY ***
Total pot $2.50 | Rake $0 
Seat 1: xxxZeka folded before Flop (didn't bet)
Seat 2: lisanulgayb collected ($2.50)
Seat 3: NISIY folded before Flop (didn't bet)
Seat 4: Burlica2013 (button) folded before Flop (didn't bet)
Seat 5: Steve18212627 (small blind) folded before Flop
Seat 6: Mr_Dick666 (big blind) folded before Flop



PokerStars Hand #254689120966:  Hold'em No Limit ($0.50/$1.00 USD) - 2025/02/03 17:26:49 WET [2025/02/03 12:26:49 ET]
Table 'Genua II' 6-max Seat #5 is the button
Seat 1: xxxZeka ($103 in chips) 
Seat 2: lisanulgayb ($200.80 in chips) 
Seat 3: NISIY ($202.20 in chips) 
Seat 4: Burlica2013 ($100 in chips) 
Seat 5: Steve18212627 ($100 in chips) 
Seat 6: Mr_Dick666 ($100 in chips) 
Mr_Dick666: posts small blind $0.50
xxxZeka: posts big blind $1
*** HOLE CARDS ***
lisanulgayb: raises $2 to $3
NISIY: folds 
Burlica2013: folds 
Steve18212627: calls $3
Mr_Dick666: calls $2.50
xxxZeka: calls $2
*** FLOP *** [Jc 9c 3d]
Mr_Dick666: checks 
xxxZeka: checks 
lisanulgayb: checks 
Steve18212627: checks 
*** TURN *** [Jc 9c 3d] [8c]
Mr_Dick666: checks 
xxxZeka: checks 
lisanulgayb: checks 
Steve18212627: bets $9.70
Mr_Dick666: folds 
xxxZeka: raises $30.30 to $40
lisanulgayb: folds 
Steve18212627: folds 
Uncalled bet ($30.30) returned to xxxZeka
xxxZeka collected $29.83 from pot
xxxZeka: doesn't show hand 
*** SUMMARY ***
Total pot $31.40 | Rake $1.57 
Board [Jc 9c 3d 8c]
Seat 1: xxxZeka (big blind) collected ($29.83)
Seat 2: lisanulgayb folded on the Turn
Seat 3: NISIY folded before Flop (didn't bet)
Seat 4: Burlica2013 folded before Flop (didn't bet)
Seat 5: Steve18212627 (button) folded on the Turn
Seat 6: Mr_Dick666 (small blind) folded on the Turn



PokerStars Hand #254689158637:  Hold'em No Limit ($0.50/$1.00 USD) - 2025/02/03 17:29:15 WET [2025/02/03 12:29:15 ET]
Table 'Genua II' 6-max Seat #6 is the button
Seat 1: xxxZeka ($120.13 in chips) 
Seat 2: lisanulgayb ($197.80 in chips) 
Seat 3: NISIY ($202.20 in chips) 
Seat 4: Burlica2013 ($100 in chips) 
Seat 5: Steve18212627 ($100 in chips) 
Seat 6: Mr_Dick666 ($100 in chips) 
xxxZeka: posts small blind $0.50
lisanulgayb: posts big blind $1
*** HOLE CARDS ***
NISIY: folds 
Burlica2013: folds 
Steve18212627: folds 
Mr_Dick666: folds 
xxxZeka: folds 
Uncalled bet ($0.50) returned to lisanulgayb
lisanulgayb collected $1 from pot
*** SUMMARY ***
Total pot $1 | Rake $0 
Seat 1: xxxZeka (small blind) folded before Flop
Seat 2: lisanulgayb (big blind) collected ($1)
Seat 3: NISIY folded before Flop (didn't bet)
Seat 4: Burlica2013 folded before Flop (didn't bet)
Seat 5: Steve18212627 folded before Flop (didn't bet)
Seat 6: Mr_Dick666 (button) folded before Flop (didn't bet)



PokerStars Hand #254689162340:  Hold'em No Limit ($0.50/$1.00 USD) - 2025/02/03 17:29:30 WET [2025/02/03 12:29:30 ET]
Table 'Genua II' 6-max Seat #1 is the button
Seat 1: xxxZeka ($119.63 in chips) 
Seat 2: lisanulgayb ($198.30 in chips) 
Seat 3: NISIY ($202.20 in chips) 
Seat 4: Burlica2013 ($100 in chips) 
Seat 5: Steve18212627 ($100 in chips) 
Seat 6: Mr_Dick666 ($100 in chips) 
lisanulgayb: posts small blind $0.50
NISIY: posts big blind $1
*** HOLE CARDS ***
Burlica2013: folds 
Steve18212627: folds 
Mr_Dick666: raises $1.50 to $2.50
xxxZeka: folds 
lisanulgayb: folds 
NISIY: folds 
Uncalled bet ($1.50) returned to Mr_Dick666
Mr_Dick666 collected $2.50 from pot
Mr_Dick666: doesn't show hand 
*** SUMMARY ***
Total pot $2.50 | Rake $0 
Seat 1: xxxZeka (button) folded before Flop (didn't bet)
Seat 2: lisanulgayb (small blind) folded before Flop
Seat 3: NISIY (big blind) folded before Flop
Seat 4: Burlica2013 folded before Flop (didn't bet)
Seat 5: Steve18212627 folded before Flop (didn't bet)
Seat 6: Mr_Dick666 collected ($2.50)



PokerStars Hand #254689170322:  Hold'em No Limit ($0.50/$1.00 USD) - 2025/02/03 17:29:59 WET [2025/02/03 12:29:59 ET]
Table 'Genua II' 6-max Seat #2 is the button
Seat 1: xxxZeka ($119.63 in chips) 
Seat 2: lisanulgayb ($197.80 in chips) 
Seat 3: NISIY ($201.20 in chips) 
Seat 4: Burlica2013 ($100 in chips) 
Seat 5: Steve18212627 ($100 in chips) 
Seat 6: Mr_Dick666 ($101.50 in chips) 
NISIY: posts small blind $0.50
Burlica2013: posts big blind $1
*** HOLE CARDS ***
Steve18212627: folds 
Mr_Dick666: folds 
xxxZeka: folds 
lisanulgayb: folds 
NISIY: folds 
Uncalled bet ($0.50) returned to Burlica2013
Burlica2013 collected $1 from pot
Burlica2013: doesn't show hand 
*** SUMMARY ***
Total pot $1 | Rake $0 
Seat 1: xxxZeka folded before Flop (didn't bet)
Seat 2: lisanulgayb (button) folded before Flop (didn't bet)
Seat 3: NISIY (small blind) folded before Flop
Seat 4: Burlica2013 (big blind) collected ($1)
Seat 5: Steve18212627 folded before Flop (didn't bet)
Seat 6: Mr_Dick666 folded before Flop (didn't bet)



PokerStars Hand #254689177068:  Hold'em No Limit ($0.50/$1.00 USD) - 2025/02/03 17:30:26 WET [2025/02/03 12:30:26 ET]
Table 'Genua II' 6-max Seat #3 is the button
Seat 1: xxxZeka ($119.63 in chips) 
Seat 2: lisanulgayb ($197.80 in chips) 
Seat 3: NISIY ($200.70 in chips) 
Seat 4: Burlica2013 ($100.50 in chips) 
Seat 5: Steve18212627 ($100 in chips) 
Seat 6: Mr_Dick666 ($101.50 in chips) 
Burlica2013: posts small blind $0.50
Steve18212627: posts big blind $1
*** HOLE CARDS ***
Mr_Dick666: raises $1 to $2
xxxZeka: folds 
lisanulgayb: calls $2
NISIY: folds 
Burlica2013: folds 
Steve18212627: folds 
*** FLOP *** [Th 3c 9d]
Mr_Dick666: checks 
lisanulgayb: bets $2.61
Mr_Dick666: calls $2.61
*** TURN *** [Th 3c 9d] [Ad]
Mr_Dick666: checks 
lisanulgayb: checks 
*** RIVER *** [Th 3c 9d Ad] [7d]
Mr_Dick666: bets $15.27
lisanulgayb: calls $15.27
*** SHOW DOWN ***
Mr_Dick666: shows [8d 8h] (a pair of Eights)
lisanulgayb: shows [As 5s] (a pair of Aces)
lisanulgayb collected $39.20 from pot
*** SUMMARY ***
Total pot $41.26 | Rake $2.06 
Board [Th 3c 9d Ad 7d]
Seat 1: xxxZeka folded before Flop (didn't bet)
Seat 2: lisanulgayb showed [As 5s] and won ($39.20) with a pair of Aces
Seat 3: NISIY (button) folded before Flop (didn't bet)
Seat 4: Burlica2013 (small blind) folded before Flop
Seat 5: Steve18212627 (big blind) folded before Flop
Seat 6: Mr_Dick666 showed [8d 8h] and lost with a pair of Eights



PokerStars Hand #254689196526:  Hold'em No Limit ($0.50/$1.00 USD) - 2025/02/03 17:31:40 WET [2025/02/03 12:31:40 ET]
Table 'Genua II' 6-max Seat #4 is the button
Seat 6: Mr_Dick666 ($100 in chips) is sitting out
Seat 1: xxxZeka ($119.63 in chips) 
Seat 2: lisanulgayb ($217.12 in chips) 
Seat 3: NISIY ($200.70 in chips) 
Seat 4: Burlica2013 ($100 in chips) 
Seat 5: Steve18212627 ($100 in chips) 
Steve18212627: posts small blind $0.50
Mr_Dick666: is sitting out 
xxxZeka: posts big blind $1
*** HOLE CARDS ***
Mr_Dick666 leaves the table
lisanulgayb: folds 
NISIY: raises $1.50 to $2.50
Burlica2013: folds 
Steve18212627: folds 
xxxZeka: folds 
Uncalled bet ($1.50) returned to NISIY
NISIY collected $2.50 from pot
NISIY: doesn't show hand 
*** SUMMARY ***
Total pot $2.50 | Rake $0 
Seat 6: Mr_Dick666
Seat 1: xxxZeka (big blind) folded before Flop
Seat 2: lisanulgayb folded before Flop (didn't bet)
Seat 3: NISIY collected ($2.50)
Seat 4: Burlica2013 (button) folded before Flop (didn't bet)
Seat 5: Steve18212627 (small blind) folded before Flop



PokerStars Hand #254689202991:  Hold'em No Limit ($0.50/$1.00 USD) - 2025/02/03 17:32:05 WET [2025/02/03 12:32:05 ET]
Table 'Genua II' 6-max Seat #5 is the button
Seat 1: xxxZeka ($118.63 in chips) 
Seat 2: lisanulgayb ($217.12 in chips) 
Seat 3: NISIY ($202.20 in chips) 
Seat 4: Burlica2013 ($100 in chips) 
Seat 5: Steve18212627 ($100 in chips) 
xxxZeka: posts small blind $0.50
lisanulgayb: posts big blind $1
*** HOLE CARDS ***
NISIY: folds 
Burlica2013: folds 
Steve18212627: folds 
xxxZeka: raises $2 to $3
lisanulgayb: folds 
Uncalled bet ($2) returned to xxxZeka
xxxZeka collected $2 from pot
xxxZeka: doesn't show hand 
*** SUMMARY ***
Total pot $2 | Rake $0 
Seat 1: xxxZeka (small blind) collected ($2)
Seat 2: lisanulgayb (big blind) folded before Flop
Seat 3: NISIY folded before Flop (didn't bet)
Seat 4: Burlica2013 folded before Flop (didn't bet)
Seat 5: Steve18212627 (button) folded before Flop (didn't bet)



PokerStars Hand #254689206263:  Hold'em No Limit ($0.50/$1.00 USD) - 2025/02/03 17:32:18 WET [2025/02/03 12:32:18 ET]
Table 'Genua II' 6-max Seat #1 is the button
Seat 1: xxxZeka ($119.63 in chips) 
Seat 2: lisanulgayb ($216.12 in chips) 
Seat 3: NISIY ($202.20 in chips) 
Seat 4: Burlica2013 ($100 in chips) 
Seat 5: Steve18212627 ($100 in chips) 
lisanulgayb: posts small blind $0.50
NISIY: posts big blind $1
*** HOLE CARDS ***
Burlica2013: folds 
Steve18212627: folds 
xxxZeka: folds 
lisanulgayb: raises $2 to $3
NISIY: calls $2
*** FLOP *** [Kh 2s 6d]
lisanulgayb: bets $2.85
NISIY: folds 
Uncalled bet ($2.85) returned to lisanulgayb
lisanulgayb collected $5.70 from pot
*** SUMMARY ***
Total pot $6 | Rake $0.30 
Board [Kh 2s 6d]
Seat 1: xxxZeka (button) folded before Flop (didn't bet)
Seat 2: lisanulgayb (small blind) collected ($5.70)
Seat 3: NISIY (big blind) folded on the Flop
Seat 4: Burlica2013 folded before Flop (didn't bet)
Seat 5: Steve18212627 folded before Flop (didn't bet)



PokerStars Hand #254689217480:  Hold'em No Limit ($0.50/$1.00 USD) - 2025/02/03 17:33:01 WET [2025/02/03 12:33:01 ET]
Table 'Genua II' 6-max Seat #2 is the button
Seat 1: xxxZeka ($119.63 in chips) 
Seat 2: lisanulgayb ($218.82 in chips) 
Seat 3: NISIY ($199.20 in chips) 
Seat 4: Burlica2013 ($100 in chips) 
Seat 5: Steve18212627 ($100 in chips) 
NISIY: posts small blind $0.50
Burlica2013: posts big blind $1
*** HOLE CARDS ***
Chiarelli99 joins the table at seat #6 
Steve18212627: folds 
xxxZeka: raises $1.50 to $2.50
lisanulgayb: folds 
NISIY: folds 
Burlica2013: folds 
Uncalled bet ($1.50) returned to xxxZeka
xxxZeka collected $2.50 from pot
xxxZeka: doesn't show hand 
*** SUMMARY ***
Total pot $2.50 | Rake $0 
Seat 1: xxxZeka collected ($2.50)
Seat 2: lisanulgayb (button) folded before Flop (didn't bet)
Seat 3: NISIY (small blind) folded before Flop
Seat 4: Burlica2013 (big blind) folded before Flop
Seat 5: Steve18212627 folded before Flop (didn't bet)



PokerStars Hand #254689220703:  Hold'em No Limit ($0.50/$1.00 USD) - 2025/02/03 17:33:13 WET [2025/02/03 12:33:13 ET]
Table 'Genua II' 6-max Seat #3 is the button
Seat 6: Chiarelli99 ($100 in chips) is sitting out
Seat 1: xxxZeka ($121.13 in chips) 
Seat 2: lisanulgayb ($218.82 in chips) 
Seat 3: NISIY ($198.70 in chips) 
Seat 4: Burlica2013 ($100 in chips) 
Seat 5: Steve18212627 ($100 in chips) 
Burlica2013: posts small blind $0.50
Steve18212627: posts big blind $1
Chiarelli99: sits out 
*** HOLE CARDS ***
xxxZeka: folds 
lisanulgayb: calls $1
NISIY: folds 
Burlica2013: raises $3 to $4
Steve18212627: folds 
lisanulgayb: calls $3
*** FLOP *** [8h As 5c]
Burlica2013: checks 
lisanulgayb: checks 
*** TURN *** [8h As 5c] [9h]
Burlica2013: checks 
lisanulgayb: checks 
*** RIVER *** [8h As 5c 9h] [Kc]
Burlica2013: bets $2.82
lisanulgayb: folds 
Uncalled bet ($2.82) returned to Burlica2013
Burlica2013 collected $8.55 from pot
Burlica2013: doesn't show hand 
*** SUMMARY ***
Total pot $9 | Rake $0.45 
Board [8h As 5c 9h Kc]
Seat 6: Chiarelli99
Seat 1: xxxZeka folded before Flop (didn't bet)
Seat 2: lisanulgayb folded on the River
Seat 3: NISIY (button) folded before Flop (didn't bet)
Seat 4: Burlica2013 (small blind) collected ($8.55)
Seat 5: Steve18212627 (big blind) folded before Flop



PokerStars Hand #254689237640:  Hold'em No Limit ($0.50/$1.00 USD) - 2025/02/03 17:34:18 WET [2025/02/03 12:34:18 ET]
Table 'Genua II' 6-max Seat #4 is the button
Seat 1: xxxZeka ($121.13 in chips) 
Seat 2: lisanulgayb ($214.82 in chips) 
Seat 3: NISIY ($198.70 in chips) 
Seat 4: Burlica2013 ($104.55 in chips) 
Seat 5: Steve18212627 ($100 in chips) 
Seat 6: Chiarelli99 ($100 in chips) 
Steve18212627: posts small blind $0.50
Chiarelli99: posts big blind $1
*** HOLE CARDS ***
xxxZeka: folds 
lisanulgayb: folds 
NISIY: folds 
Burlica2013: folds 
Steve18212627: raises $2 to $3
Chiarelli99: calls $2
*** FLOP *** [Tc 7s 4d]
Steve18212627: bets $5.70
Chiarelli99: folds 
Uncalled bet ($5.70) returned to Steve18212627
Steve18212627 collected $5.70 from pot
*** SUMMARY ***
Total pot $6 | Rake $0.30 
Board [Tc 7s 4d]
Seat 1: xxxZeka folded before Flop (didn't bet)
Seat 2: lisanulgayb folded before Flop (didn't bet)
Seat 3: NISIY folded before Flop (didn't bet)
Seat 4: Burlica2013 (button) folded before Flop (didn't bet)
Seat 5: Steve18212627 (small blind) collected ($5.70)
Seat 6: Chiarelli99 (big blind) folded on the Flop



PokerStars Hand #254689248718:  Hold'em No Limit ($0.50/$1.00 USD) - 2025/02/03 17:35:01 WET [2025/02/03 12:35:01 ET]
Table 'Genua II' 6-max Seat #5 is the button
Seat 1: xxxZeka ($121.13 in chips) 
Seat 2: lisanulgayb ($214.82 in chips) 
Seat 3: NISIY ($198.70 in chips) 
Seat 4: Burlica2013 ($104.55 in chips) 
Seat 5: Steve18212627 ($102.70 in chips) 
Seat 6: Chiarelli99 ($100 in chips) 
Chiarelli99: posts small blind $0.50
xxxZeka: posts big blind $1
*** HOLE CARDS ***
lisanulgayb: raises $1 to $2
NISIY: folds 
Burlica2013: folds 
Steve18212627: folds 
Chiarelli99: folds 
xxxZeka: folds 
Uncalled bet ($1) returned to lisanulgayb
lisanulgayb collected $2.50 from pot
*** SUMMARY ***
Total pot $2.50 | Rake $0 
Seat 1: xxxZeka (big blind) folded before Flop
Seat 2: lisanulgayb collected ($2.50)
Seat 3: NISIY folded before Flop (didn't bet)
Seat 4: Burlica2013 folded before Flop (didn't bet)
Seat 5: Steve18212627 (button) folded before Flop (didn't bet)
Seat 6: Chiarelli99 (small blind) folded before Flop



PokerStars Hand #254689254691:  Hold'em No Limit ($0.50/$1.00 USD) - 2025/02/03 17:35:23 WET [2025/02/03 12:35:23 ET]
Table 'Genua II' 6-max Seat #6 is the button
Seat 1: xxxZeka ($120.13 in chips) 
Seat 2: lisanulgayb ($216.32 in chips) 
Seat 3: NISIY ($198.70 in chips) 
Seat 4: Burlica2013 ($104.55 in chips) 
Seat 5: Steve18212627 ($102.70 in chips) 
Seat 6: Chiarelli99 ($100 in chips) 
xxxZeka: posts small blind $0.50
lisanulgayb: posts big blind $1
*** HOLE CARDS ***
NISIY: folds 
Burlica2013: folds 
Steve18212627: folds 
Chiarelli99: folds 
xxxZeka: folds 
Uncalled bet ($0.50) returned to lisanulgayb
lisanulgayb collected $1 from pot
*** SUMMARY ***
Total pot $1 | Rake $0 
Seat 1: xxxZeka (small blind) folded before Flop
Seat 2: lisanulgayb (big blind) collected ($1)
Seat 3: NISIY folded before Flop (didn't bet)
Seat 4: Burlica2013 folded before Flop (didn't bet)
Seat 5: Steve18212627 folded before Flop (didn't bet)
Seat 6: Chiarelli99 (button) folded before Flop (didn't bet)



PokerStars Hand #254689258508:  Hold'em No Limit ($0.50/$1.00 USD) - 2025/02/03 17:35:38 WET [2025/02/03 12:35:38 ET]
Table 'Genua II' 6-max Seat #1 is the button
Seat 1: xxxZeka ($119.63 in chips) 
Seat 2: lisanulgayb ($216.82 in chips) 
Seat 3: NISIY ($198.70 in chips) 
Seat 4: Burlica2013 ($104.55 in chips) 
Seat 5: Steve18212627 ($102.70 in chips) 
Seat 6: Chiarelli99 ($100 in chips) 
lisanulgayb: posts small blind $0.50
NISIY: posts big blind $1
*** HOLE CARDS ***
Burlica2013: folds 
Steve18212627: raises $2 to $3
Chiarelli99: folds 
xxxZeka: folds 
lisanulgayb: folds 
NISIY: calls $2
*** FLOP *** [6s Jc Ad]
NISIY: checks 
Steve18212627: bets $4.09
NISIY: folds 
Uncalled bet ($4.09) returned to Steve18212627
Steve18212627 collected $6.18 from pot
*** SUMMARY ***
Total pot $6.50 | Rake $0.32 
Board [6s Jc Ad]
Seat 1: xxxZeka (button) folded before Flop (didn't bet)
Seat 2: lisanulgayb (small blind) folded before Flop
Seat 3: NISIY (big blind) folded on the Flop
Seat 4: Burlica2013 folded before Flop (didn't bet)
Seat 5: Steve18212627 collected ($6.18)
Seat 6: Chiarelli99 folded before Flop (didn't bet)



PokerStars Hand #254689271137:  Hold'em No Limit ($0.50/$1.00 USD) - 2025/02/03 17:36:25 WET [2025/02/03 12:36:25 ET]
Table 'Genua II' 6-max Seat #2 is the button
Seat 1: xxxZeka ($119.63 in chips) 
Seat 2: lisanulgayb ($216.32 in chips) 
Seat 3: NISIY ($195.70 in chips) 
Seat 4: Burlica2013 ($104.55 in chips) 
Seat 5: Steve18212627 ($105.88 in chips) 
Seat 6: Chiarelli99 ($100 in chips) 
NISIY: posts small blind $0.50
Burlica2013: posts big blind $1
*** HOLE CARDS ***
Steve18212627: folds 
Chiarelli99: folds 
xxxZeka: folds 
lisanulgayb: folds 
NISIY: folds 
Uncalled bet ($0.50) returned to Burlica2013
Burlica2013 collected $1 from pot
Burlica2013: doesn't show hand 
*** SUMMARY ***
Total pot $1 | Rake $0 
Seat 1: xxxZeka folded before Flop (didn't bet)
Seat 2: lisanulgayb (button) folded before Flop (didn't bet)
Seat 3: NISIY (small blind) folded before Flop
Seat 4: Burlica2013 (big blind) collected ($1)
Seat 5: Steve18212627 folded before Flop (didn't bet)
Seat 6: Chiarelli99 folded before Flop (didn't bet)



PokerStars Hand #254689275469:  Hold'em No Limit ($0.50/$1.00 USD) - 2025/02/03 17:36:42 WET [2025/02/03 12:36:42 ET]
Table 'Genua II' 6-max Seat #3 is the button
Seat 1: xxxZeka ($119.63 in chips) 
Seat 2: lisanulgayb ($216.32 in chips) 
Seat 3: NISIY ($195.20 in chips) 
Seat 4: Burlica2013 ($105.05 in chips) 
Seat 5: Steve18212627 ($105.88 in chips) 
Seat 6: Chiarelli99 ($100 in chips) 
Burlica2013: posts small blind $0.50
Steve18212627: posts big blind $1
*** HOLE CARDS ***
Chiarelli99: raises $1.10 to $2.10
xxxZeka: folds 
lisanulgayb: calls $2.10
NISIY: folds 
Burlica2013: folds 
Steve18212627: calls $1.10
*** FLOP *** [6h 5c 5s]
Steve18212627: checks 
Chiarelli99: checks 
lisanulgayb: checks 
*** TURN *** [6h 5c 5s] [4c]
Steve18212627: checks 
Chiarelli99: checks 
lisanulgayb: checks 
*** RIVER *** [6h 5c 5s 4c] [3c]
Steve18212627: checks 
Chiarelli99: checks 
lisanulgayb: bets $6.46
Steve18212627: folds 
Chiarelli99: folds 
Uncalled bet ($6.46) returned to lisanulgayb
lisanulgayb collected $6.46 from pot
*** SUMMARY ***
Total pot $6.80 | Rake $0.34 
Board [6h 5c 5s 4c 3c]
Seat 1: xxxZeka folded before Flop (didn't bet)
Seat 2: lisanulgayb collected ($6.46)
Seat 3: NISIY (button) folded before Flop (didn't bet)
Seat 4: Burlica2013 (small blind) folded before Flop
Seat 5: Steve18212627 (big blind) folded on the River
Seat 6: Chiarelli99 folded on the River



PokerStars Hand #254689293629:  Hold'em No Limit ($0.50/$1.00 USD) - 2025/02/03 17:37:50 WET [2025/02/03 12:37:50 ET]
Table 'Genua II' 6-max Seat #4 is the button
Seat 1: xxxZeka ($119.63 in chips) 
Seat 2: lisanulgayb ($220.68 in chips) 
Seat 3: NISIY ($195.20 in chips) 
Seat 4: Burlica2013 ($104.55 in chips) 
Seat 5: Steve18212627 ($103.78 in chips) 
Seat 6: Chiarelli99 ($100 in chips) 
Steve18212627: posts small blind $0.50
Chiarelli99: posts big blind $1
*** HOLE CARDS ***
xxxZeka: folds 
lisanulgayb: folds 
NISIY: folds 
Burlica2013: raises $1.45 to $2.45
lisanulgayb leaves the table
Steve18212627: calls $1.95
Chiarelli99: folds 
*** FLOP *** [9s 8s Ac]
Steve18212627: checks 
Burlica2013: checks 
*** TURN *** [9s 8s Ac] [As]
Steve18212627: checks 
Burlica2013: bets $2.80
Steve18212627: folds 
Uncalled bet ($2.80) returned to Burlica2013
Burlica2013 collected $5.60 from pot
Burlica2013: doesn't show hand 
*** SUMMARY ***
Total pot $5.90 | Rake $0.30 
Board [9s 8s Ac As]
Seat 1: xxxZeka folded before Flop (didn't bet)
Seat 2: lisanulgayb folded before Flop (didn't bet)
Seat 3: NISIY folded before Flop (didn't bet)
Seat 4: Burlica2013 (button) collected ($5.60)
Seat 5: Steve18212627 (small blind) folded on the Turn
Seat 6: Chiarelli99 (big blind) folded before Flop



PokerStars Hand #254689306159:  Hold'em No Limit ($0.50/$1.00 USD) - 2025/02/03 17:38:38 WET [2025/02/03 12:38:38 ET]
Table 'Genua II' 6-max Seat #5 is the button
Seat 1: xxxZeka ($119.63 in chips) 
Seat 3: NISIY ($195.20 in chips) 
Seat 4: Burlica2013 ($107.70 in chips) 
Seat 5: Steve18212627 ($101.33 in chips) 
Seat 6: Chiarelli99 ($100 in chips) 
Chiarelli99: posts small blind $0.50
xxxZeka: posts big blind $1
*** HOLE CARDS ***
NISIY: raises $1.50 to $2.50
Burlica2013: calls $2.50
Steve18212627: raises $9 to $11.50
Chiarelli99: folds 
xxxZeka: folds 
NISIY: folds 
Burlica2013: folds 
Uncalled bet ($9) returned to Steve18212627
Steve18212627 collected $9 from pot
*** SUMMARY ***
Total pot $9 | Rake $0 
Seat 1: xxxZeka (big blind) folded before Flop
Seat 3: NISIY folded before Flop
Seat 4: Burlica2013 folded before Flop
Seat 5: Steve18212627 (button) collected ($9)
Seat 6: Chiarelli99 (small blind) folded before Flop



PokerStars Hand #254689313457:  Hold'em No Limit ($0.50/$1.00 USD) - 2025/02/03 17:39:06 WET [2025/02/03 12:39:06 ET]
Table 'Genua II' 6-max Seat #6 is the button
Seat 3: NISIY ($192.70 in chips) is sitting out
Seat 4: Burlica2013 ($105.20 in chips) is sitting out
Seat 1: xxxZeka ($118.63 in chips) 
Seat 5: Steve18212627 ($107.83 in chips) 
Seat 6: Chiarelli99 ($100 in chips) 
xxxZeka: posts small blind $0.50
NISIY: is sitting out 
Burlica2013: is sitting out 
Steve18212627: posts big blind $1
*** HOLE CARDS ***
Burlica2013 leaves the table
NISIY leaves the table
Chiarelli99: folds 
xxxZeka: raises $2 to $3
Chiarelli99 leaves the table
Steve18212627: calls $2
*** FLOP *** [9d Kc Ks]
xxxZeka: checks 
Steve18212627: checks 
*** TURN *** [9d Kc Ks] [Qh]
xxxZeka: checks 
Steve18212627: checks 
*** RIVER *** [9d Kc Ks Qh] [9h]
xxxZeka: checks 
Steve18212627: checks 
*** SHOW DOWN ***
xxxZeka: shows [Ac 2c] (two pair, Kings and Nines)
Steve18212627: mucks hand 
xxxZeka collected $5.70 from pot
*** SUMMARY ***
Total pot $6 | Rake $0.30 
Board [9d Kc Ks Qh 9h]
Seat 3: NISIY
Seat 4: Burlica2013
Seat 1: xxxZeka (small blind) showed [Ac 2c] and won ($5.70) with two pair, Kings and Nines
Seat 5: Steve18212627 (big blind) mucked
Seat 6: Chiarelli99 (button) folded before Flop (didn't bet)



PokerStars Hand #254689326529:  Hold'em No Limit ($0.50/$1.00 USD) - 2025/02/03 17:39:56 WET [2025/02/03 12:39:56 ET]
Table 'Genua II' 6-max Seat #5 is the button
Seat 1: xxxZeka ($121.33 in chips) 
Seat 5: Steve18212627 ($104.83 in chips) 
Steve18212627: posts small blind $0.50
xxxZeka: posts big blind $1
*** HOLE CARDS ***
Steve18212627: folds 
Uncalled bet ($0.50) returned to xxxZeka
xxxZeka collected $1 from pot
xxxZeka: doesn't show hand 
*** SUMMARY ***
Total pot $1 | Rake $0 
Seat 1: xxxZeka (big blind) collected ($1)
Seat 5: Steve18212627 (button) (small blind) folded before Flop



