PokerStars Hand #254687392004:  Hold'em No Limit ($0.50/$1.00 USD) - 2025/02/03 15:14:03 WET [2025/02/03 10:14:03 ET]
Table 'Sulafat' 6-max Seat #5 is the button
Seat 1: Flix2204 ($100 in chips) 
Seat 2: whlzor ($103 in chips) 
Seat 3: ReVeu710 ($100 in chips) 
Seat 4: MRFV11 ($97.22 in chips) 
Seat 5: tintin641 ($100 in chips) 
Seat 6: gudrozd ($103.52 in chips) 
gudrozd: posts small blind $0.50
Flix2204: posts big blind $1
*** HOLE CARDS ***
whlzor: folds 
ReVeu710: raises $1 to $2
MRFV11: raises $2 to $4
tintin641: folds 
gudrozd: folds 
Flix2204: folds 
ReVeu710: calls $2
*** FLOP *** [6d Qc 4s]
ReVeu710: checks 
MRFV11: bets $9.02
ReVeu710: calls $9.02
*** TURN *** [6d Qc 4s] [Kh]
ReVeu710: checks 
MRFV11: bets $26.16
ReVeu710: calls $26.16
*** RIVER *** [6d Qc 4s Kh] [2d]
ReVeu710: checks 
MRFV11: checks 
*** SHOW DOWN ***
ReVeu710: shows [Th Qh] (a pair of Queens)
MRFV11: shows [Ah Ks] (a pair of Kings)
MRFV11 collected $76.74 from pot
*** SUMMARY ***
Total pot $79.86 | Rake $3.12 
Board [6d Qc 4s Kh 2d]
Seat 1: Flix2204 (big blind) folded before Flop
Seat 2: whlzor folded before Flop (didn't bet)
Seat 3: ReVeu710 showed [Th Qh] and lost with a pair of Queens
Seat 4: MRFV11 showed [Ah Ks] and won ($76.74) with a pair of Kings
Seat 5: tintin641 (button) folded before Flop (didn't bet)
Seat 6: gudrozd (small blind) folded before Flop



PokerStars Hand #254687401818:  Hold'em No Limit ($0.50/$1.00 USD) - 2025/02/03 15:14:55 WET [2025/02/03 10:14:55 ET]
Table 'Sulafat' 6-max Seat #6 is the button
Seat 1: Flix2204 ($100 in chips) 
Seat 2: whlzor ($103 in chips) 
Seat 3: ReVeu710 ($100 in chips) 
Seat 4: MRFV11 ($134.78 in chips) 
Seat 5: tintin641 ($100 in chips) 
Seat 6: gudrozd ($103.02 in chips) 
Flix2204: posts small blind $0.50
whlzor: posts big blind $1
*** HOLE CARDS ***
ReVeu710: folds 
MRFV11: calls $1
tintin641: folds 
gudrozd: folds 
Flix2204: folds 
whlzor: raises $4 to $5
MRFV11: folds 
Uncalled bet ($4) returned to whlzor
whlzor collected $2.50 from pot
whlzor: doesn't show hand 
*** SUMMARY ***
Total pot $2.50 | Rake $0 
Seat 1: Flix2204 (small blind) folded before Flop
Seat 2: whlzor (big blind) collected ($2.50)
Seat 3: ReVeu710 folded before Flop (didn't bet)
Seat 4: MRFV11 folded before Flop
Seat 5: tintin641 folded before Flop (didn't bet)
Seat 6: gudrozd (button) folded before Flop (didn't bet)



PokerStars Hand #254687406457:  Hold'em No Limit ($0.50/$1.00 USD) - 2025/02/03 15:15:19 WET [2025/02/03 10:15:19 ET]
Table 'Sulafat' 6-max Seat #1 is the button
Seat 1: Flix2204 ($100 in chips) 
Seat 2: whlzor ($104.50 in chips) 
Seat 3: ReVeu710 ($100 in chips) 
Seat 4: MRFV11 ($133.78 in chips) 
Seat 5: tintin641 ($100 in chips) 
Seat 6: gudrozd ($103.02 in chips) 
whlzor: posts small blind $0.50
ReVeu710: posts big blind $1
*** HOLE CARDS ***
MRFV11: raises $3 to $4
tintin641: folds 
gudrozd: folds 
Flix2204: folds 
whlzor: folds 
ReVeu710: folds 
Uncalled bet ($3) returned to MRFV11
MRFV11 collected $2.50 from pot
*** SUMMARY ***
Total pot $2.50 | Rake $0 
Seat 1: Flix2204 (button) folded before Flop (didn't bet)
Seat 2: whlzor (small blind) folded before Flop
Seat 3: ReVeu710 (big blind) folded before Flop
Seat 4: MRFV11 collected ($2.50)
Seat 5: tintin641 folded before Flop (didn't bet)
Seat 6: gudrozd folded before Flop (didn't bet)



PokerStars Hand #254687409058:  Hold'em No Limit ($0.50/$1.00 USD) - 2025/02/03 15:15:33 WET [2025/02/03 10:15:33 ET]
Table 'Sulafat' 6-max Seat #2 is the button
Seat 1: Flix2204 ($100 in chips) 
Seat 2: whlzor ($104 in chips) 
Seat 3: ReVeu710 ($100 in chips) 
Seat 4: MRFV11 ($135.28 in chips) 
Seat 5: tintin641 ($100 in chips) 
Seat 6: gudrozd ($103.02 in chips) 
ReVeu710: posts small blind $0.50
MRFV11: posts big blind $1
*** HOLE CARDS ***
tintin641: folds 
gudrozd: folds 
Flix2204: folds 
whlzor: raises $2 to $3
ReVeu710: folds 
MRFV11: folds 
Uncalled bet ($2) returned to whlzor
whlzor collected $2.50 from pot
whlzor: doesn't show hand 
*** SUMMARY ***
Total pot $2.50 | Rake $0 
Seat 1: Flix2204 folded before Flop (didn't bet)
Seat 2: whlzor (button) collected ($2.50)
Seat 3: ReVeu710 (small blind) folded before Flop
Seat 4: MRFV11 (big blind) folded before Flop
Seat 5: tintin641 folded before Flop (didn't bet)
Seat 6: gudrozd folded before Flop (didn't bet)



PokerStars Hand #254687412270:  Hold'em No Limit ($0.50/$1.00 USD) - 2025/02/03 15:15:49 WET [2025/02/03 10:15:49 ET]
Table 'Sulafat' 6-max Seat #3 is the button
Seat 1: Flix2204 ($100 in chips) 
Seat 2: whlzor ($105.50 in chips) 
Seat 3: ReVeu710 ($100 in chips) 
Seat 4: MRFV11 ($134.28 in chips) 
Seat 5: tintin641 ($100 in chips) 
Seat 6: gudrozd ($103.02 in chips) 
MRFV11: posts small blind $0.50
tintin641: posts big blind $1
*** HOLE CARDS ***
gudrozd: raises $1.50 to $2.50
Flix2204: folds 
whlzor: folds 
ReVeu710: raises $4.42 to $6.92
MRFV11: folds 
tintin641: folds 
gudrozd: folds 
Uncalled bet ($4.42) returned to ReVeu710
ReVeu710 collected $6.50 from pot
ReVeu710: doesn't show hand 
*** SUMMARY ***
Total pot $6.50 | Rake $0 
Seat 1: Flix2204 folded before Flop (didn't bet)
Seat 2: whlzor folded before Flop (didn't bet)
Seat 3: ReVeu710 (button) collected ($6.50)
Seat 4: MRFV11 (small blind) folded before Flop
Seat 5: tintin641 (big blind) folded before Flop
Seat 6: gudrozd folded before Flop



PokerStars Hand #254687418113:  Hold'em No Limit ($0.50/$1.00 USD) - 2025/02/03 15:16:19 WET [2025/02/03 10:16:19 ET]
Table 'Sulafat' 6-max Seat #4 is the button
Seat 1: Flix2204 ($100 in chips) 
Seat 2: whlzor ($105.50 in chips) 
Seat 3: ReVeu710 ($104 in chips) 
Seat 4: MRFV11 ($133.78 in chips) 
Seat 5: tintin641 ($100 in chips) 
Seat 6: gudrozd ($100.52 in chips) 
tintin641: posts small blind $0.50
gudrozd: posts big blind $1
*** HOLE CARDS ***
Flix2204: folds 
whlzor: folds 
ReVeu710: folds 
MRFV11: calls $1
tintin641: calls $0.50
gudrozd: checks 
*** FLOP *** [3s 3c 9h]
tintin641: checks 
gudrozd: checks 
MRFV11: checks 
*** TURN *** [3s 3c 9h] [7h]
tintin641: bets $2.14
gudrozd: folds 
MRFV11: folds 
Uncalled bet ($2.14) returned to tintin641
tintin641 collected $2.85 from pot
tintin641: doesn't show hand 
*** SUMMARY ***
Total pot $3 | Rake $0.15 
Board [3s 3c 9h 7h]
Seat 1: Flix2204 folded before Flop (didn't bet)
Seat 2: whlzor folded before Flop (didn't bet)
Seat 3: ReVeu710 folded before Flop (didn't bet)
Seat 4: MRFV11 (button) folded on the Turn
Seat 5: tintin641 (small blind) collected ($2.85)
Seat 6: gudrozd (big blind) folded on the Turn



PokerStars Hand #254687427162:  Hold'em No Limit ($0.50/$1.00 USD) - 2025/02/03 15:17:05 WET [2025/02/03 10:17:05 ET]
Table 'Sulafat' 6-max Seat #5 is the button
Seat 1: Flix2204 ($100 in chips) 
Seat 2: whlzor ($105.50 in chips) 
Seat 3: ReVeu710 ($104 in chips) 
Seat 4: MRFV11 ($132.78 in chips) 
Seat 5: tintin641 ($101.85 in chips) 
Seat 6: gudrozd ($100 in chips) 
gudrozd: posts small blind $0.50
Flix2204: posts big blind $1
*** HOLE CARDS ***
whlzor: folds 
ReVeu710: folds 
MRFV11: folds 
tintin641: raises $1.50 to $2.50
gudrozd: folds 
MRFV11 leaves the table
xxxZeka joins the table at seat #4 
xxxZeka leaves the table
Flix2204: calls $1.50
*** FLOP *** [Ks Th Td]
habib beye joins the table at seat #4 
Flix2204: checks 
gudrozd leaves the table
tintin641: bets $1.72
Flix2204: folds 
Uncalled bet ($1.72) returned to tintin641
tintin641 collected $5.22 from pot
tintin641: doesn't show hand 
*** SUMMARY ***
Total pot $5.50 | Rake $0.28 
Board [Ks Th Td]
Seat 1: Flix2204 (big blind) folded on the Flop
Seat 2: whlzor folded before Flop (didn't bet)
Seat 3: ReVeu710 folded before Flop (didn't bet)
Seat 4: MRFV11 folded before Flop (didn't bet)
Seat 5: tintin641 (button) collected ($5.22)
Seat 6: gudrozd (small blind) folded before Flop



PokerStars Hand #254687437878:  Hold'em No Limit ($0.50/$1.00 USD) - 2025/02/03 15:17:59 WET [2025/02/03 10:17:59 ET]
Table 'Sulafat' 6-max Seat #1 is the button
Seat 4: habib beye ($100 in chips) is sitting out
Seat 1: Flix2204 ($100 in chips) 
Seat 2: whlzor ($105.50 in chips) 
Seat 3: ReVeu710 ($104 in chips) 
Seat 5: tintin641 ($104.57 in chips) 
whlzor: posts small blind $0.50
ReVeu710: posts big blind $1
habib beye: sits out 
*** HOLE CARDS ***
tintin641: folds 
Flix2204: folds 
whlzor: raises $2 to $3
ReVeu710: calls $2
*** FLOP *** [5d Qc 9s]
whlzor: bets $1.88
ReVeu710: calls $1.88
*** TURN *** [5d Qc 9s] [7h]
whlzor: bets $13.50
ReVeu710: folds 
Uncalled bet ($13.50) returned to whlzor
whlzor collected $9.27 from pot
whlzor: doesn't show hand 
*** SUMMARY ***
Total pot $9.76 | Rake $0.49 
Board [5d Qc 9s 7h]
Seat 4: habib beye
Seat 1: Flix2204 (button) folded before Flop (didn't bet)
Seat 2: whlzor (small blind) collected ($9.27)
Seat 3: ReVeu710 (big blind) folded on the Turn
Seat 5: tintin641 folded before Flop (didn't bet)



PokerStars Hand #254687451939:  Hold'em No Limit ($0.50/$1.00 USD) - 2025/02/03 15:19:10 WET [2025/02/03 10:19:10 ET]
Table 'Sulafat' 6-max Seat #2 is the button
Seat 1: Flix2204 ($100 in chips) 
Seat 2: whlzor ($109.89 in chips) 
Seat 3: ReVeu710 ($100 in chips) 
Seat 4: habib beye ($100 in chips) 
Seat 5: tintin641 ($104.57 in chips) 
ReVeu710: posts small blind $0.50
habib beye: posts big blind $1
*** HOLE CARDS ***
tintin641: folds 
Flix2204: folds 
whlzor: folds 
ReVeu710: raises $2 to $3
habib beye: folds 
Uncalled bet ($2) returned to ReVeu710
ReVeu710 collected $2 from pot
ReVeu710: doesn't show hand 
*** SUMMARY ***
Total pot $2 | Rake $0 
Seat 1: Flix2204 folded before Flop (didn't bet)
Seat 2: whlzor (button) folded before Flop (didn't bet)
Seat 3: ReVeu710 (small blind) collected ($2)
Seat 4: habib beye (big blind) folded before Flop
Seat 5: tintin641 folded before Flop (didn't bet)



