PokerStars Hand #254690129001:  Hold'em No Limit ($0.50/$1.00 USD) - 2025/02/03 18:30:40 WET [2025/02/03 13:30:40 ET]
Table 'Aurelia' 6-max Seat #1 is the button
Seat 1: gudrozd ($100 in chips) 
Seat 2: akbloger ($100 in chips) 
Seat 3: NISIY ($100 in chips) 
Seat 4: mariofcd ($100 in chips) 
Seat 5: R3INCARN8TD ($73.75 in chips) 
Seat 6: paramourx ($100 in chips) 
akbloger: posts small blind $0.50
NISIY: posts big blind $1
*** HOLE CARDS ***
mariofcd: folds 
R3INCARN8TD: calls $1
paramourx: folds 
gudrozd: raises $4 to $5
akbloger: folds 
NISIY: folds 
R3INCARN8TD: folds 
Uncalled bet ($4) returned to gudrozd
gudrozd collected $3.50 from pot
gudrozd: doesn't show hand 
*** SUMMARY ***
Total pot $3.50 | Rake $0 
Seat 1: gudrozd (button) collected ($3.50)
Seat 2: akbloger (small blind) folded before Flop
Seat 3: NISIY (big blind) folded before Flop
Seat 4: mariofcd folded before Flop (didn't bet)
Seat 5: R3INCARN8TD folded before Flop
Seat 6: paramourx folded before Flop (didn't bet)



PokerStars Hand #254690137563:  Hold'em No Limit ($0.50/$1.00 USD) - 2025/02/03 18:31:10 WET [2025/02/03 13:31:10 ET]
Table 'Aurelia' 6-max Seat #2 is the button
Seat 1: gudrozd ($102.50 in chips) 
Seat 2: akbloger ($100 in chips) 
Seat 3: NISIY ($100 in chips) 
Seat 4: mariofcd ($100 in chips) 
Seat 5: R3INCARN8TD ($72.75 in chips) 
Seat 6: paramourx ($100 in chips) 
NISIY: posts small blind $0.50
mariofcd: posts big blind $1
*** HOLE CARDS ***
R3INCARN8TD: folds 
paramourx: folds 
gudrozd: folds 
akbloger: folds 
NISIY: folds 
Uncalled bet ($0.50) returned to mariofcd
mariofcd collected $1 from pot
*** SUMMARY ***
Total pot $1 | Rake $0 
Seat 1: gudrozd folded before Flop (didn't bet)
Seat 2: akbloger (button) folded before Flop (didn't bet)
Seat 3: NISIY (small blind) folded before Flop
Seat 4: mariofcd (big blind) collected ($1)
Seat 5: R3INCARN8TD folded before Flop (didn't bet)
Seat 6: paramourx folded before Flop (didn't bet)



PokerStars Hand #254690141950:  Hold'em No Limit ($0.50/$1.00 USD) - 2025/02/03 18:31:25 WET [2025/02/03 13:31:25 ET]
Table 'Aurelia' 6-max Seat #3 is the button
Seat 1: gudrozd ($102.50 in chips) 
Seat 2: akbloger ($100 in chips) 
Seat 3: NISIY ($100 in chips) 
Seat 4: mariofcd ($100.50 in chips) 
Seat 5: R3INCARN8TD ($72.75 in chips) 
Seat 6: paramourx ($100 in chips) 
mariofcd: posts small blind $0.50
R3INCARN8TD: posts big blind $1
*** HOLE CARDS ***
paramourx: folds 
gudrozd: folds 
akbloger: folds 
NISIY: folds 
mariofcd: folds 
Uncalled bet ($0.50) returned to R3INCARN8TD
R3INCARN8TD collected $1 from pot
*** SUMMARY ***
Total pot $1 | Rake $0 
Seat 1: gudrozd folded before Flop (didn't bet)
Seat 2: akbloger folded before Flop (didn't bet)
Seat 3: NISIY (button) folded before Flop (didn't bet)
Seat 4: mariofcd (small blind) folded before Flop
Seat 5: R3INCARN8TD (big blind) collected ($1)
Seat 6: paramourx folded before Flop (didn't bet)



PokerStars Hand #254690150658:  Hold'em No Limit ($0.50/$1.00 USD) - 2025/02/03 18:31:54 WET [2025/02/03 13:31:54 ET]
Table 'Aurelia' 6-max Seat #4 is the button
Seat 1: gudrozd ($102.50 in chips) 
Seat 2: akbloger ($100 in chips) 
Seat 3: NISIY ($100 in chips) 
Seat 4: mariofcd ($100 in chips) 
Seat 5: R3INCARN8TD ($73.25 in chips) 
Seat 6: paramourx ($100 in chips) 
R3INCARN8TD: posts small blind $0.50
paramourx: posts big blind $1
*** HOLE CARDS ***
gudrozd: folds 
akbloger: raises $1.50 to $2.50
NISIY: folds 
mariofcd: raises $5.53 to $8.03
R3INCARN8TD: folds 
paramourx: folds 
akbloger: folds 
Uncalled bet ($5.53) returned to mariofcd
mariofcd collected $6.50 from pot
mariofcd: doesn't show hand 
*** SUMMARY ***
Total pot $6.50 | Rake $0 
Seat 1: gudrozd folded before Flop (didn't bet)
Seat 2: akbloger folded before Flop
Seat 3: NISIY folded before Flop (didn't bet)
Seat 4: mariofcd (button) collected ($6.50)
Seat 5: R3INCARN8TD (small blind) folded before Flop
Seat 6: paramourx (big blind) folded before Flop



PokerStars Hand #254690162676:  Hold'em No Limit ($0.50/$1.00 USD) - 2025/02/03 18:32:36 WET [2025/02/03 13:32:36 ET]
Table 'Aurelia' 6-max Seat #5 is the button
Seat 1: gudrozd ($102.50 in chips) 
Seat 2: akbloger ($100 in chips) 
Seat 3: NISIY ($100 in chips) 
Seat 4: mariofcd ($104 in chips) 
Seat 5: R3INCARN8TD ($72.75 in chips) 
Seat 6: paramourx ($100 in chips) 
paramourx: posts small blind $0.50
gudrozd: posts big blind $1
*** HOLE CARDS ***
akbloger: folds 
NISIY: folds 
mariofcd: raises $1.25 to $2.25
R3INCARN8TD: raises $3.75 to $6
paramourx: folds 
gudrozd: folds 
mariofcd: calls $3.75
*** FLOP *** [8c 5d 3s]
mariofcd: checks 
R3INCARN8TD: checks 
*** TURN *** [8c 5d 3s] [Ks]
mariofcd: checks 
R3INCARN8TD: bets $12.82
mariofcd: folds 
Uncalled bet ($12.82) returned to R3INCARN8TD
R3INCARN8TD collected $12.82 from pot
*** SUMMARY ***
Total pot $13.50 | Rake $0.68 
Board [8c 5d 3s Ks]
Seat 1: gudrozd (big blind) folded before Flop
Seat 2: akbloger folded before Flop (didn't bet)
Seat 3: NISIY folded before Flop (didn't bet)
Seat 4: mariofcd folded on the Turn
Seat 5: R3INCARN8TD (button) collected ($12.82)
Seat 6: paramourx (small blind) folded before Flop



PokerStars Hand #254690172667:  Hold'em No Limit ($0.50/$1.00 USD) - 2025/02/03 18:33:10 WET [2025/02/03 13:33:10 ET]
Table 'Aurelia' 6-max Seat #6 is the button
Seat 1: gudrozd ($101.50 in chips) 
Seat 2: akbloger ($100 in chips) 
Seat 3: NISIY ($100 in chips) 
Seat 4: mariofcd ($100 in chips) 
Seat 5: R3INCARN8TD ($79.57 in chips) 
Seat 6: paramourx ($100 in chips) 
gudrozd: posts small blind $0.50
akbloger: posts big blind $1
*** HOLE CARDS ***
NISIY: folds 
mariofcd: raises $1.20 to $2.20
R3INCARN8TD: folds 
paramourx: folds 
gudrozd: folds 
akbloger: folds 
Uncalled bet ($1.20) returned to mariofcd
mariofcd collected $2.50 from pot
mariofcd: doesn't show hand 
*** SUMMARY ***
Total pot $2.50 | Rake $0 
Seat 1: gudrozd (small blind) folded before Flop
Seat 2: akbloger (big blind) folded before Flop
Seat 3: NISIY folded before Flop (didn't bet)
Seat 4: mariofcd collected ($2.50)
Seat 5: R3INCARN8TD folded before Flop (didn't bet)
Seat 6: paramourx (button) folded before Flop (didn't bet)



PokerStars Hand #254690180113:  Hold'em No Limit ($0.50/$1.00 USD) - 2025/02/03 18:33:35 WET [2025/02/03 13:33:35 ET]
Table 'Aurelia' 6-max Seat #1 is the button
Seat 1: gudrozd ($101 in chips) 
Seat 2: akbloger ($100 in chips) 
Seat 3: NISIY ($100 in chips) 
Seat 4: mariofcd ($101.50 in chips) 
Seat 5: R3INCARN8TD ($79.57 in chips) 
Seat 6: paramourx ($100 in chips) 
akbloger: posts small blind $0.50
NISIY: posts big blind $1
*** HOLE CARDS ***
mariofcd: raises $1.20 to $2.20
R3INCARN8TD: calls $2.20
paramourx: folds 
gudrozd: folds 
akbloger: folds 
NISIY: folds 
*** FLOP *** [Qd Ah Ac]
mariofcd: bets $2.80
R3INCARN8TD: calls $2.80
*** TURN *** [Qd Ah Ac] [6c]
mariofcd: bets $14.96
R3INCARN8TD: folds 
Uncalled bet ($14.96) returned to mariofcd
mariofcd collected $10.92 from pot
mariofcd: doesn't show hand 
*** SUMMARY ***
Total pot $11.50 | Rake $0.58 
Board [Qd Ah Ac 6c]
Seat 1: gudrozd (button) folded before Flop (didn't bet)
Seat 2: akbloger (small blind) folded before Flop
Seat 3: NISIY (big blind) folded before Flop
Seat 4: mariofcd collected ($10.92)
Seat 5: R3INCARN8TD folded on the Turn
Seat 6: paramourx folded before Flop (didn't bet)



PokerStars Hand #254690199371:  Hold'em No Limit ($0.50/$1.00 USD) - 2025/02/03 18:34:42 WET [2025/02/03 13:34:42 ET]
Table 'Aurelia' 6-max Seat #2 is the button
Seat 1: gudrozd ($101 in chips) 
Seat 2: akbloger ($100 in chips) 
Seat 3: NISIY ($100 in chips) 
Seat 4: mariofcd ($107.42 in chips) 
Seat 5: R3INCARN8TD ($74.57 in chips) 
Seat 6: paramourx ($100 in chips) 
NISIY: posts small blind $0.50
mariofcd: posts big blind $1
*** HOLE CARDS ***
R3INCARN8TD: folds 
paramourx: folds 
gudrozd: folds 
akbloger: folds 
NISIY: folds 
Uncalled bet ($0.50) returned to mariofcd
mariofcd collected $1 from pot
*** SUMMARY ***
Total pot $1 | Rake $0 
Seat 1: gudrozd folded before Flop (didn't bet)
Seat 2: akbloger (button) folded before Flop (didn't bet)
Seat 3: NISIY (small blind) folded before Flop
Seat 4: mariofcd (big blind) collected ($1)
Seat 5: R3INCARN8TD folded before Flop (didn't bet)
Seat 6: paramourx folded before Flop (didn't bet)



PokerStars Hand #254690205207:  Hold'em No Limit ($0.50/$1.00 USD) - 2025/02/03 18:35:02 WET [2025/02/03 13:35:02 ET]
Table 'Aurelia' 6-max Seat #3 is the button
Seat 1: gudrozd ($101 in chips) 
Seat 2: akbloger ($100 in chips) 
Seat 3: NISIY ($100 in chips) 
Seat 4: mariofcd ($107.92 in chips) 
Seat 5: R3INCARN8TD ($74.57 in chips) 
Seat 6: paramourx ($100 in chips) 
mariofcd: posts small blind $0.50
R3INCARN8TD: posts big blind $1
*** HOLE CARDS ***
paramourx: raises $2 to $3
gudrozd: folds 
akbloger: folds 
NISIY: folds 
mariofcd: calls $2.50
R3INCARN8TD: calls $2
*** FLOP *** [4c 6c Kd]
mariofcd: checks 
R3INCARN8TD: bets $8.55
paramourx: calls $8.55
mariofcd: folds 
*** TURN *** [4c 6c Kd] [2h]
R3INCARN8TD: bets $24.80
paramourx: calls $24.80
*** RIVER *** [4c 6c Kd 2h] [3h]
R3INCARN8TD: bets $38.22 and is all-in
paramourx: calls $38.22
*** SHOW DOWN ***
R3INCARN8TD: shows [8d Jc] (high card King)
paramourx: shows [2c Kc] (two pair, Kings and Deuces)
paramourx collected $149.64 from pot
*** SUMMARY ***
Total pot $152.14 | Rake $2.50 
Board [4c 6c Kd 2h 3h]
Seat 1: gudrozd folded before Flop (didn't bet)
Seat 2: akbloger folded before Flop (didn't bet)
Seat 3: NISIY (button) folded before Flop (didn't bet)
Seat 4: mariofcd (small blind) folded on the Flop
Seat 5: R3INCARN8TD (big blind) showed [8d Jc] and lost with high card King
Seat 6: paramourx showed [2c Kc] and won ($149.64) with two pair, Kings and Deuces



PokerStars Hand #254690227522:  Hold'em No Limit ($0.50/$1.00 USD) - 2025/02/03 18:36:18 WET [2025/02/03 13:36:18 ET]
Table 'Aurelia' 6-max Seat #4 is the button
Seat 5: R3INCARN8TD ($0 in chips) is sitting out
Seat 1: gudrozd ($101 in chips) 
Seat 2: akbloger ($100 in chips) 
Seat 3: NISIY ($100 in chips) 
Seat 4: mariofcd ($104.92 in chips) 
Seat 6: paramourx ($175.07 in chips) 
paramourx: posts small blind $0.50
gudrozd: posts big blind $1
*** HOLE CARDS ***
akbloger: folds 
NISIY: folds 
mariofcd: folds 
paramourx: folds 
Uncalled bet ($0.50) returned to gudrozd
gudrozd collected $1 from pot
gudrozd: doesn't show hand 
R3INCARN8TD is disconnected 
*** SUMMARY ***
Total pot $1 | Rake $0 
Seat 5: R3INCARN8TD
Seat 1: gudrozd (big blind) collected ($1)
Seat 2: akbloger folded before Flop (didn't bet)
Seat 3: NISIY folded before Flop (didn't bet)
Seat 4: mariofcd (button) folded before Flop (didn't bet)
Seat 6: paramourx (small blind) folded before Flop



PokerStars Hand #254690231590:  Hold'em No Limit ($0.50/$1.00 USD) - 2025/02/03 18:36:33 WET [2025/02/03 13:36:33 ET]
Table 'Aurelia' 6-max Seat #6 is the button
Seat 5: R3INCARN8TD ($0 in chips) is sitting out
Seat 1: gudrozd ($101.50 in chips) 
Seat 2: akbloger ($100 in chips) 
Seat 3: NISIY ($100 in chips) 
Seat 4: mariofcd ($104.92 in chips) 
Seat 6: paramourx ($174.57 in chips) 
gudrozd: posts small blind $0.50
akbloger: posts big blind $1
*** HOLE CARDS ***
NISIY: raises $1.50 to $2.50
mariofcd: folds 
paramourx: folds 
gudrozd: folds 
akbloger: folds 
Uncalled bet ($1.50) returned to NISIY
NISIY collected $2.50 from pot
NISIY: doesn't show hand 
*** SUMMARY ***
Total pot $2.50 | Rake $0 
Seat 5: R3INCARN8TD
Seat 1: gudrozd (small blind) folded before Flop
Seat 2: akbloger (big blind) folded before Flop
Seat 3: NISIY collected ($2.50)
Seat 4: mariofcd folded before Flop (didn't bet)
Seat 6: paramourx (button) folded before Flop (didn't bet)



PokerStars Hand #254690237812:  Hold'em No Limit ($0.50/$1.00 USD) - 2025/02/03 18:36:54 WET [2025/02/03 13:36:54 ET]
Table 'Aurelia' 6-max Seat #1 is the button
Seat 3: NISIY ($101.50 in chips) is sitting out
Seat 5: R3INCARN8TD ($0 in chips) is sitting out
Seat 1: gudrozd ($101 in chips) 
Seat 2: akbloger ($100 in chips) 
Seat 4: mariofcd ($104.92 in chips) 
Seat 6: paramourx ($174.57 in chips) 
akbloger: posts small blind $0.50
NISIY: is sitting out 
mariofcd: posts big blind $1
*** HOLE CARDS ***
paramourx: folds 
gudrozd: raises $1.50 to $2.50
NISIY leaves the table
akbloger: folds 
mariofcd: folds 
Uncalled bet ($1.50) returned to gudrozd
gudrozd collected $2.50 from pot
gudrozd: doesn't show hand 
*** SUMMARY ***
Total pot $2.50 | Rake $0 
Seat 3: NISIY
Seat 5: R3INCARN8TD
Seat 1: gudrozd (button) collected ($2.50)
Seat 2: akbloger (small blind) folded before Flop
Seat 4: mariofcd (big blind) folded before Flop
Seat 6: paramourx folded before Flop (didn't bet)



PokerStars Hand #254690241540:  Hold'em No Limit ($0.50/$1.00 USD) - 2025/02/03 18:37:07 WET [2025/02/03 13:37:07 ET]
Table 'Aurelia' 6-max Seat #2 is the button
Seat 5: R3INCARN8TD ($0 in chips) is sitting out
Seat 1: gudrozd ($102.50 in chips) 
Seat 2: akbloger ($100 in chips) 
Seat 4: mariofcd ($103.92 in chips) 
Seat 6: paramourx ($174.57 in chips) 
mariofcd: posts small blind $0.50
paramourx: posts big blind $1
*** HOLE CARDS ***
gudrozd: folds 
gudrozd leaves the table
akbloger: folds 
mariofcd: folds 
Uncalled bet ($0.50) returned to paramourx
akbloger leaves the table
paramourx collected $1 from pot
paramourx: doesn't show hand 
*** SUMMARY ***
Total pot $1 | Rake $0 
Seat 5: R3INCARN8TD
Seat 1: gudrozd folded before Flop (didn't bet)
Seat 2: akbloger (button) folded before Flop (didn't bet)
Seat 4: mariofcd (small blind) folded before Flop
Seat 6: paramourx (big blind) collected ($1)



PokerStars Hand #254690247079:  Hold'em No Limit ($0.50/$1.00 USD) - 2025/02/03 18:37:25 WET [2025/02/03 13:37:25 ET]
Table 'Aurelia' 6-max Seat #6 is the button
Seat 5: R3INCARN8TD ($0 in chips) is sitting out
Seat 4: mariofcd ($103.42 in chips) 
Seat 6: paramourx ($175.07 in chips) 
paramourx: posts small blind $0.50
mariofcd: posts big blind $1
*** HOLE CARDS ***
paramourx: folds 
Uncalled bet ($0.50) returned to mariofcd
mariofcd collected $1 from pot
mariofcd: doesn't show hand 
*** SUMMARY ***
Total pot $1 | Rake $0 
Seat 5: R3INCARN8TD
Seat 4: mariofcd (big blind) collected ($1)
Seat 6: paramourx (button) (small blind) folded before Flop



PokerStars Hand #254690608897:  Hold'em No Limit ($0.50/$1.00 USD) - 2025/02/03 18:58:58 WET [2025/02/03 13:58:58 ET]
Table 'Aurelia' 6-max Seat #1 is the button
Seat 4: mxvo ($0 in chips) is sitting out
Seat 1: sta$igk ($100 in chips) 
Seat 2: yzuk ($100 in chips) 
Seat 3: reiyser ($100 in chips) 
Seat 5: vadjkeee ($140.48 in chips) 
Seat 6: Alinyr ($126.85 in chips) 
yzuk: posts small blind $0.50
reiyser: posts big blind $1
*** HOLE CARDS ***
vadjkeee: folds 
Alinyr: folds 
sta$igk: folds 
yzuk: folds 
Uncalled bet ($0.50) returned to reiyser
mxvo leaves the table
reiyser collected $1 from pot
reiyser: doesn't show hand 
*** SUMMARY ***
Total pot $1 | Rake $0 
Seat 4: mxvo
Seat 1: sta$igk (button) folded before Flop (didn't bet)
Seat 2: yzuk (small blind) folded before Flop
Seat 3: reiyser (big blind) collected ($1)
Seat 5: vadjkeee folded before Flop (didn't bet)
Seat 6: Alinyr folded before Flop (didn't bet)



PokerStars Hand #254690610604:  Hold'em No Limit ($0.50/$1.00 USD) - 2025/02/03 18:59:06 WET [2025/02/03 13:59:06 ET]
Table 'Aurelia' 6-max Seat #2 is the button
Seat 1: sta$igk ($100 in chips) 
Seat 2: yzuk ($100 in chips) 
Seat 3: reiyser ($100.50 in chips) 
Seat 5: vadjkeee ($140.48 in chips) 
Seat 6: Alinyr ($126.85 in chips) 
reiyser: posts small blind $0.50
vadjkeee: posts big blind $1
*** HOLE CARDS ***
Alinyr: folds 
sta$igk: folds 
yzuk: folds 
arthurect10 joins the table at seat #4 
reiyser: raises $1.80 to $2.80
vadjkeee: folds 
Uncalled bet ($1.80) returned to reiyser
reiyser collected $2 from pot
reiyser: doesn't show hand 
*** SUMMARY ***
Total pot $2 | Rake $0 
Seat 1: sta$igk folded before Flop (didn't bet)
Seat 2: yzuk (button) folded before Flop (didn't bet)
Seat 3: reiyser (small blind) collected ($2)
Seat 5: vadjkeee (big blind) folded before Flop
Seat 6: Alinyr folded before Flop (didn't bet)



PokerStars Hand #254690296779:  Hold'em No Limit ($0.50/$1.00 USD) - 2025/02/03 18:40:13 WET [2025/02/03 13:40:13 ET]
Table 'Aurelia' 6-max Seat #6 is the button
Seat 5: R3INCARN8TD ($0 in chips) is sitting out
Seat 1: worker0k ($101.90 in chips) 
Seat 2: raketkasix ($100 in chips) 
Seat 3: blistein ($101.50 in chips) 
Seat 4: mxvo ($81.13 in chips) 
Seat 6: Alinyr ($103.52 in chips) 
worker0k: posts small blind $0.50
raketkasix: posts big blind $1
*** HOLE CARDS ***
blistein: folds 
mxvo: calls $1
Alinyr: folds 
worker0k: folds 
raketkasix: checks 
*** FLOP *** [3d Jd 7c]
raketkasix: checks 
mxvo: checks 
*** TURN *** [3d Jd 7c] [4h]
raketkasix: checks 
R3INCARN8TD is disconnected 
mxvo: bets $1
raketkasix: calls $1
*** RIVER *** [3d Jd 7c 4h] [Ks]
raketkasix: bets $4
mxvo: folds 
Uncalled bet ($4) returned to raketkasix
raketkasix collected $4.28 from pot
raketkasix: doesn't show hand 
*** SUMMARY ***
Total pot $4.50 | Rake $0.22 
Board [3d Jd 7c 4h Ks]
Seat 5: R3INCARN8TD
Seat 1: worker0k (small blind) folded before Flop
Seat 2: raketkasix (big blind) collected ($4.28)
Seat 3: blistein folded before Flop (didn't bet)
Seat 4: mxvo folded on the River
Seat 6: Alinyr (button) folded before Flop (didn't bet)



PokerStars Hand #254690315049:  Hold'em No Limit ($0.50/$1.00 USD) - 2025/02/03 18:41:14 WET [2025/02/03 13:41:14 ET]
Table 'Aurelia' 6-max Seat #1 is the button
Seat 5: R3INCARN8TD ($0 in chips) is sitting out
Seat 1: worker0k ($101.40 in chips) 
Seat 2: raketkasix ($102.28 in chips) 
Seat 3: blistein ($101.50 in chips) 
Seat 4: mxvo ($79.13 in chips) 
Seat 6: Alinyr ($103.52 in chips) 
raketkasix: posts small blind $0.50
blistein: posts big blind $1
*** HOLE CARDS ***
mxvo: folds 
Alinyr: folds 
worker0k: folds 
raketkasix: folds 
Uncalled bet ($0.50) returned to blistein
blistein collected $1 from pot
blistein: doesn't show hand 
*** SUMMARY ***
Total pot $1 | Rake $0 
Seat 5: R3INCARN8TD
Seat 1: worker0k (button) folded before Flop (didn't bet)
Seat 2: raketkasix (small blind) folded before Flop
Seat 3: blistein (big blind) collected ($1)
Seat 4: mxvo folded before Flop (didn't bet)
Seat 6: Alinyr folded before Flop (didn't bet)



PokerStars Hand #254690319683:  Hold'em No Limit ($0.50/$1.00 USD) - 2025/02/03 18:41:30 WET [2025/02/03 13:41:30 ET]
Table 'Aurelia' 6-max Seat #2 is the button
Seat 5: R3INCARN8TD ($0 in chips) is sitting out
Seat 1: worker0k ($101.40 in chips) 
Seat 2: raketkasix ($101.78 in chips) 
Seat 3: blistein ($102 in chips) 
Seat 4: mxvo ($79.13 in chips) 
Seat 6: Alinyr ($103.52 in chips) 
blistein: posts small blind $0.50
mxvo: posts big blind $1
*** HOLE CARDS ***
Alinyr: folds 
worker0k: folds 
raketkasix: folds 
blistein: raises $2 to $3
mxvo: calls $2
*** FLOP *** [Td 5d 4s]
blistein: bets $1.94
mxvo: calls $1.94
*** TURN *** [Td 5d 4s] [9d]
blistein: bets $3.19
mxvo: folds 
Uncalled bet ($3.19) returned to blistein
blistein collected $9.39 from pot
blistein: doesn't show hand 
*** SUMMARY ***
Total pot $9.88 | Rake $0.49 
Board [Td 5d 4s 9d]
Seat 5: R3INCARN8TD
Seat 1: worker0k folded before Flop (didn't bet)
Seat 2: raketkasix (button) folded before Flop (didn't bet)
Seat 3: blistein (small blind) collected ($9.39)
Seat 4: mxvo (big blind) folded on the Turn
Seat 6: Alinyr folded before Flop (didn't bet)



PokerStars Hand #254690332525:  Hold'em No Limit ($0.50/$1.00 USD) - 2025/02/03 18:42:13 WET [2025/02/03 13:42:13 ET]
Table 'Aurelia' 6-max Seat #3 is the button
Seat 5: R3INCARN8TD ($0 in chips) is sitting out
Seat 1: worker0k ($101.40 in chips) 
Seat 2: raketkasix ($101.78 in chips) 
Seat 3: blistein ($106.45 in chips) 
Seat 4: mxvo ($74.19 in chips) 
Seat 6: Alinyr ($103.52 in chips) 
mxvo: posts small blind $0.50
Alinyr: posts big blind $1
*** HOLE CARDS ***
worker0k: folds 
raketkasix: folds 
blistein: folds 
mxvo: calls $0.50
Alinyr: checks 
*** FLOP *** [9s 6s Tc]
mxvo: checks 
Alinyr: bets $1
mxvo: calls $1
*** TURN *** [9s 6s Tc] [Js]
mxvo: checks 
Alinyr: checks 
*** RIVER *** [9s 6s Tc Js] [Jc]
mxvo: bets $1.90
Alinyr: calls $1.90
*** SHOW DOWN ***
mxvo: shows [8c Ad] (a pair of Jacks)
Alinyr: shows [7c 6h] (two pair, Jacks and Sixes)
Alinyr collected $7.41 from pot
*** SUMMARY ***
Total pot $7.80 | Rake $0.39 
Board [9s 6s Tc Js Jc]
Seat 5: R3INCARN8TD
Seat 1: worker0k folded before Flop (didn't bet)
Seat 2: raketkasix folded before Flop (didn't bet)
Seat 3: blistein (button) folded before Flop (didn't bet)
Seat 4: mxvo (small blind) showed [8c Ad] and lost with a pair of Jacks
Seat 6: Alinyr (big blind) showed [7c 6h] and won ($7.41) with two pair, Jacks and Sixes



PokerStars Hand #254690348192:  Hold'em No Limit ($0.50/$1.00 USD) - 2025/02/03 18:43:06 WET [2025/02/03 13:43:06 ET]
Table 'Aurelia' 6-max Seat #4 is the button
Seat 5: R3INCARN8TD ($0 in chips) is sitting out
Seat 1: worker0k ($101.40 in chips) 
Seat 2: raketkasix ($101.78 in chips) 
Seat 3: blistein ($106.45 in chips) 
Seat 4: mxvo ($70.29 in chips) 
Seat 6: Alinyr ($107.03 in chips) 
Alinyr: posts small blind $0.50
worker0k: posts big blind $1
*** HOLE CARDS ***
raketkasix: folds 
blistein: raises $1.30 to $2.30
mxvo: calls $2.30
Alinyr: raises $10.70 to $13
worker0k: folds 
blistein: folds 
mxvo: folds 
Uncalled bet ($10.70) returned to Alinyr
Alinyr collected $7.90 from pot
Alinyr: doesn't show hand 
*** SUMMARY ***
Total pot $7.90 | Rake $0 
Seat 5: R3INCARN8TD
Seat 1: worker0k (big blind) folded before Flop
Seat 2: raketkasix folded before Flop (didn't bet)
Seat 3: blistein folded before Flop
Seat 4: mxvo (button) folded before Flop
Seat 6: Alinyr (small blind) collected ($7.90)



PokerStars Hand #254690354944:  Hold'em No Limit ($0.50/$1.00 USD) - 2025/02/03 18:43:28 WET [2025/02/03 13:43:28 ET]
Table 'Aurelia' 6-max Seat #6 is the button
Seat 5: R3INCARN8TD ($0 in chips) is sitting out
Seat 1: worker0k ($100.40 in chips) 
Seat 2: raketkasix ($101.78 in chips) 
Seat 3: blistein ($104.15 in chips) 
Seat 4: mxvo ($67.99 in chips) 
Seat 6: Alinyr ($112.63 in chips) 
worker0k: posts small blind $0.50
raketkasix: posts big blind $1
*** HOLE CARDS ***
blistein: folds 
mxvo: calls $1
Alinyr: folds 
worker0k: calls $0.50
raketkasix: checks 
*** FLOP *** [6h Jd 6c]
worker0k: checks 
raketkasix: checks 
mxvo: checks 
*** TURN *** [6h Jd 6c] [2c]
worker0k: checks 
raketkasix: checks 
mxvo: checks 
*** RIVER *** [6h Jd 6c 2c] [2h]
worker0k: checks 
raketkasix: checks 
mxvo: checks 
*** SHOW DOWN ***
worker0k: shows [9s Qs] (two pair, Sixes and Deuces)
raketkasix: mucks hand 
mxvo: shows [Qh Kd] (two pair, Sixes and Deuces - King kicker)
mxvo collected $2.85 from pot
*** SUMMARY ***
Total pot $3 | Rake $0.15 
Board [6h Jd 6c 2c 2h]
Seat 5: R3INCARN8TD
Seat 1: worker0k (small blind) showed [9s Qs] and lost with two pair, Sixes and Deuces
Seat 2: raketkasix (big blind) mucked
Seat 3: blistein folded before Flop (didn't bet)
Seat 4: mxvo showed [Qh Kd] and won ($2.85) with two pair, Sixes and Deuces
Seat 6: Alinyr (button) folded before Flop (didn't bet)



PokerStars Hand #254690378433:  Hold'em No Limit ($0.50/$1.00 USD) - 2025/02/03 18:44:48 WET [2025/02/03 13:44:48 ET]
Table 'Aurelia' 6-max Seat #1 is the button
Seat 5: R3INCARN8TD ($0 in chips) is sitting out
Seat 1: worker0k ($100 in chips) 
Seat 2: raketkasix ($100.78 in chips) 
Seat 3: blistein ($104.15 in chips) 
Seat 4: mxvo ($69.84 in chips) 
Seat 6: Alinyr ($112.63 in chips) 
raketkasix: posts small blind $0.50
blistein: posts big blind $1
*** HOLE CARDS ***
mxvo: folds 
Alinyr: folds 
worker0k: folds 
raketkasix: folds 
Uncalled bet ($0.50) returned to blistein
blistein collected $1 from pot
blistein: doesn't show hand 
*** SUMMARY ***
Total pot $1 | Rake $0 
Seat 5: R3INCARN8TD
Seat 1: worker0k (button) folded before Flop (didn't bet)
Seat 2: raketkasix (small blind) folded before Flop
Seat 3: blistein (big blind) collected ($1)
Seat 4: mxvo folded before Flop (didn't bet)
Seat 6: Alinyr folded before Flop (didn't bet)



PokerStars Hand #254690384110:  Hold'em No Limit ($0.50/$1.00 USD) - 2025/02/03 18:45:07 WET [2025/02/03 13:45:07 ET]
Table 'Aurelia' 6-max Seat #2 is the button
Seat 5: R3INCARN8TD ($0 in chips) is sitting out
Seat 1: worker0k ($100 in chips) 
Seat 2: raketkasix ($100.28 in chips) 
Seat 3: blistein ($104.65 in chips) 
Seat 4: mxvo ($69.84 in chips) 
Seat 6: Alinyr ($112.63 in chips) 
blistein: posts small blind $0.50
mxvo: posts big blind $1
*** HOLE CARDS ***
Alinyr: folds 
worker0k: folds 
raketkasix: folds 
blistein: raises $2 to $3
mxvo: calls $2
*** FLOP *** [2h 5c 4d]
blistein: checks 
mxvo: checks 
*** TURN *** [2h 5c 4d] [Js]
blistein: bets $1.94
mxvo: folds 
Uncalled bet ($1.94) returned to blistein
blistein collected $5.70 from pot
blistein: doesn't show hand 
*** SUMMARY ***
Total pot $6 | Rake $0.30 
Board [2h 5c 4d Js]
Seat 5: R3INCARN8TD
Seat 1: worker0k folded before Flop (didn't bet)
Seat 2: raketkasix (button) folded before Flop (didn't bet)
Seat 3: blistein (small blind) collected ($5.70)
Seat 4: mxvo (big blind) folded on the Turn
Seat 6: Alinyr folded before Flop (didn't bet)



PokerStars Hand #254690398256:  Hold'em No Limit ($0.50/$1.00 USD) - 2025/02/03 18:45:55 WET [2025/02/03 13:45:55 ET]
Table 'Aurelia' 6-max Seat #3 is the button
Seat 5: R3INCARN8TD ($0 in chips) is sitting out
Seat 1: worker0k ($100 in chips) 
Seat 2: raketkasix ($100.28 in chips) 
Seat 3: blistein ($107.35 in chips) 
Seat 4: mxvo ($66.84 in chips) 
Seat 6: Alinyr ($112.63 in chips) 
mxvo: posts small blind $0.50
Alinyr: posts big blind $1
*** HOLE CARDS ***
worker0k: folds 
raketkasix: folds 
blistein: raises $1.50 to $2.50
mxvo: folds 
Alinyr: calls $1.50
*** FLOP *** [9d Ah Jc]
Alinyr: checks 
blistein: checks 
*** TURN *** [9d Ah Jc] [3s]
Alinyr: checks 
R3INCARN8TD leaves the table
blistein: checks 
*** RIVER *** [9d Ah Jc 3s] [Qc]
Alinyr: bets $7.88
blistein: folds 
Uncalled bet ($7.88) returned to Alinyr
Alinyr collected $5.22 from pot
Alinyr: doesn't show hand 
*** SUMMARY ***
Total pot $5.50 | Rake $0.28 
Board [9d Ah Jc 3s Qc]
Seat 5: R3INCARN8TD
Seat 1: worker0k folded before Flop (didn't bet)
Seat 2: raketkasix folded before Flop (didn't bet)
Seat 3: blistein (button) folded on the River
Seat 4: mxvo (small blind) folded before Flop
Seat 6: Alinyr (big blind) collected ($5.22)



PokerStars Hand #254690420590:  Hold'em No Limit ($0.50/$1.00 USD) - 2025/02/03 18:47:11 WET [2025/02/03 13:47:11 ET]
Table 'Aurelia' 6-max Seat #4 is the button
Seat 1: worker0k ($100 in chips) 
Seat 2: raketkasix ($100.28 in chips) 
Seat 3: blistein ($104.85 in chips) 
Seat 4: mxvo ($66.34 in chips) 
Seat 6: Alinyr ($115.35 in chips) 
Alinyr: posts small blind $0.50
worker0k: posts big blind $1
*** HOLE CARDS ***
raketkasix has timed out
raketkasix: folds 
blistein: folds 
mxvo: folds 
Alinyr: folds 
Uncalled bet ($0.50) returned to worker0k
worker0k collected $1 from pot
*** SUMMARY ***
Total pot $1 | Rake $0 
Seat 1: worker0k (big blind) collected ($1)
Seat 2: raketkasix folded before Flop (didn't bet)
Seat 3: blistein folded before Flop (didn't bet)
Seat 4: mxvo (button) folded before Flop (didn't bet)
Seat 6: Alinyr (small blind) folded before Flop



PokerStars Hand #254690426540:  Hold'em No Limit ($0.50/$1.00 USD) - 2025/02/03 18:47:31 WET [2025/02/03 13:47:31 ET]
Table 'Aurelia' 6-max Seat #6 is the button
Seat 1: worker0k ($100.50 in chips) 
Seat 2: raketkasix ($100.28 in chips) 
Seat 3: blistein ($104.85 in chips) 
Seat 4: mxvo ($66.34 in chips) 
Seat 6: Alinyr ($114.85 in chips) 
worker0k: posts small blind $0.50
raketkasix: posts big blind $1
*** HOLE CARDS ***
blistein: folds 
vadjkeee joins the table at seat #5 
mxvo: folds 
Alinyr: folds 
worker0k: folds 
Uncalled bet ($0.50) returned to raketkasix
raketkasix collected $1 from pot
raketkasix: doesn't show hand 
*** SUMMARY ***
Total pot $1 | Rake $0 
Seat 1: worker0k (small blind) folded before Flop
Seat 2: raketkasix (big blind) collected ($1)
Seat 3: blistein folded before Flop (didn't bet)
Seat 4: mxvo folded before Flop (didn't bet)
Seat 6: Alinyr (button) folded before Flop (didn't bet)



PokerStars Hand #254690428917:  Hold'em No Limit ($0.50/$1.00 USD) - 2025/02/03 18:47:39 WET [2025/02/03 13:47:39 ET]
Table 'Aurelia' 6-max Seat #1 is the button
Seat 5: vadjkeee ($100 in chips) is sitting out
Seat 1: worker0k ($100 in chips) 
Seat 2: raketkasix ($100.78 in chips) 
Seat 3: blistein ($104.85 in chips) 
Seat 4: mxvo ($66.34 in chips) 
Seat 6: Alinyr ($114.85 in chips) 
raketkasix: posts small blind $0.50
blistein: posts big blind $1
vadjkeee: sits out 
*** HOLE CARDS ***
mxvo: calls $1
Alinyr: raises $3 to $4
worker0k: folds 
raketkasix: folds 
blistein: folds 
mxvo: calls $3
*** FLOP *** [As 4d 3s]
mxvo: checks 
Alinyr: bets $2.98
mxvo: folds 
Uncalled bet ($2.98) returned to Alinyr
Alinyr collected $9.02 from pot
Alinyr: doesn't show hand 
*** SUMMARY ***
Total pot $9.50 | Rake $0.48 
Board [As 4d 3s]
Seat 5: vadjkeee
Seat 1: worker0k (button) folded before Flop (didn't bet)
Seat 2: raketkasix (small blind) folded before Flop
Seat 3: blistein (big blind) folded before Flop
Seat 4: mxvo folded on the Flop
Seat 6: Alinyr collected ($9.02)



PokerStars Hand #254690436941:  Hold'em No Limit ($0.50/$1.00 USD) - 2025/02/03 18:48:06 WET [2025/02/03 13:48:06 ET]
Table 'Aurelia' 6-max Seat #2 is the button
Seat 5: vadjkeee ($100 in chips) is sitting out
Seat 1: worker0k ($100 in chips) 
Seat 2: raketkasix ($100.28 in chips) 
Seat 3: blistein ($103.85 in chips) 
Seat 4: mxvo ($62.34 in chips) 
Seat 6: Alinyr ($119.87 in chips) 
blistein: posts small blind $0.50
mxvo: posts big blind $1
vadjkeee: sits out 
*** HOLE CARDS ***
Alinyr: folds 
worker0k: folds 
raketkasix: folds 
blistein: raises $2 to $3
mxvo: calls $2
*** FLOP *** [Jc 9d Kc]
blistein: bets $1.94
mxvo: calls $1.94
*** TURN *** [Jc 9d Kc] [8d]
blistein: checks 
mxvo: bets $2
blistein: calls $2
*** RIVER *** [Jc 9d Kc 8d] [2c]
blistein: bets $11.27
mxvo: raises $11.27 to $22.54
blistein: calls $11.27
*** SHOW DOWN ***
mxvo: shows [Kh 8c] (two pair, Kings and Eights)
blistein: shows [4c Qc] (a flush, King high)
blistein collected $56.46 from pot
*** SUMMARY ***
Total pot $58.96 | Rake $2.50 
Board [Jc 9d Kc 8d 2c]
Seat 5: vadjkeee
Seat 1: worker0k folded before Flop (didn't bet)
Seat 2: raketkasix (button) folded before Flop (didn't bet)
Seat 3: blistein (small blind) showed [4c Qc] and won ($56.46) with a flush, King high
Seat 4: mxvo (big blind) showed [Kh 8c] and lost with two pair, Kings and Eights
Seat 6: Alinyr folded before Flop (didn't bet)



PokerStars Hand #254690469988:  Hold'em No Limit ($0.50/$1.00 USD) - 2025/02/03 18:49:58 WET [2025/02/03 13:49:58 ET]
Table 'Aurelia' 6-max Seat #3 is the button
Seat 1: worker0k ($100 in chips) 
Seat 2: raketkasix ($100.28 in chips) 
Seat 3: blistein ($130.83 in chips) 
Seat 4: mxvo ($32.86 in chips) 
Seat 5: vadjkeee ($100 in chips) 
Seat 6: Alinyr ($119.87 in chips) 
mxvo: posts small blind $0.50
vadjkeee: posts big blind $1
*** HOLE CARDS ***
Alinyr: folds 
worker0k: folds 
raketkasix: folds 
blistein: folds 
mxvo: calls $0.50
vadjkeee: checks 
*** FLOP *** [8c Qh 5d]
mxvo: checks 
vadjkeee: bets $1
mxvo: folds 
Uncalled bet ($1) returned to vadjkeee
vadjkeee collected $1.90 from pot
vadjkeee: doesn't show hand 
*** SUMMARY ***
Total pot $2 | Rake $0.10 
Board [8c Qh 5d]
Seat 1: worker0k folded before Flop (didn't bet)
Seat 2: raketkasix folded before Flop (didn't bet)
Seat 3: blistein (button) folded before Flop (didn't bet)
Seat 4: mxvo (small blind) folded on the Flop
Seat 5: vadjkeee (big blind) collected ($1.90)
Seat 6: Alinyr folded before Flop (didn't bet)



PokerStars Hand #254690480689:  Hold'em No Limit ($0.50/$1.00 USD) - 2025/02/03 18:50:34 WET [2025/02/03 13:50:34 ET]
Table 'Aurelia' 6-max Seat #4 is the button
Seat 1: worker0k ($100 in chips) 
Seat 2: raketkasix ($100.28 in chips) 
Seat 3: blistein ($130.83 in chips) 
Seat 4: mxvo ($31.86 in chips) 
Seat 5: vadjkeee ($100.90 in chips) 
Seat 6: Alinyr ($119.87 in chips) 
vadjkeee: posts small blind $0.50
Alinyr: posts big blind $1
*** HOLE CARDS ***
worker0k: folds 
raketkasix: folds 
blistein: folds 
mxvo: folds 
vadjkeee: folds 
Uncalled bet ($0.50) returned to Alinyr
Alinyr collected $1 from pot
Alinyr: doesn't show hand 
*** SUMMARY ***
Total pot $1 | Rake $0 
Seat 1: worker0k folded before Flop (didn't bet)
Seat 2: raketkasix folded before Flop (didn't bet)
Seat 3: blistein folded before Flop (didn't bet)
Seat 4: mxvo (button) folded before Flop (didn't bet)
Seat 5: vadjkeee (small blind) folded before Flop
Seat 6: Alinyr (big blind) collected ($1)



PokerStars Hand #254690485233:  Hold'em No Limit ($0.50/$1.00 USD) - 2025/02/03 18:50:49 WET [2025/02/03 13:50:49 ET]
Table 'Aurelia' 6-max Seat #5 is the button
Seat 1: worker0k ($100 in chips) is sitting out
Seat 2: raketkasix ($100.28 in chips) 
Seat 3: blistein ($130.83 in chips) 
Seat 4: mxvo ($31.86 in chips) 
Seat 5: vadjkeee ($100.40 in chips) 
Seat 6: Alinyr ($120.37 in chips) 
Alinyr: posts small blind $0.50
worker0k: is sitting out 
raketkasix: posts big blind $1
*** HOLE CARDS ***
worker0k leaves the table
blistein: folds 
blistein leaves the table
mxvo: calls $1
reiyser joins the table at seat #3 
vadjkeee: raises $3 to $4
Alinyr: folds 
raketkasix: calls $3
mxvo: calls $3
*** FLOP *** [6c Qs Ad]
raketkasix: checks 
mxvo: checks 
vadjkeee: bets $3.92
sta$igk joins the table at seat #1 
raketkasix: calls $3.92
mxvo: folds 
*** TURN *** [6c Qs Ad] [5c]
raketkasix: checks 
vadjkeee: bets $14.49
raketkasix: folds 
Uncalled bet ($14.49) returned to vadjkeee
vadjkeee collected $19.32 from pot
vadjkeee: doesn't show hand 
*** SUMMARY ***
Total pot $20.34 | Rake $1.02 
Board [6c Qs Ad 5c]
Seat 1: worker0k
Seat 2: raketkasix (big blind) folded on the Turn
Seat 3: blistein folded before Flop (didn't bet)
Seat 4: mxvo folded on the Flop
Seat 5: vadjkeee (button) collected ($19.32)
Seat 6: Alinyr (small blind) folded before Flop



PokerStars Hand #254690505020:  Hold'em No Limit ($0.50/$1.00 USD) - 2025/02/03 18:51:57 WET [2025/02/03 13:51:57 ET]
Table 'Aurelia' 6-max Seat #6 is the button
Seat 1: sta$igk ($100 in chips) is sitting out
Seat 2: raketkasix ($100 in chips) 
Seat 3: reiyser ($100 in chips) 
Seat 4: mxvo ($27.86 in chips) 
Seat 5: vadjkeee ($111.80 in chips) 
Seat 6: Alinyr ($119.87 in chips) 
raketkasix: posts small blind $0.50
reiyser: posts big blind $1
*** HOLE CARDS ***
mxvo: folds 
vadjkeee: folds 
Alinyr: raises $1.50 to $2.50
raketkasix: folds 
reiyser: folds 
Uncalled bet ($1.50) returned to Alinyr
Alinyr collected $2.50 from pot
Alinyr: doesn't show hand 
*** SUMMARY ***
Total pot $2.50 | Rake $0 
Seat 1: sta$igk
Seat 2: raketkasix (small blind) folded before Flop
Seat 3: reiyser (big blind) folded before Flop
Seat 4: mxvo folded before Flop (didn't bet)
Seat 5: vadjkeee folded before Flop (didn't bet)
Seat 6: Alinyr (button) collected ($2.50)



PokerStars Hand #254690512718:  Hold'em No Limit ($0.50/$1.00 USD) - 2025/02/03 18:52:23 WET [2025/02/03 13:52:23 ET]
Table 'Aurelia' 6-max Seat #2 is the button
Seat 1: sta$igk ($100 in chips) is sitting out
Seat 2: raketkasix ($100 in chips) 
Seat 3: reiyser ($100 in chips) 
Seat 4: mxvo ($27.86 in chips) 
Seat 5: vadjkeee ($111.80 in chips) 
Seat 6: Alinyr ($121.37 in chips) 
reiyser: posts small blind $0.50
mxvo: posts big blind $1
sta$igk: sits out 
*** HOLE CARDS ***
vadjkeee: folds 
Alinyr: folds 
raketkasix: raises $1.50 to $2.50
reiyser: raises $9.50 to $12
mxvo: folds 
raketkasix: folds 
Uncalled bet ($9.50) returned to reiyser
reiyser collected $6 from pot
reiyser: doesn't show hand 
*** SUMMARY ***
Total pot $6 | Rake $0 
Seat 1: sta$igk
Seat 2: raketkasix (button) folded before Flop
Seat 3: reiyser (small blind) collected ($6)
Seat 4: mxvo (big blind) folded before Flop
Seat 5: vadjkeee folded before Flop (didn't bet)
Seat 6: Alinyr folded before Flop (didn't bet)



PokerStars Hand #254690519870:  Hold'em No Limit ($0.50/$1.00 USD) - 2025/02/03 18:52:47 WET [2025/02/03 13:52:47 ET]
Table 'Aurelia' 6-max Seat #3 is the button
Seat 1: sta$igk ($100 in chips) is sitting out
Seat 2: raketkasix ($100 in chips) 
Seat 3: reiyser ($103.50 in chips) 
Seat 4: mxvo ($26.86 in chips) 
Seat 5: vadjkeee ($111.80 in chips) 
Seat 6: Alinyr ($121.37 in chips) 
mxvo: posts small blind $0.50
vadjkeee: posts big blind $1
sta$igk: sits out 
*** HOLE CARDS ***
Alinyr: folds 
raketkasix: folds 
reiyser: folds 
mxvo: calls $0.50
vadjkeee: checks 
*** FLOP *** [9s 8d 2s]
mxvo: checks 
vadjkeee: bets $1
mxvo: calls $1
*** TURN *** [9s 8d 2s] [Jd]
mxvo: checks 
vadjkeee: bets $4.94
mxvo: folds 
Uncalled bet ($4.94) returned to vadjkeee
vadjkeee collected $3.80 from pot
vadjkeee: doesn't show hand 
*** SUMMARY ***
Total pot $4 | Rake $0.20 
Board [9s 8d 2s Jd]
Seat 1: sta$igk
Seat 2: raketkasix folded before Flop (didn't bet)
Seat 3: reiyser (button) folded before Flop (didn't bet)
Seat 4: mxvo (small blind) folded on the Turn
Seat 5: vadjkeee (big blind) collected ($3.80)
Seat 6: Alinyr folded before Flop (didn't bet)



PokerStars Hand #254690532994:  Hold'em No Limit ($0.50/$1.00 USD) - 2025/02/03 18:53:32 WET [2025/02/03 13:53:32 ET]
Table 'Aurelia' 6-max Seat #4 is the button
Seat 1: sta$igk ($100 in chips) is sitting out
Seat 2: raketkasix ($100 in chips) 
Seat 3: reiyser ($103.50 in chips) 
Seat 4: mxvo ($24.86 in chips) 
Seat 5: vadjkeee ($113.60 in chips) 
Seat 6: Alinyr ($121.37 in chips) 
vadjkeee: posts small blind $0.50
Alinyr: posts big blind $1
sta$igk: sits out 
*** HOLE CARDS ***
raketkasix: folds 
reiyser: raises $1.23 to $2.23
mxvo: folds 
vadjkeee: folds 
Alinyr: calls $1.23
*** FLOP *** [Jc 9c Ts]
Alinyr: checks 
reiyser: bets $2.45
Alinyr: raises $7.21 to $9.66
reiyser: folds 
Uncalled bet ($7.21) returned to Alinyr
Alinyr collected $9.37 from pot
Alinyr: doesn't show hand 
*** SUMMARY ***
Total pot $9.86 | Rake $0.49 
Board [Jc 9c Ts]
Seat 1: sta$igk
Seat 2: raketkasix folded before Flop (didn't bet)
Seat 3: reiyser folded on the Flop
Seat 4: mxvo (button) folded before Flop (didn't bet)
Seat 5: vadjkeee (small blind) folded before Flop
Seat 6: Alinyr (big blind) collected ($9.37)



PokerStars Hand #254690546933:  Hold'em No Limit ($0.50/$1.00 USD) - 2025/02/03 18:54:20 WET [2025/02/03 13:54:20 ET]
Table 'Aurelia' 6-max Seat #5 is the button
Seat 1: sta$igk ($100 in chips) 
Seat 2: raketkasix ($100 in chips) 
Seat 3: reiyser ($100 in chips) 
Seat 4: mxvo ($24.86 in chips) 
Seat 5: vadjkeee ($113.10 in chips) 
Seat 6: Alinyr ($126.06 in chips) 
Alinyr: posts small blind $0.50
sta$igk: posts big blind $1
*** HOLE CARDS ***
raketkasix: folds 
reiyser: folds 
mxvo: calls $1
vadjkeee: raises $2 to $3
Alinyr: folds 
sta$igk: folds 
mxvo: calls $2
*** FLOP *** [Th 6s Qd]
mxvo: checks 
vadjkeee: bets $2.35
mxvo: folds 
Uncalled bet ($2.35) returned to vadjkeee
vadjkeee collected $7.12 from pot
vadjkeee: doesn't show hand 
*** SUMMARY ***
Total pot $7.50 | Rake $0.38 
Board [Th 6s Qd]
Seat 1: sta$igk (big blind) folded before Flop
Seat 2: raketkasix folded before Flop (didn't bet)
Seat 3: reiyser folded before Flop (didn't bet)
Seat 4: mxvo folded on the Flop
Seat 5: vadjkeee (button) collected ($7.12)
Seat 6: Alinyr (small blind) folded before Flop



PokerStars Hand #254690558417:  Hold'em No Limit ($0.50/$1.00 USD) - 2025/02/03 18:55:00 WET [2025/02/03 13:55:00 ET]
Table 'Aurelia' 6-max Seat #6 is the button
Seat 1: sta$igk ($100 in chips) 
Seat 2: raketkasix ($100 in chips) 
Seat 3: reiyser ($100 in chips) 
Seat 4: mxvo ($21.86 in chips) 
Seat 5: vadjkeee ($117.22 in chips) 
Seat 6: Alinyr ($125.56 in chips) 
sta$igk: posts small blind $0.50
raketkasix: posts big blind $1
*** HOLE CARDS ***
reiyser: folds 
mxvo: folds 
vadjkeee: raises $1.50 to $2.50
Alinyr: folds 
sta$igk: folds 
raketkasix: folds 
Uncalled bet ($1.50) returned to vadjkeee
vadjkeee collected $2.50 from pot
vadjkeee: doesn't show hand 
*** SUMMARY ***
Total pot $2.50 | Rake $0 
Seat 1: sta$igk (small blind) folded before Flop
Seat 2: raketkasix (big blind) folded before Flop
Seat 3: reiyser folded before Flop (didn't bet)
Seat 4: mxvo folded before Flop (didn't bet)
Seat 5: vadjkeee collected ($2.50)
Seat 6: Alinyr (button) folded before Flop (didn't bet)



PokerStars Hand #254690562556:  Hold'em No Limit ($0.50/$1.00 USD) - 2025/02/03 18:55:15 WET [2025/02/03 13:55:15 ET]
Table 'Aurelia' 6-max Seat #1 is the button
Seat 1: sta$igk ($100 in chips) 
Seat 2: raketkasix ($100 in chips) 
Seat 3: reiyser ($100 in chips) 
Seat 4: mxvo ($21.86 in chips) 
Seat 5: vadjkeee ($118.72 in chips) 
Seat 6: Alinyr ($125.56 in chips) 
raketkasix: posts small blind $0.50
reiyser: posts big blind $1
*** HOLE CARDS ***
mxvo: calls $1
vadjkeee: folds 
Alinyr: folds 
sta$igk: folds 
raketkasix: folds 
reiyser: checks 
*** FLOP *** [Kd 9h 5s]
reiyser: checks 
mxvo: checks 
*** TURN *** [Kd 9h 5s] [5d]
reiyser: bets $1.81
mxvo: folds 
Uncalled bet ($1.81) returned to reiyser
reiyser collected $2.38 from pot
reiyser: doesn't show hand 
*** SUMMARY ***
Total pot $2.50 | Rake $0.12 
Board [Kd 9h 5s 5d]
Seat 1: sta$igk (button) folded before Flop (didn't bet)
Seat 2: raketkasix (small blind) folded before Flop
Seat 3: reiyser (big blind) collected ($2.38)
Seat 4: mxvo folded on the Turn
Seat 5: vadjkeee folded before Flop (didn't bet)
Seat 6: Alinyr folded before Flop (didn't bet)



PokerStars Hand #254690569955:  Hold'em No Limit ($0.50/$1.00 USD) - 2025/02/03 18:55:50 WET [2025/02/03 13:55:50 ET]
Table 'Aurelia' 6-max Seat #2 is the button
Seat 1: sta$igk ($100 in chips) 
Seat 2: raketkasix ($100 in chips) 
Seat 3: reiyser ($101.38 in chips) 
Seat 4: mxvo ($20.86 in chips) 
Seat 5: vadjkeee ($118.72 in chips) 
Seat 6: Alinyr ($125.56 in chips) 
reiyser: posts small blind $0.50
mxvo: posts big blind $1
*** HOLE CARDS ***
vadjkeee: raises $2 to $3
Alinyr: folds 
sta$igk: folds 
raketkasix: folds 
reiyser: folds 
mxvo: calls $2
*** FLOP *** [Kd 2d 3h]
mxvo: checks 
vadjkeee: checks 
*** TURN *** [Kd 2d 3h] [9h]
mxvo: checks 
vadjkeee: bets $4.14
mxvo: calls $4.14
*** RIVER *** [Kd 2d 3h 9h] [9s]
mxvo: checks 
vadjkeee: checks 
*** SHOW DOWN ***
mxvo: shows [7d Jd] (a pair of Nines)
vadjkeee: shows [Ts Th] (two pair, Tens and Nines)
vadjkeee collected $14.04 from pot
*** SUMMARY ***
Total pot $14.78 | Rake $0.74 
Board [Kd 2d 3h 9h 9s]
Seat 1: sta$igk folded before Flop (didn't bet)
Seat 2: raketkasix (button) folded before Flop (didn't bet)
Seat 3: reiyser (small blind) folded before Flop
Seat 4: mxvo (big blind) showed [7d Jd] and lost with a pair of Nines
Seat 5: vadjkeee showed [Ts Th] and won ($14.04) with two pair, Tens and Nines
Seat 6: Alinyr folded before Flop (didn't bet)



PokerStars Hand #254690581176:  Hold'em No Limit ($0.50/$1.00 USD) - 2025/02/03 18:56:45 WET [2025/02/03 13:56:45 ET]
Table 'Aurelia' 6-max Seat #3 is the button
Seat 1: sta$igk ($100 in chips) 
Seat 2: raketkasix ($100 in chips) 
Seat 3: reiyser ($100.88 in chips) 
Seat 4: mxvo ($13.72 in chips) 
Seat 5: vadjkeee ($125.62 in chips) 
Seat 6: Alinyr ($125.56 in chips) 
mxvo: posts small blind $0.50
vadjkeee: posts big blind $1
*** HOLE CARDS ***
Alinyr: raises $1.05 to $2.05
sta$igk: folds 
raketkasix: folds 
reiyser: folds 
mxvo: calls $1.55
vadjkeee: folds 
*** FLOP *** [Ts 8h Jd]
mxvo: checks 
Alinyr: bets $3.19
mxvo: folds 
Uncalled bet ($3.19) returned to Alinyr
Alinyr collected $4.84 from pot
Alinyr: doesn't show hand 
*** SUMMARY ***
Total pot $5.10 | Rake $0.26 
Board [Ts 8h Jd]
Seat 1: sta$igk folded before Flop (didn't bet)
Seat 2: raketkasix folded before Flop (didn't bet)
Seat 3: reiyser (button) folded before Flop (didn't bet)
Seat 4: mxvo (small blind) folded on the Flop
Seat 5: vadjkeee (big blind) folded before Flop
Seat 6: Alinyr collected ($4.84)



PokerStars Hand #254690589816:  Hold'em No Limit ($0.50/$1.00 USD) - 2025/02/03 18:57:27 WET [2025/02/03 13:57:27 ET]
Table 'Aurelia' 6-max Seat #4 is the button
Seat 1: sta$igk ($100 in chips) 
Seat 2: raketkasix ($100 in chips) 
Seat 3: reiyser ($100.88 in chips) 
Seat 4: mxvo ($11.67 in chips) 
Seat 5: vadjkeee ($124.62 in chips) 
Seat 6: Alinyr ($128.35 in chips) 
vadjkeee: posts small blind $0.50
Alinyr: posts big blind $1
*** HOLE CARDS ***
sta$igk: folds 
raketkasix: folds 
reiyser: raises $1.23 to $2.23
mxvo: calls $2.23
vadjkeee: folds 
Alinyr: folds 
*** FLOP *** [2d 3h 3s]
reiyser: checks 
mxvo: bets $2
reiyser: folds 
Uncalled bet ($2) returned to mxvo
mxvo collected $5.66 from pot
mxvo: doesn't show hand 
*** SUMMARY ***
Total pot $5.96 | Rake $0.30 
Board [2d 3h 3s]
Seat 1: sta$igk folded before Flop (didn't bet)
Seat 2: raketkasix folded before Flop (didn't bet)
Seat 3: reiyser folded on the Flop
Seat 4: mxvo (button) collected ($5.66)
Seat 5: vadjkeee (small blind) folded before Flop
Seat 6: Alinyr (big blind) folded before Flop



PokerStars Hand #254690595646:  Hold'em No Limit ($0.50/$1.00 USD) - 2025/02/03 18:57:55 WET [2025/02/03 13:57:55 ET]
Table 'Aurelia' 6-max Seat #5 is the button
Seat 1: sta$igk ($100 in chips) 
Seat 2: raketkasix ($100 in chips) 
Seat 3: reiyser ($100 in chips) 
Seat 4: mxvo ($15.10 in chips) 
Seat 5: vadjkeee ($124.12 in chips) 
Seat 6: Alinyr ($127.35 in chips) 
Alinyr: posts small blind $0.50
sta$igk: posts big blind $1
*** HOLE CARDS ***
raketkasix: folds 
reiyser: folds 
raketkasix leaves the table
mxvo: raises $1 to $2
vadjkeee: folds 
Alinyr: folds 
yzuk joins the table at seat #2 
sta$igk: folds 
Uncalled bet ($1) returned to mxvo
mxvo collected $2.50 from pot
mxvo: doesn't show hand 
*** SUMMARY ***
Total pot $2.50 | Rake $0 
Seat 1: sta$igk (big blind) folded before Flop
Seat 2: raketkasix folded before Flop (didn't bet)
Seat 3: reiyser folded before Flop (didn't bet)
Seat 4: mxvo collected ($2.50)
Seat 5: vadjkeee (button) folded before Flop (didn't bet)
Seat 6: Alinyr (small blind) folded before Flop



PokerStars Hand #254690599300:  Hold'em No Limit ($0.50/$1.00 USD) - 2025/02/03 18:58:12 WET [2025/02/03 13:58:12 ET]
Table 'Aurelia' 6-max Seat #6 is the button
Seat 1: sta$igk ($100 in chips) 
Seat 2: yzuk ($100 in chips) 
Seat 3: reiyser ($100 in chips) 
Seat 4: mxvo ($16.60 in chips) 
Seat 5: vadjkeee ($124.12 in chips) 
Seat 6: Alinyr ($126.85 in chips) 
sta$igk: posts small blind $0.50
yzuk: posts big blind $1
*** HOLE CARDS ***
reiyser: folds 
mxvo: calls $1
vadjkeee: raises $4 to $5
Alinyr: folds 
sta$igk: folds 
yzuk: folds 
mxvo: calls $4
*** FLOP *** [3h 8d 6d]
mxvo: checks 
vadjkeee: checks 
*** TURN *** [3h 8d 6d] [Jc]
mxvo: bets $5.46
vadjkeee: raises $12.54 to $18
mxvo: calls $6.14 and is all-in
Uncalled bet ($6.40) returned to vadjkeee
*** RIVER *** [3h 8d 6d Jc] [3s]
*** SHOW DOWN ***
mxvo: shows [Kh 7h] (a pair of Threes)
vadjkeee: shows [8c 8h] (a full house, Eights full of Threes)
vadjkeee collected $32.96 from pot
*** SUMMARY ***
Total pot $34.70 | Rake $1.74 
Board [3h 8d 6d Jc 3s]
Seat 1: sta$igk (small blind) folded before Flop
Seat 2: yzuk (big blind) folded before Flop
Seat 3: reiyser folded before Flop (didn't bet)
Seat 4: mxvo showed [Kh 7h] and lost with a pair of Threes
Seat 5: vadjkeee showed [8c 8h] and won ($32.96) with a full house, Eights full of Threes
Seat 6: Alinyr (button) folded before Flop (didn't bet)



