PokerStars Hand #254692130039:  Hold'em No Limit ($0.50/$1.00 USD) - 2025/02/03 20:22:51 WET [2025/02/03 15:22:51 ET]
Table 'Hammonia II' 6-max Seat #3 is the button
Seat 1: easy_sarcasm ($100 in chips) 
Seat 2: blistein ($100 in chips) 
Seat 3: app1e_j@ck ($100 in chips) 
Seat 4: frankie31404 ($91.80 in chips) 
Seat 5: worker0k ($103.18 in chips) 
Seat 6: G.Andrei95 ($105.42 in chips) 
frankie31404: posts small blind $0.50
worker0k: posts big blind $1
*** HOLE CARDS ***
G.Andrei95: folds 
easy_sarcasm: folds 
blistein: folds 
app1e_j@ck: folds 
frankie31404: folds 
Uncalled bet ($0.50) returned to worker0k
worker0k collected $1 from pot
*** SUMMARY ***
Total pot $1 | Rake $0 
Seat 1: easy_sarcasm folded before Flop (didn't bet)
Seat 2: blistein folded before Flop (didn't bet)
Seat 3: app1e_j@ck (button) folded before Flop (didn't bet)
Seat 4: frankie31404 (small blind) folded before Flop
Seat 5: worker0k (big blind) collected ($1)
Seat 6: G.Andrei95 folded before Flop (didn't bet)



PokerStars Hand #254692286083:  Hold'em No Limit ($0.50/$1.00 USD) - 2025/02/03 20:30:41 WET [2025/02/03 15:30:41 ET]
Table 'Hammonia II' 6-max Seat #5 is the button
Seat 1: easy_sarcasm ($101.50 in chips) 
Seat 2: blistein ($104.65 in chips) 
Seat 3: app1e_j@ck ($113.40 in chips) 
Seat 4: frankie31404 ($109.82 in chips) 
Seat 5: worker0k ($100 in chips) 
Seat 6: G.Andrei95 ($100 in chips) 
G.Andrei95: posts small blind $0.50
easy_sarcasm: posts big blind $1
*** HOLE CARDS ***
blistein: folds 
app1e_j@ck: raises $1.50 to $2.50
frankie31404: calls $2.50
worker0k: folds 
G.Andrei95: folds 
easy_sarcasm: folds 
*** FLOP *** [6c 9d Ks]
app1e_j@ck: bets $2.04
frankie31404: calls $2.04
*** TURN *** [6c 9d Ks] [Ac]
app1e_j@ck: bets $7.54
frankie31404: folds 
Uncalled bet ($7.54) returned to app1e_j@ck
app1e_j@ck collected $10.05 from pot
app1e_j@ck: doesn't show hand 
*** SUMMARY ***
Total pot $10.58 | Rake $0.53 
Board [6c 9d Ks Ac]
Seat 1: easy_sarcasm (big blind) folded before Flop
Seat 2: blistein folded before Flop (didn't bet)
Seat 3: app1e_j@ck collected ($10.05)
Seat 4: frankie31404 folded on the Turn
Seat 5: worker0k (button) folded before Flop (didn't bet)
Seat 6: G.Andrei95 (small blind) folded before Flop



PokerStars Hand #254692301082:  Hold'em No Limit ($0.50/$1.00 USD) - 2025/02/03 20:31:26 WET [2025/02/03 15:31:26 ET]
Table 'Hammonia II' 6-max Seat #6 is the button
Seat 1: easy_sarcasm ($100.50 in chips) 
Seat 2: blistein ($104.65 in chips) 
Seat 3: app1e_j@ck ($118.91 in chips) 
Seat 4: frankie31404 ($105.28 in chips) 
Seat 5: worker0k ($100 in chips) 
Seat 6: G.Andrei95 ($100 in chips) 
easy_sarcasm: posts small blind $0.50
blistein: posts big blind $1
*** HOLE CARDS ***
app1e_j@ck: folds 
frankie31404: folds 
worker0k: folds 
G.Andrei95: raises $1.50 to $2.50
easy_sarcasm: folds 
blistein: folds 
Uncalled bet ($1.50) returned to G.Andrei95
G.Andrei95 collected $2.50 from pot
G.Andrei95: doesn't show hand 
*** SUMMARY ***
Total pot $2.50 | Rake $0 
Seat 1: easy_sarcasm (small blind) folded before Flop
Seat 2: blistein (big blind) folded before Flop
Seat 3: app1e_j@ck folded before Flop (didn't bet)
Seat 4: frankie31404 folded before Flop (didn't bet)
Seat 5: worker0k folded before Flop (didn't bet)
Seat 6: G.Andrei95 (button) collected ($2.50)



PokerStars Hand #254692307758:  Hold'em No Limit ($0.50/$1.00 USD) - 2025/02/03 20:31:47 WET [2025/02/03 15:31:47 ET]
Table 'Hammonia II' 6-max Seat #1 is the button
Seat 1: easy_sarcasm ($100 in chips) 
Seat 2: blistein ($103.65 in chips) 
Seat 3: app1e_j@ck ($118.91 in chips) 
Seat 4: frankie31404 ($105.28 in chips) 
Seat 5: worker0k ($100 in chips) 
Seat 6: G.Andrei95 ($101.50 in chips) 
blistein: posts small blind $0.50
app1e_j@ck: posts big blind $1
*** HOLE CARDS ***
frankie31404: folds 
worker0k: folds 
G.Andrei95: raises $1.50 to $2.50
easy_sarcasm: folds 
blistein: folds 
app1e_j@ck: folds 
Uncalled bet ($1.50) returned to G.Andrei95
G.Andrei95 collected $2.50 from pot
G.Andrei95: doesn't show hand 
*** SUMMARY ***
Total pot $2.50 | Rake $0 
Seat 1: easy_sarcasm (button) folded before Flop (didn't bet)
Seat 2: blistein (small blind) folded before Flop
Seat 3: app1e_j@ck (big blind) folded before Flop
Seat 4: frankie31404 folded before Flop (didn't bet)
Seat 5: worker0k folded before Flop (didn't bet)
Seat 6: G.Andrei95 collected ($2.50)



PokerStars Hand #254692313685:  Hold'em No Limit ($0.50/$1.00 USD) - 2025/02/03 20:32:04 WET [2025/02/03 15:32:04 ET]
Table 'Hammonia II' 6-max Seat #2 is the button
Seat 1: easy_sarcasm ($100 in chips) 
Seat 2: blistein ($103.15 in chips) 
Seat 3: app1e_j@ck ($117.91 in chips) 
Seat 4: frankie31404 ($105.28 in chips) 
Seat 5: worker0k ($100 in chips) 
Seat 6: G.Andrei95 ($103 in chips) 
app1e_j@ck: posts small blind $0.50
frankie31404: posts big blind $1
*** HOLE CARDS ***
worker0k: folds 
G.Andrei95: folds 
easy_sarcasm: raises $2 to $3
blistein: folds 
app1e_j@ck: folds 
frankie31404: folds 
Uncalled bet ($2) returned to easy_sarcasm
easy_sarcasm collected $2.50 from pot
*** SUMMARY ***
Total pot $2.50 | Rake $0 
Seat 1: easy_sarcasm collected ($2.50)
Seat 2: blistein (button) folded before Flop (didn't bet)
Seat 3: app1e_j@ck (small blind) folded before Flop
Seat 4: frankie31404 (big blind) folded before Flop
Seat 5: worker0k folded before Flop (didn't bet)
Seat 6: G.Andrei95 folded before Flop (didn't bet)



PokerStars Hand #254692322662:  Hold'em No Limit ($0.50/$1.00 USD) - 2025/02/03 20:32:32 WET [2025/02/03 15:32:32 ET]
Table 'Hammonia II' 6-max Seat #3 is the button
Seat 1: easy_sarcasm ($101.50 in chips) 
Seat 2: blistein ($103.15 in chips) 
Seat 3: app1e_j@ck ($117.41 in chips) 
Seat 4: frankie31404 ($104.28 in chips) 
Seat 5: worker0k ($100 in chips) 
Seat 6: G.Andrei95 ($103 in chips) 
frankie31404: posts small blind $0.50
worker0k: posts big blind $1
*** HOLE CARDS ***
G.Andrei95: folds 
easy_sarcasm: raises $2 to $3
blistein: folds 
app1e_j@ck: folds 
frankie31404: folds 
worker0k: folds 
Uncalled bet ($2) returned to easy_sarcasm
easy_sarcasm collected $2.50 from pot
*** SUMMARY ***
Total pot $2.50 | Rake $0 
Seat 1: easy_sarcasm collected ($2.50)
Seat 2: blistein folded before Flop (didn't bet)
Seat 3: app1e_j@ck (button) folded before Flop (didn't bet)
Seat 4: frankie31404 (small blind) folded before Flop
Seat 5: worker0k (big blind) folded before Flop
Seat 6: G.Andrei95 folded before Flop (didn't bet)



PokerStars Hand #254692327962:  Hold'em No Limit ($0.50/$1.00 USD) - 2025/02/03 20:32:48 WET [2025/02/03 15:32:48 ET]
Table 'Hammonia II' 6-max Seat #4 is the button
Seat 1: easy_sarcasm ($103 in chips) 
Seat 2: blistein ($103.15 in chips) 
Seat 3: app1e_j@ck ($117.41 in chips) 
Seat 4: frankie31404 ($103.78 in chips) 
Seat 5: worker0k ($100 in chips) 
Seat 6: G.Andrei95 ($103 in chips) 
worker0k: posts small blind $0.50
G.Andrei95: posts big blind $1
*** HOLE CARDS ***
easy_sarcasm: folds 
blistein: folds 
app1e_j@ck: raises $1.50 to $2.50
frankie31404: calls $2.50
worker0k: folds 
G.Andrei95: calls $1.50
*** FLOP *** [Jc 7d 3h]
G.Andrei95: bets $1.67
app1e_j@ck: calls $1.67
frankie31404: calls $1.67
*** TURN *** [Jc 7d 3h] [7s]
G.Andrei95: checks 
app1e_j@ck: bets $9.27
frankie31404: folds 
G.Andrei95: folds 
Uncalled bet ($9.27) returned to app1e_j@ck
app1e_j@ck collected $12.36 from pot
app1e_j@ck: doesn't show hand 
*** SUMMARY ***
Total pot $13.01 | Rake $0.65 
Board [Jc 7d 3h 7s]
Seat 1: easy_sarcasm folded before Flop (didn't bet)
Seat 2: blistein folded before Flop (didn't bet)
Seat 3: app1e_j@ck collected ($12.36)
Seat 4: frankie31404 (button) folded on the Turn
Seat 5: worker0k (small blind) folded before Flop
Seat 6: G.Andrei95 (big blind) folded on the Turn



PokerStars Hand #254692345726:  Hold'em No Limit ($0.50/$1.00 USD) - 2025/02/03 20:33:41 WET [2025/02/03 15:33:41 ET]
Table 'Hammonia II' 6-max Seat #5 is the button
Seat 1: easy_sarcasm ($103 in chips) 
Seat 2: blistein ($103.15 in chips) 
Seat 3: app1e_j@ck ($125.60 in chips) 
Seat 4: frankie31404 ($99.61 in chips) 
Seat 5: worker0k ($100 in chips) 
Seat 6: G.Andrei95 ($100 in chips) 
G.Andrei95: posts small blind $0.50
easy_sarcasm: posts big blind $1
*** HOLE CARDS ***
blistein: raises $1.20 to $2.20
app1e_j@ck: folds 
frankie31404: folds 
worker0k: folds 
G.Andrei95: folds 
easy_sarcasm: folds 
Uncalled bet ($1.20) returned to blistein
blistein collected $2.50 from pot
blistein: doesn't show hand 
*** SUMMARY ***
Total pot $2.50 | Rake $0 
Seat 1: easy_sarcasm (big blind) folded before Flop
Seat 2: blistein collected ($2.50)
Seat 3: app1e_j@ck folded before Flop (didn't bet)
Seat 4: frankie31404 folded before Flop (didn't bet)
Seat 5: worker0k (button) folded before Flop (didn't bet)
Seat 6: G.Andrei95 (small blind) folded before Flop



PokerStars Hand #254692350517:  Hold'em No Limit ($0.50/$1.00 USD) - 2025/02/03 20:33:56 WET [2025/02/03 15:33:56 ET]
Table 'Hammonia II' 6-max Seat #6 is the button
Seat 1: easy_sarcasm ($102 in chips) 
Seat 2: blistein ($104.65 in chips) 
Seat 3: app1e_j@ck ($125.60 in chips) 
Seat 4: frankie31404 ($99.61 in chips) 
Seat 5: worker0k ($100 in chips) 
Seat 6: G.Andrei95 ($100 in chips) 
easy_sarcasm: posts small blind $0.50
blistein: posts big blind $1
*** HOLE CARDS ***
app1e_j@ck: raises $1.50 to $2.50
frankie31404: folds 
worker0k: folds 
G.Andrei95: folds 
easy_sarcasm: folds 
blistein: calls $1.50
*** FLOP *** [Qh 9h 6c]
blistein: checks 
app1e_j@ck: bets $1.72
blistein: folds 
Uncalled bet ($1.72) returned to app1e_j@ck
app1e_j@ck collected $5.22 from pot
app1e_j@ck: doesn't show hand 
*** SUMMARY ***
Total pot $5.50 | Rake $0.28 
Board [Qh 9h 6c]
Seat 1: easy_sarcasm (small blind) folded before Flop
Seat 2: blistein (big blind) folded on the Flop
Seat 3: app1e_j@ck collected ($5.22)
Seat 4: frankie31404 folded before Flop (didn't bet)
Seat 5: worker0k folded before Flop (didn't bet)
Seat 6: G.Andrei95 (button) folded before Flop (didn't bet)



PokerStars Hand #254692359665:  Hold'em No Limit ($0.50/$1.00 USD) - 2025/02/03 20:34:23 WET [2025/02/03 15:34:23 ET]
Table 'Hammonia II' 6-max Seat #1 is the button
Seat 1: easy_sarcasm ($101.50 in chips) 
Seat 2: blistein ($102.15 in chips) 
Seat 3: app1e_j@ck ($128.32 in chips) 
Seat 4: frankie31404 ($99.61 in chips) 
Seat 5: worker0k ($100 in chips) 
Seat 6: G.Andrei95 ($100 in chips) 
blistein: posts small blind $0.50
app1e_j@ck: posts big blind $1
*** HOLE CARDS ***
frankie31404: folds 
worker0k: folds 
G.Andrei95: folds 
easy_sarcasm: raises $1.20 to $2.20
blistein: folds 
app1e_j@ck: raises $10.30 to $12.50
easy_sarcasm: calls $10.30
*** FLOP *** [Js 8h 3c]
app1e_j@ck: bets $18.17
easy_sarcasm: folds 
Uncalled bet ($18.17) returned to app1e_j@ck
app1e_j@ck collected $24.22 from pot
app1e_j@ck: doesn't show hand 
*** SUMMARY ***
Total pot $25.50 | Rake $1.28 
Board [Js 8h 3c]
Seat 1: easy_sarcasm (button) folded on the Flop
Seat 2: blistein (small blind) folded before Flop
Seat 3: app1e_j@ck (big blind) collected ($24.22)
Seat 4: frankie31404 folded before Flop (didn't bet)
Seat 5: worker0k folded before Flop (didn't bet)
Seat 6: G.Andrei95 folded before Flop (didn't bet)



PokerStars Hand #254692374304:  Hold'em No Limit ($0.50/$1.00 USD) - 2025/02/03 20:35:08 WET [2025/02/03 15:35:08 ET]
Table 'Hammonia II' 6-max Seat #2 is the button
Seat 1: easy_sarcasm ($100 in chips) 
Seat 2: blistein ($101.65 in chips) 
Seat 3: app1e_j@ck ($140.04 in chips) 
Seat 4: frankie31404 ($99.61 in chips) 
Seat 5: worker0k ($100 in chips) 
Seat 6: G.Andrei95 ($100 in chips) 
app1e_j@ck: posts small blind $0.50
frankie31404: posts big blind $1
*** HOLE CARDS ***
worker0k: folds 
G.Andrei95: folds 
worker0k leaves the table
easy_sarcasm: folds 
blistein: folds 
app1e_j@ck: folds 
Uncalled bet ($0.50) returned to frankie31404
frankie31404 collected $1 from pot
*** SUMMARY ***
Total pot $1 | Rake $0 
Seat 1: easy_sarcasm folded before Flop (didn't bet)
Seat 2: blistein (button) folded before Flop (didn't bet)
Seat 3: app1e_j@ck (small blind) folded before Flop
Seat 4: frankie31404 (big blind) collected ($1)
Seat 5: worker0k folded before Flop (didn't bet)
Seat 6: G.Andrei95 folded before Flop (didn't bet)



PokerStars Hand #254692377302:  Hold'em No Limit ($0.50/$1.00 USD) - 2025/02/03 20:35:17 WET [2025/02/03 15:35:17 ET]
Table 'Hammonia II' 6-max Seat #3 is the button
Seat 1: easy_sarcasm ($100 in chips) 
Seat 2: blistein ($101.65 in chips) 
Seat 3: app1e_j@ck ($139.54 in chips) 
Seat 4: frankie31404 ($100.11 in chips) 
Seat 6: G.Andrei95 ($100 in chips) 
frankie31404: posts small blind $0.50
G.Andrei95: posts big blind $1
*** HOLE CARDS ***
easy_sarcasm: raises $2 to $3
blistein: folds 
app1e_j@ck: folds 
frankie31404: folds 
G.Andrei95: calls $2
*** FLOP *** [8c 6d 6h]
G.Andrei95: checks 
easy_sarcasm: bets $2.04
G.Andrei95: calls $2.04
*** TURN *** [8c 6d 6h] [3h]
G.Andrei95: checks 
easy_sarcasm: checks 
*** RIVER *** [8c 6d 6h 3h] [Qd]
G.Andrei95: checks 
easy_sarcasm: checks 
*** SHOW DOWN ***
G.Andrei95: shows [7d 7h] (two pair, Sevens and Sixes)
easy_sarcasm: mucks hand 
G.Andrei95 collected $10.05 from pot
*** SUMMARY ***
Total pot $10.58 | Rake $0.53 
Board [8c 6d 6h 3h Qd]
Seat 1: easy_sarcasm mucked
Seat 2: blistein folded before Flop (didn't bet)
Seat 3: app1e_j@ck (button) folded before Flop (didn't bet)
Seat 4: frankie31404 (small blind) folded before Flop
Seat 6: G.Andrei95 (big blind) showed [7d 7h] and won ($10.05) with two pair, Sevens and Sixes



PokerStars Hand #254692389364:  Hold'em No Limit ($0.50/$1.00 USD) - 2025/02/03 20:35:52 WET [2025/02/03 15:35:52 ET]
Table 'Hammonia II' 6-max Seat #4 is the button
Seat 1: easy_sarcasm ($100 in chips) 
Seat 2: blistein ($101.65 in chips) 
Seat 3: app1e_j@ck ($139.54 in chips) 
Seat 4: frankie31404 ($99.61 in chips) 
Seat 6: G.Andrei95 ($105.01 in chips) 
G.Andrei95: posts small blind $0.50
easy_sarcasm: posts big blind $1
*** HOLE CARDS ***
blistein: folds 
blistein leaves the table
app1e_j@ck: raises $1.50 to $2.50
michasia joins the table at seat #5 
frankie31404: calls $2.50
G.Andrei95: folds 
easy_sarcasm: folds 
*** FLOP *** [4h 6c Ts]
app1e_j@ck: checks 
frankie31404: bets $4
coeeeelho joins the table at seat #2 
app1e_j@ck: calls $4
*** TURN *** [4h 6c Ts] [8s]
app1e_j@ck: checks 
frankie31404: bets $4
app1e_j@ck: calls $4
*** RIVER *** [4h 6c Ts 8s] [9d]
app1e_j@ck: checks 
frankie31404: checks 
*** SHOW DOWN ***
app1e_j@ck: shows [4d Ad] (a pair of Fours)
frankie31404: mucks hand 
app1e_j@ck collected $21.38 from pot
*** SUMMARY ***
Total pot $22.50 | Rake $1.12 
Board [4h 6c Ts 8s 9d]
Seat 1: easy_sarcasm (big blind) folded before Flop
Seat 2: blistein folded before Flop (didn't bet)
Seat 3: app1e_j@ck showed [4d Ad] and won ($21.38) with a pair of Fours
Seat 4: frankie31404 (button) mucked
Seat 6: G.Andrei95 (small blind) folded before Flop



PokerStars Hand #254692406582:  Hold'em No Limit ($0.50/$1.00 USD) - 2025/02/03 20:36:44 WET [2025/02/03 15:36:44 ET]
Table 'Hammonia II' 6-max Seat #6 is the button
Seat 5: michasia ($100 in chips) is sitting out
Seat 1: easy_sarcasm ($100 in chips) 
Seat 2: coeeeelho ($100 in chips) 
Seat 3: app1e_j@ck ($150.42 in chips) 
Seat 4: frankie31404 ($89.11 in chips) 
Seat 6: G.Andrei95 ($104.51 in chips) 
easy_sarcasm: posts small blind $0.50
coeeeelho: posts big blind $1
michasia: sits out 
*** HOLE CARDS ***
app1e_j@ck: folds 
frankie31404: folds 
G.Andrei95: folds 
easy_sarcasm: raises $2 to $3
coeeeelho: calls $2
*** FLOP *** [Jc 3d 9h]
easy_sarcasm: bets $2
coeeeelho: raises $5 to $7
easy_sarcasm: folds 
Uncalled bet ($5) returned to coeeeelho
coeeeelho collected $9.50 from pot
*** SUMMARY ***
Total pot $10 | Rake $0.50 
Board [Jc 3d 9h]
Seat 5: michasia
Seat 1: easy_sarcasm (small blind) folded on the Flop
Seat 2: coeeeelho (big blind) collected ($9.50)
Seat 3: app1e_j@ck folded before Flop (didn't bet)
Seat 4: frankie31404 folded before Flop (didn't bet)
Seat 6: G.Andrei95 (button) folded before Flop (didn't bet)



PokerStars Hand #254692419539:  Hold'em No Limit ($0.50/$1.00 USD) - 2025/02/03 20:37:23 WET [2025/02/03 15:37:23 ET]
Table 'Hammonia II' 6-max Seat #1 is the button
Seat 3: app1e_j@ck ($150.42 in chips) is sitting out
Seat 5: michasia ($100 in chips) is sitting out
Seat 1: easy_sarcasm ($100 in chips) 
Seat 2: coeeeelho ($104.50 in chips) 
Seat 4: frankie31404 ($89.11 in chips) 
Seat 6: G.Andrei95 ($104.51 in chips) 
coeeeelho: posts small blind $0.50
app1e_j@ck: is sitting out 
frankie31404: posts big blind $1
michasia: sits out 
*** HOLE CARDS ***
G.Andrei95: raises $1.50 to $2.50
easy_sarcasm: folds 
coeeeelho: folds 
frankie31404: folds 
Uncalled bet ($1.50) returned to G.Andrei95
G.Andrei95 collected $2.50 from pot
G.Andrei95: doesn't show hand 
*** SUMMARY ***
Total pot $2.50 | Rake $0 
Seat 3: app1e_j@ck
Seat 5: michasia
Seat 1: easy_sarcasm (button) folded before Flop (didn't bet)
Seat 2: coeeeelho (small blind) folded before Flop
Seat 4: frankie31404 (big blind) folded before Flop
Seat 6: G.Andrei95 collected ($2.50)



PokerStars Hand #254692424834:  Hold'em No Limit ($0.50/$1.00 USD) - 2025/02/03 20:37:39 WET [2025/02/03 15:37:39 ET]
Table 'Hammonia II' 6-max Seat #2 is the button
Seat 3: app1e_j@ck ($150.42 in chips) is sitting out
Seat 1: easy_sarcasm ($100 in chips) 
Seat 2: coeeeelho ($104 in chips) 
Seat 4: frankie31404 ($88.11 in chips) 
Seat 5: michasia ($100 in chips) 
Seat 6: G.Andrei95 ($106.01 in chips) 
frankie31404: posts small blind $0.50
michasia: posts big blind $1
*** HOLE CARDS ***
G.Andrei95: folds 
easy_sarcasm: folds 
coeeeelho: folds 
frankie31404: folds 
Uncalled bet ($0.50) returned to michasia
michasia collected $1 from pot
michasia: doesn't show hand 
*** SUMMARY ***
Total pot $1 | Rake $0 
Seat 3: app1e_j@ck
Seat 1: easy_sarcasm folded before Flop (didn't bet)
Seat 2: coeeeelho (button) folded before Flop (didn't bet)
Seat 4: frankie31404 (small blind) folded before Flop
Seat 5: michasia (big blind) collected ($1)
Seat 6: G.Andrei95 folded before Flop (didn't bet)



PokerStars Hand #254692428829:  Hold'em No Limit ($0.50/$1.00 USD) - 2025/02/03 20:37:51 WET [2025/02/03 15:37:51 ET]
Table 'Hammonia II' 6-max Seat #4 is the button
Seat 3: app1e_j@ck ($150.42 in chips) is sitting out
Seat 6: G.Andrei95 ($106.01 in chips) is sitting out
Seat 1: easy_sarcasm ($100 in chips) 
Seat 2: coeeeelho ($104 in chips) 
Seat 4: frankie31404 ($87.61 in chips) 
Seat 5: michasia ($100.50 in chips) 
michasia: posts small blind $0.50
G.Andrei95: is sitting out 
easy_sarcasm: posts big blind $1
*** HOLE CARDS ***
coeeeelho: folds 
G.Andrei95 leaves the table
frankie31404: folds 
michasia: folds 
Uncalled bet ($0.50) returned to easy_sarcasm
easy_sarcasm collected $1 from pot
*** SUMMARY ***
Total pot $1 | Rake $0 
Seat 3: app1e_j@ck
Seat 6: G.Andrei95
Seat 1: easy_sarcasm (big blind) collected ($1)
Seat 2: coeeeelho folded before Flop (didn't bet)
Seat 4: frankie31404 (button) folded before Flop (didn't bet)
Seat 5: michasia (small blind) folded before Flop



PokerStars Hand #254692432509:  Hold'em No Limit ($0.50/$1.00 USD) - 2025/02/03 20:38:02 WET [2025/02/03 15:38:02 ET]
Table 'Hammonia II' 6-max Seat #5 is the button
Seat 3: app1e_j@ck ($150.42 in chips) is sitting out
Seat 1: easy_sarcasm ($100.50 in chips) 
Seat 2: coeeeelho ($104 in chips) 
Seat 4: frankie31404 ($87.61 in chips) 
Seat 5: michasia ($100 in chips) 
easy_sarcasm: posts small blind $0.50
coeeeelho: posts big blind $1
*** HOLE CARDS ***
app1e_j@ck leaves the table
frankie31404: raises $1 to $2
michasia: folds 
easy_sarcasm: folds 
iTrustU21 joins the table at seat #6 
coeeeelho: calls $1
*** FLOP *** [Js Ac 3d]
coeeeelho: checks 
frankie31404: bets $2
coeeeelho: folds 
Uncalled bet ($2) returned to frankie31404
frankie31404 collected $4.28 from pot
*** SUMMARY ***
Total pot $4.50 | Rake $0.22 
Board [Js Ac 3d]
Seat 3: app1e_j@ck
Seat 1: easy_sarcasm (small blind) folded before Flop
Seat 2: coeeeelho (big blind) folded on the Flop
Seat 4: frankie31404 collected ($4.28)
Seat 5: michasia (button) folded before Flop (didn't bet)



PokerStars Hand #254692441760:  Hold'em No Limit ($0.50/$1.00 USD) - 2025/02/03 20:38:30 WET [2025/02/03 15:38:30 ET]
Table 'Hammonia II' 6-max Seat #1 is the button
Seat 6: iTrustU21 ($100 in chips) is sitting out
Seat 1: easy_sarcasm ($100 in chips) 
Seat 2: coeeeelho ($102 in chips) 
Seat 4: frankie31404 ($89.89 in chips) 
Seat 5: michasia ($100 in chips) 
coeeeelho: posts small blind $0.50
frankie31404: posts big blind $1
iTrustU21: sits out 
*** HOLE CARDS ***
michasia: raises $1.80 to $2.80
easy_sarcasm: raises $5.20 to $8
coeeeelho: folds 
frankie31404: folds 
vadjkeee joins the table at seat #3 
michasia: raises $14 to $22
easy_sarcasm: folds 
Uncalled bet ($14) returned to michasia
michasia collected $17.50 from pot
michasia: doesn't show hand 
*** SUMMARY ***
Total pot $17.50 | Rake $0 
Seat 6: iTrustU21
Seat 1: easy_sarcasm (button) folded before Flop
Seat 2: coeeeelho (small blind) folded before Flop
Seat 4: frankie31404 (big blind) folded before Flop
Seat 5: michasia collected ($17.50)



PokerStars Hand #254692457155:  Hold'em No Limit ($0.50/$1.00 USD) - 2025/02/03 20:39:16 WET [2025/02/03 15:39:16 ET]
Table 'Hammonia II' 6-max Seat #2 is the button
Seat 3: vadjkeee ($100 in chips) is sitting out
Seat 6: iTrustU21 ($100 in chips) is sitting out
Seat 1: easy_sarcasm ($100 in chips) 
Seat 2: coeeeelho ($101.50 in chips) 
Seat 4: frankie31404 ($88.89 in chips) 
Seat 5: michasia ($109.50 in chips) 
frankie31404: posts small blind $0.50
michasia: posts big blind $1
iTrustU21: sits out 
*** HOLE CARDS ***
easy_sarcasm: folds 
coeeeelho: raises $1.50 to $2.50
frankie31404: raises $5.50 to $8
michasia: folds 
coeeeelho: calls $5.50
*** FLOP *** [4s 6h 2d]
frankie31404: bets $12
coeeeelho: folds 
Uncalled bet ($12) returned to frankie31404
frankie31404 collected $16.15 from pot
*** SUMMARY ***
Total pot $17 | Rake $0.85 
Board [4s 6h 2d]
Seat 3: vadjkeee
Seat 6: iTrustU21
Seat 1: easy_sarcasm folded before Flop (didn't bet)
Seat 2: coeeeelho (button) folded on the Flop
Seat 4: frankie31404 (small blind) collected ($16.15)
Seat 5: michasia (big blind) folded before Flop



PokerStars Hand #254692468249:  Hold'em No Limit ($0.50/$1.00 USD) - 2025/02/03 20:39:50 WET [2025/02/03 15:39:50 ET]
Table 'Hammonia II' 6-max Seat #4 is the button
Seat 3: vadjkeee ($100 in chips) is sitting out
Seat 1: easy_sarcasm ($100 in chips) 
Seat 2: coeeeelho ($100 in chips) 
Seat 4: frankie31404 ($97.04 in chips) 
Seat 5: michasia ($108.50 in chips) 
Seat 6: iTrustU21 ($100 in chips) 
michasia: posts small blind $0.50
iTrustU21: posts big blind $1
vadjkeee: sits out 
*** HOLE CARDS ***
easy_sarcasm: folds 
coeeeelho: folds 
frankie31404: folds 
michasia: folds 
Uncalled bet ($0.50) returned to iTrustU21
iTrustU21 collected $1 from pot
iTrustU21: doesn't show hand 
*** SUMMARY ***
Total pot $1 | Rake $0 
Seat 3: vadjkeee
Seat 1: easy_sarcasm folded before Flop (didn't bet)
Seat 2: coeeeelho folded before Flop (didn't bet)
Seat 4: frankie31404 (button) folded before Flop (didn't bet)
Seat 5: michasia (small blind) folded before Flop
Seat 6: iTrustU21 (big blind) collected ($1)



PokerStars Hand #254692470819:  Hold'em No Limit ($0.50/$1.00 USD) - 2025/02/03 20:39:58 WET [2025/02/03 15:39:58 ET]
Table 'Hammonia II' 6-max Seat #5 is the button
Seat 3: vadjkeee ($100 in chips) is sitting out
Seat 1: easy_sarcasm ($100 in chips) 
Seat 2: coeeeelho ($100 in chips) 
Seat 4: frankie31404 ($97.04 in chips) 
Seat 5: michasia ($108 in chips) 
Seat 6: iTrustU21 ($100.50 in chips) 
iTrustU21: posts small blind $0.50
easy_sarcasm: posts big blind $1
vadjkeee: sits out 
*** HOLE CARDS ***
coeeeelho: raises $1.20 to $2.20
frankie31404: folds 
michasia: folds 
iTrustU21: folds 
easy_sarcasm: folds 
Uncalled bet ($1.20) returned to coeeeelho
coeeeelho collected $2.50 from pot
*** SUMMARY ***
Total pot $2.50 | Rake $0 
Seat 3: vadjkeee
Seat 1: easy_sarcasm (big blind) folded before Flop
Seat 2: coeeeelho collected ($2.50)
Seat 4: frankie31404 folded before Flop (didn't bet)
Seat 5: michasia (button) folded before Flop (didn't bet)
Seat 6: iTrustU21 (small blind) folded before Flop



PokerStars Hand #254692475708:  Hold'em No Limit ($0.50/$1.00 USD) - 2025/02/03 20:40:12 WET [2025/02/03 15:40:12 ET]
Table 'Hammonia II' 6-max Seat #6 is the button
Seat 3: vadjkeee ($100 in chips) is sitting out
Seat 1: easy_sarcasm ($100 in chips) 
Seat 2: coeeeelho ($101.50 in chips) 
Seat 4: frankie31404 ($97.04 in chips) 
Seat 5: michasia ($108 in chips) 
Seat 6: iTrustU21 ($100 in chips) 
easy_sarcasm: posts small blind $0.50
coeeeelho: posts big blind $1
vadjkeee: sits out 
*** HOLE CARDS ***
frankie31404: folds 
michasia: folds 
iTrustU21: raises $1.20 to $2.20
easy_sarcasm: folds 
coeeeelho: calls $1.20
*** FLOP *** [9d 3d 8c]
coeeeelho: checks 
iTrustU21: checks 
*** TURN *** [9d 3d 8c] [6h]
coeeeelho: bets $9
iTrustU21: folds 
Uncalled bet ($9) returned to coeeeelho
coeeeelho collected $4.66 from pot
*** SUMMARY ***
Total pot $4.90 | Rake $0.24 
Board [9d 3d 8c 6h]
Seat 3: vadjkeee
Seat 1: easy_sarcasm (small blind) folded before Flop
Seat 2: coeeeelho (big blind) collected ($4.66)
Seat 4: frankie31404 folded before Flop (didn't bet)
Seat 5: michasia folded before Flop (didn't bet)
Seat 6: iTrustU21 (button) folded on the Turn



PokerStars Hand #254692486826:  Hold'em No Limit ($0.50/$1.00 USD) - 2025/02/03 20:40:46 WET [2025/02/03 15:40:46 ET]
Table 'Hammonia II' 6-max Seat #1 is the button
Seat 1: easy_sarcasm ($100 in chips) 
Seat 2: coeeeelho ($103.96 in chips) 
Seat 3: vadjkeee ($100 in chips) 
Seat 4: frankie31404 ($97.04 in chips) 
Seat 5: michasia ($108 in chips) 
Seat 6: iTrustU21 ($100 in chips) 
coeeeelho: posts small blind $0.50
vadjkeee: posts big blind $1
*** HOLE CARDS ***
frankie31404: folds 
michasia: raises $1.60 to $2.60
iTrustU21: folds 
easy_sarcasm: raises $5.40 to $8
coeeeelho: folds 
vadjkeee: folds 
michasia: folds 
Uncalled bet ($5.40) returned to easy_sarcasm
easy_sarcasm collected $6.70 from pot
*** SUMMARY ***
Total pot $6.70 | Rake $0 
Seat 1: easy_sarcasm (button) collected ($6.70)
Seat 2: coeeeelho (small blind) folded before Flop
Seat 3: vadjkeee (big blind) folded before Flop
Seat 4: frankie31404 folded before Flop (didn't bet)
Seat 5: michasia folded before Flop
Seat 6: iTrustU21 folded before Flop (didn't bet)



PokerStars Hand #254692494501:  Hold'em No Limit ($0.50/$1.00 USD) - 2025/02/03 20:41:09 WET [2025/02/03 15:41:09 ET]
Table 'Hammonia II' 6-max Seat #2 is the button
Seat 1: easy_sarcasm ($104.10 in chips) 
Seat 2: coeeeelho ($103.46 in chips) 
Seat 3: vadjkeee ($100 in chips) 
Seat 4: frankie31404 ($97.04 in chips) 
Seat 5: michasia ($105.40 in chips) 
Seat 6: iTrustU21 ($100 in chips) 
vadjkeee: posts small blind $0.50
frankie31404: posts big blind $1
*** HOLE CARDS ***
michasia: folds 
iTrustU21: folds 
easy_sarcasm: folds 
coeeeelho: folds 
vadjkeee: folds 
Uncalled bet ($0.50) returned to frankie31404
frankie31404 collected $1 from pot
*** SUMMARY ***
Total pot $1 | Rake $0 
Seat 1: easy_sarcasm folded before Flop (didn't bet)
Seat 2: coeeeelho (button) folded before Flop (didn't bet)
Seat 3: vadjkeee (small blind) folded before Flop
Seat 4: frankie31404 (big blind) collected ($1)
Seat 5: michasia folded before Flop (didn't bet)
Seat 6: iTrustU21 folded before Flop (didn't bet)



PokerStars Hand #254692498441:  Hold'em No Limit ($0.50/$1.00 USD) - 2025/02/03 20:41:21 WET [2025/02/03 15:41:21 ET]
Table 'Hammonia II' 6-max Seat #3 is the button
Seat 1: easy_sarcasm ($104.10 in chips) 
Seat 2: coeeeelho ($103.46 in chips) 
Seat 3: vadjkeee ($100 in chips) 
Seat 4: frankie31404 ($97.54 in chips) 
Seat 5: michasia ($105.40 in chips) 
Seat 6: iTrustU21 ($100 in chips) 
frankie31404: posts small blind $0.50
michasia: posts big blind $1
*** HOLE CARDS ***
iTrustU21: raises $1.20 to $2.20
easy_sarcasm: calls $2.20
coeeeelho: folds 
vadjkeee: folds 
frankie31404: calls $1.70
michasia: calls $1.20
*** FLOP *** [8c 2h 9s]
frankie31404: checks 
michasia: checks 
iTrustU21: checks 
easy_sarcasm: bets $4.18
frankie31404: calls $4.18
michasia: calls $4.18
iTrustU21: folds 
*** TURN *** [8c 2h 9s] [5s]
frankie31404: checks 
michasia: checks 
easy_sarcasm: bets $11.50
frankie31404: calls $11.50
michasia: calls $11.50
*** RIVER *** [8c 2h 9s 5s] [Ts]
frankie31404: checks 
michasia: checks 
easy_sarcasm: checks 
*** SHOW DOWN ***
frankie31404: shows [2s As] (a flush, Ace high)
michasia: mucks hand 
easy_sarcasm: mucks hand 
frankie31404 collected $53.34 from pot
*** SUMMARY ***
Total pot $55.84 | Rake $2.50 
Board [8c 2h 9s 5s Ts]
Seat 1: easy_sarcasm mucked
Seat 2: coeeeelho folded before Flop (didn't bet)
Seat 3: vadjkeee (button) folded before Flop (didn't bet)
Seat 4: frankie31404 (small blind) showed [2s As] and won ($53.34) with a flush, Ace high
Seat 5: michasia (big blind) mucked
Seat 6: iTrustU21 folded on the Flop



PokerStars Hand #254692521470:  Hold'em No Limit ($0.50/$1.00 USD) - 2025/02/03 20:42:31 WET [2025/02/03 15:42:31 ET]
Table 'Hammonia II' 6-max Seat #4 is the button
Seat 1: easy_sarcasm ($100 in chips) 
Seat 2: coeeeelho ($103.46 in chips) 
Seat 3: vadjkeee ($100 in chips) 
Seat 4: frankie31404 ($133 in chips) 
Seat 5: michasia ($100 in chips) 
Seat 6: iTrustU21 ($100 in chips) 
michasia: posts small blind $0.50
iTrustU21: posts big blind $1
*** HOLE CARDS ***
easy_sarcasm: folds 
coeeeelho: folds 
vadjkeee: raises $1.50 to $2.50
frankie31404: folds 
michasia: folds 
iTrustU21: folds 
Uncalled bet ($1.50) returned to vadjkeee
vadjkeee collected $2.50 from pot
vadjkeee: doesn't show hand 
*** SUMMARY ***
Total pot $2.50 | Rake $0 
Seat 1: easy_sarcasm folded before Flop (didn't bet)
Seat 2: coeeeelho folded before Flop (didn't bet)
Seat 3: vadjkeee collected ($2.50)
Seat 4: frankie31404 (button) folded before Flop (didn't bet)
Seat 5: michasia (small blind) folded before Flop
Seat 6: iTrustU21 (big blind) folded before Flop



PokerStars Hand #254692526835:  Hold'em No Limit ($0.50/$1.00 USD) - 2025/02/03 20:42:47 WET [2025/02/03 15:42:47 ET]
Table 'Hammonia II' 6-max Seat #5 is the button
Seat 1: easy_sarcasm ($100 in chips) 
Seat 2: coeeeelho ($103.46 in chips) 
Seat 3: vadjkeee ($101.50 in chips) 
Seat 4: frankie31404 ($133 in chips) 
Seat 5: michasia ($100 in chips) 
Seat 6: iTrustU21 ($100 in chips) 
iTrustU21: posts small blind $0.50
easy_sarcasm: posts big blind $1
*** HOLE CARDS ***
coeeeelho: raises $1.20 to $2.20
vadjkeee: folds 
frankie31404: folds 
michasia: folds 
iTrustU21: folds 
easy_sarcasm: calls $1.20
*** FLOP *** [5s Qc 7c]
easy_sarcasm: checks 
coeeeelho: checks 
*** TURN *** [5s Qc 7c] [9c]
easy_sarcasm: bets $2.50
coeeeelho: folds 
Uncalled bet ($2.50) returned to easy_sarcasm
easy_sarcasm collected $4.66 from pot
*** SUMMARY ***
Total pot $4.90 | Rake $0.24 
Board [5s Qc 7c 9c]
Seat 1: easy_sarcasm (big blind) collected ($4.66)
Seat 2: coeeeelho folded on the Turn
Seat 3: vadjkeee folded before Flop (didn't bet)
Seat 4: frankie31404 folded before Flop (didn't bet)
Seat 5: michasia (button) folded before Flop (didn't bet)
Seat 6: iTrustU21 (small blind) folded before Flop



PokerStars Hand #254692535883:  Hold'em No Limit ($0.50/$1.00 USD) - 2025/02/03 20:43:15 WET [2025/02/03 15:43:15 ET]
Table 'Hammonia II' 6-max Seat #6 is the button
Seat 1: easy_sarcasm ($102.46 in chips) 
Seat 2: coeeeelho ($101.26 in chips) 
Seat 3: vadjkeee ($101.50 in chips) 
Seat 4: frankie31404 ($133 in chips) 
Seat 5: michasia ($100 in chips) 
Seat 6: iTrustU21 ($100 in chips) 
easy_sarcasm: posts small blind $0.50
coeeeelho: posts big blind $1
*** HOLE CARDS ***
vadjkeee: folds 
frankie31404: folds 
michasia: folds 
iTrustU21: raises $1.20 to $2.20
easy_sarcasm: folds 
coeeeelho: folds 
Uncalled bet ($1.20) returned to iTrustU21
iTrustU21 collected $2.50 from pot
iTrustU21: doesn't show hand 
*** SUMMARY ***
Total pot $2.50 | Rake $0 
Seat 1: easy_sarcasm (small blind) folded before Flop
Seat 2: coeeeelho (big blind) folded before Flop
Seat 3: vadjkeee folded before Flop (didn't bet)
Seat 4: frankie31404 folded before Flop (didn't bet)
Seat 5: michasia folded before Flop (didn't bet)
Seat 6: iTrustU21 (button) collected ($2.50)



PokerStars Hand #254692542750:  Hold'em No Limit ($0.50/$1.00 USD) - 2025/02/03 20:43:37 WET [2025/02/03 15:43:37 ET]
Table 'Hammonia II' 6-max Seat #1 is the button
Seat 1: easy_sarcasm ($101.96 in chips) 
Seat 2: coeeeelho ($100.26 in chips) 
Seat 3: vadjkeee ($101.50 in chips) 
Seat 4: frankie31404 ($133 in chips) 
Seat 5: michasia ($100 in chips) 
Seat 6: iTrustU21 ($101.50 in chips) 
coeeeelho: posts small blind $0.50
vadjkeee: posts big blind $1
*** HOLE CARDS ***
frankie31404: calls $1
michasia: folds 
iTrustU21: folds 
easy_sarcasm: folds 
coeeeelho: raises $3.20 to $4.20
vadjkeee: folds 
frankie31404: calls $3.20
*** FLOP *** [Td Qd Qs]
coeeeelho: bets $4.46
frankie31404: folds 
Uncalled bet ($4.46) returned to coeeeelho
coeeeelho collected $8.93 from pot
*** SUMMARY ***
Total pot $9.40 | Rake $0.47 
Board [Td Qd Qs]
Seat 1: easy_sarcasm (button) folded before Flop (didn't bet)
Seat 2: coeeeelho (small blind) collected ($8.93)
Seat 3: vadjkeee (big blind) folded before Flop
Seat 4: frankie31404 folded on the Flop
Seat 5: michasia folded before Flop (didn't bet)
Seat 6: iTrustU21 folded before Flop (didn't bet)



PokerStars Hand #254692552444:  Hold'em No Limit ($0.50/$1.00 USD) - 2025/02/03 20:44:06 WET [2025/02/03 15:44:06 ET]
Table 'Hammonia II' 6-max Seat #2 is the button
Seat 1: easy_sarcasm ($101.96 in chips) 
Seat 2: coeeeelho ($104.99 in chips) 
Seat 3: vadjkeee ($100.50 in chips) 
Seat 4: frankie31404 ($128.80 in chips) 
Seat 5: michasia ($100 in chips) 
Seat 6: iTrustU21 ($101.50 in chips) 
vadjkeee: posts small blind $0.50
frankie31404: posts big blind $1
*** HOLE CARDS ***
michasia: folds 
iTrustU21: folds 
easy_sarcasm: folds 
coeeeelho: folds 
vadjkeee: raises $2 to $3
frankie31404: calls $2
*** FLOP *** [Kd 2h Qc]
vadjkeee: bets $1.88
frankie31404: folds 
Uncalled bet ($1.88) returned to vadjkeee
vadjkeee collected $5.70 from pot
vadjkeee: doesn't show hand 
*** SUMMARY ***
Total pot $6 | Rake $0.30 
Board [Kd 2h Qc]
Seat 1: easy_sarcasm folded before Flop (didn't bet)
Seat 2: coeeeelho (button) folded before Flop (didn't bet)
Seat 3: vadjkeee (small blind) collected ($5.70)
Seat 4: frankie31404 (big blind) folded on the Flop
Seat 5: michasia folded before Flop (didn't bet)
Seat 6: iTrustU21 folded before Flop (didn't bet)



PokerStars Hand #254692561214:  Hold'em No Limit ($0.50/$1.00 USD) - 2025/02/03 20:44:33 WET [2025/02/03 15:44:33 ET]
Table 'Hammonia II' 6-max Seat #3 is the button
Seat 1: easy_sarcasm ($101.96 in chips) 
Seat 2: coeeeelho ($104.99 in chips) 
Seat 3: vadjkeee ($103.20 in chips) 
Seat 4: frankie31404 ($125.80 in chips) 
Seat 5: michasia ($100 in chips) 
Seat 6: iTrustU21 ($101.50 in chips) 
frankie31404: posts small blind $0.50
michasia: posts big blind $1
*** HOLE CARDS ***
iTrustU21: folds 
easy_sarcasm: folds 
coeeeelho: folds 
vadjkeee: raises $1.50 to $2.50
frankie31404: folds 
michasia: folds 
Uncalled bet ($1.50) returned to vadjkeee
vadjkeee collected $2.50 from pot
vadjkeee: doesn't show hand 
*** SUMMARY ***
Total pot $2.50 | Rake $0 
Seat 1: easy_sarcasm folded before Flop (didn't bet)
Seat 2: coeeeelho folded before Flop (didn't bet)
Seat 3: vadjkeee (button) collected ($2.50)
Seat 4: frankie31404 (small blind) folded before Flop
Seat 5: michasia (big blind) folded before Flop
Seat 6: iTrustU21 folded before Flop (didn't bet)



PokerStars Hand #254692570420:  Hold'em No Limit ($0.50/$1.00 USD) - 2025/02/03 20:45:01 WET [2025/02/03 15:45:01 ET]
Table 'Hammonia II' 6-max Seat #4 is the button
Seat 6: iTrustU21 ($101.50 in chips) is sitting out
Seat 1: easy_sarcasm ($101.96 in chips) 
Seat 2: coeeeelho ($104.99 in chips) 
Seat 3: vadjkeee ($104.70 in chips) 
Seat 4: frankie31404 ($125.30 in chips) 
Seat 5: michasia ($100 in chips) 
michasia: posts small blind $0.50
iTrustU21: is sitting out 
easy_sarcasm: posts big blind $1
*** HOLE CARDS ***
coeeeelho: folds 
iTrustU21 leaves the table
vadjkeee: folds 
frankie31404: folds 
michasia: folds 
Uncalled bet ($0.50) returned to easy_sarcasm
easy_sarcasm collected $1 from pot
*** SUMMARY ***
Total pot $1 | Rake $0 
Seat 6: iTrustU21
Seat 1: easy_sarcasm (big blind) collected ($1)
Seat 2: coeeeelho folded before Flop (didn't bet)
Seat 3: vadjkeee folded before Flop (didn't bet)
Seat 4: frankie31404 (button) folded before Flop (didn't bet)
Seat 5: michasia (small blind) folded before Flop



PokerStars Hand #254692573988:  Hold'em No Limit ($0.50/$1.00 USD) - 2025/02/03 20:45:12 WET [2025/02/03 15:45:12 ET]
Table 'Hammonia II' 6-max Seat #5 is the button
Seat 1: easy_sarcasm ($102.46 in chips) 
Seat 2: coeeeelho ($104.99 in chips) 
Seat 3: vadjkeee ($104.70 in chips) 
Seat 4: frankie31404 ($125.30 in chips) 
Seat 5: michasia ($100 in chips) 
easy_sarcasm: posts small blind $0.50
coeeeelho: posts big blind $1
*** HOLE CARDS ***
LuckyShikari joins the table at seat #6 
vadjkeee: folds 
frankie31404: folds 
michasia: folds 
easy_sarcasm: raises $2 to $3
coeeeelho: folds 
Uncalled bet ($2) returned to easy_sarcasm
easy_sarcasm collected $2 from pot
*** SUMMARY ***
Total pot $2 | Rake $0 
Seat 1: easy_sarcasm (small blind) collected ($2)
Seat 2: coeeeelho (big blind) folded before Flop
Seat 3: vadjkeee folded before Flop (didn't bet)
Seat 4: frankie31404 folded before Flop (didn't bet)
Seat 5: michasia (button) folded before Flop (didn't bet)



PokerStars Hand #254692583482:  Hold'em No Limit ($0.50/$1.00 USD) - 2025/02/03 20:45:41 WET [2025/02/03 15:45:41 ET]
Table 'Hammonia II' 6-max Seat #1 is the button
Seat 3: vadjkeee ($104.70 in chips) is sitting out
Seat 6: LuckyShikari ($100 in chips) is sitting out
Seat 1: easy_sarcasm ($103.46 in chips) 
Seat 2: coeeeelho ($103.99 in chips) 
Seat 4: frankie31404 ($125.30 in chips) 
Seat 5: michasia ($100 in chips) 
coeeeelho: posts small blind $0.50
vadjkeee: is sitting out 
frankie31404: posts big blind $1
LuckyShikari: sits out 
*** HOLE CARDS ***
michasia: raises $1.80 to $2.80
vadjkeee leaves the table
xxxZeka joins the table at seat #3 
easy_sarcasm: folds 
coeeeelho: raises $9.20 to $12
frankie31404: folds 
michasia: folds 
Uncalled bet ($9.20) returned to coeeeelho
coeeeelho collected $6.60 from pot
*** SUMMARY ***
Total pot $6.60 | Rake $0 
Seat 3: vadjkeee
Seat 6: LuckyShikari
Seat 1: easy_sarcasm (button) folded before Flop (didn't bet)
Seat 2: coeeeelho (small blind) collected ($6.60)
Seat 4: frankie31404 (big blind) folded before Flop
Seat 5: michasia folded before Flop



PokerStars Hand #254692590941:  Hold'em No Limit ($0.50/$1.00 USD) - 2025/02/03 20:46:04 WET [2025/02/03 15:46:04 ET]
Table 'Hammonia II' 6-max Seat #2 is the button
Seat 3: xxxZeka ($100 in chips) is sitting out
Seat 6: LuckyShikari ($100 in chips) is sitting out
Seat 1: easy_sarcasm ($103.46 in chips) 
Seat 2: coeeeelho ($107.79 in chips) 
Seat 4: frankie31404 ($124.30 in chips) 
Seat 5: michasia ($100 in chips) 
frankie31404: posts small blind $0.50
michasia: posts big blind $1
LuckyShikari: sits out 
*** HOLE CARDS ***
easy_sarcasm: raises $2 to $3
coeeeelho: folds 
frankie31404: folds 
michasia: folds 
Uncalled bet ($2) returned to easy_sarcasm
easy_sarcasm collected $2.50 from pot
*** SUMMARY ***
Total pot $2.50 | Rake $0 
Seat 3: xxxZeka
Seat 6: LuckyShikari
Seat 1: easy_sarcasm collected ($2.50)
Seat 2: coeeeelho (button) folded before Flop (didn't bet)
Seat 4: frankie31404 (small blind) folded before Flop
Seat 5: michasia (big blind) folded before Flop



PokerStars Hand #254692593872:  Hold'em No Limit ($0.50/$1.00 USD) - 2025/02/03 20:46:13 WET [2025/02/03 15:46:13 ET]
Table 'Hammonia II' 6-max Seat #4 is the button
Seat 3: xxxZeka ($100 in chips) is sitting out
Seat 1: easy_sarcasm ($104.96 in chips) 
Seat 2: coeeeelho ($107.79 in chips) 
Seat 4: frankie31404 ($123.80 in chips) 
Seat 5: michasia ($100 in chips) 
Seat 6: LuckyShikari ($100 in chips) 
michasia: posts small blind $0.50
LuckyShikari: posts big blind $1
xxxZeka: sits out 
*** HOLE CARDS ***
easy_sarcasm: folds 
coeeeelho: folds 
frankie31404: folds 
michasia: raises $2 to $3
LuckyShikari: calls $2
*** FLOP *** [Td 3c Jc]
michasia: bets $3.80
LuckyShikari: calls $3.80
*** TURN *** [Td 3c Jc] [As]
michasia: checks 
LuckyShikari: checks 
*** RIVER *** [Td 3c Jc As] [6s]
michasia: bets $8.61
LuckyShikari has timed out
LuckyShikari: folds 
Uncalled bet ($8.61) returned to michasia
michasia collected $12.92 from pot
michasia: doesn't show hand 
*** SUMMARY ***
Total pot $13.60 | Rake $0.68 
Board [Td 3c Jc As 6s]
Seat 3: xxxZeka
Seat 1: easy_sarcasm folded before Flop (didn't bet)
Seat 2: coeeeelho folded before Flop (didn't bet)
Seat 4: frankie31404 (button) folded before Flop (didn't bet)
Seat 5: michasia (small blind) collected ($12.92)
Seat 6: LuckyShikari (big blind) folded on the River



PokerStars Hand #254692622325:  Hold'em No Limit ($0.50/$1.00 USD) - 2025/02/03 20:47:41 WET [2025/02/03 15:47:41 ET]
Table 'Hammonia II' 6-max Seat #5 is the button
Seat 3: xxxZeka ($100 in chips) is sitting out
Seat 1: easy_sarcasm ($104.96 in chips) 
Seat 2: coeeeelho ($107.79 in chips) 
Seat 4: frankie31404 ($123.80 in chips) 
Seat 5: michasia ($106.12 in chips) 
Seat 6: LuckyShikari ($100 in chips) 
LuckyShikari: posts small blind $0.50
easy_sarcasm: posts big blind $1
xxxZeka: sits out 
*** HOLE CARDS ***
coeeeelho: raises $1.20 to $2.20
frankie31404: folds 
michasia: folds 
LuckyShikari: folds 
easy_sarcasm: folds 
Uncalled bet ($1.20) returned to coeeeelho
coeeeelho collected $2.50 from pot
*** SUMMARY ***
Total pot $2.50 | Rake $0 
Seat 3: xxxZeka
Seat 1: easy_sarcasm (big blind) folded before Flop
Seat 2: coeeeelho collected ($2.50)
Seat 4: frankie31404 folded before Flop (didn't bet)
Seat 5: michasia (button) folded before Flop (didn't bet)
Seat 6: LuckyShikari (small blind) folded before Flop



PokerStars Hand #254692629382:  Hold'em No Limit ($0.50/$1.00 USD) - 2025/02/03 20:48:03 WET [2025/02/03 15:48:03 ET]
Table 'Hammonia II' 6-max Seat #6 is the button
Seat 3: xxxZeka ($100 in chips) is sitting out
Seat 1: easy_sarcasm ($103.96 in chips) 
Seat 2: coeeeelho ($109.29 in chips) 
Seat 4: frankie31404 ($123.80 in chips) 
Seat 5: michasia ($106.12 in chips) 
Seat 6: LuckyShikari ($100 in chips) 
easy_sarcasm: posts small blind $0.50
coeeeelho: posts big blind $1
xxxZeka: sits out 
*** HOLE CARDS ***
frankie31404: folds 
michasia: raises $1.80 to $2.80
LuckyShikari: calls $2.80
easy_sarcasm: folds 
coeeeelho: folds 
*** FLOP *** [3c 9h 6c]
michasia: checks 
LuckyShikari: bets $1.70
michasia: folds 
Uncalled bet ($1.70) returned to LuckyShikari
LuckyShikari collected $6.74 from pot
LuckyShikari: doesn't show hand 
*** SUMMARY ***
Total pot $7.10 | Rake $0.36 
Board [3c 9h 6c]
Seat 3: xxxZeka
Seat 1: easy_sarcasm (small blind) folded before Flop
Seat 2: coeeeelho (big blind) folded before Flop
Seat 4: frankie31404 folded before Flop (didn't bet)
Seat 5: michasia folded on the Flop
Seat 6: LuckyShikari (button) collected ($6.74)



PokerStars Hand #254692640020:  Hold'em No Limit ($0.50/$1.00 USD) - 2025/02/03 20:48:35 WET [2025/02/03 15:48:35 ET]
Table 'Hammonia II' 6-max Seat #1 is the button
Seat 1: easy_sarcasm ($103.46 in chips) 
Seat 2: coeeeelho ($108.29 in chips) 
Seat 3: xxxZeka ($100 in chips) 
Seat 4: frankie31404 ($123.80 in chips) 
Seat 5: michasia ($103.32 in chips) 
Seat 6: LuckyShikari ($103.94 in chips) 
coeeeelho: posts small blind $0.50
xxxZeka: posts big blind $1
*** HOLE CARDS ***
frankie31404: raises $1 to $2
michasia: folds 
LuckyShikari: folds 
easy_sarcasm: raises $6 to $8
coeeeelho: folds 
xxxZeka: folds 
frankie31404: calls $6
*** FLOP *** [9d Ts 8s]
frankie31404: checks 
easy_sarcasm: bets $8.48
frankie31404: calls $8.48
*** TURN *** [9d Ts 8s] [7d]
frankie31404: checks 
easy_sarcasm: checks 
*** RIVER *** [9d Ts 8s 7d] [Kc]
frankie31404: bets $18
easy_sarcasm: folds 
Uncalled bet ($18) returned to frankie31404
frankie31404 collected $32.74 from pot
*** SUMMARY ***
Total pot $34.46 | Rake $1.72 
Board [9d Ts 8s 7d Kc]
Seat 1: easy_sarcasm (button) folded on the River
Seat 2: coeeeelho (small blind) folded before Flop
Seat 3: xxxZeka (big blind) folded before Flop
Seat 4: frankie31404 collected ($32.74)
Seat 5: michasia folded before Flop (didn't bet)
Seat 6: LuckyShikari folded before Flop (didn't bet)



PokerStars Hand #254692659099:  Hold'em No Limit ($0.50/$1.00 USD) - 2025/02/03 20:49:34 WET [2025/02/03 15:49:34 ET]
Table 'Hammonia II' 6-max Seat #2 is the button
Seat 1: easy_sarcasm ($100 in chips) 
Seat 2: coeeeelho ($107.79 in chips) 
Seat 3: xxxZeka ($100 in chips) 
Seat 4: frankie31404 ($140.06 in chips) 
Seat 5: michasia ($103.32 in chips) 
Seat 6: LuckyShikari ($103.94 in chips) 
xxxZeka: posts small blind $0.50
frankie31404: posts big blind $1
*** HOLE CARDS ***
michasia: raises $1.60 to $2.60
LuckyShikari: folds 
easy_sarcasm: folds 
coeeeelho: folds 
xxxZeka: folds 
frankie31404: folds 
Uncalled bet ($1.60) returned to michasia
michasia collected $2.50 from pot
michasia: doesn't show hand 
*** SUMMARY ***
Total pot $2.50 | Rake $0 
Seat 1: easy_sarcasm folded before Flop (didn't bet)
Seat 2: coeeeelho (button) folded before Flop (didn't bet)
Seat 3: xxxZeka (small blind) folded before Flop
Seat 4: frankie31404 (big blind) folded before Flop
Seat 5: michasia collected ($2.50)
Seat 6: LuckyShikari folded before Flop (didn't bet)



PokerStars Hand #254692668983:  Hold'em No Limit ($0.50/$1.00 USD) - 2025/02/03 20:50:05 WET [2025/02/03 15:50:05 ET]
Table 'Hammonia II' 6-max Seat #3 is the button
Seat 5: michasia ($104.82 in chips) is sitting out
Seat 1: easy_sarcasm ($100 in chips) 
Seat 2: coeeeelho ($107.79 in chips) 
Seat 3: xxxZeka ($100 in chips) 
Seat 4: frankie31404 ($139.06 in chips) 
Seat 6: LuckyShikari ($103.94 in chips) 
frankie31404: posts small blind $0.50
michasia: is sitting out 
LuckyShikari: posts big blind $1
*** HOLE CARDS ***
easy_sarcasm: folds 
coeeeelho: raises $1.20 to $2.20
michasia leaves the table
xxxZeka: raises $5.80 to $8
frankie31404: folds 
z00mba joins the table at seat #5 
LuckyShikari: folds 
coeeeelho: folds 
Uncalled bet ($5.80) returned to xxxZeka
xxxZeka collected $5.90 from pot
xxxZeka: doesn't show hand 
*** SUMMARY ***
Total pot $5.90 | Rake $0 
Seat 5: michasia
Seat 1: easy_sarcasm folded before Flop (didn't bet)
Seat 2: coeeeelho folded before Flop
Seat 3: xxxZeka (button) collected ($5.90)
Seat 4: frankie31404 (small blind) folded before Flop
Seat 6: LuckyShikari (big blind) folded before Flop



PokerStars Hand #254692676428:  Hold'em No Limit ($0.50/$1.00 USD) - 2025/02/03 20:50:28 WET [2025/02/03 15:50:28 ET]
Table 'Hammonia II' 6-max Seat #4 is the button
Seat 1: easy_sarcasm ($100 in chips) is sitting out
Seat 5: z00mba ($100 in chips) is sitting out
Seat 2: coeeeelho ($105.59 in chips) 
Seat 3: xxxZeka ($103.70 in chips) 
Seat 4: frankie31404 ($138.56 in chips) 
Seat 6: LuckyShikari ($102.94 in chips) 
LuckyShikari: posts small blind $0.50
easy_sarcasm: is sitting out 
coeeeelho: posts big blind $1
*** HOLE CARDS ***
easy_sarcasm leaves the table
xxxZeka: raises $1.50 to $2.50
p0pa4poker joins the table at seat #1 
frankie31404: calls $2.50
LuckyShikari: folds 
coeeeelho: calls $1.50
*** FLOP *** [6d Js 9d]
coeeeelho: checks 
xxxZeka: bets $4
frankie31404: folds 
coeeeelho: folds 
Uncalled bet ($4) returned to xxxZeka
xxxZeka collected $7.60 from pot
xxxZeka: doesn't show hand 
*** SUMMARY ***
Total pot $8 | Rake $0.40 
Board [6d Js 9d]
Seat 1: easy_sarcasm
Seat 5: z00mba
Seat 2: coeeeelho (big blind) folded on the Flop
Seat 3: xxxZeka collected ($7.60)
Seat 4: frankie31404 (button) folded on the Flop
Seat 6: LuckyShikari (small blind) folded before Flop



PokerStars Hand #254692698512:  Hold'em No Limit ($0.50/$1.00 USD) - 2025/02/03 20:51:36 WET [2025/02/03 15:51:36 ET]
Table 'Hammonia II' 6-max Seat #6 is the button
Seat 1: p0pa4poker ($100 in chips) is sitting out
Seat 5: z00mba ($100 in chips) is sitting out
Seat 2: coeeeelho ($103.09 in chips) 
Seat 3: xxxZeka ($108.80 in chips) 
Seat 4: frankie31404 ($136.06 in chips) 
Seat 6: LuckyShikari ($102.44 in chips) 
coeeeelho: posts small blind $0.50
xxxZeka: posts big blind $1
z00mba: sits out 
*** HOLE CARDS ***
frankie31404: folds 
LuckyShikari: folds 
coeeeelho: folds 
Uncalled bet ($0.50) returned to xxxZeka
xxxZeka collected $1 from pot
xxxZeka: doesn't show hand 
*** SUMMARY ***
Total pot $1 | Rake $0 
Seat 1: p0pa4poker
Seat 5: z00mba
Seat 2: coeeeelho (small blind) folded before Flop
Seat 3: xxxZeka (big blind) collected ($1)
Seat 4: frankie31404 folded before Flop (didn't bet)
Seat 6: LuckyShikari (button) folded before Flop (didn't bet)



PokerStars Hand #254692702926:  Hold'em No Limit ($0.50/$1.00 USD) - 2025/02/03 20:51:50 WET [2025/02/03 15:51:50 ET]
Table 'Hammonia II' 6-max Seat #2 is the button
Seat 1: p0pa4poker ($100 in chips) is sitting out
Seat 5: z00mba ($100 in chips) is sitting out
Seat 2: coeeeelho ($102.59 in chips) 
Seat 3: xxxZeka ($109.30 in chips) 
Seat 4: frankie31404 ($136.06 in chips) 
Seat 6: LuckyShikari ($102.44 in chips) 
xxxZeka: posts small blind $0.50
frankie31404: posts big blind $1
z00mba: sits out 
p0pa4poker: sits out 
*** HOLE CARDS ***
LuckyShikari: folds 
coeeeelho: folds 
xxxZeka: raises $2 to $3
frankie31404: folds 
Uncalled bet ($2) returned to xxxZeka
xxxZeka collected $2 from pot
xxxZeka: doesn't show hand 
*** SUMMARY ***
Total pot $2 | Rake $0 
Seat 1: p0pa4poker
Seat 5: z00mba
Seat 2: coeeeelho (button) folded before Flop (didn't bet)
Seat 3: xxxZeka (small blind) collected ($2)
Seat 4: frankie31404 (big blind) folded before Flop
Seat 6: LuckyShikari folded before Flop (didn't bet)



PokerStars Hand #254692714127:  Hold'em No Limit ($0.50/$1.00 USD) - 2025/02/03 20:52:25 WET [2025/02/03 15:52:25 ET]
Table 'Hammonia II' 6-max Seat #3 is the button
Seat 1: p0pa4poker ($100 in chips) is sitting out
Seat 2: coeeeelho ($102.59 in chips) 
Seat 3: xxxZeka ($110.30 in chips) 
Seat 4: frankie31404 ($135.06 in chips) 
Seat 5: z00mba ($100 in chips) 
Seat 6: LuckyShikari ($102.44 in chips) 
frankie31404: posts small blind $0.50
z00mba: posts big blind $1
p0pa4poker: sits out 
*** HOLE CARDS ***
LuckyShikari: folds 
coeeeelho: raises $1.20 to $2.20
xxxZeka: folds 
frankie31404: calls $1.70
z00mba: calls $1.20
*** FLOP *** [3h Qc 9d]
frankie31404: checks 
z00mba: checks 
coeeeelho: bets $2
frankie31404: calls $2
z00mba: folds 
*** TURN *** [3h Qc 9d] [As]
frankie31404: checks 
coeeeelho: checks 
*** RIVER *** [3h Qc 9d As] [8s]
frankie31404: bets $4
coeeeelho: folds 
Uncalled bet ($4) returned to frankie31404
frankie31404 collected $10.07 from pot
*** SUMMARY ***
Total pot $10.60 | Rake $0.53 
Board [3h Qc 9d As 8s]
Seat 1: p0pa4poker
Seat 2: coeeeelho folded on the River
Seat 3: xxxZeka (button) folded before Flop (didn't bet)
Seat 4: frankie31404 (small blind) collected ($10.07)
Seat 5: z00mba (big blind) folded on the Flop
Seat 6: LuckyShikari folded before Flop (didn't bet)



PokerStars Hand #254692741764:  Hold'em No Limit ($0.50/$1.00 USD) - 2025/02/03 20:53:50 WET [2025/02/03 15:53:50 ET]
Table 'Hammonia II' 6-max Seat #4 is the button
Seat 1: p0pa4poker ($100 in chips) is sitting out
Seat 2: coeeeelho ($100 in chips) 
Seat 3: xxxZeka ($110.30 in chips) 
Seat 4: frankie31404 ($140.93 in chips) 
Seat 5: z00mba ($100 in chips) 
Seat 6: LuckyShikari ($102.44 in chips) 
z00mba: posts small blind $0.50
LuckyShikari: posts big blind $1
p0pa4poker: sits out 
*** HOLE CARDS ***
coeeeelho: folds 
xxxZeka: folds 
frankie31404: folds 
z00mba: folds 
Uncalled bet ($0.50) returned to LuckyShikari
LuckyShikari collected $1 from pot
LuckyShikari: doesn't show hand 
*** SUMMARY ***
Total pot $1 | Rake $0 
Seat 1: p0pa4poker
Seat 2: coeeeelho folded before Flop (didn't bet)
Seat 3: xxxZeka folded before Flop (didn't bet)
Seat 4: frankie31404 (button) folded before Flop (didn't bet)
Seat 5: z00mba (small blind) folded before Flop
Seat 6: LuckyShikari (big blind) collected ($1)



PokerStars Hand #254692748610:  Hold'em No Limit ($0.50/$1.00 USD) - 2025/02/03 20:54:12 WET [2025/02/03 15:54:12 ET]
Table 'Hammonia II' 6-max Seat #5 is the button
Seat 1: p0pa4poker ($100 in chips) 
Seat 2: coeeeelho ($100 in chips) 
Seat 3: xxxZeka ($110.30 in chips) 
Seat 4: frankie31404 ($140.93 in chips) 
Seat 5: z00mba ($100 in chips) 
Seat 6: LuckyShikari ($102.94 in chips) 
LuckyShikari: posts small blind $0.50
p0pa4poker: posts big blind $1
*** HOLE CARDS ***
coeeeelho: folds 
xxxZeka: folds 
frankie31404: folds 
z00mba: folds 
LuckyShikari: raises $2.50 to $3.50
p0pa4poker: folds 
Uncalled bet ($2.50) returned to LuckyShikari
LuckyShikari collected $2 from pot
LuckyShikari: doesn't show hand 
*** SUMMARY ***
Total pot $2 | Rake $0 
Seat 1: p0pa4poker (big blind) folded before Flop
Seat 2: coeeeelho folded before Flop (didn't bet)
Seat 3: xxxZeka folded before Flop (didn't bet)
Seat 4: frankie31404 folded before Flop (didn't bet)
Seat 5: z00mba (button) folded before Flop (didn't bet)
Seat 6: LuckyShikari (small blind) collected ($2)



PokerStars Hand #254692755609:  Hold'em No Limit ($0.50/$1.00 USD) - 2025/02/03 20:54:33 WET [2025/02/03 15:54:33 ET]
Table 'Hammonia II' 6-max Seat #6 is the button
Seat 1: p0pa4poker ($100 in chips) 
Seat 2: coeeeelho ($100 in chips) 
Seat 3: xxxZeka ($110.30 in chips) 
Seat 4: frankie31404 ($140.93 in chips) 
Seat 5: z00mba ($100 in chips) 
Seat 6: LuckyShikari ($103.94 in chips) 
p0pa4poker: posts small blind $0.50
coeeeelho: posts big blind $1
*** HOLE CARDS ***
xxxZeka: folds 
frankie31404: folds 
z00mba: raises $1.50 to $2.50
LuckyShikari: folds 
p0pa4poker: folds 
coeeeelho: calls $1.50
*** FLOP *** [5h 6c Ts]
coeeeelho: checks 
z00mba: bets $2.56
coeeeelho: raises $8.44 to $11
z00mba: folds 
Uncalled bet ($8.44) returned to coeeeelho
coeeeelho collected $10.09 from pot
*** SUMMARY ***
Total pot $10.62 | Rake $0.53 
Board [5h 6c Ts]
Seat 1: p0pa4poker (small blind) folded before Flop
Seat 2: coeeeelho (big blind) collected ($10.09)
Seat 3: xxxZeka folded before Flop (didn't bet)
Seat 4: frankie31404 folded before Flop (didn't bet)
Seat 5: z00mba folded on the Flop
Seat 6: LuckyShikari (button) folded before Flop (didn't bet)



PokerStars Hand #254692776257:  Hold'em No Limit ($0.50/$1.00 USD) - 2025/02/03 20:55:49 WET [2025/02/03 15:55:49 ET]
Table 'Hammonia II' 6-max Seat #1 is the button
Seat 1: p0pa4poker ($99.50 in chips) 
Seat 2: coeeeelho ($105.03 in chips) 
Seat 3: xxxZeka ($110.30 in chips) 
Seat 4: frankie31404 ($140.93 in chips) 
Seat 5: z00mba ($100 in chips) 
Seat 6: LuckyShikari ($103.94 in chips) 
coeeeelho: posts small blind $0.50
xxxZeka: posts big blind $1
*** HOLE CARDS ***
frankie31404: folds 
z00mba: folds 
LuckyShikari: raises $1.50 to $2.50
p0pa4poker: folds 
coeeeelho: raises $8.50 to $11
xxxZeka: folds 
LuckyShikari: raises $13 to $24
coeeeelho: calls $13
*** FLOP *** [Ad 7s 8d]
coeeeelho: checks 
LuckyShikari: bets $12.50
coeeeelho: folds 
Uncalled bet ($12.50) returned to LuckyShikari
LuckyShikari collected $46.55 from pot
LuckyShikari: doesn't show hand 
*** SUMMARY ***
Total pot $49 | Rake $2.45 
Board [Ad 7s 8d]
Seat 1: p0pa4poker (button) folded before Flop (didn't bet)
Seat 2: coeeeelho (small blind) folded on the Flop
Seat 3: xxxZeka (big blind) folded before Flop
Seat 4: frankie31404 folded before Flop (didn't bet)
Seat 5: z00mba folded before Flop (didn't bet)
Seat 6: LuckyShikari collected ($46.55)



PokerStars Hand #254692785456:  Hold'em No Limit ($0.50/$1.00 USD) - 2025/02/03 20:56:31 WET [2025/02/03 15:56:31 ET]
Table 'Hammonia II' 6-max Seat #2 is the button
Seat 1: p0pa4poker ($99.50 in chips) 
Seat 2: coeeeelho ($100 in chips) 
Seat 3: xxxZeka ($109.30 in chips) 
Seat 4: frankie31404 ($140.93 in chips) 
Seat 5: z00mba ($100 in chips) 
Seat 6: LuckyShikari ($126.49 in chips) 
xxxZeka: posts small blind $0.50
frankie31404: posts big blind $1
*** HOLE CARDS ***
z00mba: folds 
LuckyShikari: raises $1.50 to $2.50
p0pa4poker: folds 
coeeeelho: folds 
xxxZeka: raises $8.50 to $11
frankie31404: folds 
LuckyShikari: raises $13 to $24
xxxZeka: calls $13
*** FLOP *** [5h 3s Kd]
xxxZeka: checks 
LuckyShikari: bets $12
xxxZeka: calls $12
*** TURN *** [5h 3s Kd] [Jh]
xxxZeka: checks 
LuckyShikari: checks 
*** RIVER *** [5h 3s Kd Jh] [Ts]
xxxZeka: checks 
LuckyShikari: checks 
*** SHOW DOWN ***
xxxZeka: shows [Kc As] (a pair of Kings)
LuckyShikari: mucks hand 
xxxZeka collected $70.50 from pot
*** SUMMARY ***
Total pot $73 | Rake $2.50 
Board [5h 3s Kd Jh Ts]
Seat 1: p0pa4poker folded before Flop (didn't bet)
Seat 2: coeeeelho (button) folded before Flop (didn't bet)
Seat 3: xxxZeka (small blind) showed [Kc As] and won ($70.50) with a pair of Kings
Seat 4: frankie31404 (big blind) folded before Flop
Seat 5: z00mba folded before Flop (didn't bet)
Seat 6: LuckyShikari mucked



PokerStars Hand #254692807538:  Hold'em No Limit ($0.50/$1.00 USD) - 2025/02/03 20:58:11 WET [2025/02/03 15:58:11 ET]
Table 'Hammonia II' 6-max Seat #3 is the button
Seat 5: z00mba ($100 in chips) is sitting out
Seat 1: p0pa4poker ($99.50 in chips) 
Seat 2: coeeeelho ($100 in chips) 
Seat 3: xxxZeka ($143.80 in chips) 
Seat 4: frankie31404 ($139.93 in chips) 
Seat 6: LuckyShikari ($100 in chips) 
frankie31404: posts small blind $0.50
z00mba: is sitting out 
LuckyShikari: posts big blind $1
*** HOLE CARDS ***
p0pa4poker: folds 
coeeeelho: raises $1.20 to $2.20
xxxZeka: folds 
z00mba leaves the table
frankie31404: calls $1.70
LuckyShikari: folds 
*** FLOP *** [8d 2h 9h]
Mr_Dick666 joins the table at seat #5 
frankie31404: checks 
coeeeelho: checks 
*** TURN *** [8d 2h 9h] [Jd]
frankie31404: bets $3
coeeeelho: folds 
Uncalled bet ($3) returned to frankie31404
frankie31404 collected $5.13 from pot
*** SUMMARY ***
Total pot $5.40 | Rake $0.27 
Board [8d 2h 9h Jd]
Seat 5: z00mba
Seat 1: p0pa4poker folded before Flop (didn't bet)
Seat 2: coeeeelho folded on the Turn
Seat 3: xxxZeka (button) folded before Flop (didn't bet)
Seat 4: frankie31404 (small blind) collected ($5.13)
Seat 6: LuckyShikari (big blind) folded before Flop



PokerStars Hand #254692822608:  Hold'em No Limit ($0.50/$1.00 USD) - 2025/02/03 20:59:19 WET [2025/02/03 15:59:19 ET]
Table 'Hammonia II' 6-max Seat #4 is the button
Seat 5: Mr_Dick666 ($100 in chips) is sitting out
Seat 1: p0pa4poker ($99.50 in chips) 
Seat 2: coeeeelho ($100 in chips) 
Seat 3: xxxZeka ($143.80 in chips) 
Seat 4: frankie31404 ($142.86 in chips) 
Seat 6: LuckyShikari ($100 in chips) 
LuckyShikari: posts small blind $0.50
p0pa4poker: posts big blind $1
*** HOLE CARDS ***
coeeeelho: folds 
xxxZeka: folds 
frankie31404: folds 
xxxZeka leaves the table
LuckyShikari: raises $2.50 to $3.50
p0pa4poker: raises $6.50 to $10
LuckyShikari: folds 
Uncalled bet ($6.50) returned to p0pa4poker
p0pa4poker collected $7 from pot
p0pa4poker: doesn't show hand 
*** SUMMARY ***
Total pot $7 | Rake $0 
Seat 5: Mr_Dick666
Seat 1: p0pa4poker (big blind) collected ($7)
Seat 2: coeeeelho folded before Flop (didn't bet)
Seat 3: xxxZeka folded before Flop (didn't bet)
Seat 4: frankie31404 (button) folded before Flop (didn't bet)
Seat 6: LuckyShikari (small blind) folded before Flop



PokerStars Hand #254692829178:  Hold'em No Limit ($0.50/$1.00 USD) - 2025/02/03 20:59:49 WET [2025/02/03 15:59:49 ET]
Table 'Hammonia II' 6-max Seat #6 is the button
Seat 5: Mr_Dick666 ($100 in chips) is sitting out
Seat 1: p0pa4poker ($103 in chips) 
Seat 2: coeeeelho ($100 in chips) 
Seat 4: frankie31404 ($142.86 in chips) 
Seat 6: LuckyShikari ($100 in chips) 
p0pa4poker: posts small blind $0.50
coeeeelho: posts big blind $1
Mr_Dick666: sits out 
*** HOLE CARDS ***
frankie31404: raises $2 to $3
LuckyShikari: folds 
p0pa4poker: folds 
coeeeelho: folds 
Uncalled bet ($2) returned to frankie31404
frankie31404 collected $2.50 from pot
*** SUMMARY ***
Total pot $2.50 | Rake $0 
Seat 5: Mr_Dick666
Seat 1: p0pa4poker (small blind) folded before Flop
Seat 2: coeeeelho (big blind) folded before Flop
Seat 4: frankie31404 collected ($2.50)
Seat 6: LuckyShikari (button) folded before Flop (didn't bet)



PokerStars Hand #254692833575:  Hold'em No Limit ($0.50/$1.00 USD) - 2025/02/03 21:00:07 WET [2025/02/03 16:00:07 ET]
Table 'Hammonia II' 6-max Seat #1 is the button
Seat 5: Mr_Dick666 ($100 in chips) is sitting out
Seat 1: p0pa4poker ($102.50 in chips) 
Seat 2: coeeeelho ($100 in chips) 
Seat 4: frankie31404 ($144.36 in chips) 
Seat 6: LuckyShikari ($100 in chips) 
coeeeelho: posts small blind $0.50
frankie31404: posts big blind $1
Mr_Dick666: sits out 
*** HOLE CARDS ***
LuckyShikari: folds 
IREQO joins the table at seat #3 
p0pa4poker: raises $1.50 to $2.50
coeeeelho: folds 
frankie31404: folds 
Uncalled bet ($1.50) returned to p0pa4poker
p0pa4poker collected $2.50 from pot
p0pa4poker: doesn't show hand 
*** SUMMARY ***
Total pot $2.50 | Rake $0 
Seat 5: Mr_Dick666
Seat 1: p0pa4poker (button) collected ($2.50)
Seat 2: coeeeelho (small blind) folded before Flop
Seat 4: frankie31404 (big blind) folded before Flop
Seat 6: LuckyShikari folded before Flop (didn't bet)



PokerStars Hand #254692837340:  Hold'em No Limit ($0.50/$1.00 USD) - 2025/02/03 21:00:23 WET [2025/02/03 16:00:23 ET]
Table 'Hammonia II' 6-max Seat #2 is the button
Seat 3: IREQO ($51.26 in chips) is sitting out
Seat 1: p0pa4poker ($104 in chips) 
Seat 2: coeeeelho ($100 in chips) 
Seat 4: frankie31404 ($143.36 in chips) 
Seat 5: Mr_Dick666 ($100 in chips) 
Seat 6: LuckyShikari ($100 in chips) 
frankie31404: posts small blind $0.50
Mr_Dick666: posts big blind $1
*** HOLE CARDS ***
LuckyShikari: folds 
p0pa4poker has timed out
p0pa4poker: folds 
coeeeelho: raises $1.20 to $2.20
frankie31404: folds 
Mr_Dick666: calls $1.20
*** FLOP *** [Kh 3c Jc]
Mr_Dick666: checks 
coeeeelho: checks 
*** TURN *** [Kh 3c Jc] [Ts]
Mr_Dick666: bets $3.50
coeeeelho: folds 
Uncalled bet ($3.50) returned to Mr_Dick666
Mr_Dick666 collected $4.66 from pot
Mr_Dick666: doesn't show hand 
*** SUMMARY ***
Total pot $4.90 | Rake $0.24 
Board [Kh 3c Jc Ts]
Seat 3: IREQO
Seat 1: p0pa4poker folded before Flop (didn't bet)
Seat 2: coeeeelho (button) folded on the Turn
Seat 4: frankie31404 (small blind) folded before Flop
Seat 5: Mr_Dick666 (big blind) collected ($4.66)
Seat 6: LuckyShikari folded before Flop (didn't bet)



PokerStars Hand #254692854285:  Hold'em No Limit ($0.50/$1.00 USD) - 2025/02/03 21:01:28 WET [2025/02/03 16:01:28 ET]
Table 'Hammonia II' 6-max Seat #4 is the button
Seat 3: IREQO ($51.26 in chips) is sitting out
Seat 1: p0pa4poker ($104 in chips) 
Seat 2: coeeeelho ($100 in chips) 
Seat 4: frankie31404 ($142.86 in chips) 
Seat 5: Mr_Dick666 ($102.46 in chips) 
Seat 6: LuckyShikari ($100 in chips) 
Mr_Dick666: posts small blind $0.50
LuckyShikari: posts big blind $1
IREQO: sits out 
*** HOLE CARDS ***
p0pa4poker: folds 
coeeeelho: folds 
frankie31404: folds 
Mr_Dick666: folds 
Uncalled bet ($0.50) returned to LuckyShikari
LuckyShikari collected $1 from pot
LuckyShikari: doesn't show hand 
*** SUMMARY ***
Total pot $1 | Rake $0 
Seat 3: IREQO
Seat 1: p0pa4poker folded before Flop (didn't bet)
Seat 2: coeeeelho folded before Flop (didn't bet)
Seat 4: frankie31404 (button) folded before Flop (didn't bet)
Seat 5: Mr_Dick666 (small blind) folded before Flop
Seat 6: LuckyShikari (big blind) collected ($1)



PokerStars Hand #254692864111:  Hold'em No Limit ($0.50/$1.00 USD) - 2025/02/03 21:02:01 WET [2025/02/03 16:02:01 ET]
Table 'Hammonia II' 6-max Seat #5 is the button
Seat 3: IREQO ($51.26 in chips) is sitting out
Seat 1: p0pa4poker ($104 in chips) 
Seat 2: coeeeelho ($100 in chips) 
Seat 4: frankie31404 ($142.86 in chips) 
Seat 5: Mr_Dick666 ($101.96 in chips) 
Seat 6: LuckyShikari ($100.50 in chips) 
LuckyShikari: posts small blind $0.50
p0pa4poker: posts big blind $1
IREQO: sits out 
*** HOLE CARDS ***
coeeeelho: folds 
frankie31404: folds 
Mr_Dick666: folds 
LuckyShikari: raises $1.50 to $2.50
p0pa4poker: folds 
Uncalled bet ($1.50) returned to LuckyShikari
LuckyShikari collected $2 from pot
LuckyShikari: doesn't show hand 
*** SUMMARY ***
Total pot $2 | Rake $0 
Seat 3: IREQO
Seat 1: p0pa4poker (big blind) folded before Flop
Seat 2: coeeeelho folded before Flop (didn't bet)
Seat 4: frankie31404 folded before Flop (didn't bet)
Seat 5: Mr_Dick666 (button) folded before Flop (didn't bet)
Seat 6: LuckyShikari (small blind) collected ($2)



PokerStars Hand #254692870472:  Hold'em No Limit ($0.50/$1.00 USD) - 2025/02/03 21:02:21 WET [2025/02/03 16:02:21 ET]
Table 'Hammonia II' 6-max Seat #6 is the button
Seat 3: IREQO ($51.26 in chips) is sitting out
Seat 1: p0pa4poker ($103 in chips) 
Seat 2: coeeeelho ($100 in chips) 
Seat 4: frankie31404 ($142.86 in chips) 
Seat 5: Mr_Dick666 ($101.96 in chips) 
Seat 6: LuckyShikari ($101.50 in chips) 
p0pa4poker: posts small blind $0.50
coeeeelho: posts big blind $1
IREQO: sits out 
*** HOLE CARDS ***
frankie31404: calls $1
Mr_Dick666: raises $3 to $4
LuckyShikari: raises $6 to $10
p0pa4poker: folds 
coeeeelho: folds 
frankie31404: folds 
Mr_Dick666: folds 
Uncalled bet ($6) returned to LuckyShikari
LuckyShikari collected $10.50 from pot
LuckyShikari: doesn't show hand 
*** SUMMARY ***
Total pot $10.50 | Rake $0 
Seat 3: IREQO
Seat 1: p0pa4poker (small blind) folded before Flop
Seat 2: coeeeelho (big blind) folded before Flop
Seat 4: frankie31404 folded before Flop
Seat 5: Mr_Dick666 folded before Flop
Seat 6: LuckyShikari (button) collected ($10.50)



PokerStars Hand #254692880513:  Hold'em No Limit ($0.50/$1.00 USD) - 2025/02/03 21:02:54 WET [2025/02/03 16:02:54 ET]
Table 'Hammonia II' 6-max Seat #1 is the button
Seat 1: p0pa4poker ($102.50 in chips) 
Seat 2: coeeeelho ($100 in chips) 
Seat 3: IREQO ($51.26 in chips) 
Seat 4: frankie31404 ($141.86 in chips) 
Seat 5: Mr_Dick666 ($100 in chips) 
Seat 6: LuckyShikari ($108 in chips) 
coeeeelho: posts small blind $0.50
IREQO: posts big blind $1
*** HOLE CARDS ***
frankie31404: folds 
Mr_Dick666: raises $1 to $2
LuckyShikari: folds 
p0pa4poker: folds 
coeeeelho: folds 
IREQO: folds 
Uncalled bet ($1) returned to Mr_Dick666
Mr_Dick666 collected $2.50 from pot
Mr_Dick666: doesn't show hand 
*** SUMMARY ***
Total pot $2.50 | Rake $0 
Seat 1: p0pa4poker (button) folded before Flop (didn't bet)
Seat 2: coeeeelho (small blind) folded before Flop
Seat 3: IREQO (big blind) folded before Flop
Seat 4: frankie31404 folded before Flop (didn't bet)
Seat 5: Mr_Dick666 collected ($2.50)
Seat 6: LuckyShikari folded before Flop (didn't bet)



PokerStars Hand #254692886412:  Hold'em No Limit ($0.50/$1.00 USD) - 2025/02/03 21:03:12 WET [2025/02/03 16:03:12 ET]
Table 'Hammonia II' 6-max Seat #2 is the button
Seat 1: p0pa4poker ($102.50 in chips) 
Seat 2: coeeeelho ($100 in chips) 
Seat 3: IREQO ($50.26 in chips) 
Seat 4: frankie31404 ($141.86 in chips) 
Seat 5: Mr_Dick666 ($101.50 in chips) 
Seat 6: LuckyShikari ($108 in chips) 
IREQO: posts small blind $0.50
frankie31404: posts big blind $1
*** HOLE CARDS ***
Mr_Dick666: folds 
LuckyShikari: folds 
p0pa4poker: folds 
coeeeelho: folds 
IREQO: folds 
Uncalled bet ($0.50) returned to frankie31404
frankie31404 collected $1 from pot
*** SUMMARY ***
Total pot $1 | Rake $0 
Seat 1: p0pa4poker folded before Flop (didn't bet)
Seat 2: coeeeelho (button) folded before Flop (didn't bet)
Seat 3: IREQO (small blind) folded before Flop
Seat 4: frankie31404 (big blind) collected ($1)
Seat 5: Mr_Dick666 folded before Flop (didn't bet)
Seat 6: LuckyShikari folded before Flop (didn't bet)



PokerStars Hand #254692892617:  Hold'em No Limit ($0.50/$1.00 USD) - 2025/02/03 21:03:32 WET [2025/02/03 16:03:32 ET]
Table 'Hammonia II' 6-max Seat #3 is the button
Seat 1: p0pa4poker ($102.50 in chips) 
Seat 2: coeeeelho ($100 in chips) 
Seat 3: IREQO ($49.76 in chips) 
Seat 4: frankie31404 ($142.36 in chips) 
Seat 5: Mr_Dick666 ($101.50 in chips) 
Seat 6: LuckyShikari ($108 in chips) 
frankie31404: posts small blind $0.50
Mr_Dick666: posts big blind $1
*** HOLE CARDS ***
LuckyShikari: folds 
p0pa4poker: folds 
coeeeelho: folds 
IREQO: folds 
frankie31404: folds 
Uncalled bet ($0.50) returned to Mr_Dick666
Mr_Dick666 collected $1 from pot
Mr_Dick666: doesn't show hand 
*** SUMMARY ***
Total pot $1 | Rake $0 
Seat 1: p0pa4poker folded before Flop (didn't bet)
Seat 2: coeeeelho folded before Flop (didn't bet)
Seat 3: IREQO (button) folded before Flop (didn't bet)
Seat 4: frankie31404 (small blind) folded before Flop
Seat 5: Mr_Dick666 (big blind) collected ($1)
Seat 6: LuckyShikari folded before Flop (didn't bet)



PokerStars Hand #254692903826:  Hold'em No Limit ($0.50/$1.00 USD) - 2025/02/03 21:04:05 WET [2025/02/03 16:04:05 ET]
Table 'Hammonia II' 6-max Seat #4 is the button
Seat 1: p0pa4poker ($102.50 in chips) 
Seat 2: coeeeelho ($100 in chips) 
Seat 3: IREQO ($49.76 in chips) 
Seat 4: frankie31404 ($141.86 in chips) 
Seat 5: Mr_Dick666 ($102 in chips) 
Seat 6: LuckyShikari ($108 in chips) 
Mr_Dick666: posts small blind $0.50
LuckyShikari: posts big blind $1
*** HOLE CARDS ***
p0pa4poker: folds 
coeeeelho: raises $1.20 to $2.20
IREQO: folds 
frankie31404: folds 
Mr_Dick666: folds 
LuckyShikari: folds 
Uncalled bet ($1.20) returned to coeeeelho
coeeeelho collected $2.50 from pot
*** SUMMARY ***
Total pot $2.50 | Rake $0 
Seat 1: p0pa4poker folded before Flop (didn't bet)
Seat 2: coeeeelho collected ($2.50)
Seat 3: IREQO folded before Flop (didn't bet)
Seat 4: frankie31404 (button) folded before Flop (didn't bet)
Seat 5: Mr_Dick666 (small blind) folded before Flop
Seat 6: LuckyShikari (big blind) folded before Flop



PokerStars Hand #254692912172:  Hold'em No Limit ($0.50/$1.00 USD) - 2025/02/03 21:04:31 WET [2025/02/03 16:04:31 ET]
Table 'Hammonia II' 6-max Seat #5 is the button
Seat 1: p0pa4poker ($102.50 in chips) 
Seat 2: coeeeelho ($101.50 in chips) 
Seat 3: IREQO ($49.76 in chips) 
Seat 4: frankie31404 ($141.86 in chips) 
Seat 5: Mr_Dick666 ($101.50 in chips) 
Seat 6: LuckyShikari ($107 in chips) 
LuckyShikari: posts small blind $0.50
p0pa4poker: posts big blind $1
*** HOLE CARDS ***
coeeeelho: folds 
IREQO: folds 
frankie31404: folds 
Mr_Dick666: folds 
LuckyShikari: raises $2.50 to $3.50
p0pa4poker: folds 
Uncalled bet ($2.50) returned to LuckyShikari
LuckyShikari collected $2 from pot
LuckyShikari: doesn't show hand 
*** SUMMARY ***
Total pot $2 | Rake $0 
Seat 1: p0pa4poker (big blind) folded before Flop
Seat 2: coeeeelho folded before Flop (didn't bet)
Seat 3: IREQO folded before Flop (didn't bet)
Seat 4: frankie31404 folded before Flop (didn't bet)
Seat 5: Mr_Dick666 (button) folded before Flop (didn't bet)
Seat 6: LuckyShikari (small blind) collected ($2)



PokerStars Hand #254692918818:  Hold'em No Limit ($0.50/$1.00 USD) - 2025/02/03 21:04:52 WET [2025/02/03 16:04:52 ET]
Table 'Hammonia II' 6-max Seat #6 is the button
Seat 1: p0pa4poker ($101.50 in chips) 
Seat 2: coeeeelho ($101.50 in chips) 
Seat 3: IREQO ($49.76 in chips) 
Seat 4: frankie31404 ($141.86 in chips) 
Seat 5: Mr_Dick666 ($101.50 in chips) 
Seat 6: LuckyShikari ($108 in chips) 
p0pa4poker: posts small blind $0.50
coeeeelho: posts big blind $1
*** HOLE CARDS ***
IREQO: folds 
IREQO is disconnected 
frankie31404: folds 
Mr_Dick666: folds 
LuckyShikari: raises $1.25 to $2.25
p0pa4poker: raises $8.75 to $11
coeeeelho: folds 
LuckyShikari: folds 
Uncalled bet ($8.75) returned to p0pa4poker
p0pa4poker collected $5.50 from pot
p0pa4poker: doesn't show hand 
*** SUMMARY ***
Total pot $5.50 | Rake $0 
Seat 1: p0pa4poker (small blind) collected ($5.50)
Seat 2: coeeeelho (big blind) folded before Flop
Seat 3: IREQO folded before Flop (didn't bet)
Seat 4: frankie31404 folded before Flop (didn't bet)
Seat 5: Mr_Dick666 folded before Flop (didn't bet)
Seat 6: LuckyShikari (button) folded before Flop



PokerStars Hand #254692930069:  Hold'em No Limit ($0.50/$1.00 USD) - 2025/02/03 21:05:26 WET [2025/02/03 16:05:26 ET]
Table 'Hammonia II' 6-max Seat #1 is the button
Seat 3: IREQO ($49.76 in chips) is sitting out
Seat 1: p0pa4poker ($104.75 in chips) 
Seat 2: coeeeelho ($100.50 in chips) 
Seat 4: frankie31404 ($141.86 in chips) 
Seat 5: Mr_Dick666 ($101.50 in chips) 
Seat 6: LuckyShikari ($105.75 in chips) 
coeeeelho: posts small blind $0.50
IREQO has timed out while disconnected
IREQO: is sitting out 
frankie31404: posts big blind $1
*** HOLE CARDS ***
Mr_Dick666: raises $1.50 to $2.50
LuckyShikari: folds 
p0pa4poker: folds 
coeeeelho: folds 
frankie31404: calls $1.50
*** FLOP *** [9s 5d As]
frankie31404: checks 
Mr_Dick666: bets $1.72
frankie31404: calls $1.72
*** TURN *** [9s 5d As] [Js]
frankie31404: checks 
Mr_Dick666: checks 
*** RIVER *** [9s 5d As Js] [Ks]
frankie31404: bets $4
Mr_Dick666: calls $4
*** SHOW DOWN ***
frankie31404: shows [8d 6d] (high card Ace)
Mr_Dick666: shows [Ts Ah] (a flush, Ace high)
Mr_Dick666 collected $16.09 from pot
*** SUMMARY ***
Total pot $16.94 | Rake $0.85 
Board [9s 5d As Js Ks]
Seat 3: IREQO
Seat 1: p0pa4poker (button) folded before Flop (didn't bet)
Seat 2: coeeeelho (small blind) folded before Flop
Seat 4: frankie31404 (big blind) showed [8d 6d] and lost with high card Ace
Seat 5: Mr_Dick666 showed [Ts Ah] and won ($16.09) with a flush, Ace high
Seat 6: LuckyShikari folded before Flop (didn't bet)



PokerStars Hand #254692951899:  Hold'em No Limit ($0.50/$1.00 USD) - 2025/02/03 21:06:34 WET [2025/02/03 16:06:34 ET]
Table 'Hammonia II' 6-max Seat #2 is the button
Seat 3: IREQO ($49.76 in chips) is sitting out
Seat 1: p0pa4poker ($104.75 in chips) 
Seat 2: coeeeelho ($100 in chips) 
Seat 4: frankie31404 ($133.64 in chips) 
Seat 5: Mr_Dick666 ($109.37 in chips) 
Seat 6: LuckyShikari ($105.75 in chips) 
frankie31404: posts small blind $0.50
Mr_Dick666: posts big blind $1
*** HOLE CARDS ***
LuckyShikari: folds 
p0pa4poker: folds 
coeeeelho: raises $1.20 to $2.20
frankie31404: folds 
Mr_Dick666: folds 
Uncalled bet ($1.20) returned to coeeeelho
coeeeelho collected $2.50 from pot
*** SUMMARY ***
Total pot $2.50 | Rake $0 
Seat 3: IREQO
Seat 1: p0pa4poker folded before Flop (didn't bet)
Seat 2: coeeeelho (button) collected ($2.50)
Seat 4: frankie31404 (small blind) folded before Flop
Seat 5: Mr_Dick666 (big blind) folded before Flop
Seat 6: LuckyShikari folded before Flop (didn't bet)



PokerStars Hand #254692957302:  Hold'em No Limit ($0.50/$1.00 USD) - 2025/02/03 21:06:50 WET [2025/02/03 16:06:50 ET]
Table 'Hammonia II' 6-max Seat #4 is the button
Seat 3: IREQO ($49.76 in chips) is sitting out
Seat 1: p0pa4poker ($104.75 in chips) 
Seat 2: coeeeelho ($101.50 in chips) 
Seat 4: frankie31404 ($133.14 in chips) 
Seat 5: Mr_Dick666 ($108.37 in chips) 
Seat 6: LuckyShikari ($105.75 in chips) 
Mr_Dick666: posts small blind $0.50
LuckyShikari: posts big blind $1
*** HOLE CARDS ***
p0pa4poker: raises $1 to $2
coeeeelho: folds 
frankie31404: folds 
Mr_Dick666: folds 
LuckyShikari: folds 
Uncalled bet ($1) returned to p0pa4poker
p0pa4poker collected $2.50 from pot
p0pa4poker: doesn't show hand 
*** SUMMARY ***
Total pot $2.50 | Rake $0 
Seat 3: IREQO
Seat 1: p0pa4poker collected ($2.50)
Seat 2: coeeeelho folded before Flop (didn't bet)
Seat 4: frankie31404 (button) folded before Flop (didn't bet)
Seat 5: Mr_Dick666 (small blind) folded before Flop
Seat 6: LuckyShikari (big blind) folded before Flop



PokerStars Hand #254692967335:  Hold'em No Limit ($0.50/$1.00 USD) - 2025/02/03 21:07:21 WET [2025/02/03 16:07:21 ET]
Table 'Hammonia II' 6-max Seat #5 is the button
Seat 3: IREQO ($49.76 in chips) is sitting out
Seat 1: p0pa4poker ($106.25 in chips) 
Seat 2: coeeeelho ($101.50 in chips) 
Seat 4: frankie31404 ($133.14 in chips) 
Seat 5: Mr_Dick666 ($107.87 in chips) 
Seat 6: LuckyShikari ($104.75 in chips) 
LuckyShikari: posts small blind $0.50
p0pa4poker: posts big blind $1
*** HOLE CARDS ***
coeeeelho: folds 
frankie31404: folds 
Mr_Dick666: raises $1.50 to $2.50
LuckyShikari: folds 
p0pa4poker: folds 
Uncalled bet ($1.50) returned to Mr_Dick666
Mr_Dick666 collected $2.50 from pot
Mr_Dick666: doesn't show hand 
*** SUMMARY ***
Total pot $2.50 | Rake $0 
Seat 3: IREQO
Seat 1: p0pa4poker (big blind) folded before Flop
Seat 2: coeeeelho folded before Flop (didn't bet)
Seat 4: frankie31404 folded before Flop (didn't bet)
Seat 5: Mr_Dick666 (button) collected ($2.50)
Seat 6: LuckyShikari (small blind) folded before Flop



PokerStars Hand #254692973335:  Hold'em No Limit ($0.50/$1.00 USD) - 2025/02/03 21:07:39 WET [2025/02/03 16:07:39 ET]
Table 'Hammonia II' 6-max Seat #6 is the button
Seat 3: IREQO ($49.76 in chips) is sitting out
Seat 1: p0pa4poker ($105.25 in chips) 
Seat 2: coeeeelho ($101.50 in chips) 
Seat 4: frankie31404 ($133.14 in chips) 
Seat 5: Mr_Dick666 ($109.37 in chips) 
Seat 6: LuckyShikari ($104.25 in chips) 
p0pa4poker: posts small blind $0.50
coeeeelho: posts big blind $1
*** HOLE CARDS ***
frankie31404: folds 
Mr_Dick666: raises $1.50 to $2.50
LuckyShikari: folds 
p0pa4poker: folds 
coeeeelho: folds 
Uncalled bet ($1.50) returned to Mr_Dick666
Mr_Dick666 collected $2.50 from pot
Mr_Dick666: doesn't show hand 
*** SUMMARY ***
Total pot $2.50 | Rake $0 
Seat 3: IREQO
Seat 1: p0pa4poker (small blind) folded before Flop
Seat 2: coeeeelho (big blind) folded before Flop
Seat 4: frankie31404 folded before Flop (didn't bet)
Seat 5: Mr_Dick666 collected ($2.50)
Seat 6: LuckyShikari (button) folded before Flop (didn't bet)



PokerStars Hand #254692980046:  Hold'em No Limit ($0.50/$1.00 USD) - 2025/02/03 21:08:00 WET [2025/02/03 16:08:00 ET]
Table 'Hammonia II' 6-max Seat #1 is the button
Seat 3: IREQO ($49.76 in chips) is sitting out
Seat 1: p0pa4poker ($104.75 in chips) 
Seat 2: coeeeelho ($100.50 in chips) 
Seat 4: frankie31404 ($133.14 in chips) 
Seat 5: Mr_Dick666 ($110.87 in chips) 
Seat 6: LuckyShikari ($104.25 in chips) 
coeeeelho: posts small blind $0.50
frankie31404: posts big blind $1
*** HOLE CARDS ***
Mr_Dick666: folds 
LuckyShikari: folds 
p0pa4poker: raises $1.50 to $2.50
coeeeelho: folds 
frankie31404: calls $1.50
*** FLOP *** [Jh Ah Js]
frankie31404: checks 
p0pa4poker: bets $1.72
frankie31404: calls $1.72
*** TURN *** [Jh Ah Js] [Qs]
frankie31404: checks 
p0pa4poker: bets $2.80
frankie31404: calls $2.80
*** RIVER *** [Jh Ah Js Qs] [7c]
frankie31404: checks 
p0pa4poker: checks 
*** SHOW DOWN ***
frankie31404: shows [2h 7h] (two pair, Jacks and Sevens)
p0pa4poker: shows [Qh 5h] (two pair, Queens and Jacks)
p0pa4poker collected $13.81 from pot
*** SUMMARY ***
Total pot $14.54 | Rake $0.73 
Board [Jh Ah Js Qs 7c]
Seat 3: IREQO
Seat 1: p0pa4poker (button) showed [Qh 5h] and won ($13.81) with two pair, Queens and Jacks
Seat 2: coeeeelho (small blind) folded before Flop
Seat 4: frankie31404 (big blind) showed [2h 7h] and lost with two pair, Jacks and Sevens
Seat 5: Mr_Dick666 folded before Flop (didn't bet)
Seat 6: LuckyShikari folded before Flop (didn't bet)



PokerStars Hand #254693003321:  Hold'em No Limit ($0.50/$1.00 USD) - 2025/02/03 21:09:13 WET [2025/02/03 16:09:13 ET]
Table 'Hammonia II' 6-max Seat #2 is the button
Seat 3: IREQO ($49.76 in chips) is sitting out
Seat 1: p0pa4poker ($111.54 in chips) 
Seat 2: coeeeelho ($100 in chips) 
Seat 4: frankie31404 ($126.12 in chips) 
Seat 5: Mr_Dick666 ($110.87 in chips) 
Seat 6: LuckyShikari ($104.25 in chips) 
frankie31404: posts small blind $0.50
Mr_Dick666: posts big blind $1
*** HOLE CARDS ***
LuckyShikari: folds 
p0pa4poker: raises $1.30 to $2.30
coeeeelho: folds 
frankie31404: folds 
Mr_Dick666: calls $1.30
*** FLOP *** [As 9s Ah]
Mr_Dick666: checks 
p0pa4poker: bets $1.60
Mr_Dick666: raises $4.90 to $6.50
p0pa4poker: calls $4.90
*** TURN *** [As 9s Ah] [5h]
Mr_Dick666: bets $6.88
p0pa4poker: calls $6.88
*** RIVER *** [As 9s Ah 5h] [7s]
Mr_Dick666: bets $9.99
p0pa4poker: calls $9.99
*** SHOW DOWN ***
Mr_Dick666: shows [Jd Ac] (three of a kind, Aces)
p0pa4poker: shows [Ks Qs] (a flush, Ace high)
p0pa4poker collected $49.34 from pot
*** SUMMARY ***
Total pot $51.84 | Rake $2.50 
Board [As 9s Ah 5h 7s]
Seat 3: IREQO
Seat 1: p0pa4poker showed [Ks Qs] and won ($49.34) with a flush, Ace high
Seat 2: coeeeelho (button) folded before Flop (didn't bet)
Seat 4: frankie31404 (small blind) folded before Flop
Seat 5: Mr_Dick666 (big blind) showed [Jd Ac] and lost with three of a kind, Aces
Seat 6: LuckyShikari folded before Flop (didn't bet)



PokerStars Hand #254693026631:  Hold'em No Limit ($0.50/$1.00 USD) - 2025/02/03 21:10:24 WET [2025/02/03 16:10:24 ET]
Table 'Hammonia II' 6-max Seat #4 is the button
Seat 3: IREQO ($49.76 in chips) is sitting out
Seat 1: p0pa4poker ($135.21 in chips) 
Seat 2: coeeeelho ($100 in chips) 
Seat 4: frankie31404 ($125.62 in chips) 
Seat 5: Mr_Dick666 ($100 in chips) 
Seat 6: LuckyShikari ($104.25 in chips) 
Mr_Dick666: posts small blind $0.50
LuckyShikari: posts big blind $1
*** HOLE CARDS ***
p0pa4poker: raises $1 to $2
coeeeelho: raises $5.50 to $7.50
frankie31404: calls $7.50
Mr_Dick666: folds 
LuckyShikari: folds 
p0pa4poker: calls $5.50
*** FLOP *** [Jc Jh 4s]
p0pa4poker: checks 
coeeeelho: checks 
frankie31404: bets $11
p0pa4poker: folds 
coeeeelho: calls $11
*** TURN *** [Jc Jh 4s] [9d]
coeeeelho: checks 
frankie31404: checks 
*** RIVER *** [Jc Jh 4s 9d] [7s]
coeeeelho: bets $31
frankie31404: calls $31
*** SHOW DOWN ***
coeeeelho: shows [Qd Jd] (three of a kind, Jacks)
frankie31404: mucks hand 
coeeeelho collected $105.50 from pot
*** SUMMARY ***
Total pot $108 | Rake $2.50 
Board [Jc Jh 4s 9d 7s]
Seat 3: IREQO
Seat 1: p0pa4poker folded on the Flop
Seat 2: coeeeelho showed [Qd Jd] and won ($105.50) with three of a kind, Jacks
Seat 4: frankie31404 (button) mucked
Seat 5: Mr_Dick666 (small blind) folded before Flop
Seat 6: LuckyShikari (big blind) folded before Flop



PokerStars Hand #254693046665:  Hold'em No Limit ($0.50/$1.00 USD) - 2025/02/03 21:11:26 WET [2025/02/03 16:11:26 ET]
Table 'Hammonia II' 6-max Seat #5 is the button
Seat 3: IREQO ($49.76 in chips) is sitting out
Seat 1: p0pa4poker ($127.71 in chips) 
Seat 2: coeeeelho ($156 in chips) 
Seat 4: frankie31404 ($76.12 in chips) 
Seat 5: Mr_Dick666 ($100 in chips) 
Seat 6: LuckyShikari ($103.25 in chips) 
LuckyShikari: posts small blind $0.50
p0pa4poker: posts big blind $1
*** HOLE CARDS ***
coeeeelho: raises $1.20 to $2.20
frankie31404: folds 
Mr_Dick666: folds 
LuckyShikari: folds 
p0pa4poker: folds 
Uncalled bet ($1.20) returned to coeeeelho
coeeeelho collected $2.50 from pot
*** SUMMARY ***
Total pot $2.50 | Rake $0 
Seat 3: IREQO
Seat 1: p0pa4poker (big blind) folded before Flop
Seat 2: coeeeelho collected ($2.50)
Seat 4: frankie31404 folded before Flop (didn't bet)
Seat 5: Mr_Dick666 (button) folded before Flop (didn't bet)
Seat 6: LuckyShikari (small blind) folded before Flop



PokerStars Hand #254693057819:  Hold'em No Limit ($0.50/$1.00 USD) - 2025/02/03 21:11:59 WET [2025/02/03 16:11:59 ET]
Table 'Hammonia II' 6-max Seat #6 is the button
Seat 3: IREQO ($49.76 in chips) is sitting out
Seat 1: p0pa4poker ($126.71 in chips) 
Seat 2: coeeeelho ($157.50 in chips) 
Seat 4: frankie31404 ($76.12 in chips) 
Seat 5: Mr_Dick666 ($100 in chips) 
Seat 6: LuckyShikari ($102.75 in chips) 
p0pa4poker: posts small blind $0.50
coeeeelho: posts big blind $1
*** HOLE CARDS ***
frankie31404: folds 
Mr_Dick666: folds 
LuckyShikari: folds 
p0pa4poker: raises $2 to $3
coeeeelho: folds 
Uncalled bet ($2) returned to p0pa4poker
p0pa4poker collected $2 from pot
p0pa4poker: doesn't show hand 
*** SUMMARY ***
Total pot $2 | Rake $0 
Seat 3: IREQO
Seat 1: p0pa4poker (small blind) collected ($2)
Seat 2: coeeeelho (big blind) folded before Flop
Seat 4: frankie31404 folded before Flop (didn't bet)
Seat 5: Mr_Dick666 folded before Flop (didn't bet)
Seat 6: LuckyShikari (button) folded before Flop (didn't bet)



PokerStars Hand #254693066334:  Hold'em No Limit ($0.50/$1.00 USD) - 2025/02/03 21:12:25 WET [2025/02/03 16:12:25 ET]
Table 'Hammonia II' 6-max Seat #1 is the button
Seat 3: IREQO ($49.76 in chips) is sitting out
Seat 1: p0pa4poker ($127.71 in chips) 
Seat 2: coeeeelho ($156.50 in chips) 
Seat 4: frankie31404 ($76.12 in chips) 
Seat 5: Mr_Dick666 ($100 in chips) 
Seat 6: LuckyShikari ($102.75 in chips) 
coeeeelho: posts small blind $0.50
frankie31404: posts big blind $1
*** HOLE CARDS ***
Mr_Dick666: folds 
LuckyShikari: folds 
p0pa4poker: folds 
coeeeelho: raises $2 to $3
frankie31404: calls $2
*** FLOP *** [5d 7d Tc]
coeeeelho: bets $1.43
frankie31404: calls $1.43
*** TURN *** [5d 7d Tc] [Jd]
coeeeelho: bets $6.31
frankie31404: folds 
Uncalled bet ($6.31) returned to coeeeelho
coeeeelho collected $8.42 from pot
*** SUMMARY ***
Total pot $8.86 | Rake $0.44 
Board [5d 7d Tc Jd]
Seat 3: IREQO
Seat 1: p0pa4poker (button) folded before Flop (didn't bet)
Seat 2: coeeeelho (small blind) collected ($8.42)
Seat 4: frankie31404 (big blind) folded on the Turn
Seat 5: Mr_Dick666 folded before Flop (didn't bet)
Seat 6: LuckyShikari folded before Flop (didn't bet)



PokerStars Hand #254693079224:  Hold'em No Limit ($0.50/$1.00 USD) - 2025/02/03 21:13:04 WET [2025/02/03 16:13:04 ET]
Table 'Hammonia II' 6-max Seat #2 is the button
Seat 3: IREQO ($49.76 in chips) is sitting out
Seat 1: p0pa4poker ($127.71 in chips) 
Seat 2: coeeeelho ($160.49 in chips) 
Seat 4: frankie31404 ($71.69 in chips) 
Seat 5: Mr_Dick666 ($100 in chips) 
Seat 6: LuckyShikari ($102.75 in chips) 
frankie31404: posts small blind $0.50
Mr_Dick666: posts big blind $1
*** HOLE CARDS ***
LuckyShikari: folds 
p0pa4poker: raises $1.30 to $2.30
coeeeelho: folds 
frankie31404: calls $1.80
Mr_Dick666: folds 
*** FLOP *** [Ts As 7h]
frankie31404: checks 
p0pa4poker: checks 
*** TURN *** [Ts As 7h] [Js]
frankie31404: checks 
p0pa4poker: checks 
*** RIVER *** [Ts As 7h Js] [Ks]
frankie31404: checks 
p0pa4poker: bets $8
frankie31404: folds 
Uncalled bet ($8) returned to p0pa4poker
p0pa4poker collected $5.32 from pot
p0pa4poker: doesn't show hand 
*** SUMMARY ***
Total pot $5.60 | Rake $0.28 
Board [Ts As 7h Js Ks]
Seat 3: IREQO
Seat 1: p0pa4poker collected ($5.32)
Seat 2: coeeeelho (button) folded before Flop (didn't bet)
Seat 4: frankie31404 (small blind) folded on the River
Seat 5: Mr_Dick666 (big blind) folded before Flop
Seat 6: LuckyShikari folded before Flop (didn't bet)



PokerStars Hand #254693104838:  Hold'em No Limit ($0.50/$1.00 USD) - 2025/02/03 21:14:22 WET [2025/02/03 16:14:22 ET]
Table 'Hammonia II' 6-max Seat #4 is the button
Seat 3: IREQO ($49.76 in chips) is sitting out
Seat 1: p0pa4poker ($130.73 in chips) 
Seat 2: coeeeelho ($160.49 in chips) 
Seat 4: frankie31404 ($69.39 in chips) 
Seat 5: Mr_Dick666 ($100 in chips) 
Seat 6: LuckyShikari ($102.75 in chips) 
Mr_Dick666: posts small blind $0.50
LuckyShikari: posts big blind $1
*** HOLE CARDS ***
p0pa4poker: folds 
coeeeelho: folds 
frankie31404: folds 
Mr_Dick666: folds 
Uncalled bet ($0.50) returned to LuckyShikari
LuckyShikari collected $1 from pot
LuckyShikari: doesn't show hand 
*** SUMMARY ***
Total pot $1 | Rake $0 
Seat 3: IREQO
Seat 1: p0pa4poker folded before Flop (didn't bet)
Seat 2: coeeeelho folded before Flop (didn't bet)
Seat 4: frankie31404 (button) folded before Flop (didn't bet)
Seat 5: Mr_Dick666 (small blind) folded before Flop
Seat 6: LuckyShikari (big blind) collected ($1)



PokerStars Hand #254693111812:  Hold'em No Limit ($0.50/$1.00 USD) - 2025/02/03 21:14:44 WET [2025/02/03 16:14:44 ET]
Table 'Hammonia II' 6-max Seat #5 is the button
Seat 3: IREQO ($49.76 in chips) is sitting out
Seat 1: p0pa4poker ($130.73 in chips) 
Seat 2: coeeeelho ($160.49 in chips) 
Seat 4: frankie31404 ($69.39 in chips) 
Seat 5: Mr_Dick666 ($100 in chips) 
Seat 6: LuckyShikari ($103.25 in chips) 
LuckyShikari: posts small blind $0.50
p0pa4poker: posts big blind $1
*** HOLE CARDS ***
coeeeelho: raises $1.20 to $2.20
frankie31404: folds 
Mr_Dick666: folds 
LuckyShikari: folds 
p0pa4poker: calls $1.20
*** FLOP *** [3c 6c Qh]
IREQO leaves the table
p0pa4poker: checks 
coeeeelho: bets $2.33
skars07 joins the table at seat #3 
p0pa4poker: raises $5.67 to $8
coeeeelho: calls $5.67
*** TURN *** [3c 6c Qh] [9d]
p0pa4poker: checks 
coeeeelho: checks 
*** RIVER *** [3c 6c Qh 9d] [3s]
p0pa4poker: bets $6.55
coeeeelho: raises $11.45 to $18
p0pa4poker: calls $11.45
*** SHOW DOWN ***
coeeeelho: shows [5s 4s] (a pair of Threes)
p0pa4poker: shows [Qc 8c] (two pair, Queens and Threes)
p0pa4poker collected $54.40 from pot
*** SUMMARY ***
Total pot $56.90 | Rake $2.50 
Board [3c 6c Qh 9d 3s]
Seat 3: IREQO
Seat 1: p0pa4poker (big blind) showed [Qc 8c] and won ($54.40) with two pair, Queens and Threes
Seat 2: coeeeelho showed [5s 4s] and lost with a pair of Threes
Seat 4: frankie31404 folded before Flop (didn't bet)
Seat 5: Mr_Dick666 (button) folded before Flop (didn't bet)
Seat 6: LuckyShikari (small blind) folded before Flop



PokerStars Hand #254693153915:  Hold'em No Limit ($0.50/$1.00 USD) - 2025/02/03 21:16:51 WET [2025/02/03 16:16:51 ET]
Table 'Hammonia II' 6-max Seat #6 is the button
Seat 3: skars07 ($100 in chips) is sitting out
Seat 1: p0pa4poker ($156.93 in chips) 
Seat 2: coeeeelho ($132.29 in chips) 
Seat 4: frankie31404 ($69.39 in chips) 
Seat 5: Mr_Dick666 ($100 in chips) 
Seat 6: LuckyShikari ($102.75 in chips) 
p0pa4poker: posts small blind $0.50
coeeeelho: posts big blind $1
skars07: sits out 
*** HOLE CARDS ***
frankie31404: folds 
Mr_Dick666: folds 
LuckyShikari: folds 
p0pa4poker: folds 
Uncalled bet ($0.50) returned to coeeeelho
coeeeelho collected $1 from pot
*** SUMMARY ***
Total pot $1 | Rake $0 
Seat 3: skars07
Seat 1: p0pa4poker (small blind) folded before Flop
Seat 2: coeeeelho (big blind) collected ($1)
Seat 4: frankie31404 folded before Flop (didn't bet)
Seat 5: Mr_Dick666 folded before Flop (didn't bet)
Seat 6: LuckyShikari (button) folded before Flop (didn't bet)



PokerStars Hand #254693157631:  Hold'em No Limit ($0.50/$1.00 USD) - 2025/02/03 21:17:03 WET [2025/02/03 16:17:03 ET]
Table 'Hammonia II' 6-max Seat #1 is the button
Seat 1: p0pa4poker ($156.43 in chips) 
Seat 2: coeeeelho ($132.79 in chips) 
Seat 3: skars07 ($100 in chips) 
Seat 4: frankie31404 ($69.39 in chips) 
Seat 5: Mr_Dick666 ($100 in chips) 
Seat 6: LuckyShikari ($102.75 in chips) 
coeeeelho: posts small blind $0.50
skars07: posts big blind $1
*** HOLE CARDS ***
frankie31404: folds 
Mr_Dick666: folds 
LuckyShikari: raises $1.50 to $2.50
p0pa4poker: folds 
coeeeelho: folds 
skars07: folds 
Uncalled bet ($1.50) returned to LuckyShikari
LuckyShikari collected $2.50 from pot
LuckyShikari: doesn't show hand 
*** SUMMARY ***
Total pot $2.50 | Rake $0 
Seat 1: p0pa4poker (button) folded before Flop (didn't bet)
Seat 2: coeeeelho (small blind) folded before Flop
Seat 3: skars07 (big blind) folded before Flop
Seat 4: frankie31404 folded before Flop (didn't bet)
Seat 5: Mr_Dick666 folded before Flop (didn't bet)
Seat 6: LuckyShikari collected ($2.50)



PokerStars Hand #254693165606:  Hold'em No Limit ($0.50/$1.00 USD) - 2025/02/03 21:17:27 WET [2025/02/03 16:17:27 ET]
Table 'Hammonia II' 6-max Seat #2 is the button
Seat 1: p0pa4poker ($156.43 in chips) 
Seat 2: coeeeelho ($132.29 in chips) 
Seat 3: skars07 ($100 in chips) 
Seat 4: frankie31404 ($69.39 in chips) 
Seat 5: Mr_Dick666 ($100 in chips) 
Seat 6: LuckyShikari ($104.25 in chips) 
skars07: posts small blind $0.50
frankie31404: posts big blind $1
*** HOLE CARDS ***
Mr_Dick666: raises $1 to $2
LuckyShikari: folds 
p0pa4poker: folds 
coeeeelho: folds 
skars07: folds 
frankie31404: calls $1
*** FLOP *** [3c 4c 9h]
frankie31404: checks 
Mr_Dick666: bets $2.14
frankie31404: folds 
Uncalled bet ($2.14) returned to Mr_Dick666
Mr_Dick666 collected $4.28 from pot
Mr_Dick666: doesn't show hand 
*** SUMMARY ***
Total pot $4.50 | Rake $0.22 
Board [3c 4c 9h]
Seat 1: p0pa4poker folded before Flop (didn't bet)
Seat 2: coeeeelho (button) folded before Flop (didn't bet)
Seat 3: skars07 (small blind) folded before Flop
Seat 4: frankie31404 (big blind) folded on the Flop
Seat 5: Mr_Dick666 collected ($4.28)
Seat 6: LuckyShikari folded before Flop (didn't bet)



PokerStars Hand #254693177445:  Hold'em No Limit ($0.50/$1.00 USD) - 2025/02/03 21:18:03 WET [2025/02/03 16:18:03 ET]
Table 'Hammonia II' 6-max Seat #3 is the button
Seat 1: p0pa4poker ($156.43 in chips) 
Seat 2: coeeeelho ($132.29 in chips) 
Seat 3: skars07 ($100 in chips) 
Seat 4: frankie31404 ($67.39 in chips) 
Seat 5: Mr_Dick666 ($102.28 in chips) 
Seat 6: LuckyShikari ($104.25 in chips) 
frankie31404: posts small blind $0.50
Mr_Dick666: posts big blind $1
*** HOLE CARDS ***
LuckyShikari: folds 
p0pa4poker: folds 
coeeeelho: folds 
skars07: folds 
frankie31404: folds 
Uncalled bet ($0.50) returned to Mr_Dick666
Mr_Dick666 collected $1 from pot
Mr_Dick666: doesn't show hand 
LuckyShikari leaves the table
*** SUMMARY ***
Total pot $1 | Rake $0 
Seat 1: p0pa4poker folded before Flop (didn't bet)
Seat 2: coeeeelho folded before Flop (didn't bet)
Seat 3: skars07 (button) folded before Flop (didn't bet)
Seat 4: frankie31404 (small blind) folded before Flop
Seat 5: Mr_Dick666 (big blind) collected ($1)
Seat 6: LuckyShikari folded before Flop (didn't bet)



PokerStars Hand #254693180880:  Hold'em No Limit ($0.50/$1.00 USD) - 2025/02/03 21:18:13 WET [2025/02/03 16:18:13 ET]
Table 'Hammonia II' 6-max Seat #4 is the button
Seat 1: p0pa4poker ($156.43 in chips) 
Seat 2: coeeeelho ($132.29 in chips) 
Seat 3: skars07 ($100 in chips) 
Seat 4: frankie31404 ($66.89 in chips) 
Seat 5: Mr_Dick666 ($102.78 in chips) 
Mr_Dick666: posts small blind $0.50
p0pa4poker: posts big blind $1
*** HOLE CARDS ***
coeeeelho: folds 
skars07: raises $1.50 to $2.50
frankie31404: folds 
yzuk joins the table at seat #6 
Mr_Dick666: folds 
p0pa4poker: calls $1.50
*** FLOP *** [Ks 2h 7c]
p0pa4poker: checks 
skars07: checks 
*** TURN *** [Ks 2h 7c] [Kc]
p0pa4poker: checks 
skars07: checks 
*** RIVER *** [Ks 2h 7c Kc] [Qc]
p0pa4poker: bets $6.53
skars07: folds 
Uncalled bet ($6.53) returned to p0pa4poker
p0pa4poker collected $5.22 from pot
p0pa4poker: doesn't show hand 
*** SUMMARY ***
Total pot $5.50 | Rake $0.28 
Board [Ks 2h 7c Kc Qc]
Seat 1: p0pa4poker (big blind) collected ($5.22)
Seat 2: coeeeelho folded before Flop (didn't bet)
Seat 3: skars07 folded on the River
Seat 4: frankie31404 (button) folded before Flop (didn't bet)
Seat 5: Mr_Dick666 (small blind) folded before Flop



PokerStars Hand #254693203492:  Hold'em No Limit ($0.50/$1.00 USD) - 2025/02/03 21:19:22 WET [2025/02/03 16:19:22 ET]
Table 'Hammonia II' 6-max Seat #5 is the button
Seat 6: yzuk ($100 in chips) is sitting out
Seat 1: p0pa4poker ($159.15 in chips) 
Seat 2: coeeeelho ($132.29 in chips) 
Seat 3: skars07 ($100 in chips) 
Seat 4: frankie31404 ($66.89 in chips) 
Seat 5: Mr_Dick666 ($102.28 in chips) 
p0pa4poker: posts small blind $0.50
coeeeelho: posts big blind $1
*** HOLE CARDS ***
skars07: folds 
frankie31404: folds 
Mr_Dick666: folds 
p0pa4poker: raises $2 to $3
coeeeelho: folds 
Uncalled bet ($2) returned to p0pa4poker
p0pa4poker collected $2 from pot
p0pa4poker: doesn't show hand 
*** SUMMARY ***
Total pot $2 | Rake $0 
Seat 6: yzuk
Seat 1: p0pa4poker (small blind) collected ($2)
Seat 2: coeeeelho (big blind) folded before Flop
Seat 3: skars07 folded before Flop (didn't bet)
Seat 4: frankie31404 folded before Flop (didn't bet)
Seat 5: Mr_Dick666 (button) folded before Flop (didn't bet)



PokerStars Hand #254693208401:  Hold'em No Limit ($0.50/$1.00 USD) - 2025/02/03 21:19:37 WET [2025/02/03 16:19:37 ET]
Table 'Hammonia II' 6-max Seat #1 is the button
Seat 3: skars07 ($100 in chips) is sitting out
Seat 6: yzuk ($100 in chips) is sitting out
Seat 1: p0pa4poker ($160.15 in chips) 
Seat 2: coeeeelho ($131.29 in chips) 
Seat 4: frankie31404 ($66.89 in chips) 
Seat 5: Mr_Dick666 ($102.28 in chips) 
coeeeelho: posts small blind $0.50
skars07: is sitting out 
frankie31404: posts big blind $1
yzuk: sits out 
*** HOLE CARDS ***
skars07 leaves the table
Mr_Dick666: folds 
p0pa4poker: folds 
coeeeelho: folds 
Uncalled bet ($0.50) returned to frankie31404
frankie31404 collected $1 from pot
*** SUMMARY ***
Total pot $1 | Rake $0 
Seat 3: skars07
Seat 6: yzuk
Seat 1: p0pa4poker (button) folded before Flop (didn't bet)
Seat 2: coeeeelho (small blind) folded before Flop
Seat 4: frankie31404 (big blind) collected ($1)
Seat 5: Mr_Dick666 folded before Flop (didn't bet)



PokerStars Hand #254693211680:  Hold'em No Limit ($0.50/$1.00 USD) - 2025/02/03 21:19:47 WET [2025/02/03 16:19:47 ET]
Table 'Hammonia II' 6-max Seat #2 is the button
Seat 6: yzuk ($100 in chips) is sitting out
Seat 1: p0pa4poker ($160.15 in chips) 
Seat 2: coeeeelho ($130.79 in chips) 
Seat 4: frankie31404 ($67.39 in chips) 
Seat 5: Mr_Dick666 ($102.28 in chips) 
frankie31404: posts small blind $0.50
Mr_Dick666: posts big blind $1
yzuk: sits out 
*** HOLE CARDS ***
p0pa4poker: folds 
coeeeelho: raises $1.20 to $2.20
frankie31404: folds 
Mr_Dick666: raises $9.80 to $12
coeeeelho: folds 
Uncalled bet ($9.80) returned to Mr_Dick666
Mr_Dick666 collected $4.90 from pot
BumHuntKing joins the table at seat #3 
Mr_Dick666: doesn't show hand 
*** SUMMARY ***
Total pot $4.90 | Rake $0 
Seat 6: yzuk
Seat 1: p0pa4poker folded before Flop (didn't bet)
Seat 2: coeeeelho (button) folded before Flop
Seat 4: frankie31404 (small blind) folded before Flop
Seat 5: Mr_Dick666 (big blind) collected ($4.90)



PokerStars Hand #254693217730:  Hold'em No Limit ($0.50/$1.00 USD) - 2025/02/03 21:20:05 WET [2025/02/03 16:20:05 ET]
Table 'Hammonia II' 6-max Seat #4 is the button
Seat 3: BumHuntKing ($100 in chips) is sitting out
Seat 1: p0pa4poker ($160.15 in chips) 
Seat 2: coeeeelho ($128.59 in chips) 
Seat 4: frankie31404 ($66.89 in chips) 
Seat 5: Mr_Dick666 ($104.98 in chips) 
Seat 6: yzuk ($100 in chips) 
Mr_Dick666: posts small blind $0.50
yzuk: posts big blind $1
BumHuntKing: sits out 
*** HOLE CARDS ***
p0pa4poker: folds 
coeeeelho: folds 
frankie31404: raises $1 to $2
Mr_Dick666: folds 
yzuk: folds 
Uncalled bet ($1) returned to frankie31404
frankie31404 collected $2.50 from pot
*** SUMMARY ***
Total pot $2.50 | Rake $0 
Seat 3: BumHuntKing
Seat 1: p0pa4poker folded before Flop (didn't bet)
Seat 2: coeeeelho folded before Flop (didn't bet)
Seat 4: frankie31404 (button) collected ($2.50)
Seat 5: Mr_Dick666 (small blind) folded before Flop
Seat 6: yzuk (big blind) folded before Flop



PokerStars Hand #254693222768:  Hold'em No Limit ($0.50/$1.00 USD) - 2025/02/03 21:20:21 WET [2025/02/03 16:20:21 ET]
Table 'Hammonia II' 6-max Seat #5 is the button
Seat 3: BumHuntKing ($100 in chips) is sitting out
Seat 1: p0pa4poker ($160.15 in chips) 
Seat 2: coeeeelho ($128.59 in chips) 
Seat 4: frankie31404 ($68.39 in chips) 
Seat 5: Mr_Dick666 ($104.48 in chips) 
Seat 6: yzuk ($100 in chips) 
yzuk: posts small blind $0.50
p0pa4poker: posts big blind $1
BumHuntKing: sits out 
*** HOLE CARDS ***
coeeeelho: folds 
frankie31404: folds 
Mr_Dick666: folds 
Mr_Dick666 leaves the table
yzuk: folds 
Uncalled bet ($0.50) returned to p0pa4poker
p0pa4poker collected $1 from pot
p0pa4poker: doesn't show hand 
*** SUMMARY ***
Total pot $1 | Rake $0 
Seat 3: BumHuntKing
Seat 1: p0pa4poker (big blind) collected ($1)
Seat 2: coeeeelho folded before Flop (didn't bet)
Seat 4: frankie31404 folded before Flop (didn't bet)
Seat 5: Mr_Dick666 (button) folded before Flop (didn't bet)
Seat 6: yzuk (small blind) folded before Flop



PokerStars Hand #254693233609:  Hold'em No Limit ($0.50/$1.00 USD) - 2025/02/03 21:20:54 WET [2025/02/03 16:20:54 ET]
Table 'Hammonia II' 6-max Seat #6 is the button
Seat 3: BumHuntKing ($100 in chips) is sitting out
Seat 1: p0pa4poker ($160.65 in chips) 
Seat 2: coeeeelho ($128.59 in chips) 
Seat 4: frankie31404 ($68.39 in chips) 
Seat 6: yzuk ($100 in chips) 
p0pa4poker: posts small blind $0.50
coeeeelho: posts big blind $1
BumHuntKing: sits out 
*** HOLE CARDS ***
xxxZeka joins the table at seat #5 
frankie31404: folds 
yzuk: raises $1.50 to $2.50
p0pa4poker: folds 
coeeeelho: folds 
Uncalled bet ($1.50) returned to yzuk
yzuk collected $2.50 from pot
yzuk: doesn't show hand 
*** SUMMARY ***
Total pot $2.50 | Rake $0 
Seat 3: BumHuntKing
Seat 1: p0pa4poker (small blind) folded before Flop
Seat 2: coeeeelho (big blind) folded before Flop
Seat 4: frankie31404 folded before Flop (didn't bet)
Seat 6: yzuk (button) collected ($2.50)



PokerStars Hand #254693237428:  Hold'em No Limit ($0.50/$1.00 USD) - 2025/02/03 21:21:06 WET [2025/02/03 16:21:06 ET]
Table 'Hammonia II' 6-max Seat #1 is the button
Seat 5: xxxZeka ($143.80 in chips) is sitting out
Seat 1: p0pa4poker ($160.15 in chips) 
Seat 2: coeeeelho ($127.59 in chips) 
Seat 3: BumHuntKing ($100 in chips) 
Seat 4: frankie31404 ($68.39 in chips) 
Seat 6: yzuk ($101.50 in chips) 
coeeeelho: posts small blind $0.50
BumHuntKing: posts big blind $1
xxxZeka: sits out 
*** HOLE CARDS ***
frankie31404: folds 
yzuk: folds 
p0pa4poker: raises $1.50 to $2.50
coeeeelho: folds 
BumHuntKing: folds 
Uncalled bet ($1.50) returned to p0pa4poker
p0pa4poker collected $2.50 from pot
p0pa4poker: doesn't show hand 
frankie31404 leaves the table
*** SUMMARY ***
Total pot $2.50 | Rake $0 
Seat 5: xxxZeka
Seat 1: p0pa4poker (button) collected ($2.50)
Seat 2: coeeeelho (small blind) folded before Flop
Seat 3: BumHuntKing (big blind) folded before Flop
Seat 4: frankie31404 folded before Flop (didn't bet)
Seat 6: yzuk folded before Flop (didn't bet)



PokerStars Hand #254693241548:  Hold'em No Limit ($0.50/$1.00 USD) - 2025/02/03 21:21:19 WET [2025/02/03 16:21:19 ET]
Table 'Hammonia II' 6-max Seat #2 is the button
Seat 1: p0pa4poker ($161.65 in chips) 
Seat 2: coeeeelho ($127.09 in chips) 
Seat 3: BumHuntKing ($100 in chips) 
Seat 5: xxxZeka ($143.80 in chips) 
Seat 6: yzuk ($101.50 in chips) 
BumHuntKing: posts small blind $0.50
xxxZeka: posts big blind $1
*** HOLE CARDS ***
yzuk: folds 
p0pa4poker: folds 
coeeeelho: folds 
BumHuntKing: folds 
Uncalled bet ($0.50) returned to xxxZeka
yzuk leaves the table
xxxZeka collected $1 from pot
xxxZeka: doesn't show hand 
*** SUMMARY ***
Total pot $1 | Rake $0 
Seat 1: p0pa4poker folded before Flop (didn't bet)
Seat 2: coeeeelho (button) folded before Flop (didn't bet)
Seat 3: BumHuntKing (small blind) folded before Flop
Seat 5: xxxZeka (big blind) collected ($1)
Seat 6: yzuk folded before Flop (didn't bet)



PokerStars Hand #254693246196:  Hold'em No Limit ($0.50/$1.00 USD) - 2025/02/03 21:21:33 WET [2025/02/03 16:21:33 ET]
Table 'Hammonia II' 6-max Seat #3 is the button
Seat 1: p0pa4poker ($161.65 in chips) 
Seat 2: coeeeelho ($127.09 in chips) 
Seat 3: BumHuntKing ($100 in chips) 
Seat 5: xxxZeka ($144.30 in chips) 
xxxZeka: posts small blind $0.50
p0pa4poker: posts big blind $1
*** HOLE CARDS ***
coeeeelho: raises $1.20 to $2.20
BumHuntKing: folds 
xxxZeka: folds 
p0pa4poker: folds 
Uncalled bet ($1.20) returned to coeeeelho
coeeeelho collected $2.50 from pot
*** SUMMARY ***
Total pot $2.50 | Rake $0 
Seat 1: p0pa4poker (big blind) folded before Flop
Seat 2: coeeeelho collected ($2.50)
Seat 3: BumHuntKing (button) folded before Flop (didn't bet)
Seat 5: xxxZeka (small blind) folded before Flop



PokerStars Hand #254693253809:  Hold'em No Limit ($0.50/$1.00 USD) - 2025/02/03 21:21:56 WET [2025/02/03 16:21:56 ET]
Table 'Hammonia II' 6-max Seat #2 is the button
Seat 3: BumHuntKing ($100 in chips) is sitting out
Seat 5: xxxZeka ($143.80 in chips) is sitting out
Seat 1: p0pa4poker ($160.65 in chips) 
Seat 2: coeeeelho ($128.59 in chips) 
coeeeelho: posts small blind $0.50
BumHuntKing: is sitting out 
p0pa4poker: posts big blind $1
*** HOLE CARDS ***
xxxZeka leaves the table
coeeeelho: raises $1.50 to $2.50
BumHuntKing leaves the table
p0pa4poker: raises $9.50 to $12
coeeeelho: calls $9.50
*** FLOP *** [9d 4d Js]
p0pa4poker: bets $11.50
coeeeelho: folds 
Uncalled bet ($11.50) returned to p0pa4poker
coeeeelho leaves the table
p0pa4poker collected $23 from pot
p0pa4poker: doesn't show hand 
*** SUMMARY ***
Total pot $24 | Rake $1 
Board [9d 4d Js]
Seat 3: BumHuntKing
Seat 5: xxxZeka
Seat 1: p0pa4poker (big blind) collected ($23)
Seat 2: coeeeelho (button) (small blind) folded on the Flop



