PokerStars Hand #254683376894:  Hold'em No Limit ($0.50/$1.00 USD) - 2025/02/03 4:51:31 WET [2025/02/02 23:51:31 ET]
Table 'Alcinoos' 6-max Seat #2 is the button
Seat 1: derek5858 ($100 in chips) is sitting out
Seat 2: CashfishT ($114.17 in chips) 
Seat 3: Rysiff ($104.20 in chips) 
Seat 5: Dmello18 ($25.25 in chips) 
Seat 6: Nicedaymybro ($106.11 in chips) 
Rysiff: posts small blind $0.50
Dmello18: posts big blind $1
derek5858: sits out 
LUMBO joins the table at seat #9
*** HOLE CARDS ***
Nicedaymybro: raises $1.50 to $2.50
CashfishT: calls $2.50
Rysiff: folds 
Dmello18: folds 
*** FLOP *** [Qd 2s 4d]
Nicedaymybro: checks 
aliciam84 joins the table at seat #4 
aliciam84 is disconnected 
CashfishT: bets $3.09
Nicedaymybro: raises $9.27 to $12.36
CashfishT: folds 
Uncalled bet ($9.27) returned to Nicedaymybro
Nicedaymybro collected $12.05 from pot
Nicedaymybro: doesn't show hand 
*** SUMMARY ***
Total pot $12.68 | Rake $0.63 
Board [Qd 2s 4d]
Seat 1: derek5858
Seat 2: CashfishT (button) folded on the Flop
Seat 3: Rysiff (small blind) folded before Flop
Seat 5: Dmello18 (big blind) folded before Flop
Seat 6: Nicedaymybro collected ($12.05)



PokerStars Hand #254683380414:  Hold'em No Limit ($0.50/$1.00 USD) - 2025/02/03 4:52:14 WET [2025/02/02 23:52:14 ET]
Table 'Alcinoos' 6-max Seat #3 is the button
Seat 1: derek5858 ($100 in chips) is sitting out
Seat 4: aliciam84 ($100 in chips) is sitting out
Seat 2: CashfishT ($108.58 in chips) 
Seat 3: Rysiff ($103.70 in chips) 
Seat 5: Dmello18 ($24.25 in chips) 
Seat 6: Nicedaymybro ($112.57 in chips) 
Dmello18: posts small blind $0.50
Nicedaymybro: posts big blind $1
derek5858: sits out 
LUMBO joins the table at seat #9
*** HOLE CARDS ***
CashfishT: folds 
Rysiff: folds 
Dmello18: calls $0.50
Nicedaymybro: raises $2 to $3
Dmello18: calls $2
*** FLOP *** [3d Kh 5s]
Dmello18: checks 
Nicedaymybro: bets $2.85
Dmello18: calls $2.85
*** TURN *** [3d Kh 5s] [Qd]
Dmello18: checks 
Nicedaymybro: bets $5.55
Dmello18: folds 
Uncalled bet ($5.55) returned to Nicedaymybro
Nicedaymybro collected $11.12 from pot
Nicedaymybro: doesn't show hand 
*** SUMMARY ***
Total pot $11.70 | Rake $0.58 
Board [3d Kh 5s Qd]
Seat 1: derek5858
Seat 4: aliciam84
Seat 2: CashfishT folded before Flop (didn't bet)
Seat 3: Rysiff (button) folded before Flop (didn't bet)
Seat 5: Dmello18 (small blind) folded on the Turn
Seat 6: Nicedaymybro (big blind) collected ($11.12)



PokerStars Hand #254683383207:  Hold'em No Limit ($0.50/$1.00 USD) - 2025/02/03 4:52:47 WET [2025/02/02 23:52:47 ET]
Table 'Alcinoos' 6-max Seat #5 is the button
Seat 1: derek5858 ($100 in chips) 
Seat 2: CashfishT ($108.58 in chips) 
Seat 3: Rysiff ($103.70 in chips) 
Seat 4: aliciam84 ($100 in chips) 
Seat 5: Dmello18 ($18.40 in chips) 
Seat 6: Nicedaymybro ($117.84 in chips) 
Nicedaymybro: posts small blind $0.50
derek5858: posts big blind $1
aliciam84: posts big blind $1
LUMBO joins the table at seat #9
*** HOLE CARDS ***
CashfishT: folds 
Rysiff: folds 
aliciam84: checks 
Dmello18: folds 
Nicedaymybro: folds 
derek5858: raises $10 to $11
aliciam84: folds 
Uncalled bet ($10) returned to derek5858
derek5858 collected $2.50 from pot
*** SUMMARY ***
Total pot $2.50 | Rake $0 
Seat 1: derek5858 (big blind) collected ($2.50)
Seat 2: CashfishT folded before Flop (didn't bet)
Seat 3: Rysiff folded before Flop (didn't bet)
Seat 4: aliciam84 folded before Flop (didn't bet)
Seat 5: Dmello18 (button) folded before Flop (didn't bet)
Seat 6: Nicedaymybro (small blind) folded before Flop



PokerStars Hand #254683385063:  Hold'em No Limit ($0.50/$1.00 USD) - 2025/02/03 4:53:10 WET [2025/02/02 23:53:10 ET]
Table 'Alcinoos' 6-max Seat #6 is the button
Seat 1: derek5858 ($101.50 in chips) 
Seat 2: CashfishT ($108.58 in chips) 
Seat 3: Rysiff ($103.70 in chips) 
Seat 4: aliciam84 ($99 in chips) 
Seat 5: Dmello18 ($18.40 in chips) 
Seat 6: Nicedaymybro ($117.34 in chips) 
derek5858: posts small blind $0.50
CashfishT: posts big blind $1
LUMBO joins the table at seat #9
*** HOLE CARDS ***
Rysiff: folds 
aliciam84: raises $2 to $3
Dmello18: folds 
Nicedaymybro: folds 
derek5858: raises $9 to $12
CashfishT: folds 
aliciam84: calls $9
*** FLOP *** [3h Ah 6d]
derek5858: bets $11.88
aliciam84: folds 
Uncalled bet ($11.88) returned to derek5858
derek5858 collected $23.75 from pot
*** SUMMARY ***
Total pot $25 | Rake $1.25 
Board [3h Ah 6d]
Seat 1: derek5858 (small blind) collected ($23.75)
Seat 2: CashfishT (big blind) folded before Flop
Seat 3: Rysiff folded before Flop (didn't bet)
Seat 4: aliciam84 folded on the Flop
Seat 5: Dmello18 folded before Flop (didn't bet)
Seat 6: Nicedaymybro (button) folded before Flop (didn't bet)



PokerStars Hand #254683387312:  Hold'em No Limit ($0.50/$1.00 USD) - 2025/02/03 4:53:38 WET [2025/02/02 23:53:38 ET]
Table 'Alcinoos' 6-max Seat #1 is the button
Seat 1: derek5858 ($113.25 in chips) 
Seat 2: CashfishT ($107.58 in chips) 
Seat 3: Rysiff ($103.70 in chips) 
Seat 4: aliciam84 ($87 in chips) 
Seat 5: Dmello18 ($18.40 in chips) 
Seat 6: Nicedaymybro ($117.34 in chips) 
CashfishT: posts small blind $0.50
Rysiff: posts big blind $1
LUMBO joins the table at seat #9
*** HOLE CARDS ***
aliciam84: folds 
Dmello18: folds 
Nicedaymybro: folds 
derek5858: raises $1.50 to $2.50
CashfishT: raises $8.50 to $11
Rysiff: folds 
derek5858: raises $102.25 to $113.25 and is all-in
CashfishT: folds 
Uncalled bet ($102.25) returned to derek5858
derek5858 collected $23 from pot
*** SUMMARY ***
Total pot $23 | Rake $0 
Seat 1: derek5858 (button) collected ($23)
Seat 2: CashfishT (small blind) folded before Flop
Seat 3: Rysiff (big blind) folded before Flop
Seat 4: aliciam84 folded before Flop (didn't bet)
Seat 5: Dmello18 folded before Flop (didn't bet)
Seat 6: Nicedaymybro folded before Flop (didn't bet)



PokerStars Hand #254683391097:  Hold'em No Limit ($0.50/$1.00 USD) - 2025/02/03 4:54:23 WET [2025/02/02 23:54:23 ET]
Table 'Alcinoos' 6-max Seat #2 is the button
Seat 1: derek5858 ($125.25 in chips) 
Seat 2: CashfishT ($100 in chips) 
Seat 3: Rysiff ($102.70 in chips) 
Seat 4: aliciam84 ($87 in chips) 
Seat 5: Dmello18 ($18.40 in chips) 
Seat 6: Nicedaymybro ($117.34 in chips) 
Rysiff: posts small blind $0.50
aliciam84: posts big blind $1
*** HOLE CARDS ***
Dmello18: folds 
Nicedaymybro: raises $1.50 to $2.50
derek5858: folds 
CashfishT: folds 
Rysiff: folds 
aliciam84: calls $1.50
*** FLOP *** [Qh 4c 8d]
aliciam84: checks 
Nicedaymybro: bets $1.72
aliciam84: calls $1.72
*** TURN *** [Qh 4c 8d] [3d]
aliciam84: checks 
Nicedaymybro: bets $2.80
aliciam84: calls $2.80
*** RIVER *** [Qh 4c 8d 3d] [7d]
aliciam84: checks 
Nicedaymybro: checks 
*** SHOW DOWN ***
aliciam84: shows [8s 6h] (a pair of Eights)
Nicedaymybro: shows [9d 9s] (a pair of Nines)
Nicedaymybro collected $13.81 from pot
*** SUMMARY ***
Total pot $14.54 | Rake $0.73 
Board [Qh 4c 8d 3d 7d]
Seat 1: derek5858 folded before Flop (didn't bet)
Seat 2: CashfishT (button) folded before Flop (didn't bet)
Seat 3: Rysiff (small blind) folded before Flop
Seat 4: aliciam84 (big blind) showed [8s 6h] and lost with a pair of Eights
Seat 5: Dmello18 folded before Flop (didn't bet)
Seat 6: Nicedaymybro showed [9d 9s] and won ($13.81) with a pair of Nines



PokerStars Hand #254683393843:  Hold'em No Limit ($0.50/$1.00 USD) - 2025/02/03 4:54:57 WET [2025/02/02 23:54:57 ET]
Table 'Alcinoos' 6-max Seat #3 is the button
Seat 1: derek5858 ($125.25 in chips) 
Seat 2: CashfishT ($100 in chips) 
Seat 3: Rysiff ($102.20 in chips) 
Seat 4: aliciam84 ($79.98 in chips) 
Seat 5: Dmello18 ($18.40 in chips) 
Seat 6: Nicedaymybro ($124.13 in chips) 
aliciam84: posts small blind $0.50
Dmello18: posts big blind $1
*** HOLE CARDS ***
Nicedaymybro: raises $1.50 to $2.50
derek5858: folds 
CashfishT: folds 
Rysiff: folds 
aliciam84: folds 
Dmello18: folds 
Uncalled bet ($1.50) returned to Nicedaymybro
Nicedaymybro collected $2.50 from pot
Nicedaymybro: doesn't show hand 
*** SUMMARY ***
Total pot $2.50 | Rake $0 
Seat 1: derek5858 folded before Flop (didn't bet)
Seat 2: CashfishT folded before Flop (didn't bet)
Seat 3: Rysiff (button) folded before Flop (didn't bet)
Seat 4: aliciam84 (small blind) folded before Flop
Seat 5: Dmello18 (big blind) folded before Flop
Seat 6: Nicedaymybro collected ($2.50)



PokerStars Hand #254683395153:  Hold'em No Limit ($0.50/$1.00 USD) - 2025/02/03 4:55:13 WET [2025/02/02 23:55:13 ET]
Table 'Alcinoos' 6-max Seat #4 is the button
Seat 1: derek5858 ($125.25 in chips) 
Seat 2: CashfishT ($100 in chips) 
Seat 3: Rysiff ($102.20 in chips) 
Seat 4: aliciam84 ($79.48 in chips) 
Seat 5: Dmello18 ($17.40 in chips) 
Seat 6: Nicedaymybro ($125.63 in chips) 
Dmello18: posts small blind $0.50
Nicedaymybro: posts big blind $1
*** HOLE CARDS ***
derek5858: folds 
CashfishT: folds 
Rysiff: folds 
aliciam84: folds 
Dmello18: folds 
Uncalled bet ($0.50) returned to Nicedaymybro
Nicedaymybro collected $1 from pot
Nicedaymybro: doesn't show hand 
*** SUMMARY ***
Total pot $1 | Rake $0 
Seat 1: derek5858 folded before Flop (didn't bet)
Seat 2: CashfishT folded before Flop (didn't bet)
Seat 3: Rysiff folded before Flop (didn't bet)
Seat 4: aliciam84 (button) folded before Flop (didn't bet)
Seat 5: Dmello18 (small blind) folded before Flop
Seat 6: Nicedaymybro (big blind) collected ($1)



PokerStars Hand #254683396181:  Hold'em No Limit ($0.50/$1.00 USD) - 2025/02/03 4:55:28 WET [2025/02/02 23:55:28 ET]
Table 'Alcinoos' 6-max Seat #5 is the button
Seat 1: derek5858 ($125.25 in chips) 
Seat 2: CashfishT ($100 in chips) 
Seat 3: Rysiff ($102.20 in chips) 
Seat 4: aliciam84 ($79.48 in chips) 
Seat 5: Dmello18 ($16.90 in chips) 
Seat 6: Nicedaymybro ($126.13 in chips) 
Nicedaymybro: posts small blind $0.50
derek5858: posts big blind $1
*** HOLE CARDS ***
CashfishT: folds 
Rysiff: raises $1.50 to $2.50
aliciam84: folds 
Dmello18: calls $2.50
Nicedaymybro: folds 
derek5858: calls $1.50
*** FLOP *** [5c As Jc]
derek5858: checks 
Rysiff: bets $2.51
Dmello18: calls $2.51
derek5858: folds 
*** TURN *** [5c As Jc] [Js]
Rysiff: checks 
Dmello18: checks 
*** RIVER *** [5c As Jc Js] [6c]
Rysiff: checks 
Dmello18: bets $11.89 and is all-in
Rysiff: folds 
Uncalled bet ($11.89) returned to Dmello18
Dmello18 collected $12.37 from pot
*** SUMMARY ***
Total pot $13.02 | Rake $0.65 
Board [5c As Jc Js 6c]
Seat 1: derek5858 (big blind) folded on the Flop
Seat 2: CashfishT folded before Flop (didn't bet)
Seat 3: Rysiff folded on the River
Seat 4: aliciam84 folded before Flop (didn't bet)
Seat 5: Dmello18 (button) collected ($12.37)
Seat 6: Nicedaymybro (small blind) folded before Flop



PokerStars Hand #254683400460:  Hold'em No Limit ($0.50/$1.00 USD) - 2025/02/03 4:56:30 WET [2025/02/02 23:56:30 ET]
Table 'Alcinoos' 6-max Seat #6 is the button
Seat 1: derek5858 ($122.75 in chips) 
Seat 2: CashfishT ($100 in chips) 
Seat 3: Rysiff ($100 in chips) 
Seat 4: aliciam84 ($79.48 in chips) 
Seat 5: Dmello18 ($24.26 in chips) 
Seat 6: Nicedaymybro ($125.63 in chips) 
derek5858: posts small blind $0.50
CashfishT: posts big blind $1
*** HOLE CARDS ***
Rysiff: folds 
aliciam84: folds 
Dmello18: raises $1 to $2
Rysiff leaves the table
Nicedaymybro: folds 
derek5858: folds 
CashfishT: folds 
Uncalled bet ($1) returned to Dmello18
Dmello18 collected $2.50 from pot
*** SUMMARY ***
Total pot $2.50 | Rake $0 
Seat 1: derek5858 (small blind) folded before Flop
Seat 2: CashfishT (big blind) folded before Flop
Seat 3: Rysiff folded before Flop (didn't bet)
Seat 4: aliciam84 folded before Flop (didn't bet)
Seat 5: Dmello18 collected ($2.50)
Seat 6: Nicedaymybro (button) folded before Flop (didn't bet)



PokerStars Hand #254683401888:  Hold'em No Limit ($0.50/$1.00 USD) - 2025/02/03 4:56:51 WET [2025/02/02 23:56:51 ET]
Table 'Alcinoos' 6-max Seat #1 is the button
Seat 1: derek5858 ($122.25 in chips) 
Seat 2: CashfishT ($100 in chips) 
Seat 4: aliciam84 ($79.48 in chips) 
Seat 5: Dmello18 ($25.76 in chips) 
Seat 6: Nicedaymybro ($125.63 in chips) 
CashfishT: posts small blind $0.50
aliciam84: posts big blind $1
*** HOLE CARDS ***
Dmello18: folds 
Nicedaymybro: folds 
50CandyJoe joins the table at seat #3 
derek5858: folds 
CashfishT: folds 
Uncalled bet ($0.50) returned to aliciam84
aliciam84 collected $1 from pot
*** SUMMARY ***
Total pot $1 | Rake $0 
Seat 1: derek5858 (button) folded before Flop (didn't bet)
Seat 2: CashfishT (small blind) folded before Flop
Seat 4: aliciam84 (big blind) collected ($1)
Seat 5: Dmello18 folded before Flop (didn't bet)
Seat 6: Nicedaymybro folded before Flop (didn't bet)



PokerStars Hand #254683402525:  Hold'em No Limit ($0.50/$1.00 USD) - 2025/02/03 4:57:00 WET [2025/02/02 23:57:00 ET]
Table 'Alcinoos' 6-max Seat #2 is the button
Seat 3: 50CandyJoe ($100 in chips) is sitting out
Seat 1: derek5858 ($122.25 in chips) 
Seat 2: CashfishT ($100 in chips) 
Seat 4: aliciam84 ($79.98 in chips) 
Seat 5: Dmello18 ($25.76 in chips) 
Seat 6: Nicedaymybro ($125.63 in chips) 
aliciam84: posts small blind $0.50
Dmello18: posts big blind $1
*** HOLE CARDS ***
Nicedaymybro: folds 
derek5858: folds 
CashfishT: folds 
aliciam84: folds 
Uncalled bet ($0.50) returned to Dmello18
Dmello18 collected $1 from pot
*** SUMMARY ***
Total pot $1 | Rake $0 
Seat 3: 50CandyJoe
Seat 1: derek5858 folded before Flop (didn't bet)
Seat 2: CashfishT (button) folded before Flop (didn't bet)
Seat 4: aliciam84 (small blind) folded before Flop
Seat 5: Dmello18 (big blind) collected ($1)
Seat 6: Nicedaymybro folded before Flop (didn't bet)



PokerStars Hand #254683403362:  Hold'em No Limit ($0.50/$1.00 USD) - 2025/02/03 4:57:12 WET [2025/02/02 23:57:12 ET]
Table 'Alcinoos' 6-max Seat #4 is the button
Seat 3: 50CandyJoe ($100 in chips) is sitting out
Seat 1: derek5858 ($122.25 in chips) 
Seat 2: CashfishT ($100 in chips) 
Seat 4: aliciam84 ($79.48 in chips) 
Seat 5: Dmello18 ($26.26 in chips) 
Seat 6: Nicedaymybro ($125.63 in chips) 
Dmello18: posts small blind $0.50
Nicedaymybro: posts big blind $1
50CandyJoe: sits out 
*** HOLE CARDS ***
derek5858: raises $1 to $2
CashfishT: folds 
aliciam84: raises $6 to $8
Dmello18: folds 
Nicedaymybro: folds 
derek5858: folds 
Uncalled bet ($6) returned to aliciam84
aliciam84 collected $5.50 from pot
*** SUMMARY ***
Total pot $5.50 | Rake $0 
Seat 3: 50CandyJoe
Seat 1: derek5858 folded before Flop
Seat 2: CashfishT folded before Flop (didn't bet)
Seat 4: aliciam84 (button) collected ($5.50)
Seat 5: Dmello18 (small blind) folded before Flop
Seat 6: Nicedaymybro (big blind) folded before Flop



PokerStars Hand #254683404646:  Hold'em No Limit ($0.50/$1.00 USD) - 2025/02/03 4:57:32 WET [2025/02/02 23:57:32 ET]
Table 'Alcinoos' 6-max Seat #5 is the button
Seat 3: 50CandyJoe ($100 in chips) is sitting out
Seat 1: derek5858 ($120.25 in chips) 
Seat 2: CashfishT ($100 in chips) 
Seat 4: aliciam84 ($82.98 in chips) 
Seat 5: Dmello18 ($25.76 in chips) 
Seat 6: Nicedaymybro ($124.63 in chips) 
Nicedaymybro: posts small blind $0.50
derek5858: posts big blind $1
50CandyJoe: sits out 
*** HOLE CARDS ***
CashfishT: folds 
aliciam84: folds 
Dmello18: calls $1
Nicedaymybro: folds 
derek5858: checks 
*** FLOP *** [7h Kc 8c]
derek5858: checks 
Dmello18: checks 
*** TURN *** [7h Kc 8c] [Qh]
derek5858: bets $3.09
Dmello18: folds 
Uncalled bet ($3.09) returned to derek5858
derek5858 collected $2.38 from pot
*** SUMMARY ***
Total pot $2.50 | Rake $0.12 
Board [7h Kc 8c Qh]
Seat 3: 50CandyJoe
Seat 1: derek5858 (big blind) collected ($2.38)
Seat 2: CashfishT folded before Flop (didn't bet)
Seat 4: aliciam84 folded before Flop (didn't bet)
Seat 5: Dmello18 (button) folded on the Turn
Seat 6: Nicedaymybro (small blind) folded before Flop



PokerStars Hand #254683407593:  Hold'em No Limit ($0.50/$1.00 USD) - 2025/02/03 4:58:16 WET [2025/02/02 23:58:16 ET]
Table 'Alcinoos' 6-max Seat #6 is the button
Seat 3: 50CandyJoe ($100 in chips) is sitting out
Seat 1: derek5858 ($121.63 in chips) 
Seat 2: CashfishT ($100 in chips) 
Seat 4: aliciam84 ($82.98 in chips) 
Seat 5: Dmello18 ($24.76 in chips) 
Seat 6: Nicedaymybro ($124.13 in chips) 
derek5858: posts small blind $0.50
CashfishT: posts big blind $1
50CandyJoe: sits out 
*** HOLE CARDS ***
aliciam84: raises $1 to $2
Dmello18: folds 
Nicedaymybro: folds 
derek5858: folds 
CashfishT: calls $1
*** FLOP *** [4d 3d 4h]
CashfishT: checks 
aliciam84: bets $2.14
CashfishT: calls $2.14
*** TURN *** [4d 3d 4h] [Ac]
CashfishT: checks 
aliciam84: bets $5.17
CashfishT: folds 
Uncalled bet ($5.17) returned to aliciam84
aliciam84 collected $8.34 from pot
*** SUMMARY ***
Total pot $8.78 | Rake $0.44 
Board [4d 3d 4h Ac]
Seat 3: 50CandyJoe
Seat 1: derek5858 (small blind) folded before Flop
Seat 2: CashfishT (big blind) folded on the Turn
Seat 4: aliciam84 collected ($8.34)
Seat 5: Dmello18 folded before Flop (didn't bet)
Seat 6: Nicedaymybro (button) folded before Flop (didn't bet)



PokerStars Hand #254683410307:  Hold'em No Limit ($0.50/$1.00 USD) - 2025/02/03 4:58:57 WET [2025/02/02 23:58:57 ET]
Table 'Alcinoos' 6-max Seat #1 is the button
Seat 1: derek5858 ($121.13 in chips) 
Seat 2: CashfishT ($100 in chips) 
Seat 3: 50CandyJoe ($100 in chips) 
Seat 4: aliciam84 ($87.18 in chips) 
Seat 5: Dmello18 ($24.76 in chips) 
Seat 6: Nicedaymybro ($124.13 in chips) 
CashfishT: posts small blind $0.50
50CandyJoe: posts big blind $1
*** HOLE CARDS ***
aliciam84: raises $2 to $3
Dmello18: calls $3
Nicedaymybro: folds 
derek5858: folds 
CashfishT: folds 
50CandyJoe: folds 
*** FLOP *** [9s Qs Ad]
aliciam84: checks 
Dmello18: checks 
*** TURN *** [9s Qs Ad] [5c]
aliciam84: checks 
Dmello18: checks 
*** RIVER *** [9s Qs Ad 5c] [7d]
aliciam84: checks 
Dmello18: checks 
*** SHOW DOWN ***
aliciam84: shows [Tc Qh] (a pair of Queens)
Dmello18: shows [Kh Kc] (a pair of Kings)
Dmello18 collected $7.12 from pot
*** SUMMARY ***
Total pot $7.50 | Rake $0.38 
Board [9s Qs Ad 5c 7d]
Seat 1: derek5858 (button) folded before Flop (didn't bet)
Seat 2: CashfishT (small blind) folded before Flop
Seat 3: 50CandyJoe (big blind) folded before Flop
Seat 4: aliciam84 showed [Tc Qh] and lost with a pair of Queens
Seat 5: Dmello18 showed [Kh Kc] and won ($7.12) with a pair of Kings
Seat 6: Nicedaymybro folded before Flop (didn't bet)



PokerStars Hand #254683412462:  Hold'em No Limit ($0.50/$1.00 USD) - 2025/02/03 4:59:30 WET [2025/02/02 23:59:30 ET]
Table 'Alcinoos' 6-max Seat #2 is the button
Seat 1: derek5858 ($121.13 in chips) 
Seat 2: CashfishT ($100 in chips) 
Seat 3: 50CandyJoe ($100 in chips) 
Seat 4: aliciam84 ($84.18 in chips) 
Seat 5: Dmello18 ($28.88 in chips) 
Seat 6: Nicedaymybro ($124.13 in chips) 
50CandyJoe: posts small blind $0.50
aliciam84: posts big blind $1
*** HOLE CARDS ***
Dmello18: calls $1
Nicedaymybro: folds 
derek5858: folds 
CashfishT: raises $2.20 to $3.20
50CandyJoe: folds 
aliciam84: calls $2.20
Dmello18: calls $2.20
*** FLOP *** [2d Ad 8s]
aliciam84: checks 
Dmello18: checks 
CashfishT: checks 
*** TURN *** [2d Ad 8s] [3d]
aliciam84: checks 
Dmello18: bets $4.80
CashfishT: calls $4.80
aliciam84: folds 
*** RIVER *** [2d Ad 8s 3d] [As]
Dmello18: bets $4
CashfishT: folds 
Uncalled bet ($4) returned to Dmello18
Dmello18 collected $18.72 from pot
*** SUMMARY ***
Total pot $19.70 | Rake $0.98 
Board [2d Ad 8s 3d As]
Seat 1: derek5858 folded before Flop (didn't bet)
Seat 2: CashfishT (button) folded on the River
Seat 3: 50CandyJoe (small blind) folded before Flop
Seat 4: aliciam84 (big blind) folded on the Turn
Seat 5: Dmello18 collected ($18.72)
Seat 6: Nicedaymybro folded before Flop (didn't bet)



PokerStars Hand #254683415603:  Hold'em No Limit ($0.50/$1.00 USD) - 2025/02/03 5:00:16 WET [2025/02/03 0:00:16 ET]
Table 'Alcinoos' 6-max Seat #3 is the button
Seat 1: derek5858 ($121.13 in chips) 
Seat 2: CashfishT ($100 in chips) 
Seat 3: 50CandyJoe ($100 in chips) 
Seat 4: aliciam84 ($80.98 in chips) 
Seat 5: Dmello18 ($39.60 in chips) 
Seat 6: Nicedaymybro ($124.13 in chips) 
aliciam84: posts small blind $0.50
Dmello18: posts big blind $1
*** HOLE CARDS ***
Nicedaymybro: folds 
derek5858: folds 
CashfishT: folds 
50CandyJoe: raises $1.50 to $2.50
aliciam84: folds 
Dmello18: folds 
Uncalled bet ($1.50) returned to 50CandyJoe
50CandyJoe collected $2.50 from pot
50CandyJoe: doesn't show hand 
*** SUMMARY ***
Total pot $2.50 | Rake $0 
Seat 1: derek5858 folded before Flop (didn't bet)
Seat 2: CashfishT folded before Flop (didn't bet)
Seat 3: 50CandyJoe (button) collected ($2.50)
Seat 4: aliciam84 (small blind) folded before Flop
Seat 5: Dmello18 (big blind) folded before Flop
Seat 6: Nicedaymybro folded before Flop (didn't bet)



PokerStars Hand #254683417118:  Hold'em No Limit ($0.50/$1.00 USD) - 2025/02/03 5:00:37 WET [2025/02/03 0:00:37 ET]
Table 'Alcinoos' 6-max Seat #4 is the button
Seat 1: derek5858 ($121.13 in chips) is sitting out
Seat 6: Nicedaymybro ($124.13 in chips) is sitting out
Seat 2: CashfishT ($100 in chips) 
Seat 3: 50CandyJoe ($101.50 in chips) 
Seat 4: aliciam84 ($80.48 in chips) 
Seat 5: Dmello18 ($38.60 in chips) 
Dmello18: posts small blind $0.50
derek5858: is sitting out 
CashfishT: posts big blind $1
*** HOLE CARDS ***
derek5858 leaves the table
50CandyJoe: raises $1.20 to $2.20
aliciam84: folds 
Dmello18: folds 
CashfishT: folds 
Uncalled bet ($1.20) returned to 50CandyJoe
50CandyJoe collected $2.50 from pot
50CandyJoe: doesn't show hand 
*** SUMMARY ***
Total pot $2.50 | Rake $0 
Seat 1: derek5858
Seat 6: Nicedaymybro
Seat 2: CashfishT (big blind) folded before Flop
Seat 3: 50CandyJoe collected ($2.50)
Seat 4: aliciam84 (button) folded before Flop (didn't bet)
Seat 5: Dmello18 (small blind) folded before Flop



PokerStars Hand #254683417850:  Hold'em No Limit ($0.50/$1.00 USD) - 2025/02/03 5:00:47 WET [2025/02/03 0:00:47 ET]
Table 'Alcinoos' 6-max Seat #5 is the button
Seat 6: Nicedaymybro ($124.13 in chips) is sitting out
Seat 2: CashfishT ($100 in chips) 
Seat 3: 50CandyJoe ($103 in chips) 
Seat 4: aliciam84 ($80.48 in chips) 
Seat 5: Dmello18 ($38.10 in chips) 
CashfishT: posts small blind $0.50
50CandyJoe: posts big blind $1
*** HOLE CARDS ***
aliciam84: raises $1 to $2
Dmello18: folds 
CashfishT: folds 
50CandyJoe: folds 
Uncalled bet ($1) returned to aliciam84
aliciam84 collected $2.50 from pot
*** SUMMARY ***
Total pot $2.50 | Rake $0 
Seat 6: Nicedaymybro
Seat 2: CashfishT (small blind) folded before Flop
Seat 3: 50CandyJoe (big blind) folded before Flop
Seat 4: aliciam84 collected ($2.50)
Seat 5: Dmello18 (button) folded before Flop (didn't bet)



PokerStars Hand #254683419296:  Hold'em No Limit ($0.50/$1.00 USD) - 2025/02/03 5:01:06 WET [2025/02/03 0:01:06 ET]
Table 'Alcinoos' 6-max Seat #2 is the button
Seat 6: Nicedaymybro ($124.13 in chips) is sitting out
Seat 2: CashfishT ($100 in chips) 
Seat 3: 50CandyJoe ($102 in chips) 
Seat 4: aliciam84 ($81.98 in chips) 
Seat 5: Dmello18 ($38.10 in chips) 
50CandyJoe: posts small blind $0.50
aliciam84: posts big blind $1
*** HOLE CARDS ***
Dmello18: calls $1
Manifestorr joins the table at seat #1 
CashfishT: raises $3 to $4
50CandyJoe: folds 
aliciam84: folds 
Dmello18: calls $3
*** FLOP *** [6c Jc 6s]
Dmello18: checks 
CashfishT: bets $2.98
Dmello18: folds 
Uncalled bet ($2.98) returned to CashfishT
CashfishT collected $9.02 from pot
CashfishT: doesn't show hand 
*** SUMMARY ***
Total pot $9.50 | Rake $0.48 
Board [6c Jc 6s]
Seat 6: Nicedaymybro
Seat 2: CashfishT (button) collected ($9.02)
Seat 3: 50CandyJoe (small blind) folded before Flop
Seat 4: aliciam84 (big blind) folded before Flop
Seat 5: Dmello18 folded on the Flop



PokerStars Hand #254683421399:  Hold'em No Limit ($0.50/$1.00 USD) - 2025/02/03 5:01:31 WET [2025/02/03 0:01:31 ET]
Table 'Alcinoos' 6-max Seat #3 is the button
Seat 1: Manifestorr ($100 in chips) is sitting out
Seat 6: Nicedaymybro ($124.13 in chips) is sitting out
Seat 2: CashfishT ($105.02 in chips) 
Seat 3: 50CandyJoe ($101.50 in chips) 
Seat 4: aliciam84 ($80.98 in chips) 
Seat 5: Dmello18 ($34.10 in chips) 
aliciam84: posts small blind $0.50
Dmello18: posts big blind $1
Manifestorr: sits out 
*** HOLE CARDS ***
CashfishT: folds 
50CandyJoe: raises $1.50 to $2.50
aliciam84: calls $2
Dmello18: folds 
*** FLOP *** [6h 6d Jc]
aliciam84: checks 
50CandyJoe: bets $1.88
aliciam84: calls $1.88
*** TURN *** [6h 6d Jc] [Js]
aliciam84: checks 
50CandyJoe: checks 
*** RIVER *** [6h 6d Jc Js] [5c]
aliciam84: checks 
50CandyJoe: checks 
*** SHOW DOWN ***
aliciam84: shows [9d Ad] (two pair, Jacks and Sixes)
50CandyJoe: mucks hand 
aliciam84 collected $9.27 from pot
*** SUMMARY ***
Total pot $9.76 | Rake $0.49 
Board [6h 6d Jc Js 5c]
Seat 1: Manifestorr
Seat 6: Nicedaymybro
Seat 2: CashfishT folded before Flop (didn't bet)
Seat 3: 50CandyJoe (button) mucked
Seat 4: aliciam84 (small blind) showed [9d Ad] and won ($9.27) with two pair, Jacks and Sixes
Seat 5: Dmello18 (big blind) folded before Flop



PokerStars Hand #254683423705:  Hold'em No Limit ($0.50/$1.00 USD) - 2025/02/03 5:01:59 WET [2025/02/03 0:01:59 ET]
Table 'Alcinoos' 6-max Seat #4 is the button
Seat 6: Nicedaymybro ($124.13 in chips) is sitting out
Seat 1: Manifestorr ($100 in chips) 
Seat 2: CashfishT ($105.02 in chips) 
Seat 3: 50CandyJoe ($100 in chips) 
Seat 4: aliciam84 ($85.87 in chips) 
Seat 5: Dmello18 ($33.10 in chips) 
Dmello18: posts small blind $0.50
Manifestorr: posts big blind $1
*** HOLE CARDS ***
CashfishT: folds 
50CandyJoe: raises $1.20 to $2.20
aliciam84: calls $2.20
Dmello18: calls $1.70
Manifestorr: folds 
*** FLOP *** [3d Kc 2c]
Dmello18: checks 
50CandyJoe: bets $2.38
aliciam84: calls $2.38
Dmello18: calls $2.38
*** TURN *** [3d Kc 2c] [5d]
Dmello18: checks 
50CandyJoe: checks 
aliciam84: checks 
*** RIVER *** [3d Kc 2c 5d] [Td]
Dmello18: bets $7
50CandyJoe: folds 
aliciam84: folds 
Uncalled bet ($7) returned to Dmello18
Dmello18 collected $14 from pot
*** SUMMARY ***
Total pot $14.74 | Rake $0.74 
Board [3d Kc 2c 5d Td]
Seat 6: Nicedaymybro
Seat 1: Manifestorr (big blind) folded before Flop
Seat 2: CashfishT folded before Flop (didn't bet)
Seat 3: 50CandyJoe folded on the River
Seat 4: aliciam84 (button) folded on the River
Seat 5: Dmello18 (small blind) collected ($14)



PokerStars Hand #254683428024:  Hold'em No Limit ($0.50/$1.00 USD) - 2025/02/03 5:02:52 WET [2025/02/03 0:02:52 ET]
Table 'Alcinoos' 6-max Seat #5 is the button
Seat 6: Nicedaymybro ($124.13 in chips) is sitting out
Seat 1: Manifestorr ($100 in chips) 
Seat 2: CashfishT ($105.02 in chips) 
Seat 3: 50CandyJoe ($100 in chips) 
Seat 4: aliciam84 ($81.29 in chips) 
Seat 5: Dmello18 ($42.52 in chips) 
Manifestorr: posts small blind $0.50
CashfishT: posts big blind $1
*** HOLE CARDS ***
50CandyJoe: folds 
aliciam84: folds 
Dmello18: folds 
Manifestorr: raises $2 to $3
CashfishT: raises $7 to $10
Manifestorr: folds 
Uncalled bet ($7) returned to CashfishT
CashfishT collected $6 from pot
CashfishT: doesn't show hand 
*** SUMMARY ***
Total pot $6 | Rake $0 
Seat 6: Nicedaymybro
Seat 1: Manifestorr (small blind) folded before Flop
Seat 2: CashfishT (big blind) collected ($6)
Seat 3: 50CandyJoe folded before Flop (didn't bet)
Seat 4: aliciam84 folded before Flop (didn't bet)
Seat 5: Dmello18 (button) folded before Flop (didn't bet)



PokerStars Hand #254683429306:  Hold'em No Limit ($0.50/$1.00 USD) - 2025/02/03 5:03:08 WET [2025/02/03 0:03:08 ET]
Table 'Alcinoos' 6-max Seat #1 is the button
Seat 6: Nicedaymybro ($124.13 in chips) is sitting out
Seat 1: Manifestorr ($100 in chips) 
Seat 2: CashfishT ($108.02 in chips) 
Seat 3: 50CandyJoe ($100 in chips) 
Seat 4: aliciam84 ($81.29 in chips) 
Seat 5: Dmello18 ($42.52 in chips) 
CashfishT: posts small blind $0.50
50CandyJoe: posts big blind $1
*** HOLE CARDS ***
aliciam84: folds 
Dmello18: folds 
Manifestorr: raises $1.20 to $2.20
CashfishT: folds 
50CandyJoe: calls $1.20
*** FLOP *** [3c Kh 4d]
50CandyJoe: checks 
Manifestorr: bets $3.50
50CandyJoe: folds 
Uncalled bet ($3.50) returned to Manifestorr
Manifestorr collected $4.66 from pot
*** SUMMARY ***
Total pot $4.90 | Rake $0.24 
Board [3c Kh 4d]
Seat 6: Nicedaymybro
Seat 1: Manifestorr (button) collected ($4.66)
Seat 2: CashfishT (small blind) folded before Flop
Seat 3: 50CandyJoe (big blind) folded on the Flop
Seat 4: aliciam84 folded before Flop (didn't bet)
Seat 5: Dmello18 folded before Flop (didn't bet)



PokerStars Hand #254683431678:  Hold'em No Limit ($0.50/$1.00 USD) - 2025/02/03 5:03:36 WET [2025/02/03 0:03:36 ET]
Table 'Alcinoos' 6-max Seat #2 is the button
Seat 6: Nicedaymybro ($124.13 in chips) is sitting out
Seat 1: Manifestorr ($102.46 in chips) 
Seat 2: CashfishT ($107.52 in chips) 
Seat 3: 50CandyJoe ($100 in chips) 
Seat 4: aliciam84 ($81.29 in chips) 
Seat 5: Dmello18 ($42.52 in chips) 
50CandyJoe: posts small blind $0.50
aliciam84: posts big blind $1
Nicedaymybro: sits out 
*** HOLE CARDS ***
Dmello18: folds 
Manifestorr: folds 
CashfishT: folds 
50CandyJoe: raises $2 to $3
aliciam84: calls $2
*** FLOP *** [6h Qc 9s]
50CandyJoe: bets $1.43
aliciam84: raises $4.28 to $5.71
50CandyJoe: folds 
Uncalled bet ($4.28) returned to aliciam84
aliciam84 collected $8.42 from pot
*** SUMMARY ***
Total pot $8.86 | Rake $0.44 
Board [6h Qc 9s]
Seat 6: Nicedaymybro
Seat 1: Manifestorr folded before Flop (didn't bet)
Seat 2: CashfishT (button) folded before Flop (didn't bet)
Seat 3: 50CandyJoe (small blind) folded on the Flop
Seat 4: aliciam84 (big blind) collected ($8.42)
Seat 5: Dmello18 folded before Flop (didn't bet)



PokerStars Hand #254683433256:  Hold'em No Limit ($0.50/$1.00 USD) - 2025/02/03 5:03:56 WET [2025/02/03 0:03:56 ET]
Table 'Alcinoos' 6-max Seat #3 is the button
Seat 6: Nicedaymybro ($124.13 in chips) is sitting out
Seat 1: Manifestorr ($102.46 in chips) 
Seat 2: CashfishT ($107.52 in chips) 
Seat 3: 50CandyJoe ($100 in chips) 
Seat 4: aliciam84 ($85.28 in chips) 
Seat 5: Dmello18 ($42.52 in chips) 
aliciam84: posts small blind $0.50
Dmello18: posts big blind $1
Nicedaymybro: sits out 
*** HOLE CARDS ***
Manifestorr: folds 
CashfishT: folds 
50CandyJoe: raises $1.50 to $2.50
aliciam84: calls $2
Dmello18: folds 
*** FLOP *** [Js 4h Qd]
aliciam84: checks 
50CandyJoe: checks 
*** TURN *** [Js 4h Qd] [6c]
aliciam84: checks 
50CandyJoe: bets $1
aliciam84: calls $1
*** RIVER *** [Js 4h Qd 6c] [7c]
aliciam84: checks 
50CandyJoe: checks 
*** SHOW DOWN ***
aliciam84: shows [Qh 5h] (a pair of Queens)
50CandyJoe: mucks hand 
aliciam84 collected $7.60 from pot
*** SUMMARY ***
Total pot $8 | Rake $0.40 
Board [Js 4h Qd 6c 7c]
Seat 6: Nicedaymybro
Seat 1: Manifestorr folded before Flop (didn't bet)
Seat 2: CashfishT folded before Flop (didn't bet)
Seat 3: 50CandyJoe (button) mucked
Seat 4: aliciam84 (small blind) showed [Qh 5h] and won ($7.60) with a pair of Queens
Seat 5: Dmello18 (big blind) folded before Flop



PokerStars Hand #254683466968:  Hold'em No Limit ($0.50/$1.00 USD) - 2025/02/03 5:10:45 WET [2025/02/03 0:10:45 ET]
Table 'Alcinoos' 6-max Seat #1 is the button
Seat 1: Manifestorr ($108.30 in chips) 
Seat 2: CashfishT ($101.88 in chips) 
Seat 3: 50CandyJoe ($120.69 in chips) 
Seat 4: aliciam84 ($105.56 in chips) 
Seat 5: Dmello18 ($10.83 in chips) 
Seat 6: Nicedaymybro ($121.13 in chips) 
CashfishT: posts small blind $0.50
50CandyJoe: posts big blind $1
*** HOLE CARDS ***
aliciam84: raises $1 to $2
Dmello18: folds 
Nicedaymybro: folds 
Manifestorr: folds 
CashfishT: folds 
50CandyJoe: calls $1
*** FLOP *** [8h 4h 9d]
50CandyJoe: checks 
aliciam84: checks 
*** TURN *** [8h 4h 9d] [Ad]
50CandyJoe: checks 
aliciam84: checks 
*** RIVER *** [8h 4h 9d Ad] [Jc]
50CandyJoe: checks 
aliciam84: bets $3
50CandyJoe: folds 
Uncalled bet ($3) returned to aliciam84
aliciam84 collected $4.28 from pot
*** SUMMARY ***
Total pot $4.50 | Rake $0.22 
Board [8h 4h 9d Ad Jc]
Seat 1: Manifestorr (button) folded before Flop (didn't bet)
Seat 2: CashfishT (small blind) folded before Flop
Seat 3: 50CandyJoe (big blind) folded on the River
Seat 4: aliciam84 collected ($4.28)
Seat 5: Dmello18 folded before Flop (didn't bet)
Seat 6: Nicedaymybro folded before Flop (didn't bet)



PokerStars Hand #254683469402:  Hold'em No Limit ($0.50/$1.00 USD) - 2025/02/03 5:11:16 WET [2025/02/03 0:11:16 ET]
Table 'Alcinoos' 6-max Seat #2 is the button
Seat 1: Manifestorr ($108.30 in chips) 
Seat 2: CashfishT ($101.38 in chips) 
Seat 3: 50CandyJoe ($118.69 in chips) 
Seat 4: aliciam84 ($107.84 in chips) 
Seat 5: Dmello18 ($10.83 in chips) 
Seat 6: Nicedaymybro ($121.13 in chips) 
50CandyJoe: posts small blind $0.50
aliciam84: posts big blind $1
*** HOLE CARDS ***
Dmello18: calls $1
Nicedaymybro: folds 
Manifestorr: raises $3.50 to $4.50
CashfishT: folds 
50CandyJoe: folds 
aliciam84: calls $3.50
Dmello18: raises $6.33 to $10.83 and is all-in
Manifestorr: folds 
aliciam84: calls $6.33
*** FLOP *** [Kd 2d 2h]
*** TURN *** [Kd 2d 2h] [9s]
*** RIVER *** [Kd 2d 2h 9s] [3d]
*** SHOW DOWN ***
aliciam84: shows [9d Td] (a flush, King high)
Dmello18: shows [Ts Ac] (a pair of Deuces)
aliciam84 collected $25.33 from pot
*** SUMMARY ***
Total pot $26.66 | Rake $1.33 
Board [Kd 2d 2h 9s 3d]
Seat 1: Manifestorr folded before Flop
Seat 2: CashfishT (button) folded before Flop (didn't bet)
Seat 3: 50CandyJoe (small blind) folded before Flop
Seat 4: aliciam84 (big blind) showed [9d Td] and won ($25.33) with a flush, King high
Seat 5: Dmello18 showed [Ts Ac] and lost with a pair of Deuces
Seat 6: Nicedaymybro folded before Flop (didn't bet)



PokerStars Hand #254683472492:  Hold'em No Limit ($0.50/$1.00 USD) - 2025/02/03 5:11:55 WET [2025/02/03 0:11:55 ET]
Table 'Alcinoos' 6-max Seat #3 is the button
Seat 5: Dmello18 ($0 in chips) is sitting out
Seat 1: Manifestorr ($103.80 in chips) 
Seat 2: CashfishT ($101.38 in chips) 
Seat 3: 50CandyJoe ($118.19 in chips) 
Seat 4: aliciam84 ($122.34 in chips) 
Seat 6: Nicedaymybro ($121.13 in chips) 
aliciam84: posts small blind $0.50
Nicedaymybro: posts big blind $1
*** HOLE CARDS ***
Manifestorr: folds 
Dmello18 is disconnected 
CashfishT: folds 
50CandyJoe: folds 
aliciam84: folds 
Uncalled bet ($0.50) returned to Nicedaymybro
Nicedaymybro collected $1 from pot
Nicedaymybro: doesn't show hand 
*** SUMMARY ***
Total pot $1 | Rake $0 
Seat 5: Dmello18
Seat 1: Manifestorr folded before Flop (didn't bet)
Seat 2: CashfishT folded before Flop (didn't bet)
Seat 3: 50CandyJoe (button) folded before Flop (didn't bet)
Seat 4: aliciam84 (small blind) folded before Flop
Seat 6: Nicedaymybro (big blind) collected ($1)



PokerStars Hand #254683473736:  Hold'em No Limit ($0.50/$1.00 USD) - 2025/02/03 5:12:11 WET [2025/02/03 0:12:11 ET]
Table 'Alcinoos' 6-max Seat #4 is the button
Seat 5: Dmello18 ($0 in chips) is sitting out
Seat 1: Manifestorr ($103.80 in chips) 
Seat 2: CashfishT ($101.38 in chips) 
Seat 3: 50CandyJoe ($118.19 in chips) 
Seat 4: aliciam84 ($121.84 in chips) 
Seat 6: Nicedaymybro ($121.63 in chips) 
Nicedaymybro: posts small blind $0.50
Manifestorr: posts big blind $1
*** HOLE CARDS ***
CashfishT: folds 
50CandyJoe: folds 
aliciam84: folds 
Nicedaymybro: raises $2 to $3
Manifestorr: folds 
Uncalled bet ($2) returned to Nicedaymybro
Nicedaymybro collected $2 from pot
Nicedaymybro: doesn't show hand 
*** SUMMARY ***
Total pot $2 | Rake $0 
Seat 5: Dmello18
Seat 1: Manifestorr (big blind) folded before Flop
Seat 2: CashfishT folded before Flop (didn't bet)
Seat 3: 50CandyJoe folded before Flop (didn't bet)
Seat 4: aliciam84 (button) folded before Flop (didn't bet)
Seat 6: Nicedaymybro (small blind) collected ($2)



PokerStars Hand #254683474647:  Hold'em No Limit ($0.50/$1.00 USD) - 2025/02/03 5:12:22 WET [2025/02/03 0:12:22 ET]
Table 'Alcinoos' 6-max Seat #6 is the button
Seat 5: Dmello18 ($0 in chips) is sitting out
Seat 1: Manifestorr ($102.80 in chips) 
Seat 2: CashfishT ($101.38 in chips) 
Seat 3: 50CandyJoe ($118.19 in chips) 
Seat 4: aliciam84 ($121.84 in chips) 
Seat 6: Nicedaymybro ($122.63 in chips) 
Manifestorr: posts small blind $0.50
CashfishT: posts big blind $1
*** HOLE CARDS ***
50CandyJoe: folds 
aliciam84: raises $2 to $3
Nicedaymybro: folds 
Manifestorr: folds 
CashfishT: raises $10 to $13
aliciam84: folds 
Uncalled bet ($10) returned to CashfishT
CashfishT collected $6.50 from pot
CashfishT: doesn't show hand 
*** SUMMARY ***
Total pot $6.50 | Rake $0 
Seat 5: Dmello18
Seat 1: Manifestorr (small blind) folded before Flop
Seat 2: CashfishT (big blind) collected ($6.50)
Seat 3: 50CandyJoe folded before Flop (didn't bet)
Seat 4: aliciam84 folded before Flop
Seat 6: Nicedaymybro (button) folded before Flop (didn't bet)



PokerStars Hand #254683476630:  Hold'em No Limit ($0.50/$1.00 USD) - 2025/02/03 5:12:47 WET [2025/02/03 0:12:47 ET]
Table 'Alcinoos' 6-max Seat #1 is the button
Seat 5: Dmello18 ($0 in chips) is sitting out
Seat 1: Manifestorr ($102.30 in chips) 
Seat 2: CashfishT ($104.88 in chips) 
Seat 3: 50CandyJoe ($118.19 in chips) 
Seat 4: aliciam84 ($118.84 in chips) 
Seat 6: Nicedaymybro ($122.63 in chips) 
CashfishT: posts small blind $0.50
50CandyJoe: posts big blind $1
*** HOLE CARDS ***
aliciam84: folds 
Nicedaymybro: folds 
Manifestorr: folds 
CashfishT: folds 
Uncalled bet ($0.50) returned to 50CandyJoe
50CandyJoe collected $1 from pot
50CandyJoe: doesn't show hand 
*** SUMMARY ***
Total pot $1 | Rake $0 
Seat 5: Dmello18
Seat 1: Manifestorr (button) folded before Flop (didn't bet)
Seat 2: CashfishT (small blind) folded before Flop
Seat 3: 50CandyJoe (big blind) collected ($1)
Seat 4: aliciam84 folded before Flop (didn't bet)
Seat 6: Nicedaymybro folded before Flop (didn't bet)



PokerStars Hand #254683477706:  Hold'em No Limit ($0.50/$1.00 USD) - 2025/02/03 5:13:00 WET [2025/02/03 0:13:00 ET]
Table 'Alcinoos' 6-max Seat #2 is the button
Seat 5: Dmello18 ($0 in chips) is sitting out
Seat 1: Manifestorr ($102.30 in chips) 
Seat 2: CashfishT ($104.38 in chips) 
Seat 3: 50CandyJoe ($118.69 in chips) 
Seat 4: aliciam84 ($118.84 in chips) 
Seat 6: Nicedaymybro ($122.63 in chips) 
50CandyJoe: posts small blind $0.50
aliciam84: posts big blind $1
*** HOLE CARDS ***
Nicedaymybro: raises $1.50 to $2.50
Manifestorr: folds 
CashfishT: folds 
50CandyJoe: folds 
aliciam84: calls $1.50
*** FLOP *** [Qd Ad Ks]
aliciam84: checks 
Nicedaymybro: bets $2.61
aliciam84: raises $5.22 to $7.83
Nicedaymybro: calls $5.22
*** TURN *** [Qd Ad Ks] [7c]
aliciam84: bets $12
Nicedaymybro: folds 
Uncalled bet ($12) returned to aliciam84
aliciam84 collected $20.10 from pot
*** SUMMARY ***
Total pot $21.16 | Rake $1.06 
Board [Qd Ad Ks 7c]
Seat 5: Dmello18
Seat 1: Manifestorr folded before Flop (didn't bet)
Seat 2: CashfishT (button) folded before Flop (didn't bet)
Seat 3: 50CandyJoe (small blind) folded before Flop
Seat 4: aliciam84 (big blind) collected ($20.10)
Seat 6: Nicedaymybro folded on the Turn



PokerStars Hand #254683481422:  Hold'em No Limit ($0.50/$1.00 USD) - 2025/02/03 5:13:47 WET [2025/02/03 0:13:47 ET]
Table 'Alcinoos' 6-max Seat #3 is the button
Seat 5: Dmello18 ($0 in chips) is sitting out
Seat 1: Manifestorr ($102.30 in chips) 
Seat 2: CashfishT ($104.38 in chips) 
Seat 3: 50CandyJoe ($118.19 in chips) 
Seat 4: aliciam84 ($128.61 in chips) 
Seat 6: Nicedaymybro ($112.30 in chips) 
aliciam84: posts small blind $0.50
Nicedaymybro: posts big blind $1
*** HOLE CARDS ***
Manifestorr: folds 
CashfishT: folds 
50CandyJoe: folds 
aliciam84: folds 
Uncalled bet ($0.50) returned to Nicedaymybro
Nicedaymybro collected $1 from pot
Nicedaymybro: doesn't show hand 
*** SUMMARY ***
Total pot $1 | Rake $0 
Seat 5: Dmello18
Seat 1: Manifestorr folded before Flop (didn't bet)
Seat 2: CashfishT folded before Flop (didn't bet)
Seat 3: 50CandyJoe (button) folded before Flop (didn't bet)
Seat 4: aliciam84 (small blind) folded before Flop
Seat 6: Nicedaymybro (big blind) collected ($1)



PokerStars Hand #254683482510:  Hold'em No Limit ($0.50/$1.00 USD) - 2025/02/03 5:14:01 WET [2025/02/03 0:14:01 ET]
Table 'Alcinoos' 6-max Seat #4 is the button
Seat 5: Dmello18 ($0 in chips) is sitting out
Seat 1: Manifestorr ($102.30 in chips) 
Seat 2: CashfishT ($104.38 in chips) 
Seat 3: 50CandyJoe ($118.19 in chips) 
Seat 4: aliciam84 ($128.11 in chips) 
Seat 6: Nicedaymybro ($112.80 in chips) 
Nicedaymybro: posts small blind $0.50
Manifestorr: posts big blind $1
*** HOLE CARDS ***
CashfishT: folds 
50CandyJoe: folds 
aliciam84: folds 
Nicedaymybro: folds 
Uncalled bet ($0.50) returned to Manifestorr
Manifestorr collected $1 from pot
*** SUMMARY ***
Total pot $1 | Rake $0 
Seat 5: Dmello18
Seat 1: Manifestorr (big blind) collected ($1)
Seat 2: CashfishT folded before Flop (didn't bet)
Seat 3: 50CandyJoe folded before Flop (didn't bet)
Seat 4: aliciam84 (button) folded before Flop (didn't bet)
Seat 6: Nicedaymybro (small blind) folded before Flop



PokerStars Hand #254683483287:  Hold'em No Limit ($0.50/$1.00 USD) - 2025/02/03 5:14:10 WET [2025/02/03 0:14:10 ET]
Table 'Alcinoos' 6-max Seat #6 is the button
Seat 5: Dmello18 ($0 in chips) is sitting out
Seat 1: Manifestorr ($102.80 in chips) 
Seat 2: CashfishT ($104.38 in chips) 
Seat 3: 50CandyJoe ($118.19 in chips) 
Seat 4: aliciam84 ($128.11 in chips) 
Seat 6: Nicedaymybro ($112.30 in chips) 
Manifestorr: posts small blind $0.50
CashfishT: posts big blind $1
*** HOLE CARDS ***
50CandyJoe: folds 
aliciam84: folds 
Nicedaymybro: folds 
Manifestorr: folds 
Uncalled bet ($0.50) returned to CashfishT
CashfishT collected $1 from pot
CashfishT: doesn't show hand 
*** SUMMARY ***
Total pot $1 | Rake $0 
Seat 5: Dmello18
Seat 1: Manifestorr (small blind) folded before Flop
Seat 2: CashfishT (big blind) collected ($1)
Seat 3: 50CandyJoe folded before Flop (didn't bet)
Seat 4: aliciam84 folded before Flop (didn't bet)
Seat 6: Nicedaymybro (button) folded before Flop (didn't bet)



PokerStars Hand #254683484032:  Hold'em No Limit ($0.50/$1.00 USD) - 2025/02/03 5:14:20 WET [2025/02/03 0:14:20 ET]
Table 'Alcinoos' 6-max Seat #1 is the button
Seat 5: Dmello18 ($0 in chips) is sitting out
Seat 1: Manifestorr ($102.30 in chips) 
Seat 2: CashfishT ($104.88 in chips) 
Seat 3: 50CandyJoe ($118.19 in chips) 
Seat 4: aliciam84 ($128.11 in chips) 
Seat 6: Nicedaymybro ($112.30 in chips) 
CashfishT: posts small blind $0.50
50CandyJoe: posts big blind $1
*** HOLE CARDS ***
aliciam84: raises $1 to $2
Nicedaymybro: folds 
Manifestorr: raises $4 to $6
CashfishT: folds 
50CandyJoe: folds 
aliciam84: calls $4
*** FLOP *** [8d Kh 3c]
aliciam84: checks 
Manifestorr: bets $4.23
aliciam84: calls $4.23
*** TURN *** [8d Kh 3c] [5h]
aliciam84: checks 
Manifestorr: checks 
*** RIVER *** [8d Kh 3c 5h] [9s]
aliciam84: bets $13
Manifestorr: folds 
Uncalled bet ($13) returned to aliciam84
aliciam84 collected $20.86 from pot
*** SUMMARY ***
Total pot $21.96 | Rake $1.10 
Board [8d Kh 3c 5h 9s]
Seat 5: Dmello18
Seat 1: Manifestorr (button) folded on the River
Seat 2: CashfishT (small blind) folded before Flop
Seat 3: 50CandyJoe (big blind) folded before Flop
Seat 4: aliciam84 collected ($20.86)
Seat 6: Nicedaymybro folded before Flop (didn't bet)



PokerStars Hand #254683487111:  Hold'em No Limit ($0.50/$1.00 USD) - 2025/02/03 5:14:58 WET [2025/02/03 0:14:58 ET]
Table 'Alcinoos' 6-max Seat #2 is the button
Seat 5: Dmello18 ($0 in chips) is sitting out
Seat 1: Manifestorr ($100 in chips) 
Seat 2: CashfishT ($104.38 in chips) 
Seat 3: 50CandyJoe ($117.19 in chips) 
Seat 4: aliciam84 ($138.74 in chips) 
Seat 6: Nicedaymybro ($112.30 in chips) 
50CandyJoe: posts small blind $0.50
aliciam84: posts big blind $1
*** HOLE CARDS ***
Nicedaymybro: folds 
Manifestorr: folds 
CashfishT: folds 
50CandyJoe: folds 
Uncalled bet ($0.50) returned to aliciam84
aliciam84 collected $1 from pot
*** SUMMARY ***
Total pot $1 | Rake $0 
Seat 5: Dmello18
Seat 1: Manifestorr folded before Flop (didn't bet)
Seat 2: CashfishT (button) folded before Flop (didn't bet)
Seat 3: 50CandyJoe (small blind) folded before Flop
Seat 4: aliciam84 (big blind) collected ($1)
Seat 6: Nicedaymybro folded before Flop (didn't bet)



PokerStars Hand #254683488029:  Hold'em No Limit ($0.50/$1.00 USD) - 2025/02/03 5:15:09 WET [2025/02/03 0:15:09 ET]
Table 'Alcinoos' 6-max Seat #3 is the button
Seat 5: Dmello18 ($0 in chips) is sitting out
Seat 1: Manifestorr ($100 in chips) 
Seat 2: CashfishT ($104.38 in chips) 
Seat 3: 50CandyJoe ($116.69 in chips) 
Seat 4: aliciam84 ($139.24 in chips) 
Seat 6: Nicedaymybro ($112.30 in chips) 
aliciam84: posts small blind $0.50
Nicedaymybro: posts big blind $1
*** HOLE CARDS ***
Manifestorr: folds 
CashfishT: folds 
50CandyJoe: raises $1.50 to $2.50
aliciam84: folds 
Nicedaymybro: folds 
Uncalled bet ($1.50) returned to 50CandyJoe
50CandyJoe collected $2.50 from pot
50CandyJoe: doesn't show hand 
*** SUMMARY ***
Total pot $2.50 | Rake $0 
Seat 5: Dmello18
Seat 1: Manifestorr folded before Flop (didn't bet)
Seat 2: CashfishT folded before Flop (didn't bet)
Seat 3: 50CandyJoe (button) collected ($2.50)
Seat 4: aliciam84 (small blind) folded before Flop
Seat 6: Nicedaymybro (big blind) folded before Flop



PokerStars Hand #254683488968:  Hold'em No Limit ($0.50/$1.00 USD) - 2025/02/03 5:15:21 WET [2025/02/03 0:15:21 ET]
Table 'Alcinoos' 6-max Seat #4 is the button
Seat 5: Dmello18 ($0 in chips) is sitting out
Seat 1: Manifestorr ($100 in chips) 
Seat 2: CashfishT ($104.38 in chips) 
Seat 3: 50CandyJoe ($118.19 in chips) 
Seat 4: aliciam84 ($138.74 in chips) 
Seat 6: Nicedaymybro ($111.30 in chips) 
Nicedaymybro: posts small blind $0.50
Manifestorr: posts big blind $1
*** HOLE CARDS ***
CashfishT: folds 
50CandyJoe: raises $1.20 to $2.20
aliciam84: calls $2.20
Nicedaymybro: folds 
Manifestorr: folds 
*** FLOP *** [Kh 3c Ks]
50CandyJoe: bets $1.40
aliciam84: folds 
Uncalled bet ($1.40) returned to 50CandyJoe
50CandyJoe collected $5.60 from pot
50CandyJoe: doesn't show hand 
*** SUMMARY ***
Total pot $5.90 | Rake $0.30 
Board [Kh 3c Ks]
Seat 5: Dmello18
Seat 1: Manifestorr (big blind) folded before Flop
Seat 2: CashfishT folded before Flop (didn't bet)
Seat 3: 50CandyJoe collected ($5.60)
Seat 4: aliciam84 (button) folded on the Flop
Seat 6: Nicedaymybro (small blind) folded before Flop



PokerStars Hand #254683491134:  Hold'em No Limit ($0.50/$1.00 USD) - 2025/02/03 5:15:47 WET [2025/02/03 0:15:47 ET]
Table 'Alcinoos' 6-max Seat #6 is the button
Seat 5: Dmello18 ($0 in chips) is sitting out
Seat 1: Manifestorr ($100 in chips) 
Seat 2: CashfishT ($104.38 in chips) 
Seat 3: 50CandyJoe ($121.59 in chips) 
Seat 4: aliciam84 ($136.54 in chips) 
Seat 6: Nicedaymybro ($110.80 in chips) 
Manifestorr: posts small blind $0.50
CashfishT: posts big blind $1
*** HOLE CARDS ***
50CandyJoe: folds 
aliciam84: folds 
Nicedaymybro: folds 
Manifestorr: raises $2 to $3
CashfishT: calls $2
*** FLOP *** [Js 7d Ts]
Manifestorr: checks 
CashfishT: bets $2.85
Manifestorr: folds 
Uncalled bet ($2.85) returned to CashfishT
CashfishT collected $5.70 from pot
CashfishT: doesn't show hand 
*** SUMMARY ***
Total pot $6 | Rake $0.30 
Board [Js 7d Ts]
Seat 5: Dmello18
Seat 1: Manifestorr (small blind) folded on the Flop
Seat 2: CashfishT (big blind) collected ($5.70)
Seat 3: 50CandyJoe folded before Flop (didn't bet)
Seat 4: aliciam84 folded before Flop (didn't bet)
Seat 6: Nicedaymybro (button) folded before Flop (didn't bet)



PokerStars Hand #254683493065:  Hold'em No Limit ($0.50/$1.00 USD) - 2025/02/03 5:16:11 WET [2025/02/03 0:16:11 ET]
Table 'Alcinoos' 6-max Seat #1 is the button
Seat 5: Dmello18 ($0 in chips) is sitting out
Seat 1: Manifestorr ($100 in chips) 
Seat 2: CashfishT ($107.08 in chips) 
Seat 3: 50CandyJoe ($121.59 in chips) 
Seat 4: aliciam84 ($136.54 in chips) 
Seat 6: Nicedaymybro ($110.80 in chips) 
CashfishT: posts small blind $0.50
50CandyJoe: posts big blind $1
*** HOLE CARDS ***
aliciam84: raises $2 to $3
Nicedaymybro: folds 
Manifestorr: folds 
CashfishT: folds 
50CandyJoe: calls $2
*** FLOP *** [As 9s 3c]
50CandyJoe: checks 
aliciam84: bets $4
50CandyJoe: folds 
Uncalled bet ($4) returned to aliciam84
aliciam84 collected $6.18 from pot
*** SUMMARY ***
Total pot $6.50 | Rake $0.32 
Board [As 9s 3c]
Seat 5: Dmello18
Seat 1: Manifestorr (button) folded before Flop (didn't bet)
Seat 2: CashfishT (small blind) folded before Flop
Seat 3: 50CandyJoe (big blind) folded on the Flop
Seat 4: aliciam84 collected ($6.18)
Seat 6: Nicedaymybro folded before Flop (didn't bet)



PokerStars Hand #254683497965:  Hold'em No Limit ($0.50/$1.00 USD) - 2025/02/03 5:17:12 WET [2025/02/03 0:17:12 ET]
Table 'Alcinoos' 6-max Seat #2 is the button
Seat 5: Dmello18 ($0 in chips) is sitting out
Seat 1: Manifestorr ($100 in chips) 
Seat 2: CashfishT ($106.58 in chips) 
Seat 3: 50CandyJoe ($118.59 in chips) 
Seat 4: aliciam84 ($139.72 in chips) 
Seat 6: Nicedaymybro ($110.80 in chips) 
50CandyJoe: posts small blind $0.50
aliciam84: posts big blind $1
*** HOLE CARDS ***
Nicedaymybro: folds 
Manifestorr: folds 
CashfishT: folds 
50CandyJoe: raises $2 to $3
aliciam84: folds 
Uncalled bet ($2) returned to 50CandyJoe
50CandyJoe collected $2 from pot
50CandyJoe: doesn't show hand 
*** SUMMARY ***
Total pot $2 | Rake $0 
Seat 5: Dmello18
Seat 1: Manifestorr folded before Flop (didn't bet)
Seat 2: CashfishT (button) folded before Flop (didn't bet)
Seat 3: 50CandyJoe (small blind) collected ($2)
Seat 4: aliciam84 (big blind) folded before Flop
Seat 6: Nicedaymybro folded before Flop (didn't bet)



PokerStars Hand #254683499489:  Hold'em No Limit ($0.50/$1.00 USD) - 2025/02/03 5:17:31 WET [2025/02/03 0:17:31 ET]
Table 'Alcinoos' 6-max Seat #3 is the button
Seat 5: Dmello18 ($0 in chips) is sitting out
Seat 1: Manifestorr ($100 in chips) 
Seat 2: CashfishT ($106.58 in chips) 
Seat 3: 50CandyJoe ($119.59 in chips) 
Seat 4: aliciam84 ($138.72 in chips) 
Seat 6: Nicedaymybro ($110.80 in chips) 
aliciam84: posts small blind $0.50
Nicedaymybro: posts big blind $1
*** HOLE CARDS ***
Manifestorr: raises $1.20 to $2.20
CashfishT: folds 
50CandyJoe: folds 
aliciam84: calls $1.70
Nicedaymybro: folds 
*** FLOP *** [5d Qh 7c]
aliciam84: checks 
Manifestorr: bets $1.69
aliciam84: calls $1.69
*** TURN *** [5d Qh 7c] [7d]
aliciam84: checks 
Manifestorr: checks 
*** RIVER *** [5d Qh 7c 7d] [6s]
aliciam84: bets $6
Manifestorr: folds 
Uncalled bet ($6) returned to aliciam84
aliciam84 collected $8.34 from pot
Dmello18 leaves the table
*** SUMMARY ***
Total pot $8.78 | Rake $0.44 
Board [5d Qh 7c 7d 6s]
Seat 5: Dmello18
Seat 1: Manifestorr folded on the River
Seat 2: CashfishT folded before Flop (didn't bet)
Seat 3: 50CandyJoe (button) folded before Flop (didn't bet)
Seat 4: aliciam84 (small blind) collected ($8.34)
Seat 6: Nicedaymybro (big blind) folded before Flop



PokerStars Hand #254683502076:  Hold'em No Limit ($0.50/$1.00 USD) - 2025/02/03 5:18:03 WET [2025/02/03 0:18:03 ET]
Table 'Alcinoos' 6-max Seat #4 is the button
Seat 1: Manifestorr ($100 in chips) 
Seat 2: CashfishT ($106.58 in chips) 
Seat 3: 50CandyJoe ($119.59 in chips) 
Seat 4: aliciam84 ($143.17 in chips) 
Seat 6: Nicedaymybro ($109.80 in chips) 
Nicedaymybro: posts small blind $0.50
Manifestorr: posts big blind $1
*** HOLE CARDS ***
joaquin612 joins the table at seat #5 
CashfishT: folds 
50CandyJoe: raises $1.20 to $2.20
aliciam84: calls $2.20
Nicedaymybro: folds 
Manifestorr: folds 
*** FLOP *** [Ad 7s Qh]
50CandyJoe: bets $1.40
aliciam84: calls $1.40
*** TURN *** [Ad 7s Qh] [4h]
50CandyJoe: checks 
aliciam84: bets $6
50CandyJoe: folds 
Uncalled bet ($6) returned to aliciam84
aliciam84 collected $8.26 from pot
*** SUMMARY ***
Total pot $8.70 | Rake $0.44 
Board [Ad 7s Qh 4h]
Seat 1: Manifestorr (big blind) folded before Flop
Seat 2: CashfishT folded before Flop (didn't bet)
Seat 3: 50CandyJoe folded on the Turn
Seat 4: aliciam84 (button) collected ($8.26)
Seat 6: Nicedaymybro (small blind) folded before Flop



PokerStars Hand #254683504599:  Hold'em No Limit ($0.50/$1.00 USD) - 2025/02/03 5:18:35 WET [2025/02/03 0:18:35 ET]
Table 'Alcinoos' 6-max Seat #6 is the button
Seat 5: joaquin612 ($100 in chips) is sitting out
Seat 1: Manifestorr ($100 in chips) 
Seat 2: CashfishT ($106.58 in chips) 
Seat 3: 50CandyJoe ($115.99 in chips) 
Seat 4: aliciam84 ($147.83 in chips) 
Seat 6: Nicedaymybro ($109.30 in chips) 
Manifestorr: posts small blind $0.50
CashfishT: posts big blind $1
joaquin612: sits out 
*** HOLE CARDS ***
50CandyJoe: raises $1.20 to $2.20
aliciam84: calls $2.20
Nicedaymybro: folds 
Manifestorr: folds 
CashfishT: folds 
*** FLOP *** [2c 4c Ad]
50CandyJoe: checks 
aliciam84: checks 
*** TURN *** [2c 4c Ad] [Th]
50CandyJoe: checks 
aliciam84: bets $4
50CandyJoe: folds 
Uncalled bet ($4) returned to aliciam84
aliciam84 collected $5.60 from pot
*** SUMMARY ***
Total pot $5.90 | Rake $0.30 
Board [2c 4c Ad Th]
Seat 5: joaquin612
Seat 1: Manifestorr (small blind) folded before Flop
Seat 2: CashfishT (big blind) folded before Flop
Seat 3: 50CandyJoe folded on the Turn
Seat 4: aliciam84 collected ($5.60)
Seat 6: Nicedaymybro (button) folded before Flop (didn't bet)



PokerStars Hand #254683506927:  Hold'em No Limit ($0.50/$1.00 USD) - 2025/02/03 5:19:04 WET [2025/02/03 0:19:04 ET]
Table 'Alcinoos' 6-max Seat #1 is the button
Seat 5: joaquin612 ($100 in chips) is sitting out
Seat 1: Manifestorr ($100 in chips) 
Seat 2: CashfishT ($105.58 in chips) 
Seat 3: 50CandyJoe ($113.79 in chips) 
Seat 4: aliciam84 ($151.23 in chips) 
Seat 6: Nicedaymybro ($109.30 in chips) 
CashfishT: posts small blind $0.50
50CandyJoe: posts big blind $1
joaquin612: sits out 
*** HOLE CARDS ***
aliciam84: folds 
Nicedaymybro: folds 
Manifestorr: raises $1.20 to $2.20
CashfishT: folds 
50CandyJoe: calls $1.20
*** FLOP *** [2h 7d Js]
50CandyJoe: checks 
Manifestorr: bets $2.33
50CandyJoe: calls $2.33
*** TURN *** [2h 7d Js] [3h]
50CandyJoe: checks 
Manifestorr: bets $6.81
50CandyJoe: folds 
Uncalled bet ($6.81) returned to Manifestorr
Manifestorr collected $9.08 from pot
*** SUMMARY ***
Total pot $9.56 | Rake $0.48 
Board [2h 7d Js 3h]
Seat 5: joaquin612
Seat 1: Manifestorr (button) collected ($9.08)
Seat 2: CashfishT (small blind) folded before Flop
Seat 3: 50CandyJoe (big blind) folded on the Turn
Seat 4: aliciam84 folded before Flop (didn't bet)
Seat 6: Nicedaymybro folded before Flop (didn't bet)



PokerStars Hand #254683521341:  Hold'em No Limit ($0.50/$1.00 USD) - 2025/02/03 5:22:05 WET [2025/02/03 0:22:05 ET]
Table 'Alcinoos' 6-max Seat #1 is the button
Seat 1: Manifestorr ($104.55 in chips) 
Seat 2: CashfishT ($104.08 in chips) 
Seat 3: 50CandyJoe ($120.78 in chips) 
Seat 4: aliciam84 ($151.23 in chips) 
Seat 5: joaquin612 ($100 in chips) 
Seat 6: Nicedaymybro ($107.80 in chips) 
CashfishT: posts small blind $0.50
50CandyJoe: posts big blind $1
*** HOLE CARDS ***
aliciam84: folds 
joaquin612: raises $1.50 to $2.50
Nicedaymybro: raises $5 to $7.50
Manifestorr: folds 
CashfishT: folds 
50CandyJoe: folds 
joaquin612: calls $5
*** FLOP *** [3c Ac Jc]
joaquin612: checks 
Nicedaymybro: checks 
*** TURN *** [3c Ac Jc] [As]
joaquin612: bets $8.50
Nicedaymybro: folds 
Uncalled bet ($8.50) returned to joaquin612
joaquin612 collected $15.68 from pot
joaquin612: doesn't show hand 
*** SUMMARY ***
Total pot $16.50 | Rake $0.82 
Board [3c Ac Jc As]
Seat 1: Manifestorr (button) folded before Flop (didn't bet)
Seat 2: CashfishT (small blind) folded before Flop
Seat 3: 50CandyJoe (big blind) folded before Flop
Seat 4: aliciam84 folded before Flop (didn't bet)
Seat 5: joaquin612 collected ($15.68)
Seat 6: Nicedaymybro folded on the Turn



PokerStars Hand #254683525535:  Hold'em No Limit ($0.50/$1.00 USD) - 2025/02/03 5:22:58 WET [2025/02/03 0:22:58 ET]
Table 'Alcinoos' 6-max Seat #2 is the button
Seat 1: Manifestorr ($104.55 in chips) 
Seat 2: CashfishT ($103.58 in chips) 
Seat 3: 50CandyJoe ($119.78 in chips) 
Seat 4: aliciam84 ($151.23 in chips) 
Seat 5: joaquin612 ($108.18 in chips) 
Seat 6: Nicedaymybro ($100.30 in chips) 
50CandyJoe: posts small blind $0.50
aliciam84: posts big blind $1
*** HOLE CARDS ***
joaquin612: raises $1.50 to $2.50
Nicedaymybro: folds 
Manifestorr: folds 
CashfishT: folds 
50CandyJoe: folds 
aliciam84: calls $1.50
*** FLOP *** [4s 7d Jc]
aliciam84: checks 
joaquin612: bets $1.72
aliciam84: calls $1.72
*** TURN *** [4s 7d Jc] [5s]
aliciam84: checks 
joaquin612: checks 
*** RIVER *** [4s 7d Jc 5s] [3c]
aliciam84: checks 
joaquin612: bets $10.50
aliciam84: folds 
Uncalled bet ($10.50) returned to joaquin612
joaquin612 collected $8.49 from pot
joaquin612: doesn't show hand 
*** SUMMARY ***
Total pot $8.94 | Rake $0.45 
Board [4s 7d Jc 5s 3c]
Seat 1: Manifestorr folded before Flop (didn't bet)
Seat 2: CashfishT (button) folded before Flop (didn't bet)
Seat 3: 50CandyJoe (small blind) folded before Flop
Seat 4: aliciam84 (big blind) folded on the River
Seat 5: joaquin612 collected ($8.49)
Seat 6: Nicedaymybro folded before Flop (didn't bet)



PokerStars Hand #254683530140:  Hold'em No Limit ($0.50/$1.00 USD) - 2025/02/03 5:23:56 WET [2025/02/03 0:23:56 ET]
Table 'Alcinoos' 6-max Seat #3 is the button
Seat 5: joaquin612 ($112.45 in chips) is sitting out
Seat 1: Manifestorr ($104.55 in chips) 
Seat 2: CashfishT ($103.58 in chips) 
Seat 3: 50CandyJoe ($119.28 in chips) 
Seat 4: aliciam84 ($147.01 in chips) 
Seat 6: Nicedaymybro ($100.30 in chips) 
aliciam84: posts small blind $0.50
joaquin612: is sitting out 
Nicedaymybro: posts big blind $1
*** HOLE CARDS ***
Manifestorr: folds 
CashfishT: folds 
joaquin612 leaves the table
50CandyJoe: raises $1.50 to $2.50
aliciam84: folds 
Nicedaymybro: folds 
Uncalled bet ($1.50) returned to 50CandyJoe
50CandyJoe collected $2.50 from pot
50CandyJoe: doesn't show hand 
*** SUMMARY ***
Total pot $2.50 | Rake $0 
Seat 5: joaquin612
Seat 1: Manifestorr folded before Flop (didn't bet)
Seat 2: CashfishT folded before Flop (didn't bet)
Seat 3: 50CandyJoe (button) collected ($2.50)
Seat 4: aliciam84 (small blind) folded before Flop
Seat 6: Nicedaymybro (big blind) folded before Flop



PokerStars Hand #254683532079:  Hold'em No Limit ($0.50/$1.00 USD) - 2025/02/03 5:24:20 WET [2025/02/03 0:24:20 ET]
Table 'Alcinoos' 6-max Seat #4 is the button
Seat 1: Manifestorr ($104.55 in chips) 
Seat 2: CashfishT ($103.58 in chips) 
Seat 3: 50CandyJoe ($120.78 in chips) 
Seat 4: aliciam84 ($146.51 in chips) 
Seat 6: Nicedaymybro ($100 in chips) 
Nicedaymybro: posts small blind $0.50
Manifestorr: posts big blind $1
*** HOLE CARDS ***
CashfishT: folds 
50CandyJoe: folds 
aliciam84: folds 
Nicedaymybro: folds 
Uncalled bet ($0.50) returned to Manifestorr
Manifestorr collected $1 from pot
*** SUMMARY ***
Total pot $1 | Rake $0 
Seat 1: Manifestorr (big blind) collected ($1)
Seat 2: CashfishT folded before Flop (didn't bet)
Seat 3: 50CandyJoe folded before Flop (didn't bet)
Seat 4: aliciam84 (button) folded before Flop (didn't bet)
Seat 6: Nicedaymybro (small blind) folded before Flop



PokerStars Hand #254683533029:  Hold'em No Limit ($0.50/$1.00 USD) - 2025/02/03 5:24:32 WET [2025/02/03 0:24:32 ET]
Table 'Alcinoos' 6-max Seat #6 is the button
Seat 2: CashfishT ($103.58 in chips) is sitting out
Seat 1: Manifestorr ($105.05 in chips) 
Seat 3: 50CandyJoe ($120.78 in chips) 
Seat 4: aliciam84 ($146.51 in chips) 
Seat 6: Nicedaymybro ($100 in chips) 
Manifestorr: posts small blind $0.50
CashfishT: is sitting out 
50CandyJoe: posts big blind $1
*** HOLE CARDS ***
aliciam84: raises $2 to $3
Nicedaymybro: folds 
Manifestorr: folds 
50CandyJoe: calls $2
*** FLOP *** [2d 3h 9s]
MoRsCeReBruM joins the table at seat #5 
50CandyJoe: bets $1.55
aliciam84: calls $1.55
*** TURN *** [2d 3h 9s] [3d]
50CandyJoe: checks 
aliciam84: checks 
*** RIVER *** [2d 3h 9s 3d] [4s]
50CandyJoe: checks 
aliciam84: checks 
*** SHOW DOWN ***
50CandyJoe: shows [Ks Jd] (a pair of Threes)
aliciam84: shows [Ac 8s] (a pair of Threes - Ace kicker)
aliciam84 collected $9.12 from pot
*** SUMMARY ***
Total pot $9.60 | Rake $0.48 
Board [2d 3h 9s 3d 4s]
Seat 2: CashfishT
Seat 1: Manifestorr (small blind) folded before Flop
Seat 3: 50CandyJoe (big blind) showed [Ks Jd] and lost with a pair of Threes
Seat 4: aliciam84 showed [Ac 8s] and won ($9.12) with a pair of Threes
Seat 6: Nicedaymybro (button) folded before Flop (didn't bet)



PokerStars Hand #254683535364:  Hold'em No Limit ($0.50/$1.00 USD) - 2025/02/03 5:25:01 WET [2025/02/03 0:25:01 ET]
Table 'Alcinoos' 6-max Seat #1 is the button
Seat 2: CashfishT ($103.58 in chips) is sitting out
Seat 5: MoRsCeReBruM ($100 in chips) is sitting out
Seat 1: Manifestorr ($104.55 in chips) 
Seat 3: 50CandyJoe ($116.23 in chips) 
Seat 4: aliciam84 ($151.08 in chips) 
Seat 6: Nicedaymybro ($100 in chips) 
50CandyJoe: posts small blind $0.50
aliciam84: posts big blind $1
MoRsCeReBruM: sits out 
*** HOLE CARDS ***
Nicedaymybro: folds 
Manifestorr: raises $1.20 to $2.20
50CandyJoe: folds 
aliciam84: folds 
Uncalled bet ($1.20) returned to Manifestorr
aliciam84 leaves the table
Manifestorr collected $2.50 from pot
*** SUMMARY ***
Total pot $2.50 | Rake $0 
Seat 2: CashfishT
Seat 5: MoRsCeReBruM
Seat 1: Manifestorr (button) collected ($2.50)
Seat 3: 50CandyJoe (small blind) folded before Flop
Seat 4: aliciam84 (big blind) folded before Flop
Seat 6: Nicedaymybro folded before Flop (didn't bet)



PokerStars Hand #254683536497:  Hold'em No Limit ($0.50/$1.00 USD) - 2025/02/03 5:25:14 WET [2025/02/03 0:25:14 ET]
Table 'Alcinoos' 6-max Seat #3 is the button
Seat 2: CashfishT ($103.58 in chips) is sitting out
Seat 5: MoRsCeReBruM ($100 in chips) is sitting out
Seat 1: Manifestorr ($106.05 in chips) 
Seat 3: 50CandyJoe ($115.73 in chips) 
Seat 6: Nicedaymybro ($100 in chips) 
Nicedaymybro: posts small blind $0.50
Manifestorr: posts big blind $1
CashfishT: sits out 
*** HOLE CARDS ***
50CandyJoe: folds 
Nicedaymybro: folds 
Uncalled bet ($0.50) returned to Manifestorr
Manifestorr collected $1 from pot
*** SUMMARY ***
Total pot $1 | Rake $0 
Seat 2: CashfishT
Seat 5: MoRsCeReBruM
Seat 1: Manifestorr (big blind) collected ($1)
Seat 3: 50CandyJoe (button) folded before Flop (didn't bet)
Seat 6: Nicedaymybro (small blind) folded before Flop



PokerStars Hand #254683537021:  Hold'em No Limit ($0.50/$1.00 USD) - 2025/02/03 5:25:20 WET [2025/02/03 0:25:20 ET]
Table 'Alcinoos' 6-max Seat #6 is the button
Seat 2: CashfishT ($103.58 in chips) is sitting out
Seat 5: MoRsCeReBruM ($100 in chips) is sitting out
Seat 1: Manifestorr ($106.55 in chips) 
Seat 3: 50CandyJoe ($115.73 in chips) 
Seat 6: Nicedaymybro ($100 in chips) 
Manifestorr: posts small blind $0.50
CashfishT: is sitting out 
50CandyJoe: posts big blind $1
MoRsCeReBruM: sits out 
*** HOLE CARDS ***
Nicedaymybro: raises $1.50 to $2.50
Manifestorr: folds 
50CandyJoe: calls $1.50
*** FLOP *** [Qc 6s 9s]
50CandyJoe: checks 
Nicedaymybro: bets $2.61
50CandyJoe: calls $2.61
*** TURN *** [Qc 6s 9s] [Td]
50CandyJoe: checks 
Nicedaymybro: checks 
*** RIVER *** [Qc 6s 9s Td] [6c]
50CandyJoe: bets $10.18
Nicedaymybro: folds 
Uncalled bet ($10.18) returned to 50CandyJoe
50CandyJoe collected $10.18 from pot
50CandyJoe: doesn't show hand 
*** SUMMARY ***
Total pot $10.72 | Rake $0.54 
Board [Qc 6s 9s Td 6c]
Seat 2: CashfishT
Seat 5: MoRsCeReBruM
Seat 1: Manifestorr (small blind) folded before Flop
Seat 3: 50CandyJoe (big blind) collected ($10.18)
Seat 6: Nicedaymybro (button) folded on the River



PokerStars Hand #254683540062:  Hold'em No Limit ($0.50/$1.00 USD) - 2025/02/03 5:25:58 WET [2025/02/03 0:25:58 ET]
Table 'Alcinoos' 6-max Seat #1 is the button
Seat 2: CashfishT ($103.58 in chips) is sitting out
Seat 1: Manifestorr ($106.05 in chips) 
Seat 3: 50CandyJoe ($120.80 in chips) 
Seat 5: MoRsCeReBruM ($100 in chips) 
Seat 6: Nicedaymybro ($100 in chips) 
50CandyJoe: posts small blind $0.50
MoRsCeReBruM: posts big blind $1
*** HOLE CARDS ***
Nicedaymybro: folds 
Nicedaymybro leaves the table
Manifestorr: folds 
50CandyJoe: folds 
Uncalled bet ($0.50) returned to MoRsCeReBruM
MoRsCeReBruM collected $1 from pot
MoRsCeReBruM: doesn't show hand 
*** SUMMARY ***
Total pot $1 | Rake $0 
Seat 2: CashfishT
Seat 1: Manifestorr (button) folded before Flop (didn't bet)
Seat 3: 50CandyJoe (small blind) folded before Flop
Seat 5: MoRsCeReBruM (big blind) collected ($1)
Seat 6: Nicedaymybro folded before Flop (didn't bet)



PokerStars Hand #254683540879:  Hold'em No Limit ($0.50/$1.00 USD) - 2025/02/03 5:26:09 WET [2025/02/03 0:26:09 ET]
Table 'Alcinoos' 6-max Seat #3 is the button
Seat 2: CashfishT ($103.58 in chips) is sitting out
Seat 1: Manifestorr ($106.05 in chips) 
Seat 3: 50CandyJoe ($120.30 in chips) 
Seat 5: MoRsCeReBruM ($100.50 in chips) 
MoRsCeReBruM: posts small blind $0.50
Manifestorr: posts big blind $1
*** HOLE CARDS ***
50CandyJoe: raises $1.50 to $2.50
MoRsCeReBruM: raises $8.50 to $11
Manifestorr: folds 
50CandyJoe: raises $14 to $25
MoRsCeReBruM: calls $14
*** FLOP *** [9h 5d 6c]
MoRsCeReBruM: checks 
50CandyJoe: checks 
*** TURN *** [9h 5d 6c] [7d]
MoRsCeReBruM: checks 
CashfishT leaves the table
50CandyJoe: checks 
*** RIVER *** [9h 5d 6c 7d] [Kh]
MoRsCeReBruM: checks 
50CandyJoe: checks 
*** SHOW DOWN ***
MoRsCeReBruM: shows [Js As] (high card Ace)
50CandyJoe: shows [Jc Kd] (a pair of Kings)
50CandyJoe collected $50 from pot
*** SUMMARY ***
Total pot $51 | Rake $1 
Board [9h 5d 6c 7d Kh]
Seat 2: CashfishT
Seat 1: Manifestorr (big blind) folded before Flop
Seat 3: 50CandyJoe (button) showed [Jc Kd] and won ($50) with a pair of Kings
Seat 5: MoRsCeReBruM (small blind) showed [Js As] and lost with high card Ace



PokerStars Hand #254683548627:  Hold'em No Limit ($0.50/$1.00 USD) - 2025/02/03 5:27:46 WET [2025/02/03 0:27:46 ET]
Table 'Alcinoos' 6-max Seat #5 is the button
Seat 1: Manifestorr ($105.05 in chips) 
Seat 3: 50CandyJoe ($145.30 in chips) 
Seat 5: MoRsCeReBruM ($100 in chips) 
Manifestorr: posts small blind $0.50
50CandyJoe: posts big blind $1
*** HOLE CARDS ***
MoRsCeReBruM: folds 
Manifestorr: raises $2 to $3
50CandyJoe: folds 
Uncalled bet ($2) returned to Manifestorr
Manifestorr collected $2 from pot
*** SUMMARY ***
Total pot $2 | Rake $0 
Seat 1: Manifestorr (small blind) collected ($2)
Seat 3: 50CandyJoe (big blind) folded before Flop
Seat 5: MoRsCeReBruM (button) folded before Flop (didn't bet)



PokerStars Hand #254683549806:  Hold'em No Limit ($0.50/$1.00 USD) - 2025/02/03 5:28:01 WET [2025/02/03 0:28:01 ET]
Table 'Alcinoos' 6-max Seat #1 is the button
Seat 1: Manifestorr ($106.05 in chips) 
Seat 3: 50CandyJoe ($144.30 in chips) 
Seat 5: MoRsCeReBruM ($100 in chips) 
50CandyJoe: posts small blind $0.50
MoRsCeReBruM: posts big blind $1
*** HOLE CARDS ***
Manifestorr: folds 
50CandyJoe: raises $2 to $3
MoRsCeReBruM: raises $6 to $9
50CandyJoe: folds 
Uncalled bet ($6) returned to MoRsCeReBruM
MoRsCeReBruM collected $6 from pot
MoRsCeReBruM: doesn't show hand 
*** SUMMARY ***
Total pot $6 | Rake $0 
Seat 1: Manifestorr (button) folded before Flop (didn't bet)
Seat 3: 50CandyJoe (small blind) folded before Flop
Seat 5: MoRsCeReBruM (big blind) collected ($6)



PokerStars Hand #254683550978:  Hold'em No Limit ($0.50/$1.00 USD) - 2025/02/03 5:28:17 WET [2025/02/03 0:28:17 ET]
Table 'Alcinoos' 6-max Seat #5 is the button
Seat 1: Manifestorr ($106.05 in chips) is sitting out
Seat 3: 50CandyJoe ($141.30 in chips) 
Seat 5: MoRsCeReBruM ($103 in chips) 
MoRsCeReBruM: posts small blind $0.50
Manifestorr: is sitting out 
50CandyJoe: posts big blind $1
*** HOLE CARDS ***
MoRsCeReBruM: raises $1.20 to $2.20
Manifestorr leaves the table
50CandyJoe: folds 
Uncalled bet ($1.20) returned to MoRsCeReBruM
MoRsCeReBruM collected $2 from pot
MoRsCeReBruM: doesn't show hand 
*** SUMMARY ***
Total pot $2 | Rake $0 
Seat 1: Manifestorr
Seat 3: 50CandyJoe (big blind) folded before Flop
Seat 5: MoRsCeReBruM (button) (small blind) collected ($2)



PokerStars Hand #254683511946:  Hold'em No Limit ($0.50/$1.00 USD) - 2025/02/03 5:20:08 WET [2025/02/03 0:20:08 ET]
Table 'Alcinoos' 6-max Seat #3 is the button
Seat 1: Manifestorr ($104.55 in chips) 
Seat 2: CashfishT ($105.08 in chips) 
Seat 3: 50CandyJoe ($110.26 in chips) 
Seat 4: aliciam84 ($150.23 in chips) 
Seat 5: joaquin612 ($100 in chips) 
Seat 6: Nicedaymybro ($109.30 in chips) 
aliciam84: posts small blind $0.50
joaquin612: posts big blind $1
*** HOLE CARDS ***
Nicedaymybro: folds 
Manifestorr: folds 
CashfishT: folds 
50CandyJoe: raises $1.50 to $2.50
aliciam84: folds 
joaquin612: calls $1.50
*** FLOP *** [Th 2c Td]
joaquin612: checks 
50CandyJoe: bets $1.31
joaquin612: raises $5.69 to $7
50CandyJoe: calls $5.69
*** TURN *** [Th 2c Td] [Ks]
joaquin612: checks 
50CandyJoe: checks 
*** RIVER *** [Th 2c Td Ks] [As]
joaquin612: checks 
50CandyJoe: bets $6.11
joaquin612: folds 
Uncalled bet ($6.11) returned to 50CandyJoe
50CandyJoe collected $18.52 from pot
50CandyJoe: doesn't show hand 
*** SUMMARY ***
Total pot $19.50 | Rake $0.98 
Board [Th 2c Td Ks As]
Seat 1: Manifestorr folded before Flop (didn't bet)
Seat 2: CashfishT folded before Flop (didn't bet)
Seat 3: 50CandyJoe (button) collected ($18.52)
Seat 4: aliciam84 (small blind) folded before Flop
Seat 5: joaquin612 (big blind) folded on the River
Seat 6: Nicedaymybro folded before Flop (didn't bet)



PokerStars Hand #254683517575:  Hold'em No Limit ($0.50/$1.00 USD) - 2025/02/03 5:21:18 WET [2025/02/03 0:21:18 ET]
Table 'Alcinoos' 6-max Seat #4 is the button
Seat 1: Manifestorr ($104.55 in chips) 
Seat 2: CashfishT ($105.08 in chips) 
Seat 3: 50CandyJoe ($119.28 in chips) 
Seat 4: aliciam84 ($149.73 in chips) 
Seat 5: joaquin612 ($100 in chips) 
Seat 6: Nicedaymybro ($109.30 in chips) 
joaquin612: posts small blind $0.50
Nicedaymybro: posts big blind $1
*** HOLE CARDS ***
Manifestorr: folds 
CashfishT: folds 
50CandyJoe: folds 
aliciam84: raises $2 to $3
joaquin612: folds 
Nicedaymybro: folds 
Uncalled bet ($2) returned to aliciam84
aliciam84 collected $2.50 from pot
*** SUMMARY ***
Total pot $2.50 | Rake $0 
Seat 1: Manifestorr folded before Flop (didn't bet)
Seat 2: CashfishT folded before Flop (didn't bet)
Seat 3: 50CandyJoe folded before Flop (didn't bet)
Seat 4: aliciam84 (button) collected ($2.50)
Seat 5: joaquin612 (small blind) folded before Flop
Seat 6: Nicedaymybro (big blind) folded before Flop



PokerStars Hand #254683518672:  Hold'em No Limit ($0.50/$1.00 USD) - 2025/02/03 5:21:32 WET [2025/02/03 0:21:32 ET]
Table 'Alcinoos' 6-max Seat #5 is the button
Seat 1: Manifestorr ($104.55 in chips) 
Seat 2: CashfishT ($105.08 in chips) 
Seat 3: 50CandyJoe ($119.28 in chips) 
Seat 4: aliciam84 ($151.23 in chips) 
Seat 5: joaquin612 ($100 in chips) 
Seat 6: Nicedaymybro ($108.30 in chips) 
Nicedaymybro: posts small blind $0.50
Manifestorr: posts big blind $1
*** HOLE CARDS ***
CashfishT: folds 
50CandyJoe: raises $1.20 to $2.20
aliciam84: folds 
joaquin612: folds 
Nicedaymybro: folds 
Manifestorr: folds 
Uncalled bet ($1.20) returned to 50CandyJoe
50CandyJoe collected $2.50 from pot
50CandyJoe: doesn't show hand 
*** SUMMARY ***
Total pot $2.50 | Rake $0 
Seat 1: Manifestorr (big blind) folded before Flop
Seat 2: CashfishT folded before Flop (didn't bet)
Seat 3: 50CandyJoe collected ($2.50)
Seat 4: aliciam84 folded before Flop (didn't bet)
Seat 5: joaquin612 (button) folded before Flop (didn't bet)
Seat 6: Nicedaymybro (small blind) folded before Flop



PokerStars Hand #254683519603:  Hold'em No Limit ($0.50/$1.00 USD) - 2025/02/03 5:21:44 WET [2025/02/03 0:21:44 ET]
Table 'Alcinoos' 6-max Seat #6 is the button
Seat 1: Manifestorr ($103.55 in chips) 
Seat 2: CashfishT ($105.08 in chips) 
Seat 3: 50CandyJoe ($120.78 in chips) 
Seat 4: aliciam84 ($151.23 in chips) 
Seat 5: joaquin612 ($100 in chips) 
Seat 6: Nicedaymybro ($107.80 in chips) 
Manifestorr: posts small blind $0.50
CashfishT: posts big blind $1
*** HOLE CARDS ***
50CandyJoe: folds 
aliciam84: folds 
joaquin612: folds 
Nicedaymybro: folds 
Manifestorr: raises $2 to $3
CashfishT: folds 
Uncalled bet ($2) returned to Manifestorr
Manifestorr collected $2 from pot
*** SUMMARY ***
Total pot $2 | Rake $0 
Seat 1: Manifestorr (small blind) collected ($2)
Seat 2: CashfishT (big blind) folded before Flop
Seat 3: 50CandyJoe folded before Flop (didn't bet)
Seat 4: aliciam84 folded before Flop (didn't bet)
Seat 5: joaquin612 folded before Flop (didn't bet)
Seat 6: Nicedaymybro (button) folded before Flop (didn't bet)



PokerStars Hand #254683435952:  Hold'em No Limit ($0.50/$1.00 USD) - 2025/02/03 5:04:28 WET [2025/02/03 0:04:28 ET]
Table 'Alcinoos' 6-max Seat #4 is the button
Seat 1: Manifestorr ($102.46 in chips) 
Seat 2: CashfishT ($107.52 in chips) 
Seat 3: 50CandyJoe ($100 in chips) 
Seat 4: aliciam84 ($89.38 in chips) 
Seat 5: Dmello18 ($41.52 in chips) 
Seat 6: Nicedaymybro ($124.13 in chips) 
Dmello18: posts small blind $0.50
Nicedaymybro: posts big blind $1
*** HOLE CARDS ***
Manifestorr: raises $1.20 to $2.20
CashfishT: folds 
50CandyJoe: calls $2.20
aliciam84: folds 
Dmello18: folds 
Nicedaymybro: folds 
*** FLOP *** [2c Qs 8c]
Manifestorr: bets $2.80
50CandyJoe: calls $2.80
*** TURN *** [2c Qs 8c] [8h]
Manifestorr: checks 
50CandyJoe: checks 
*** RIVER *** [2c Qs 8c 8h] [5s]
Manifestorr: bets $5.46
50CandyJoe: calls $5.46
*** SHOW DOWN ***
Manifestorr: shows [Kc Qd] (two pair, Queens and Eights)
50CandyJoe: mucks hand 
Manifestorr collected $21.30 from pot
*** SUMMARY ***
Total pot $22.42 | Rake $1.12 
Board [2c Qs 8c 8h 5s]
Seat 1: Manifestorr showed [Kc Qd] and won ($21.30) with two pair, Queens and Eights
Seat 2: CashfishT folded before Flop (didn't bet)
Seat 3: 50CandyJoe mucked
Seat 4: aliciam84 (button) folded before Flop (didn't bet)
Seat 5: Dmello18 (small blind) folded before Flop
Seat 6: Nicedaymybro (big blind) folded before Flop



PokerStars Hand #254683441206:  Hold'em No Limit ($0.50/$1.00 USD) - 2025/02/03 5:05:31 WET [2025/02/03 0:05:31 ET]
Table 'Alcinoos' 6-max Seat #5 is the button
Seat 1: Manifestorr ($113.30 in chips) 
Seat 2: CashfishT ($107.52 in chips) 
Seat 3: 50CandyJoe ($100 in chips) 
Seat 4: aliciam84 ($89.38 in chips) 
Seat 5: Dmello18 ($41.02 in chips) 
Seat 6: Nicedaymybro ($123.13 in chips) 
Nicedaymybro: posts small blind $0.50
Manifestorr: posts big blind $1
*** HOLE CARDS ***
CashfishT: folds 
50CandyJoe: raises $1.20 to $2.20
aliciam84: calls $2.20
Dmello18: calls $2.20
Nicedaymybro: folds 
Manifestorr: folds 
*** FLOP *** [Qh 6d 8c]
50CandyJoe: bets $1.93
aliciam84: calls $1.93
Dmello18: calls $1.93
*** TURN *** [Qh 6d 8c] [7h]
50CandyJoe: bets $6.60
aliciam84: calls $6.60
Dmello18: calls $6.60
*** RIVER *** [Qh 6d 8c 7h] [Jh]
50CandyJoe: bets $3.20
aliciam84: calls $3.20
Dmello18: calls $3.20
*** SHOW DOWN ***
50CandyJoe: shows [7s 8s] (two pair, Eights and Sevens)
aliciam84: mucks hand 
Dmello18: mucks hand 
50CandyJoe collected $41.13 from pot
*** SUMMARY ***
Total pot $43.29 | Rake $2.16 
Board [Qh 6d 8c 7h Jh]
Seat 1: Manifestorr (big blind) folded before Flop
Seat 2: CashfishT folded before Flop (didn't bet)
Seat 3: 50CandyJoe showed [7s 8s] and won ($41.13) with two pair, Eights and Sevens
Seat 4: aliciam84 mucked
Seat 5: Dmello18 (button) mucked
Seat 6: Nicedaymybro (small blind) folded before Flop



PokerStars Hand #254683444824:  Hold'em No Limit ($0.50/$1.00 USD) - 2025/02/03 5:06:14 WET [2025/02/03 0:06:14 ET]
Table 'Alcinoos' 6-max Seat #6 is the button
Seat 1: Manifestorr ($112.30 in chips) 
Seat 2: CashfishT ($107.52 in chips) 
Seat 3: 50CandyJoe ($127.20 in chips) 
Seat 4: aliciam84 ($75.45 in chips) 
Seat 5: Dmello18 ($27.09 in chips) 
Seat 6: Nicedaymybro ($122.63 in chips) 
Manifestorr: posts small blind $0.50
CashfishT: posts big blind $1
*** HOLE CARDS ***
50CandyJoe: folds 
aliciam84: raises $1 to $2
Dmello18: folds 
Nicedaymybro: folds 
Manifestorr: folds 
CashfishT: calls $1
*** FLOP *** [4d 7h 2s]
CashfishT: checks 
aliciam84: bets $2.14
CashfishT: calls $2.14
*** TURN *** [4d 7h 2s] [9d]
CashfishT: checks 
aliciam84: bets $5
CashfishT: folds 
Uncalled bet ($5) returned to aliciam84
aliciam84 collected $8.34 from pot
*** SUMMARY ***
Total pot $8.78 | Rake $0.44 
Board [4d 7h 2s 9d]
Seat 1: Manifestorr (small blind) folded before Flop
Seat 2: CashfishT (big blind) folded on the Turn
Seat 3: 50CandyJoe folded before Flop (didn't bet)
Seat 4: aliciam84 collected ($8.34)
Seat 5: Dmello18 folded before Flop (didn't bet)
Seat 6: Nicedaymybro (button) folded before Flop (didn't bet)



PokerStars Hand #254683448769:  Hold'em No Limit ($0.50/$1.00 USD) - 2025/02/03 5:07:02 WET [2025/02/03 0:07:02 ET]
Table 'Alcinoos' 6-max Seat #1 is the button
Seat 1: Manifestorr ($111.80 in chips) 
Seat 2: CashfishT ($103.38 in chips) 
Seat 3: 50CandyJoe ($127.20 in chips) 
Seat 4: aliciam84 ($79.65 in chips) 
Seat 5: Dmello18 ($27.09 in chips) 
Seat 6: Nicedaymybro ($122.63 in chips) 
CashfishT: posts small blind $0.50
50CandyJoe: posts big blind $1
*** HOLE CARDS ***
aliciam84: raises $1 to $2
Dmello18: calls $2
Nicedaymybro: folds 
Manifestorr: calls $2
CashfishT: folds 
50CandyJoe: folds 
*** FLOP *** [Ah Jd 3h]
aliciam84: checks 
Dmello18: bets $3.56
Manifestorr: folds 
aliciam84: calls $3.56
*** TURN *** [Ah Jd 3h] [9h]
aliciam84: checks 
Dmello18: bets $6
aliciam84: raises $68.09 to $74.09 and is all-in
Dmello18: folds 
Uncalled bet ($68.09) returned to aliciam84
aliciam84 collected $25.29 from pot
*** SUMMARY ***
Total pot $26.62 | Rake $1.33 
Board [Ah Jd 3h 9h]
Seat 1: Manifestorr (button) folded on the Flop
Seat 2: CashfishT (small blind) folded before Flop
Seat 3: 50CandyJoe (big blind) folded before Flop
Seat 4: aliciam84 collected ($25.29)
Seat 5: Dmello18 folded on the Turn
Seat 6: Nicedaymybro folded before Flop (didn't bet)



PokerStars Hand #254683452509:  Hold'em No Limit ($0.50/$1.00 USD) - 2025/02/03 5:07:48 WET [2025/02/03 0:07:48 ET]
Table 'Alcinoos' 6-max Seat #2 is the button
Seat 1: Manifestorr ($109.80 in chips) 
Seat 2: CashfishT ($102.88 in chips) 
Seat 3: 50CandyJoe ($126.20 in chips) 
Seat 4: aliciam84 ($93.38 in chips) 
Seat 5: Dmello18 ($15.53 in chips) 
Seat 6: Nicedaymybro ($122.63 in chips) 
50CandyJoe: posts small blind $0.50
aliciam84: posts big blind $1
*** HOLE CARDS ***
Dmello18: folds 
Nicedaymybro: folds 
Manifestorr: folds 
CashfishT: folds 
50CandyJoe: raises $1.50 to $2.50
aliciam84: calls $1.50
*** FLOP *** [8h 2c Ac]
50CandyJoe: checks 
aliciam84: checks 
*** TURN *** [8h 2c Ac] [Jh]
50CandyJoe: checks 
aliciam84: bets $2.38
50CandyJoe: calls $2.38
*** RIVER *** [8h 2c Ac Jh] [Qh]
50CandyJoe: checks 
aliciam84: bets $9.27
50CandyJoe: folds 
Uncalled bet ($9.27) returned to aliciam84
aliciam84 collected $9.27 from pot
*** SUMMARY ***
Total pot $9.76 | Rake $0.49 
Board [8h 2c Ac Jh Qh]
Seat 1: Manifestorr folded before Flop (didn't bet)
Seat 2: CashfishT (button) folded before Flop (didn't bet)
Seat 3: 50CandyJoe (small blind) folded on the River
Seat 4: aliciam84 (big blind) collected ($9.27)
Seat 5: Dmello18 folded before Flop (didn't bet)
Seat 6: Nicedaymybro folded before Flop (didn't bet)



PokerStars Hand #254683458319:  Hold'em No Limit ($0.50/$1.00 USD) - 2025/02/03 5:08:58 WET [2025/02/03 0:08:58 ET]
Table 'Alcinoos' 6-max Seat #3 is the button
Seat 1: Manifestorr ($109.80 in chips) 
Seat 2: CashfishT ($102.88 in chips) 
Seat 3: 50CandyJoe ($121.32 in chips) 
Seat 4: aliciam84 ($97.77 in chips) 
Seat 5: Dmello18 ($15.53 in chips) 
Seat 6: Nicedaymybro ($122.63 in chips) 
aliciam84: posts small blind $0.50
Dmello18: posts big blind $1
*** HOLE CARDS ***
Nicedaymybro: folds 
Manifestorr: folds 
CashfishT: folds 
50CandyJoe: raises $1.50 to $2.50
aliciam84: calls $2
Dmello18: folds 
*** FLOP *** [8h Ts 8s]
aliciam84: checks 
50CandyJoe: bets $2.85
aliciam84: calls $2.85
*** TURN *** [8h Ts 8s] [Kd]
aliciam84: checks 
50CandyJoe: checks 
*** RIVER *** [8h Ts 8s Kd] [2d]
aliciam84: checks 
50CandyJoe: checks 
*** SHOW DOWN ***
aliciam84: shows [Jh 9d] (a pair of Eights)
50CandyJoe: shows [6c 6s] (two pair, Eights and Sixes)
50CandyJoe collected $11.12 from pot
*** SUMMARY ***
Total pot $11.70 | Rake $0.58 
Board [8h Ts 8s Kd 2d]
Seat 1: Manifestorr folded before Flop (didn't bet)
Seat 2: CashfishT folded before Flop (didn't bet)
Seat 3: 50CandyJoe (button) showed [6c 6s] and won ($11.12) with two pair, Eights and Sixes
Seat 4: aliciam84 (small blind) showed [Jh 9d] and lost with a pair of Eights
Seat 5: Dmello18 (big blind) folded before Flop
Seat 6: Nicedaymybro folded before Flop (didn't bet)



PokerStars Hand #254683460595:  Hold'em No Limit ($0.50/$1.00 USD) - 2025/02/03 5:09:26 WET [2025/02/03 0:09:26 ET]
Table 'Alcinoos' 6-max Seat #4 is the button
Seat 1: Manifestorr ($109.80 in chips) 
Seat 2: CashfishT ($102.88 in chips) 
Seat 3: 50CandyJoe ($127.09 in chips) 
Seat 4: aliciam84 ($92.42 in chips) 
Seat 5: Dmello18 ($14.53 in chips) 
Seat 6: Nicedaymybro ($122.63 in chips) 
Dmello18: posts small blind $0.50
Nicedaymybro: posts big blind $1
*** HOLE CARDS ***
Manifestorr: folds 
CashfishT: folds 
50CandyJoe: raises $1.20 to $2.20
aliciam84: calls $2.20
Dmello18: folds 
Nicedaymybro: folds 
*** FLOP *** [8s 4s 9h]
50CandyJoe: bets $1
aliciam84: raises $3 to $4
50CandyJoe: folds 
Uncalled bet ($3) returned to aliciam84
aliciam84 collected $7.50 from pot
*** SUMMARY ***
Total pot $7.90 | Rake $0.40 
Board [8s 4s 9h]
Seat 1: Manifestorr folded before Flop (didn't bet)
Seat 2: CashfishT folded before Flop (didn't bet)
Seat 3: 50CandyJoe folded on the Flop
Seat 4: aliciam84 (button) collected ($7.50)
Seat 5: Dmello18 (small blind) folded before Flop
Seat 6: Nicedaymybro (big blind) folded before Flop



PokerStars Hand #254683462156:  Hold'em No Limit ($0.50/$1.00 USD) - 2025/02/03 5:09:45 WET [2025/02/03 0:09:45 ET]
Table 'Alcinoos' 6-max Seat #5 is the button
Seat 1: Manifestorr ($109.80 in chips) 
Seat 2: CashfishT ($102.88 in chips) 
Seat 3: 50CandyJoe ($123.89 in chips) 
Seat 4: aliciam84 ($96.72 in chips) 
Seat 5: Dmello18 ($14.03 in chips) 
Seat 6: Nicedaymybro ($121.63 in chips) 
Nicedaymybro: posts small blind $0.50
Manifestorr: posts big blind $1
*** HOLE CARDS ***
CashfishT: folds 
50CandyJoe: raises $1.20 to $2.20
aliciam84: calls $2.20
Dmello18: calls $2.20
Nicedaymybro: folds 
Manifestorr: folds 
*** FLOP *** [Jh Ks 9d]
50CandyJoe: checks 
aliciam84: checks 
Dmello18: checks 
*** TURN *** [Jh Ks 9d] [5h]
50CandyJoe: checks 
aliciam84: checks 
Dmello18: checks 
*** RIVER *** [Jh Ks 9d 5h] [Kd]
50CandyJoe: bets $1
aliciam84: calls $1
Dmello18: calls $1
*** SHOW DOWN ***
50CandyJoe: shows [3d 5d] (two pair, Kings and Fives)
aliciam84: shows [9c 7h] (two pair, Kings and Nines)
Dmello18: mucks hand 
aliciam84 collected $10.54 from pot
*** SUMMARY ***
Total pot $11.10 | Rake $0.56 
Board [Jh Ks 9d 5h Kd]
Seat 1: Manifestorr (big blind) folded before Flop
Seat 2: CashfishT folded before Flop (didn't bet)
Seat 3: 50CandyJoe showed [3d 5d] and lost with two pair, Kings and Fives
Seat 4: aliciam84 showed [9c 7h] and won ($10.54) with two pair, Kings and Nines
Seat 5: Dmello18 (button) mucked
Seat 6: Nicedaymybro (small blind) folded before Flop



PokerStars Hand #254683465021:  Hold'em No Limit ($0.50/$1.00 USD) - 2025/02/03 5:10:21 WET [2025/02/03 0:10:21 ET]
Table 'Alcinoos' 6-max Seat #6 is the button
Seat 1: Manifestorr ($108.80 in chips) 
Seat 2: CashfishT ($102.88 in chips) 
Seat 3: 50CandyJoe ($120.69 in chips) 
Seat 4: aliciam84 ($104.06 in chips) 
Seat 5: Dmello18 ($10.83 in chips) 
Seat 6: Nicedaymybro ($121.13 in chips) 
Manifestorr: posts small blind $0.50
CashfishT: posts big blind $1
*** HOLE CARDS ***
50CandyJoe: folds 
aliciam84: raises $1 to $2
Dmello18: folds 
Nicedaymybro: folds 
Manifestorr: folds 
CashfishT: folds 
Uncalled bet ($1) returned to aliciam84
aliciam84 collected $2.50 from pot
*** SUMMARY ***
Total pot $2.50 | Rake $0 
Seat 1: Manifestorr (small blind) folded before Flop
Seat 2: CashfishT (big blind) folded before Flop
Seat 3: 50CandyJoe folded before Flop (didn't bet)
Seat 4: aliciam84 collected ($2.50)
Seat 5: Dmello18 folded before Flop (didn't bet)
Seat 6: Nicedaymybro (button) folded before Flop (didn't bet)



PokerStars Hand #254683511101:  Hold'em No Limit ($0.50/$1.00 USD) - 2025/02/03 5:19:57 WET [2025/02/03 0:19:57 ET]
Table 'Alcinoos' 6-max Seat #2 is the button
Seat 5: joaquin612 ($100 in chips) is sitting out
Seat 1: Manifestorr ($104.55 in chips) 
Seat 2: CashfishT ($105.08 in chips) 
Seat 3: 50CandyJoe ($109.26 in chips) 
Seat 4: aliciam84 ($151.23 in chips) 
Seat 6: Nicedaymybro ($109.30 in chips) 
50CandyJoe: posts small blind $0.50
aliciam84: posts big blind $1
joaquin612: sits out 
*** HOLE CARDS ***
Nicedaymybro: folds 
Manifestorr: folds 
CashfishT: folds 
50CandyJoe: raises $2 to $3
aliciam84: folds 
Uncalled bet ($2) returned to 50CandyJoe
50CandyJoe collected $2 from pot
50CandyJoe: doesn't show hand 
*** SUMMARY ***
Total pot $2 | Rake $0 
Seat 5: joaquin612
Seat 1: Manifestorr folded before Flop (didn't bet)
Seat 2: CashfishT (button) folded before Flop (didn't bet)
Seat 3: 50CandyJoe (small blind) collected ($2)
Seat 4: aliciam84 (big blind) folded before Flop
Seat 6: Nicedaymybro folded before Flop (didn't bet)



PokerStars Hand #254683365099:  Hold'em No Limit ($0.50/$1.00 USD) - 2025/02/03 4:49:12 WET [2025/02/02 23:49:12 ET]
Table 'Alcinoos' 6-max Seat #2 is the button
Seat 1: Supermegopro ($100.27 in chips) 
Seat 2: CashfishT ($108.62 in chips) 
Seat 3: Rysiff ($114.48 in chips) 
Seat 5: Dmello18 ($29.15 in chips) 
Seat 6: Nicedaymybro ($100 in chips) 
Rysiff: posts small blind $0.50
Dmello18: posts big blind $1
*** HOLE CARDS ***
Nicedaymybro: raises $1.50 to $2.50
Supermegopro: raises $6.50 to $9
CashfishT: folds 
Rysiff: folds 
Dmello18: folds 
Nicedaymybro: calls $6.50
*** FLOP *** [As Qc Qs]
Nicedaymybro: checks 
Supermegopro: bets $12.35
Nicedaymybro: folds 
Uncalled bet ($12.35) returned to Supermegopro
Supermegopro collected $18.52 from pot
Supermegopro: doesn't show hand 
*** SUMMARY ***
Total pot $19.50 | Rake $0.98 
Board [As Qc Qs]
Seat 1: Supermegopro collected ($18.52)
Seat 2: CashfishT (button) folded before Flop (didn't bet)
Seat 3: Rysiff (small blind) folded before Flop
Seat 5: Dmello18 (big blind) folded before Flop
Seat 6: Nicedaymybro folded on the Flop



PokerStars Hand #254683367076:  Hold'em No Limit ($0.50/$1.00 USD) - 2025/02/03 4:49:36 WET [2025/02/02 23:49:36 ET]
Table 'Alcinoos' 6-max Seat #3 is the button
Seat 1: Supermegopro ($109.79 in chips) 
Seat 2: CashfishT ($108.62 in chips) 
Seat 3: Rysiff ($113.98 in chips) 
Seat 5: Dmello18 ($28.15 in chips) 
Seat 6: Nicedaymybro ($100 in chips) 
Dmello18: posts small blind $0.50
Nicedaymybro: posts big blind $1
*** HOLE CARDS ***
Supermegopro: folds 
CashfishT: folds 
Rysiff: folds 
Dmello18: calls $0.50
Nicedaymybro: checks 
*** FLOP *** [Ts Ad 7c]
Dmello18: checks 
Nicedaymybro: checks 
*** TURN *** [Ts Ad 7c] [9s]
Dmello18: bets $1.90
Supermegopro leaves the table
Nicedaymybro: calls $1.90
*** RIVER *** [Ts Ad 7c 9s] [Th]
Dmello18: checks 
Nicedaymybro: bets $4.13
Dmello18: folds 
Uncalled bet ($4.13) returned to Nicedaymybro
Nicedaymybro collected $5.51 from pot
Nicedaymybro: doesn't show hand 
*** SUMMARY ***
Total pot $5.80 | Rake $0.29 
Board [Ts Ad 7c 9s Th]
Seat 1: Supermegopro folded before Flop (didn't bet)
Seat 2: CashfishT folded before Flop (didn't bet)
Seat 3: Rysiff (button) folded before Flop (didn't bet)
Seat 5: Dmello18 (small blind) folded on the River
Seat 6: Nicedaymybro (big blind) collected ($5.51)



PokerStars Hand #254683370771:  Hold'em No Limit ($0.50/$1.00 USD) - 2025/02/03 4:50:19 WET [2025/02/02 23:50:19 ET]
Table 'Alcinoos' 6-max Seat #5 is the button
Seat 2: CashfishT ($108.62 in chips) 
Seat 3: Rysiff ($113.98 in chips) 
Seat 5: Dmello18 ($25.25 in chips) 
Seat 6: Nicedaymybro ($102.61 in chips) 
Nicedaymybro: posts small blind $0.50
CashfishT: posts big blind $1
*** HOLE CARDS ***
Rysiff: raises $1.50 to $2.50
Dmello18: folds 
Nicedaymybro: raises $8.50 to $11
CashfishT: folds 
derek5858 joins the table at seat #1 
Rysiff: folds 
Uncalled bet ($8.50) returned to Nicedaymybro
Nicedaymybro collected $6 from pot
Nicedaymybro: doesn't show hand 
*** SUMMARY ***
Total pot $6 | Rake $0 
Seat 2: CashfishT (big blind) folded before Flop
Seat 3: Rysiff folded before Flop
Seat 5: Dmello18 (button) folded before Flop (didn't bet)
Seat 6: Nicedaymybro (small blind) collected ($6)



PokerStars Hand #254683372611:  Hold'em No Limit ($0.50/$1.00 USD) - 2025/02/03 4:50:41 WET [2025/02/02 23:50:41 ET]
Table 'Alcinoos' 6-max Seat #6 is the button
Seat 1: derek5858 ($100 in chips) is sitting out
Seat 2: CashfishT ($107.62 in chips) 
Seat 3: Rysiff ($111.48 in chips) 
Seat 5: Dmello18 ($25.25 in chips) 
Seat 6: Nicedaymybro ($106.11 in chips) 
CashfishT: posts small blind $0.50
Rysiff: posts big blind $1
*** HOLE CARDS ***
Dmello18: folds 
Nicedaymybro: folds 
CashfishT: raises $2 to $3
Rysiff: calls $2
*** FLOP *** [8c Kh 3d]
CashfishT: checks 
Rysiff: checks 
*** TURN *** [8c Kh 3d] [4d]
CashfishT: bets $4.28
Rysiff: calls $4.28
*** RIVER *** [8c Kh 3d 4d] [6h]
CashfishT: checks 
Rysiff: checks 
*** SHOW DOWN ***
CashfishT: shows [5d Kd] (a pair of Kings)
Rysiff: mucks hand 
CashfishT collected $13.83 from pot
*** SUMMARY ***
Total pot $14.56 | Rake $0.73 
Board [8c Kh 3d 4d 6h]
Seat 1: derek5858
Seat 2: CashfishT (small blind) showed [5d Kd] and won ($13.83) with a pair of Kings
Seat 3: Rysiff (big blind) mucked
Seat 5: Dmello18 folded before Flop (didn't bet)
Seat 6: Nicedaymybro (button) folded before Flop (didn't bet)



PokerStars Hand #254683353702:  Hold'em No Limit ($0.50/$1.00 USD) - 2025/02/03 4:47:00 WET [2025/02/02 23:47:00 ET]
Table 'Alcinoos' 6-max Seat #1 is the button
Seat 1: Supermegopro ($108.07 in chips) 
Seat 2: CashfishT ($100 in chips) 
Seat 3: Rysiff ($109 in chips) 
Seat 5: Dmello18 ($34.65 in chips) 
Seat 6: Nicedaymybro ($100 in chips) 
CashfishT: posts small blind $0.50
Rysiff: posts big blind $1
*** HOLE CARDS ***
Dmello18: calls $1
Nicedaymybro: folds 
Supermegopro: folds 
CashfishT: folds 
Rysiff: checks 
*** FLOP *** [Ah Js 6h]
Rysiff: checks 
Dmello18: checks 
*** TURN *** [Ah Js 6h] [8h]
Rysiff: checks 
Dmello18: checks 
*** RIVER *** [Ah Js 6h 8h] [5c]
Rysiff: bets $1
Dmello18: calls $1
*** SHOW DOWN ***
Rysiff: shows [8s Qh] (a pair of Eights)
Dmello18: mucks hand 
Rysiff collected $4.28 from pot
*** SUMMARY ***
Total pot $4.50 | Rake $0.22 
Board [Ah Js 6h 8h 5c]
Seat 1: Supermegopro (button) folded before Flop (didn't bet)
Seat 2: CashfishT (small blind) folded before Flop
Seat 3: Rysiff (big blind) showed [8s Qh] and won ($4.28) with a pair of Eights
Seat 5: Dmello18 mucked
Seat 6: Nicedaymybro folded before Flop (didn't bet)



PokerStars Hand #254683357784:  Hold'em No Limit ($0.50/$1.00 USD) - 2025/02/03 4:47:47 WET [2025/02/02 23:47:47 ET]
Table 'Alcinoos' 6-max Seat #2 is the button
Seat 1: Supermegopro ($108.07 in chips) 
Seat 2: CashfishT ($100 in chips) 
Seat 3: Rysiff ($111.28 in chips) 
Seat 5: Dmello18 ($32.65 in chips) 
Seat 6: Nicedaymybro ($100 in chips) 
Rysiff: posts small blind $0.50
Dmello18: posts big blind $1
*** HOLE CARDS ***
Nicedaymybro: folds 
Supermegopro: folds 
CashfishT: raises $1.20 to $2.20
Rysiff: folds 
Dmello18: folds 
Uncalled bet ($1.20) returned to CashfishT
CashfishT collected $2.50 from pot
CashfishT: doesn't show hand 
*** SUMMARY ***
Total pot $2.50 | Rake $0 
Seat 1: Supermegopro folded before Flop (didn't bet)
Seat 2: CashfishT (button) collected ($2.50)
Seat 3: Rysiff (small blind) folded before Flop
Seat 5: Dmello18 (big blind) folded before Flop
Seat 6: Nicedaymybro folded before Flop (didn't bet)



PokerStars Hand #254683358562:  Hold'em No Limit ($0.50/$1.00 USD) - 2025/02/03 4:47:56 WET [2025/02/02 23:47:56 ET]
Table 'Alcinoos' 6-max Seat #3 is the button
Seat 1: Supermegopro ($108.07 in chips) 
Seat 2: CashfishT ($101.50 in chips) 
Seat 3: Rysiff ($110.78 in chips) 
Seat 5: Dmello18 ($31.65 in chips) 
Seat 6: Nicedaymybro ($100 in chips) 
Dmello18: posts small blind $0.50
Nicedaymybro: posts big blind $1
*** HOLE CARDS ***
Supermegopro: folds 
CashfishT: folds 
Rysiff: raises $1.50 to $2.50
Dmello18: calls $2
Nicedaymybro: folds 
*** FLOP *** [Jc Kc 3d]
Dmello18: checks 
Rysiff: bets $1.88
Dmello18: folds 
Uncalled bet ($1.88) returned to Rysiff
Rysiff collected $5.70 from pot
Rysiff: doesn't show hand 
*** SUMMARY ***
Total pot $6 | Rake $0.30 
Board [Jc Kc 3d]
Seat 1: Supermegopro folded before Flop (didn't bet)
Seat 2: CashfishT folded before Flop (didn't bet)
Seat 3: Rysiff (button) collected ($5.70)
Seat 5: Dmello18 (small blind) folded on the Flop
Seat 6: Nicedaymybro (big blind) folded before Flop



PokerStars Hand #254683360449:  Hold'em No Limit ($0.50/$1.00 USD) - 2025/02/03 4:48:17 WET [2025/02/02 23:48:17 ET]
Table 'Alcinoos' 6-max Seat #5 is the button
Seat 1: Supermegopro ($108.07 in chips) 
Seat 2: CashfishT ($101.50 in chips) 
Seat 3: Rysiff ($113.98 in chips) 
Seat 5: Dmello18 ($29.15 in chips) 
Seat 6: Nicedaymybro ($100 in chips) 
Nicedaymybro: posts small blind $0.50
Supermegopro: posts big blind $1
*** HOLE CARDS ***
CashfishT: raises $1.20 to $2.20
Rysiff: folds 
Dmello18: folds 
Nicedaymybro: folds 
Supermegopro: folds 
Uncalled bet ($1.20) returned to CashfishT
CashfishT collected $2.50 from pot
CashfishT: doesn't show hand 
*** SUMMARY ***
Total pot $2.50 | Rake $0 
Seat 1: Supermegopro (big blind) folded before Flop
Seat 2: CashfishT collected ($2.50)
Seat 3: Rysiff folded before Flop (didn't bet)
Seat 5: Dmello18 (button) folded before Flop (didn't bet)
Seat 6: Nicedaymybro (small blind) folded before Flop



PokerStars Hand #254683361491:  Hold'em No Limit ($0.50/$1.00 USD) - 2025/02/03 4:48:29 WET [2025/02/02 23:48:29 ET]
Table 'Alcinoos' 6-max Seat #6 is the button
Seat 1: Supermegopro ($107.07 in chips) 
Seat 2: CashfishT ($103 in chips) 
Seat 3: Rysiff ($113.98 in chips) 
Seat 5: Dmello18 ($29.15 in chips) 
Seat 6: Nicedaymybro ($100 in chips) 
Supermegopro: posts small blind $0.50
CashfishT: posts big blind $1
*** HOLE CARDS ***
Rysiff: folds 
Dmello18: folds 
Nicedaymybro: folds 
Supermegopro: raises $2 to $3
CashfishT: calls $2
*** FLOP *** [8c 5d 5c]
Supermegopro: bets $3.80
CashfishT: raises $9.98 to $13.78
Supermegopro: folds 
Uncalled bet ($9.98) returned to CashfishT
CashfishT collected $12.92 from pot
CashfishT: doesn't show hand 
*** SUMMARY ***
Total pot $13.60 | Rake $0.68 
Board [8c 5d 5c]
Seat 1: Supermegopro (small blind) folded on the Flop
Seat 2: CashfishT (big blind) collected ($12.92)
Seat 3: Rysiff folded before Flop (didn't bet)
Seat 5: Dmello18 folded before Flop (didn't bet)
Seat 6: Nicedaymybro (button) folded before Flop (didn't bet)



PokerStars Hand #254683364300:  Hold'em No Limit ($0.50/$1.00 USD) - 2025/02/03 4:49:02 WET [2025/02/02 23:49:02 ET]
Table 'Alcinoos' 6-max Seat #1 is the button
Seat 1: Supermegopro ($100.27 in chips) 
Seat 2: CashfishT ($109.12 in chips) 
Seat 3: Rysiff ($113.98 in chips) 
Seat 5: Dmello18 ($29.15 in chips) 
Seat 6: Nicedaymybro ($100 in chips) 
CashfishT: posts small blind $0.50
Rysiff: posts big blind $1
*** HOLE CARDS ***
Dmello18: folds 
Nicedaymybro: folds 
Supermegopro: folds 
CashfishT: folds 
Uncalled bet ($0.50) returned to Rysiff
Rysiff collected $1 from pot
Rysiff: doesn't show hand 
*** SUMMARY ***
Total pot $1 | Rake $0 
Seat 1: Supermegopro (button) folded before Flop (didn't bet)
Seat 2: CashfishT (small blind) folded before Flop
Seat 3: Rysiff (big blind) collected ($1)
Seat 5: Dmello18 folded before Flop (didn't bet)
Seat 6: Nicedaymybro folded before Flop (didn't bet)



