PokerStars Hand #254683195121:  Hold'em No Limit ($0.50/$1.00 USD) - 2025/02/03 4:17:57 WET [2025/02/02 23:17:57 ET]
Table 'Asplinda' 6-max Seat #3 is the button
Seat 1: G.Andrei95 ($100 in chips) is sitting out
Seat 4: Trajita ($100 in chips) is sitting out
Seat 2: derek5858 ($109.23 in chips) 
Seat 3: Manifestorr ($100 in chips) 
Seat 5: ninho1998 ($64.85 in chips) 
Seat 6: CashfishT ($103.20 in chips) 
ninho1998: posts small blind $0.50
CashfishT: posts big blind $1
G.Andrei95: sits out 
*** HOLE CARDS ***
derek5858: folds 
Manifestorr: raises $1.20 to $2.20
ninho1998: folds 
CashfishT: folds 
Uncalled bet ($1.20) returned to Manifestorr
Manifestorr collected $2.50 from pot
*** SUMMARY ***
Total pot $2.50 | Rake $0 
Seat 1: G.Andrei95
Seat 4: Trajita
Seat 2: derek5858 folded before Flop (didn't bet)
Seat 3: Manifestorr (button) collected ($2.50)
Seat 5: ninho1998 (small blind) folded before Flop
Seat 6: CashfishT (big blind) folded before Flop



PokerStars Hand #254683197288:  Hold'em No Limit ($0.50/$1.00 USD) - 2025/02/03 4:18:20 WET [2025/02/02 23:18:20 ET]
Table 'Asplinda' 6-max Seat #5 is the button
Seat 4: Trajita ($100 in chips) is sitting out
Seat 1: G.Andrei95 ($100 in chips) 
Seat 2: derek5858 ($109.23 in chips) 
Seat 3: Manifestorr ($101.50 in chips) 
Seat 5: ninho1998 ($64.35 in chips) 
Seat 6: CashfishT ($102.20 in chips) 
CashfishT: posts small blind $0.50
G.Andrei95: posts big blind $1
Trajita: sits out 
*** HOLE CARDS ***
derek5858: folds 
Manifestorr: folds 
ninho1998: calls $1
CashfishT: raises $4 to $5
G.Andrei95: folds 
ninho1998: calls $4
*** FLOP *** [2h 7h 2c]
CashfishT: bets $5.23
ninho1998: calls $5.23
*** TURN *** [2h 7h 2c] [Js]
CashfishT: checks 
ninho1998: checks 
*** RIVER *** [2h 7h 2c Js] [As]
CashfishT: bets $91.97 and is all-in
ninho1998: calls $54.12 and is all-in
Uncalled bet ($37.85) returned to CashfishT
*** SHOW DOWN ***
CashfishT: shows [Qh Ac] (two pair, Aces and Deuces)
ninho1998: shows [4d 2d] (three of a kind, Deuces)
ninho1998 collected $127.20 from pot
*** SUMMARY ***
Total pot $129.70 | Rake $2.50 
Board [2h 7h 2c Js As]
Seat 4: Trajita
Seat 1: G.Andrei95 (big blind) folded before Flop
Seat 2: derek5858 folded before Flop (didn't bet)
Seat 3: Manifestorr folded before Flop (didn't bet)
Seat 5: ninho1998 (button) showed [4d 2d] and won ($127.20) with three of a kind, Deuces
Seat 6: CashfishT (small blind) showed [Qh Ac] and lost with two pair, Aces and Deuces



PokerStars Hand #254683093705:  Hold'em No Limit ($0.50/$1.00 USD) - 2025/02/03 4:00:23 WET [2025/02/02 23:00:23 ET]
Table 'Asplinda' 6-max Seat #1 is the button
Seat 1: joaquin612 ($100 in chips) 
Seat 2: An1an1 ($109.16 in chips) 
Seat 3: dany13051206 ($42.90 in chips) 
Seat 4: nastja336 ($114.48 in chips) 
Seat 5: Joe_Carlos ($89.11 in chips) 
Seat 6: Rysiff ($100 in chips) 
An1an1: posts small blind $0.50
dany13051206: posts big blind $1
*** HOLE CARDS ***
nastja336: folds 
Joe_Carlos: folds 
Rysiff: folds 
joaquin612: raises $2 to $3
An1an1: folds 
dany13051206: calls $2
*** FLOP *** [6h Ac 6s]
dany13051206: checks 
joaquin612: bets $2.04
dany13051206: folds 
Uncalled bet ($2.04) returned to joaquin612
joaquin612 collected $6.18 from pot
joaquin612: doesn't show hand 
*** SUMMARY ***
Total pot $6.50 | Rake $0.32 
Board [6h Ac 6s]
Seat 1: joaquin612 (button) collected ($6.18)
Seat 2: An1an1 (small blind) folded before Flop
Seat 3: dany13051206 (big blind) folded on the Flop
Seat 4: nastja336 folded before Flop (didn't bet)
Seat 5: Joe_Carlos folded before Flop (didn't bet)
Seat 6: Rysiff folded before Flop (didn't bet)



PokerStars Hand #254683096332:  Hold'em No Limit ($0.50/$1.00 USD) - 2025/02/03 4:00:52 WET [2025/02/02 23:00:52 ET]
Table 'Asplinda' 6-max Seat #2 is the button
Seat 1: joaquin612 ($103.18 in chips) 
Seat 2: An1an1 ($108.66 in chips) 
Seat 3: dany13051206 ($39.90 in chips) 
Seat 4: nastja336 ($114.48 in chips) 
Seat 5: Joe_Carlos ($89.11 in chips) 
Seat 6: Rysiff ($100 in chips) 
dany13051206: posts small blind $0.50
nastja336: posts big blind $1
*** HOLE CARDS ***
Joe_Carlos: folds 
Rysiff: raises $1.50 to $2.50
joaquin612: folds 
An1an1: folds 
dany13051206: calls $2
nastja336: calls $1.50
*** FLOP *** [Td Qc 5h]
dany13051206: bets $1
nastja336: folds 
Rysiff: calls $1
*** TURN *** [Td Qc 5h] [Ad]
dany13051206: bets $3
Rysiff: folds 
Uncalled bet ($3) returned to dany13051206
dany13051206 collected $9.02 from pot
dany13051206: doesn't show hand 
*** SUMMARY ***
Total pot $9.50 | Rake $0.48 
Board [Td Qc 5h Ad]
Seat 1: joaquin612 folded before Flop (didn't bet)
Seat 2: An1an1 (button) folded before Flop (didn't bet)
Seat 3: dany13051206 (small blind) collected ($9.02)
Seat 4: nastja336 (big blind) folded on the Flop
Seat 5: Joe_Carlos folded before Flop (didn't bet)
Seat 6: Rysiff folded on the Turn



PokerStars Hand #254683098932:  Hold'em No Limit ($0.50/$1.00 USD) - 2025/02/03 4:01:20 WET [2025/02/02 23:01:20 ET]
Table 'Asplinda' 6-max Seat #3 is the button
Seat 1: joaquin612 ($103.18 in chips) 
Seat 2: An1an1 ($108.66 in chips) 
Seat 3: dany13051206 ($45.42 in chips) 
Seat 4: nastja336 ($111.98 in chips) 
Seat 5: Joe_Carlos ($89.11 in chips) 
Seat 6: Rysiff ($100 in chips) 
nastja336: posts small blind $0.50
Joe_Carlos: posts big blind $1
*** HOLE CARDS ***
Rysiff: folds 
joaquin612: folds 
An1an1: folds 
dany13051206: raises $1 to $2
nastja336: folds 
Joe_Carlos: folds 
Uncalled bet ($1) returned to dany13051206
dany13051206 collected $2.50 from pot
dany13051206: doesn't show hand 
*** SUMMARY ***
Total pot $2.50 | Rake $0 
Seat 1: joaquin612 folded before Flop (didn't bet)
Seat 2: An1an1 folded before Flop (didn't bet)
Seat 3: dany13051206 (button) collected ($2.50)
Seat 4: nastja336 (small blind) folded before Flop
Seat 5: Joe_Carlos (big blind) folded before Flop
Seat 6: Rysiff folded before Flop (didn't bet)



PokerStars Hand #254683101192:  Hold'em No Limit ($0.50/$1.00 USD) - 2025/02/03 4:01:43 WET [2025/02/02 23:01:43 ET]
Table 'Asplinda' 6-max Seat #4 is the button
Seat 1: joaquin612 ($103.18 in chips) 
Seat 2: An1an1 ($108.66 in chips) 
Seat 3: dany13051206 ($46.92 in chips) 
Seat 4: nastja336 ($111.48 in chips) 
Seat 5: Joe_Carlos ($88.11 in chips) 
Seat 6: Rysiff ($100 in chips) 
Joe_Carlos: posts small blind $0.50
Rysiff: posts big blind $1
*** HOLE CARDS ***
joaquin612: folds 
An1an1: folds 
dany13051206: calls $1
nastja336: folds 
Joe_Carlos: folds 
Rysiff: checks 
*** FLOP *** [Tc Ad Kh]
Rysiff: checks 
dany13051206: bets $2.38
Rysiff: folds 
Uncalled bet ($2.38) returned to dany13051206
dany13051206 collected $2.38 from pot
dany13051206: doesn't show hand 
*** SUMMARY ***
Total pot $2.50 | Rake $0.12 
Board [Tc Ad Kh]
Seat 1: joaquin612 folded before Flop (didn't bet)
Seat 2: An1an1 folded before Flop (didn't bet)
Seat 3: dany13051206 collected ($2.38)
Seat 4: nastja336 (button) folded before Flop (didn't bet)
Seat 5: Joe_Carlos (small blind) folded before Flop
Seat 6: Rysiff (big blind) folded on the Flop



PokerStars Hand #254683104445:  Hold'em No Limit ($0.50/$1.00 USD) - 2025/02/03 4:02:16 WET [2025/02/02 23:02:16 ET]
Table 'Asplinda' 6-max Seat #5 is the button
Seat 1: joaquin612 ($103.18 in chips) 
Seat 2: An1an1 ($108.66 in chips) 
Seat 3: dany13051206 ($48.30 in chips) 
Seat 4: nastja336 ($111.48 in chips) 
Seat 5: Joe_Carlos ($87.61 in chips) 
Seat 6: Rysiff ($100 in chips) 
Rysiff: posts small blind $0.50
joaquin612: posts big blind $1
*** HOLE CARDS ***
An1an1: folds 
dany13051206: calls $1
nastja336: folds 
Joe_Carlos: folds 
Rysiff: folds 
joaquin612: raises $6 to $7
dany13051206: folds 
Uncalled bet ($6) returned to joaquin612
joaquin612 collected $2.50 from pot
joaquin612: doesn't show hand 
*** SUMMARY ***
Total pot $2.50 | Rake $0 
Seat 1: joaquin612 (big blind) collected ($2.50)
Seat 2: An1an1 folded before Flop (didn't bet)
Seat 3: dany13051206 folded before Flop
Seat 4: nastja336 folded before Flop (didn't bet)
Seat 5: Joe_Carlos (button) folded before Flop (didn't bet)
Seat 6: Rysiff (small blind) folded before Flop



PokerStars Hand #254683106515:  Hold'em No Limit ($0.50/$1.00 USD) - 2025/02/03 4:02:37 WET [2025/02/02 23:02:37 ET]
Table 'Asplinda' 6-max Seat #6 is the button
Seat 1: joaquin612 ($104.68 in chips) 
Seat 2: An1an1 ($108.66 in chips) 
Seat 3: dany13051206 ($47.30 in chips) 
Seat 4: nastja336 ($111.48 in chips) 
Seat 5: Joe_Carlos ($87.61 in chips) 
Seat 6: Rysiff ($100 in chips) 
joaquin612: posts small blind $0.50
An1an1: posts big blind $1
*** HOLE CARDS ***
dany13051206: folds 
nastja336: raises $1.50 to $2.50
Joe_Carlos: folds 
Rysiff: folds 
joaquin612: folds 
An1an1: folds 
Uncalled bet ($1.50) returned to nastja336
nastja336 collected $2.50 from pot
nastja336: doesn't show hand 
*** SUMMARY ***
Total pot $2.50 | Rake $0 
Seat 1: joaquin612 (small blind) folded before Flop
Seat 2: An1an1 (big blind) folded before Flop
Seat 3: dany13051206 folded before Flop (didn't bet)
Seat 4: nastja336 collected ($2.50)
Seat 5: Joe_Carlos folded before Flop (didn't bet)
Seat 6: Rysiff (button) folded before Flop (didn't bet)



PokerStars Hand #254683107907:  Hold'em No Limit ($0.50/$1.00 USD) - 2025/02/03 4:02:52 WET [2025/02/02 23:02:52 ET]
Table 'Asplinda' 6-max Seat #1 is the button
Seat 1: joaquin612 ($104.18 in chips) 
Seat 2: An1an1 ($107.66 in chips) 
Seat 3: dany13051206 ($47.30 in chips) 
Seat 4: nastja336 ($112.98 in chips) 
Seat 5: Joe_Carlos ($87.61 in chips) 
Seat 6: Rysiff ($100 in chips) 
An1an1: posts small blind $0.50
dany13051206: posts big blind $1
*** HOLE CARDS ***
nastja336: folds 
Joe_Carlos: folds 
Rysiff: raises $1.50 to $2.50
joaquin612: folds 
An1an1: folds 
dany13051206: folds 
Uncalled bet ($1.50) returned to Rysiff
Rysiff collected $2.50 from pot
Rysiff: doesn't show hand 
*** SUMMARY ***
Total pot $2.50 | Rake $0 
Seat 1: joaquin612 (button) folded before Flop (didn't bet)
Seat 2: An1an1 (small blind) folded before Flop
Seat 3: dany13051206 (big blind) folded before Flop
Seat 4: nastja336 folded before Flop (didn't bet)
Seat 5: Joe_Carlos folded before Flop (didn't bet)
Seat 6: Rysiff collected ($2.50)



PokerStars Hand #254683109935:  Hold'em No Limit ($0.50/$1.00 USD) - 2025/02/03 4:03:12 WET [2025/02/02 23:03:12 ET]
Table 'Asplinda' 6-max Seat #2 is the button
Seat 4: nastja336 ($112.98 in chips) is sitting out
Seat 1: joaquin612 ($104.18 in chips) 
Seat 2: An1an1 ($107.16 in chips) 
Seat 3: dany13051206 ($46.30 in chips) 
Seat 5: Joe_Carlos ($87.61 in chips) 
Seat 6: Rysiff ($101.50 in chips) 
dany13051206: posts small blind $0.50
Joe_Carlos: posts big blind $1
*** HOLE CARDS ***
Rysiff: folds 
joaquin612: folds 
An1an1: folds 
dany13051206: raises $1 to $2
Joe_Carlos: folds 
Uncalled bet ($1) returned to dany13051206
dany13051206 collected $2 from pot
dany13051206: doesn't show hand 
*** SUMMARY ***
Total pot $2 | Rake $0 
Seat 4: nastja336
Seat 1: joaquin612 folded before Flop (didn't bet)
Seat 2: An1an1 (button) folded before Flop (didn't bet)
Seat 3: dany13051206 (small blind) collected ($2)
Seat 5: Joe_Carlos (big blind) folded before Flop
Seat 6: Rysiff folded before Flop (didn't bet)



PokerStars Hand #254683111917:  Hold'em No Limit ($0.50/$1.00 USD) - 2025/02/03 4:03:33 WET [2025/02/02 23:03:33 ET]
Table 'Asplinda' 6-max Seat #3 is the button
Seat 1: joaquin612 ($104.18 in chips) 
Seat 2: An1an1 ($107.16 in chips) 
Seat 3: dany13051206 ($47.30 in chips) 
Seat 5: Joe_Carlos ($86.61 in chips) 
Seat 6: Rysiff ($101.50 in chips) 
nastja336 leaves the table
Joe_Carlos: posts small blind $0.50
Rysiff: posts big blind $1
*** HOLE CARDS ***
joaquin612: folds 
An1an1: folds 
dany13051206: raises $1 to $2
LuckyShikari joins the table at seat #4 
Joe_Carlos: folds 
Rysiff: calls $1
*** FLOP *** [8d 8c 5s]
Rysiff: checks 
dany13051206: bets $1
Rysiff: calls $1
*** TURN *** [8d 8c 5s] [Ks]
Rysiff: checks 
dany13051206: bets $3
Rysiff: folds 
Uncalled bet ($3) returned to dany13051206
dany13051206 collected $6.18 from pot
dany13051206: doesn't show hand 
*** SUMMARY ***
Total pot $6.50 | Rake $0.32 
Board [8d 8c 5s Ks]
Seat 1: joaquin612 folded before Flop (didn't bet)
Seat 2: An1an1 folded before Flop (didn't bet)
Seat 3: dany13051206 (button) collected ($6.18)
Seat 5: Joe_Carlos (small blind) folded before Flop
Seat 6: Rysiff (big blind) folded on the Turn



PokerStars Hand #254683116293:  Hold'em No Limit ($0.50/$1.00 USD) - 2025/02/03 4:04:18 WET [2025/02/02 23:04:18 ET]
Table 'Asplinda' 6-max Seat #5 is the button
Seat 4: LuckyShikari ($119.20 in chips) is sitting out
Seat 1: joaquin612 ($104.18 in chips) 
Seat 2: An1an1 ($107.16 in chips) 
Seat 3: dany13051206 ($50.48 in chips) 
Seat 5: Joe_Carlos ($86.11 in chips) 
Seat 6: Rysiff ($100 in chips) 
Rysiff: posts small blind $0.50
joaquin612: posts big blind $1
LuckyShikari: sits out 
*** HOLE CARDS ***
An1an1: folds 
dany13051206: raises $1 to $2
Joe_Carlos: calls $2
Rysiff: folds 
joaquin612: folds 
*** FLOP *** [Qs 7h 9d]
dany13051206: bets $2
Joe_Carlos: folds 
Uncalled bet ($2) returned to dany13051206
dany13051206 collected $5.22 from pot
*** SUMMARY ***
Total pot $5.50 | Rake $0.28 
Board [Qs 7h 9d]
Seat 4: LuckyShikari
Seat 1: joaquin612 (big blind) folded before Flop
Seat 2: An1an1 folded before Flop (didn't bet)
Seat 3: dany13051206 collected ($5.22)
Seat 5: Joe_Carlos (button) folded on the Flop
Seat 6: Rysiff (small blind) folded before Flop



PokerStars Hand #254683119528:  Hold'em No Limit ($0.50/$1.00 USD) - 2025/02/03 4:04:51 WET [2025/02/02 23:04:51 ET]
Table 'Asplinda' 6-max Seat #6 is the button
Seat 4: LuckyShikari ($119.20 in chips) is sitting out
Seat 1: joaquin612 ($103.18 in chips) 
Seat 2: An1an1 ($107.16 in chips) 
Seat 3: dany13051206 ($53.70 in chips) 
Seat 5: Joe_Carlos ($84.11 in chips) 
Seat 6: Rysiff ($100 in chips) 
joaquin612: posts small blind $0.50
An1an1: posts big blind $1
LuckyShikari: sits out 
*** HOLE CARDS ***
dany13051206: raises $1 to $2
Joe_Carlos: folds 
Rysiff: folds 
joaquin612: folds 
An1an1: folds 
Uncalled bet ($1) returned to dany13051206
dany13051206 collected $2.50 from pot
dany13051206: doesn't show hand 
*** SUMMARY ***
Total pot $2.50 | Rake $0 
Seat 4: LuckyShikari
Seat 1: joaquin612 (small blind) folded before Flop
Seat 2: An1an1 (big blind) folded before Flop
Seat 3: dany13051206 collected ($2.50)
Seat 5: Joe_Carlos folded before Flop (didn't bet)
Seat 6: Rysiff (button) folded before Flop (didn't bet)



PokerStars Hand #254683121504:  Hold'em No Limit ($0.50/$1.00 USD) - 2025/02/03 4:05:12 WET [2025/02/02 23:05:12 ET]
Table 'Asplinda' 6-max Seat #1 is the button
Seat 4: LuckyShikari ($119.20 in chips) is sitting out
Seat 1: joaquin612 ($102.68 in chips) 
Seat 2: An1an1 ($106.16 in chips) 
Seat 3: dany13051206 ($55.20 in chips) 
Seat 5: Joe_Carlos ($84.11 in chips) 
Seat 6: Rysiff ($100 in chips) 
An1an1: posts small blind $0.50
dany13051206: posts big blind $1
LuckyShikari: sits out 
*** HOLE CARDS ***
Joe_Carlos: folds 
Rysiff: raises $1.50 to $2.50
joaquin612: folds 
An1an1: folds 
dany13051206: folds 
Uncalled bet ($1.50) returned to Rysiff
Rysiff collected $2.50 from pot
Rysiff: doesn't show hand 
*** SUMMARY ***
Total pot $2.50 | Rake $0 
Seat 4: LuckyShikari
Seat 1: joaquin612 (button) folded before Flop (didn't bet)
Seat 2: An1an1 (small blind) folded before Flop
Seat 3: dany13051206 (big blind) folded before Flop
Seat 5: Joe_Carlos folded before Flop (didn't bet)
Seat 6: Rysiff collected ($2.50)



PokerStars Hand #254683123272:  Hold'em No Limit ($0.50/$1.00 USD) - 2025/02/03 4:05:29 WET [2025/02/02 23:05:29 ET]
Table 'Asplinda' 6-max Seat #2 is the button
Seat 1: joaquin612 ($102.68 in chips) 
Seat 2: An1an1 ($105.66 in chips) 
Seat 3: dany13051206 ($54.20 in chips) 
Seat 4: LuckyShikari ($119.20 in chips) 
Seat 5: Joe_Carlos ($84.11 in chips) 
Seat 6: Rysiff ($101.50 in chips) 
dany13051206: posts small blind $0.50
LuckyShikari: posts big blind $1
*** HOLE CARDS ***
Joe_Carlos: folds 
Rysiff: folds 
joaquin612: folds 
An1an1: folds 
dany13051206: calls $0.50
LuckyShikari: checks 
*** FLOP *** [2d 4s Jd]
dany13051206: bets $1
LuckyShikari: folds 
Uncalled bet ($1) returned to dany13051206
dany13051206 collected $1.90 from pot
dany13051206: doesn't show hand 
*** SUMMARY ***
Total pot $2 | Rake $0.10 
Board [2d 4s Jd]
Seat 1: joaquin612 folded before Flop (didn't bet)
Seat 2: An1an1 (button) folded before Flop (didn't bet)
Seat 3: dany13051206 (small blind) collected ($1.90)
Seat 4: LuckyShikari (big blind) folded on the Flop
Seat 5: Joe_Carlos folded before Flop (didn't bet)
Seat 6: Rysiff folded before Flop (didn't bet)



PokerStars Hand #254683125283:  Hold'em No Limit ($0.50/$1.00 USD) - 2025/02/03 4:05:50 WET [2025/02/02 23:05:50 ET]
Table 'Asplinda' 6-max Seat #3 is the button
Seat 1: joaquin612 ($102.68 in chips) 
Seat 2: An1an1 ($105.66 in chips) 
Seat 3: dany13051206 ($55.10 in chips) 
Seat 4: LuckyShikari ($118.20 in chips) 
Seat 5: Joe_Carlos ($84.11 in chips) 
Seat 6: Rysiff ($101.50 in chips) 
LuckyShikari: posts small blind $0.50
Joe_Carlos: posts big blind $1
*** HOLE CARDS ***
Rysiff: folds 
joaquin612: folds 
An1an1: folds 
dany13051206: raises $2 to $3
LuckyShikari: folds 
Joe_Carlos: folds 
Uncalled bet ($2) returned to dany13051206
dany13051206 collected $2.50 from pot
dany13051206: doesn't show hand 
*** SUMMARY ***
Total pot $2.50 | Rake $0 
Seat 1: joaquin612 folded before Flop (didn't bet)
Seat 2: An1an1 folded before Flop (didn't bet)
Seat 3: dany13051206 (button) collected ($2.50)
Seat 4: LuckyShikari (small blind) folded before Flop
Seat 5: Joe_Carlos (big blind) folded before Flop
Seat 6: Rysiff folded before Flop (didn't bet)



PokerStars Hand #254683127581:  Hold'em No Limit ($0.50/$1.00 USD) - 2025/02/03 4:06:14 WET [2025/02/02 23:06:14 ET]
Table 'Asplinda' 6-max Seat #4 is the button
Seat 1: joaquin612 ($102.68 in chips) 
Seat 2: An1an1 ($105.66 in chips) 
Seat 3: dany13051206 ($56.60 in chips) 
Seat 4: LuckyShikari ($117.70 in chips) 
Seat 5: Joe_Carlos ($83.11 in chips) 
Seat 6: Rysiff ($101.50 in chips) 
Joe_Carlos: posts small blind $0.50
Rysiff: posts big blind $1
*** HOLE CARDS ***
joaquin612: folds 
An1an1: folds 
joaquin612 leaves the table
dany13051206: calls $1
LuckyShikari: raises $2.80 to $3.80
Joe_Carlos: raises $7.60 to $11.40
Rysiff: folds 
dany13051206: calls $10.40
m0nTTu joins the table at seat #1 
LuckyShikari: calls $7.60
*** FLOP *** [Js Jh 9s]
Joe_Carlos: bets $11.02
dany13051206: raises $34.18 to $45.20 and is all-in
LuckyShikari: folds 
Joe_Carlos: calls $34.18
*** TURN *** [Js Jh 9s] [4s]
*** RIVER *** [Js Jh 9s 4s] [2d]
*** SHOW DOWN ***
Joe_Carlos: shows [As Jd] (three of a kind, Jacks)
dany13051206: shows [Qs Qc] (two pair, Queens and Jacks)
Joe_Carlos cashed out the hand for $106.39 | Cash Out Fee $2.17
*** SUMMARY ***
Total pot $125.60 | Rake $2.50 
Board [Js Jh 9s 4s 2d]
Seat 1: joaquin612 folded before Flop (didn't bet)
Seat 2: An1an1 folded before Flop (didn't bet)
Seat 3: dany13051206 showed [Qs Qc] and lost with two pair, Queens and Jacks
Seat 4: LuckyShikari (button) folded on the Flop
Seat 5: Joe_Carlos (small blind) showed [As Jd] and won ($123.10) with three of a kind, Jacks (pot not awarded as player cashed out)
Seat 6: Rysiff (big blind) folded before Flop



PokerStars Hand #254683133132:  Hold'em No Limit ($0.50/$1.00 USD) - 2025/02/03 4:07:10 WET [2025/02/02 23:07:10 ET]
Table 'Asplinda' 6-max Seat #5 is the button
Seat 3: dany13051206 ($0 in chips) is sitting out
Seat 1: m0nTTu ($10 in chips) 
Seat 2: An1an1 ($105.66 in chips) 
Seat 4: LuckyShikari ($106.30 in chips) 
Seat 5: Joe_Carlos ($132.90 in chips) 
Seat 6: Rysiff ($100.50 in chips) 
Rysiff: posts small blind $0.50
m0nTTu: posts big blind $1
*** HOLE CARDS ***
An1an1: folds 
LuckyShikari: folds 
Joe_Carlos: folds 
Rysiff: folds 
Uncalled bet ($0.50) returned to m0nTTu
An1an1 leaves the table
m0nTTu collected $1 from pot
m0nTTu: doesn't show hand 
*** SUMMARY ***
Total pot $1 | Rake $0 
Seat 3: dany13051206
Seat 1: m0nTTu (big blind) collected ($1)
Seat 2: An1an1 folded before Flop (didn't bet)
Seat 4: LuckyShikari folded before Flop (didn't bet)
Seat 5: Joe_Carlos (button) folded before Flop (didn't bet)
Seat 6: Rysiff (small blind) folded before Flop



PokerStars Hand #254683134450:  Hold'em No Limit ($0.50/$1.00 USD) - 2025/02/03 4:07:23 WET [2025/02/02 23:07:23 ET]
Table 'Asplinda' 6-max Seat #6 is the button
Seat 3: dany13051206 ($0 in chips) is sitting out
Seat 1: m0nTTu ($10.50 in chips) 
Seat 4: LuckyShikari ($106.30 in chips) 
Seat 5: Joe_Carlos ($132.90 in chips) 
Seat 6: Rysiff ($100 in chips) 
m0nTTu: posts small blind $0.50
LuckyShikari: posts big blind $1
*** HOLE CARDS ***
Joe_Carlos: folds 
derek5858 joins the table at seat #2 
Rysiff: folds 
Rysiff leaves the table
dany13051206 is disconnected 
CashfishT joins the table at seat #6 
m0nTTu: folds 
Uncalled bet ($0.50) returned to LuckyShikari
LuckyShikari collected $1 from pot
LuckyShikari: doesn't show hand 
*** SUMMARY ***
Total pot $1 | Rake $0 
Seat 3: dany13051206
Seat 1: m0nTTu (small blind) folded before Flop
Seat 4: LuckyShikari (big blind) collected ($1)
Seat 5: Joe_Carlos folded before Flop (didn't bet)
Seat 6: Rysiff (button) folded before Flop (didn't bet)



PokerStars Hand #254683136367:  Hold'em No Limit ($0.50/$1.00 USD) - 2025/02/03 4:07:43 WET [2025/02/02 23:07:43 ET]
Table 'Asplinda' 6-max Seat #1 is the button
Seat 2: derek5858 ($100 in chips) is sitting out
Seat 3: dany13051206 ($0 in chips) is sitting out
Seat 6: CashfishT ($100 in chips) is sitting out
Seat 1: m0nTTu ($10 in chips) 
Seat 4: LuckyShikari ($106.80 in chips) 
Seat 5: Joe_Carlos ($132.90 in chips) 
LuckyShikari: posts small blind $0.50
Joe_Carlos: posts big blind $1
CashfishT: sits out 
*** HOLE CARDS ***
m0nTTu: raises $9 to $10 and is all-in
LuckyShikari: folds 
Joe_Carlos: folds 
Uncalled bet ($9) returned to m0nTTu
m0nTTu collected $2.50 from pot
m0nTTu: doesn't show hand 
*** SUMMARY ***
Total pot $2.50 | Rake $0 
Seat 2: derek5858
Seat 3: dany13051206
Seat 6: CashfishT
Seat 1: m0nTTu (button) collected ($2.50)
Seat 4: LuckyShikari (small blind) folded before Flop
Seat 5: Joe_Carlos (big blind) folded before Flop



PokerStars Hand #254683138035:  Hold'em No Limit ($0.50/$1.00 USD) - 2025/02/03 4:08:00 WET [2025/02/02 23:08:00 ET]
Table 'Asplinda' 6-max Seat #4 is the button
Seat 2: derek5858 ($100 in chips) is sitting out
Seat 3: dany13051206 ($0 in chips) is sitting out
Seat 1: m0nTTu ($11.50 in chips) 
Seat 4: LuckyShikari ($106.30 in chips) 
Seat 5: Joe_Carlos ($131.90 in chips) 
Seat 6: CashfishT ($100 in chips) 
Joe_Carlos: posts small blind $0.50
CashfishT: posts big blind $1
derek5858: sits out 
*** HOLE CARDS ***
m0nTTu: folds 
LuckyShikari: folds 
Joe_Carlos: raises $2 to $3
CashfishT: calls $2
*** FLOP *** [2c 2d 9d]
Joe_Carlos: bets $1.88
CashfishT: calls $1.88
*** TURN *** [2c 2d 9d] [Qh]
Joe_Carlos: bets $6.95
CashfishT: calls $6.95
*** RIVER *** [2c 2d 9d Qh] [5d]
Joe_Carlos: checks 
CashfishT: checks 
*** SHOW DOWN ***
Joe_Carlos: shows [As Ad] (two pair, Aces and Deuces)
CashfishT: mucks hand 
Joe_Carlos collected $22.66 from pot
*** SUMMARY ***
Total pot $23.66 | Rake $1 
Board [2c 2d 9d Qh 5d]
Seat 2: derek5858
Seat 3: dany13051206
Seat 1: m0nTTu folded before Flop (didn't bet)
Seat 4: LuckyShikari (button) folded before Flop (didn't bet)
Seat 5: Joe_Carlos (small blind) showed [As Ad] and won ($22.66) with two pair, Aces and Deuces
Seat 6: CashfishT (big blind) mucked



PokerStars Hand #254683146906:  Hold'em No Limit ($0.50/$1.00 USD) - 2025/02/03 4:09:32 WET [2025/02/02 23:09:32 ET]
Table 'Asplinda' 6-max Seat #5 is the button
Seat 2: derek5858 ($100 in chips) is sitting out
Seat 3: dany13051206 ($0 in chips) is sitting out
Seat 1: m0nTTu ($11.50 in chips) 
Seat 4: LuckyShikari ($106.30 in chips) 
Seat 5: Joe_Carlos ($142.73 in chips) 
Seat 6: CashfishT ($100 in chips) 
CashfishT: posts small blind $0.50
m0nTTu: posts big blind $1
derek5858: sits out 
*** HOLE CARDS ***
LuckyShikari: folds 
Joe_Carlos: folds 
CashfishT: folds 
Uncalled bet ($0.50) returned to m0nTTu
m0nTTu collected $1 from pot
m0nTTu: doesn't show hand 
*** SUMMARY ***
Total pot $1 | Rake $0 
Seat 2: derek5858
Seat 3: dany13051206
Seat 1: m0nTTu (big blind) collected ($1)
Seat 4: LuckyShikari folded before Flop (didn't bet)
Seat 5: Joe_Carlos (button) folded before Flop (didn't bet)
Seat 6: CashfishT (small blind) folded before Flop



PokerStars Hand #254683147830:  Hold'em No Limit ($0.50/$1.00 USD) - 2025/02/03 4:09:42 WET [2025/02/02 23:09:42 ET]
Table 'Asplinda' 6-max Seat #6 is the button
Seat 3: dany13051206 ($0 in chips) is sitting out
Seat 1: m0nTTu ($12 in chips) 
Seat 2: derek5858 ($100 in chips) 
Seat 4: LuckyShikari ($106.30 in chips) 
Seat 5: Joe_Carlos ($142.73 in chips) 
Seat 6: CashfishT ($100 in chips) 
m0nTTu: posts small blind $0.50
derek5858: posts big blind $1
*** HOLE CARDS ***
LuckyShikari: folds 
Joe_Carlos: raises $1.50 to $2.50
CashfishT: folds 
m0nTTu: folds 
derek5858: calls $1.50
*** FLOP *** [Jd 8s 9d]
derek5858: checks 
Joe_Carlos: bets $1.72
derek5858: raises $6.06 to $7.78
Joe_Carlos: calls $6.06
*** TURN *** [Jd 8s 9d] [5c]
derek5858: bets $14.01
Joe_Carlos: folds 
Uncalled bet ($14.01) returned to derek5858
derek5858 collected $20.01 from pot
*** SUMMARY ***
Total pot $21.06 | Rake $1.05 
Board [Jd 8s 9d 5c]
Seat 3: dany13051206
Seat 1: m0nTTu (small blind) folded before Flop
Seat 2: derek5858 (big blind) collected ($20.01)
Seat 4: LuckyShikari folded before Flop (didn't bet)
Seat 5: Joe_Carlos folded on the Turn
Seat 6: CashfishT (button) folded before Flop (didn't bet)



PokerStars Hand #254683156750:  Hold'em No Limit ($0.50/$1.00 USD) - 2025/02/03 4:11:14 WET [2025/02/02 23:11:14 ET]
Table 'Asplinda' 6-max Seat #1 is the button
Seat 3: dany13051206 ($0 in chips) is sitting out
Seat 4: LuckyShikari ($106.30 in chips) is sitting out
Seat 1: m0nTTu ($11.50 in chips) 
Seat 2: derek5858 ($109.73 in chips) 
Seat 5: Joe_Carlos ($132.45 in chips) 
Seat 6: CashfishT ($100 in chips) 
derek5858: posts small blind $0.50
LuckyShikari: is sitting out 
Joe_Carlos: posts big blind $1
*** HOLE CARDS ***
LuckyShikari leaves the table
CashfishT: folds 
m0nTTu: folds 
derek5858: folds 
Uncalled bet ($0.50) returned to Joe_Carlos
Joe_Carlos collected $1 from pot
Joe_Carlos: doesn't show hand 
*** SUMMARY ***
Total pot $1 | Rake $0 
Seat 3: dany13051206
Seat 4: LuckyShikari
Seat 1: m0nTTu (button) folded before Flop (didn't bet)
Seat 2: derek5858 (small blind) folded before Flop
Seat 5: Joe_Carlos (big blind) collected ($1)
Seat 6: CashfishT folded before Flop (didn't bet)



PokerStars Hand #254683158156:  Hold'em No Limit ($0.50/$1.00 USD) - 2025/02/03 4:11:29 WET [2025/02/02 23:11:29 ET]
Table 'Asplinda' 6-max Seat #2 is the button
Seat 3: dany13051206 ($0 in chips) is sitting out
Seat 1: m0nTTu ($11.50 in chips) 
Seat 2: derek5858 ($109.23 in chips) 
Seat 5: Joe_Carlos ($132.95 in chips) 
Seat 6: CashfishT ($100 in chips) 
Joe_Carlos: posts small blind $0.50
CashfishT: posts big blind $1
*** HOLE CARDS ***
m0nTTu: folds 
derek5858: raises $1 to $2
Joe_Carlos: folds 
CashfishT: folds 
Uncalled bet ($1) returned to derek5858
derek5858 collected $2.50 from pot
*** SUMMARY ***
Total pot $2.50 | Rake $0 
Seat 3: dany13051206
Seat 1: m0nTTu folded before Flop (didn't bet)
Seat 2: derek5858 (button) collected ($2.50)
Seat 5: Joe_Carlos (small blind) folded before Flop
Seat 6: CashfishT (big blind) folded before Flop



PokerStars Hand #254683159612:  Hold'em No Limit ($0.50/$1.00 USD) - 2025/02/03 4:11:44 WET [2025/02/02 23:11:44 ET]
Table 'Asplinda' 6-max Seat #5 is the button
Seat 1: m0nTTu ($11.50 in chips) is sitting out
Seat 3: dany13051206 ($0 in chips) is sitting out
Seat 2: derek5858 ($110.73 in chips) 
Seat 5: Joe_Carlos ($132.45 in chips) 
Seat 6: CashfishT ($100 in chips) 
CashfishT: posts small blind $0.50
m0nTTu: is sitting out 
derek5858: posts big blind $1
*** HOLE CARDS ***
m0nTTu leaves the table
Joe_Carlos: folds 
CashfishT: raises $2 to $3
m0nTTu joins the table at seat #4 
derek5858: folds 
Uncalled bet ($2) returned to CashfishT
CashfishT collected $2 from pot
CashfishT: doesn't show hand 
*** SUMMARY ***
Total pot $2 | Rake $0 
Seat 1: m0nTTu
Seat 3: dany13051206
Seat 2: derek5858 (big blind) folded before Flop
Seat 5: Joe_Carlos (button) folded before Flop (didn't bet)
Seat 6: CashfishT (small blind) collected ($2)



PokerStars Hand #254683161103:  Hold'em No Limit ($0.50/$1.00 USD) - 2025/02/03 4:12:00 WET [2025/02/02 23:12:00 ET]
Table 'Asplinda' 6-max Seat #6 is the button
Seat 3: dany13051206 ($0 in chips) is sitting out
Seat 2: derek5858 ($109.73 in chips) 
Seat 4: m0nTTu ($11.50 in chips) 
Seat 5: Joe_Carlos ($132.45 in chips) 
Seat 6: CashfishT ($101 in chips) 
derek5858: posts small blind $0.50
m0nTTu: posts big blind $1
*** HOLE CARDS ***
Joe_Carlos: folds 
CashfishT: folds 
derek5858: folds 
Uncalled bet ($0.50) returned to m0nTTu
m0nTTu collected $1 from pot
m0nTTu: doesn't show hand 
*** SUMMARY ***
Total pot $1 | Rake $0 
Seat 3: dany13051206
Seat 2: derek5858 (small blind) folded before Flop
Seat 4: m0nTTu (big blind) collected ($1)
Seat 5: Joe_Carlos folded before Flop (didn't bet)
Seat 6: CashfishT (button) folded before Flop (didn't bet)



PokerStars Hand #254683163227:  Hold'em No Limit ($0.50/$1.00 USD) - 2025/02/03 4:12:22 WET [2025/02/02 23:12:22 ET]
Table 'Asplinda' 6-max Seat #2 is the button
Seat 3: dany13051206 ($0 in chips) is sitting out
Seat 2: derek5858 ($109.23 in chips) 
Seat 4: m0nTTu ($12 in chips) 
Seat 5: Joe_Carlos ($132.45 in chips) 
Seat 6: CashfishT ($101 in chips) 
m0nTTu: posts small blind $0.50
Joe_Carlos: posts big blind $1
*** HOLE CARDS ***
CashfishT: raises $1.20 to $2.20
derek5858: folds 
m0nTTu: folds 
Joe_Carlos: folds 
Uncalled bet ($1.20) returned to CashfishT
CashfishT collected $2.50 from pot
CashfishT: doesn't show hand 
*** SUMMARY ***
Total pot $2.50 | Rake $0 
Seat 3: dany13051206
Seat 2: derek5858 (button) folded before Flop (didn't bet)
Seat 4: m0nTTu (small blind) folded before Flop
Seat 5: Joe_Carlos (big blind) folded before Flop
Seat 6: CashfishT collected ($2.50)



PokerStars Hand #254683164837:  Hold'em No Limit ($0.50/$1.00 USD) - 2025/02/03 4:12:39 WET [2025/02/02 23:12:39 ET]
Table 'Asplinda' 6-max Seat #4 is the button
Seat 3: dany13051206 ($0 in chips) is sitting out
Seat 2: derek5858 ($109.23 in chips) 
Seat 4: m0nTTu ($11.50 in chips) 
Seat 5: Joe_Carlos ($131.45 in chips) 
Seat 6: CashfishT ($102.50 in chips) 
Joe_Carlos: posts small blind $0.50
CashfishT: posts big blind $1
*** HOLE CARDS ***
derek5858: raises $1 to $2
m0nTTu: folds 
Joe_Carlos: folds 
CashfishT: folds 
Uncalled bet ($1) returned to derek5858
derek5858 collected $2.50 from pot
*** SUMMARY ***
Total pot $2.50 | Rake $0 
Seat 3: dany13051206
Seat 2: derek5858 collected ($2.50)
Seat 4: m0nTTu (button) folded before Flop (didn't bet)
Seat 5: Joe_Carlos (small blind) folded before Flop
Seat 6: CashfishT (big blind) folded before Flop



PokerStars Hand #254683167687:  Hold'em No Limit ($0.50/$1.00 USD) - 2025/02/03 4:13:09 WET [2025/02/02 23:13:09 ET]
Table 'Asplinda' 6-max Seat #5 is the button
Seat 3: dany13051206 ($0 in chips) is sitting out
Seat 2: derek5858 ($110.73 in chips) 
Seat 4: m0nTTu ($11.50 in chips) 
Seat 5: Joe_Carlos ($130.95 in chips) 
Seat 6: CashfishT ($101.50 in chips) 
CashfishT: posts small blind $0.50
derek5858: posts big blind $1
*** HOLE CARDS ***
m0nTTu: folds 
Joe_Carlos: folds 
CashfishT: raises $2 to $3
derek5858: calls $2
*** FLOP *** [Kh Ts 4d]
CashfishT: checks 
derek5858: checks 
*** TURN *** [Kh Ts 4d] [3d]
CashfishT: checks 
derek5858: checks 
*** RIVER *** [Kh Ts 4d 3d] [Tc]
CashfishT: checks 
derek5858: checks 
*** SHOW DOWN ***
CashfishT: shows [Qh 5h] (a pair of Tens)
derek5858: mucks hand 
CashfishT collected $5.70 from pot
*** SUMMARY ***
Total pot $6 | Rake $0.30 
Board [Kh Ts 4d 3d Tc]
Seat 3: dany13051206
Seat 2: derek5858 (big blind) mucked
Seat 4: m0nTTu folded before Flop (didn't bet)
Seat 5: Joe_Carlos (button) folded before Flop (didn't bet)
Seat 6: CashfishT (small blind) showed [Qh 5h] and won ($5.70) with a pair of Tens



PokerStars Hand #254683172416:  Hold'em No Limit ($0.50/$1.00 USD) - 2025/02/03 4:13:59 WET [2025/02/02 23:13:59 ET]
Table 'Asplinda' 6-max Seat #6 is the button
Seat 3: dany13051206 ($0 in chips) is sitting out
Seat 2: derek5858 ($107.73 in chips) 
Seat 4: m0nTTu ($11.50 in chips) 
Seat 5: Joe_Carlos ($130.95 in chips) 
Seat 6: CashfishT ($104.20 in chips) 
derek5858: posts small blind $0.50
m0nTTu: posts big blind $1
*** HOLE CARDS ***
Joe_Carlos: folds 
CashfishT: folds 
Joe_Carlos leaves the table
derek5858: raises $2 to $3
m0nTTu: folds 
Uncalled bet ($2) returned to derek5858
derek5858 collected $2 from pot
dany13051206 leaves the table
*** SUMMARY ***
Total pot $2 | Rake $0 
Seat 3: dany13051206
Seat 2: derek5858 (small blind) collected ($2)
Seat 4: m0nTTu (big blind) folded before Flop
Seat 5: Joe_Carlos folded before Flop (didn't bet)
Seat 6: CashfishT (button) folded before Flop (didn't bet)



PokerStars Hand #254683174014:  Hold'em No Limit ($0.50/$1.00 USD) - 2025/02/03 4:14:16 WET [2025/02/02 23:14:16 ET]
Table 'Asplinda' 6-max Seat #2 is the button
Seat 2: derek5858 ($108.73 in chips) 
Seat 4: m0nTTu ($10.50 in chips) 
Seat 6: CashfishT ($104.20 in chips) 
m0nTTu: posts small blind $0.50
CashfishT: posts big blind $1
*** HOLE CARDS ***
derek5858: folds 
m0nTTu: raises $9.50 to $10.50 and is all-in
CashfishT: calls $9.50
*** FIRST FLOP *** [8s Td 3h]
*** FIRST TURN *** [8s Td 3h] [5s]
*** FIRST RIVER *** [8s Td 3h 5s] [Qs]
*** SECOND FLOP *** [5h 3c 3d]
*** SECOND TURN *** [5h 3c 3d] [Tc]
*** SECOND RIVER *** [5h 3c 3d Tc] [As]
*** FIRST SHOW DOWN ***
m0nTTu: shows [8h Kd] (a pair of Eights)
CashfishT: shows [Ah Kh] (high card Ace)
m0nTTu collected $10 from pot
*** SECOND SHOW DOWN ***
m0nTTu: shows [8h Kd] (a pair of Threes)
CashfishT: shows [Ah Kh] (two pair, Aces and Threes)
CashfishT collected $10 from pot
*** SUMMARY ***
Total pot $21 | Rake $1 
Hand was run twice
FIRST Board [8s Td 3h 5s Qs]
SECOND Board [5h 3c 3d Tc As]
Seat 2: derek5858 (button) folded before Flop (didn't bet)
Seat 4: m0nTTu (small blind) showed [8h Kd] and won ($10) with a pair of Eights, and lost with a pair of Threes
Seat 6: CashfishT (big blind) showed [Ah Kh] and lost with high card Ace, and won ($10) with two pair, Aces and Threes



PokerStars Hand #254683176645:  Hold'em No Limit ($0.50/$1.00 USD) - 2025/02/03 4:14:42 WET [2025/02/02 23:14:42 ET]
Table 'Asplinda' 6-max Seat #4 is the button
Seat 2: derek5858 ($108.73 in chips) 
Seat 4: m0nTTu ($10 in chips) 
Seat 6: CashfishT ($103.70 in chips) 
CashfishT: posts small blind $0.50
derek5858: posts big blind $1
*** HOLE CARDS ***
m0nTTu: folds 
CashfishT: raises $2 to $3
derek5858: raises $7 to $10
CashfishT: raises $14 to $24
derek5858: calls $14
*** FLOP *** [3s Js Ah]
CashfishT: bets $4.70
derek5858: calls $4.70
*** TURN *** [3s Js Ah] [3d]
CashfishT: checks 
G.Andrei95 joins the table at seat #1 
derek5858: checks 
*** RIVER *** [3s Js Ah 3d] [3c]
Manifestorr joins the table at seat #3 
ninho1998 joins the table at seat #5 
ninho1998 is disconnected 
CashfishT: checks 
derek5858: checks 
*** SHOW DOWN ***
CashfishT: shows [9h 2h] (three of a kind, Threes)
derek5858: shows [6s 5s] (three of a kind, Threes)
CashfishT collected $28.20 from pot
derek5858 collected $28.20 from pot
*** SUMMARY ***
Total pot $57.40 | Rake $1 
Board [3s Js Ah 3d 3c]
Seat 2: derek5858 (big blind) showed [6s 5s] and won ($28.20) with three of a kind, Threes
Seat 4: m0nTTu (button) folded before Flop (didn't bet)
Seat 6: CashfishT (small blind) showed [9h 2h] and won ($28.20) with three of a kind, Threes



PokerStars Hand #254683189217:  Hold'em No Limit ($0.50/$1.00 USD) - 2025/02/03 4:16:55 WET [2025/02/02 23:16:55 ET]
Table 'Asplinda' 6-max Seat #6 is the button
Seat 1: G.Andrei95 ($100 in chips) is sitting out
Seat 5: ninho1998 ($65.85 in chips) is sitting out
Seat 2: derek5858 ($108.23 in chips) 
Seat 3: Manifestorr ($100 in chips) 
Seat 4: m0nTTu ($10 in chips) 
Seat 6: CashfishT ($103.20 in chips) 
derek5858: posts small blind $0.50
Manifestorr: posts big blind $1
ninho1998: sits out 
*** HOLE CARDS ***
m0nTTu: raises $9 to $10 and is all-in
CashfishT: folds 
derek5858: folds 
Manifestorr: folds 
Uncalled bet ($9) returned to m0nTTu
m0nTTu collected $2.50 from pot
m0nTTu: doesn't show hand 
*** SUMMARY ***
Total pot $2.50 | Rake $0 
Seat 1: G.Andrei95
Seat 5: ninho1998
Seat 2: derek5858 (small blind) folded before Flop
Seat 3: Manifestorr (big blind) folded before Flop
Seat 4: m0nTTu collected ($2.50)
Seat 6: CashfishT (button) folded before Flop (didn't bet)



PokerStars Hand #254683193115:  Hold'em No Limit ($0.50/$1.00 USD) - 2025/02/03 4:17:36 WET [2025/02/02 23:17:36 ET]
Table 'Asplinda' 6-max Seat #2 is the button
Seat 1: G.Andrei95 ($100 in chips) is sitting out
Seat 4: m0nTTu ($11.50 in chips) is sitting out
Seat 2: derek5858 ($107.73 in chips) 
Seat 3: Manifestorr ($100 in chips) 
Seat 5: ninho1998 ($65.85 in chips) 
Seat 6: CashfishT ($103.20 in chips) 
Manifestorr: posts small blind $0.50
m0nTTu: is sitting out 
ninho1998: posts big blind $1
G.Andrei95: sits out 
*** HOLE CARDS ***
m0nTTu leaves the table
CashfishT: folds 
derek5858: raises $1.50 to $2.50
Manifestorr: folds 
Trajita joins the table at seat #4 
ninho1998: folds 
Uncalled bet ($1.50) returned to derek5858
derek5858 collected $2.50 from pot
*** SUMMARY ***
Total pot $2.50 | Rake $0 
Seat 1: G.Andrei95
Seat 4: m0nTTu
Seat 2: derek5858 (button) collected ($2.50)
Seat 3: Manifestorr (small blind) folded before Flop
Seat 5: ninho1998 (big blind) folded before Flop
Seat 6: CashfishT folded before Flop (didn't bet)



PokerStars Hand #254683203773:  Hold'em No Limit ($0.50/$1.00 USD) - 2025/02/03 4:19:29 WET [2025/02/02 23:19:29 ET]
Table 'Asplinda' 6-max Seat #6 is the button
Seat 4: Trajita ($100 in chips) is sitting out
Seat 1: G.Andrei95 ($100 in chips) 
Seat 2: derek5858 ($109.23 in chips) 
Seat 3: Manifestorr ($101.50 in chips) 
Seat 5: ninho1998 ($127.20 in chips) 
Seat 6: CashfishT ($100 in chips) 
G.Andrei95: posts small blind $0.50
derek5858: posts big blind $1
Trajita: sits out 
*** HOLE CARDS ***
Manifestorr: folds 
ninho1998: raises $2 to $3
CashfishT: folds 
G.Andrei95: folds 
derek5858: raises $11 to $14
ninho1998: calls $11
*** FLOP *** [5c Qd 6d]
derek5858: bets $13.54
ninho1998: folds 
Uncalled bet ($13.54) returned to derek5858
derek5858 collected $27.08 from pot
*** SUMMARY ***
Total pot $28.50 | Rake $1.42 
Board [5c Qd 6d]
Seat 4: Trajita
Seat 1: G.Andrei95 (small blind) folded before Flop
Seat 2: derek5858 (big blind) collected ($27.08)
Seat 3: Manifestorr folded before Flop (didn't bet)
Seat 5: ninho1998 folded on the Flop
Seat 6: CashfishT (button) folded before Flop (didn't bet)



PokerStars Hand #254683207830:  Hold'em No Limit ($0.50/$1.00 USD) - 2025/02/03 4:20:12 WET [2025/02/02 23:20:12 ET]
Table 'Asplinda' 6-max Seat #1 is the button
Seat 4: Trajita ($100 in chips) is sitting out
Seat 1: G.Andrei95 ($100 in chips) 
Seat 2: derek5858 ($122.31 in chips) 
Seat 3: Manifestorr ($101.50 in chips) 
Seat 5: ninho1998 ($113.20 in chips) 
Seat 6: CashfishT ($100 in chips) 
derek5858: posts small blind $0.50
Manifestorr: posts big blind $1
Trajita: sits out 
*** HOLE CARDS ***
ninho1998: folds 
CashfishT: folds 
G.Andrei95: folds 
derek5858: folds 
Uncalled bet ($0.50) returned to Manifestorr
Manifestorr collected $1 from pot
*** SUMMARY ***
Total pot $1 | Rake $0 
Seat 4: Trajita
Seat 1: G.Andrei95 (button) folded before Flop (didn't bet)
Seat 2: derek5858 (small blind) folded before Flop
Seat 3: Manifestorr (big blind) collected ($1)
Seat 5: ninho1998 folded before Flop (didn't bet)
Seat 6: CashfishT folded before Flop (didn't bet)



PokerStars Hand #254683209361:  Hold'em No Limit ($0.50/$1.00 USD) - 2025/02/03 4:20:28 WET [2025/02/02 23:20:28 ET]
Table 'Asplinda' 6-max Seat #2 is the button
Seat 1: G.Andrei95 ($100 in chips) 
Seat 2: derek5858 ($121.81 in chips) 
Seat 3: Manifestorr ($102 in chips) 
Seat 4: Trajita ($100 in chips) 
Seat 5: ninho1998 ($113.20 in chips) 
Seat 6: CashfishT ($100 in chips) 
Manifestorr: posts small blind $0.50
Trajita: posts big blind $1
*** HOLE CARDS ***
ninho1998: raises $2 to $3
CashfishT: folds 
G.Andrei95: folds 
derek5858: folds 
Manifestorr: folds 
Trajita: calls $2
*** FLOP *** [8d 9h Kd]
Trajita: checks 
ninho1998: checks 
*** TURN *** [8d 9h Kd] [2c]
Trajita: checks 
ninho1998: bets $3
Trajita: folds 
Uncalled bet ($3) returned to ninho1998
ninho1998 collected $6.18 from pot
*** SUMMARY ***
Total pot $6.50 | Rake $0.32 
Board [8d 9h Kd 2c]
Seat 1: G.Andrei95 folded before Flop (didn't bet)
Seat 2: derek5858 (button) folded before Flop (didn't bet)
Seat 3: Manifestorr (small blind) folded before Flop
Seat 4: Trajita (big blind) folded on the Turn
Seat 5: ninho1998 collected ($6.18)
Seat 6: CashfishT folded before Flop (didn't bet)



PokerStars Hand #254683215379:  Hold'em No Limit ($0.50/$1.00 USD) - 2025/02/03 4:21:31 WET [2025/02/02 23:21:31 ET]
Table 'Asplinda' 6-max Seat #3 is the button
Seat 1: G.Andrei95 ($100 in chips) 
Seat 2: derek5858 ($121.81 in chips) 
Seat 3: Manifestorr ($101.50 in chips) 
Seat 4: Trajita ($100 in chips) 
Seat 5: ninho1998 ($116.38 in chips) 
Seat 6: CashfishT ($100 in chips) 
Trajita: posts small blind $0.50
ninho1998: posts big blind $1
*** HOLE CARDS ***
CashfishT: folds 
G.Andrei95: folds 
derek5858: folds 
Manifestorr: raises $1.20 to $2.20
Trajita: raises $8.30 to $10.50
ninho1998: folds 
Manifestorr: raises $11.50 to $22
Trajita: folds 
Uncalled bet ($11.50) returned to Manifestorr
Manifestorr collected $22 from pot
*** SUMMARY ***
Total pot $22 | Rake $0 
Seat 1: G.Andrei95 folded before Flop (didn't bet)
Seat 2: derek5858 folded before Flop (didn't bet)
Seat 3: Manifestorr (button) collected ($22)
Seat 4: Trajita (small blind) folded before Flop
Seat 5: ninho1998 (big blind) folded before Flop
Seat 6: CashfishT folded before Flop (didn't bet)



PokerStars Hand #254683219148:  Hold'em No Limit ($0.50/$1.00 USD) - 2025/02/03 4:22:10 WET [2025/02/02 23:22:10 ET]
Table 'Asplinda' 6-max Seat #4 is the button
Seat 1: G.Andrei95 ($100 in chips) 
Seat 2: derek5858 ($121.81 in chips) 
Seat 3: Manifestorr ($113 in chips) 
Seat 4: Trajita ($100 in chips) 
Seat 5: ninho1998 ($115.38 in chips) 
Seat 6: CashfishT ($100 in chips) 
ninho1998: posts small blind $0.50
CashfishT: posts big blind $1
*** HOLE CARDS ***
G.Andrei95: folds 
derek5858: raises $1 to $2
Manifestorr: folds 
Trajita: folds 
ninho1998: calls $1.50
CashfishT: calls $1
*** FLOP *** [Js Qs Td]
ninho1998: bets $1.85
CashfishT: folds 
derek5858: raises $6.58 to $8.43
ninho1998: calls $6.58
*** TURN *** [Js Qs Td] [5c]
ninho1998: checks 
derek5858: bets $28.24
ninho1998: calls $28.24
*** RIVER *** [Js Qs Td 5c] [8h]
ninho1998: checks 
derek5858: bets $83.14 and is all-in
ninho1998: calls $76.71 and is all-in
Uncalled bet ($6.43) returned to derek5858
*** SHOW DOWN ***
derek5858: shows [Ac Kh] (a straight, Ten to Ace)
ninho1998: shows [2s Ts] (a pair of Tens)
derek5858 collected $230.26 from pot
*** SUMMARY ***
Total pot $232.76 | Rake $2.50 
Board [Js Qs Td 5c 8h]
Seat 1: G.Andrei95 folded before Flop (didn't bet)
Seat 2: derek5858 showed [Ac Kh] and won ($230.26) with a straight, Ten to Ace
Seat 3: Manifestorr folded before Flop (didn't bet)
Seat 4: Trajita (button) folded before Flop (didn't bet)
Seat 5: ninho1998 (small blind) showed [2s Ts] and lost with a pair of Tens
Seat 6: CashfishT (big blind) folded on the Flop



PokerStars Hand #254683230499:  Hold'em No Limit ($0.50/$1.00 USD) - 2025/02/03 4:24:11 WET [2025/02/02 23:24:11 ET]
Table 'Asplinda' 6-max Seat #6 is the button
Seat 5: ninho1998 ($0 in chips) is sitting out
Seat 1: G.Andrei95 ($100 in chips) 
Seat 2: derek5858 ($236.69 in chips) 
Seat 3: Manifestorr ($113 in chips) 
Seat 4: Trajita ($100 in chips) 
Seat 6: CashfishT ($100 in chips) 
G.Andrei95: posts small blind $0.50
derek5858: posts big blind $1
*** HOLE CARDS ***
Manifestorr: folds 
Trajita: folds 
CashfishT: folds 
G.Andrei95: folds 
Uncalled bet ($0.50) returned to derek5858
derek5858 collected $1 from pot
*** SUMMARY ***
Total pot $1 | Rake $0 
Seat 5: ninho1998
Seat 1: G.Andrei95 (small blind) folded before Flop
Seat 2: derek5858 (big blind) collected ($1)
Seat 3: Manifestorr folded before Flop (didn't bet)
Seat 4: Trajita folded before Flop (didn't bet)
Seat 6: CashfishT (button) folded before Flop (didn't bet)



PokerStars Hand #254683231476:  Hold'em No Limit ($0.50/$1.00 USD) - 2025/02/03 4:24:22 WET [2025/02/02 23:24:22 ET]
Table 'Asplinda' 6-max Seat #1 is the button
Seat 5: ninho1998 ($0 in chips) is sitting out
Seat 1: G.Andrei95 ($100 in chips) 
Seat 2: derek5858 ($237.19 in chips) 
Seat 3: Manifestorr ($113 in chips) 
Seat 4: Trajita ($100 in chips) 
Seat 6: CashfishT ($100 in chips) 
derek5858: posts small blind $0.50
Manifestorr: posts big blind $1
*** HOLE CARDS ***
Trajita: folds 
CashfishT: folds 
G.Andrei95: folds 
derek5858: folds 
Uncalled bet ($0.50) returned to Manifestorr
Manifestorr collected $1 from pot
*** SUMMARY ***
Total pot $1 | Rake $0 
Seat 5: ninho1998
Seat 1: G.Andrei95 (button) folded before Flop (didn't bet)
Seat 2: derek5858 (small blind) folded before Flop
Seat 3: Manifestorr (big blind) collected ($1)
Seat 4: Trajita folded before Flop (didn't bet)
Seat 6: CashfishT folded before Flop (didn't bet)



PokerStars Hand #254683232578:  Hold'em No Limit ($0.50/$1.00 USD) - 2025/02/03 4:24:33 WET [2025/02/02 23:24:33 ET]
Table 'Asplinda' 6-max Seat #2 is the button
Seat 4: Trajita ($100 in chips) is sitting out
Seat 5: ninho1998 ($0 in chips) is sitting out
Seat 1: G.Andrei95 ($100 in chips) 
Seat 2: derek5858 ($236.69 in chips) 
Seat 3: Manifestorr ($113.50 in chips) 
Seat 6: CashfishT ($100 in chips) 
Manifestorr: posts small blind $0.50
Trajita: is sitting out 
CashfishT: posts big blind $1
*** HOLE CARDS ***
G.Andrei95: folds 
derek5858: folds 
Manifestorr: folds 
Uncalled bet ($0.50) returned to CashfishT
Trajita leaves the table
CashfishT collected $1 from pot
CashfishT: doesn't show hand 
*** SUMMARY ***
Total pot $1 | Rake $0 
Seat 4: Trajita
Seat 5: ninho1998
Seat 1: G.Andrei95 folded before Flop (didn't bet)
Seat 2: derek5858 (button) folded before Flop (didn't bet)
Seat 3: Manifestorr (small blind) folded before Flop
Seat 6: CashfishT (big blind) collected ($1)



PokerStars Hand #254683234018:  Hold'em No Limit ($0.50/$1.00 USD) - 2025/02/03 4:24:49 WET [2025/02/02 23:24:49 ET]
Table 'Asplinda' 6-max Seat #3 is the button
Seat 1: G.Andrei95 ($100 in chips) is sitting out
Seat 5: ninho1998 ($0 in chips) is sitting out
Seat 2: derek5858 ($236.69 in chips) 
Seat 3: Manifestorr ($113 in chips) 
Seat 6: CashfishT ($100.50 in chips) 
CashfishT: posts small blind $0.50
G.Andrei95: is sitting out 
derek5858: posts big blind $1
*** HOLE CARDS ***
G.Andrei95 leaves the table
Manifestorr: raises $1.20 to $2.20
CashfishT: folds 
derek5858: folds 
Uncalled bet ($1.20) returned to Manifestorr
Manifestorr collected $2.50 from pot
*** SUMMARY ***
Total pot $2.50 | Rake $0 
Seat 1: G.Andrei95
Seat 5: ninho1998
Seat 2: derek5858 (big blind) folded before Flop
Seat 3: Manifestorr (button) collected ($2.50)
Seat 6: CashfishT (small blind) folded before Flop



PokerStars Hand #254683235062:  Hold'em No Limit ($0.50/$1.00 USD) - 2025/02/03 4:25:00 WET [2025/02/02 23:25:00 ET]
Table 'Asplinda' 6-max Seat #6 is the button
Seat 5: ninho1998 ($0 in chips) is sitting out
Seat 2: derek5858 ($235.69 in chips) 
Seat 3: Manifestorr ($114.50 in chips) 
Seat 6: CashfishT ($100 in chips) 
derek5858: posts small blind $0.50
Manifestorr: posts big blind $1
*** HOLE CARDS ***
CashfishT: raises $1.20 to $2.20
derek5858: folds 
Manifestorr: folds 
Uncalled bet ($1.20) returned to CashfishT
CashfishT collected $2.50 from pot
CashfishT: doesn't show hand 
*** SUMMARY ***
Total pot $2.50 | Rake $0 
Seat 5: ninho1998
Seat 2: derek5858 (small blind) folded before Flop
Seat 3: Manifestorr (big blind) folded before Flop
Seat 6: CashfishT (button) collected ($2.50)



PokerStars Hand #254683236882:  Hold'em No Limit ($0.50/$1.00 USD) - 2025/02/03 4:25:20 WET [2025/02/02 23:25:20 ET]
Table 'Asplinda' 6-max Seat #2 is the button
Seat 5: ninho1998 ($0 in chips) is sitting out
Seat 2: derek5858 ($235.19 in chips) 
Seat 3: Manifestorr ($113.50 in chips) 
Seat 6: CashfishT ($101.50 in chips) 
Manifestorr: posts small blind $0.50
CashfishT: posts big blind $1
*** HOLE CARDS ***
derek5858: raises $1.50 to $2.50
Manifestorr: folds 
CashfishT: folds 
Uncalled bet ($1.50) returned to derek5858
derek5858 collected $2.50 from pot
*** SUMMARY ***
Total pot $2.50 | Rake $0 
Seat 5: ninho1998
Seat 2: derek5858 (button) collected ($2.50)
Seat 3: Manifestorr (small blind) folded before Flop
Seat 6: CashfishT (big blind) folded before Flop



PokerStars Hand #254683237922:  Hold'em No Limit ($0.50/$1.00 USD) - 2025/02/03 4:25:31 WET [2025/02/02 23:25:31 ET]
Table 'Asplinda' 6-max Seat #6 is the button
Seat 2: derek5858 ($236.69 in chips) is sitting out
Seat 5: ninho1998 ($0 in chips) is sitting out
Seat 3: Manifestorr ($113 in chips) 
Seat 6: CashfishT ($100.50 in chips) 
CashfishT: posts small blind $0.50
derek5858: is sitting out 
Manifestorr: posts big blind $1
*** HOLE CARDS ***
derek5858 leaves the table
CashfishT: raises $1.20 to $2.20
Manifestorr: folds 
Uncalled bet ($1.20) returned to CashfishT
CashfishT collected $2 from pot
CashfishT: doesn't show hand 
*** SUMMARY ***
Total pot $2 | Rake $0 
Seat 2: derek5858
Seat 5: ninho1998
Seat 3: Manifestorr (big blind) folded before Flop
Seat 6: CashfishT (button) (small blind) collected ($2)



