PokerStars Hand #254685388754:  Hold'em No Limit ($0.50/$1.00 USD) - 2025/02/03 11:36:06 WET [2025/02/03 6:36:06 ET]
Table 'Lehigh' 6-max Seat #6 is the button
Seat 1: NoonTime1991 ($103 in chips) 
Seat 2: b2k-Snick ($103 in chips) 
Seat 3: Burlica2013 ($100 in chips) 
Seat 4: Spac396 ($104.85 in chips) 
Seat 5: himqa ($102.50 in chips) 
Seat 6: Consig|iori ($100 in chips) 
NoonTime1991: posts small blind $0.50
b2k-Snick: posts big blind $1
*** HOLE CARDS ***
Burlica2013: folds 
Spac396: folds 
himqa: folds 
Consig|iori: folds 
NoonTime1991: folds 
Uncalled bet ($0.50) returned to b2k-Snick
b2k-Snick collected $1 from pot
b2k-Snick: doesn't show hand 
*** SUMMARY ***
Total pot $1 | Rake $0 
Seat 1: NoonTime1991 (small blind) folded before Flop
Seat 2: b2k-Snick (big blind) collected ($1)
Seat 3: Burlica2013 folded before Flop (didn't bet)
Seat 4: Spac396 folded before Flop (didn't bet)
Seat 5: himqa folded before Flop (didn't bet)
Seat 6: Consig|iori (button) folded before Flop (didn't bet)



PokerStars Hand #254685392349:  Hold'em No Limit ($0.50/$1.00 USD) - 2025/02/03 11:36:35 WET [2025/02/03 6:36:35 ET]
Table 'Lehigh' 6-max Seat #1 is the button
Seat 1: NoonTime1991 ($102.50 in chips) 
Seat 2: b2k-Snick ($103.50 in chips) 
Seat 3: Burlica2013 ($100 in chips) 
Seat 4: Spac396 ($104.85 in chips) 
Seat 5: himqa ($102.50 in chips) 
Seat 6: Consig|iori ($100 in chips) 
b2k-Snick: posts small blind $0.50
Burlica2013: posts big blind $1
*** HOLE CARDS ***
Spac396: calls $1
himqa: folds 
Consig|iori: folds 
NoonTime1991: folds 
b2k-Snick: folds 
Burlica2013: checks 
*** FLOP *** [2c 3d Qs]
Burlica2013: checks 
Spac396: checks 
*** TURN *** [2c 3d Qs] [Ad]
Burlica2013: bets $1.19
Spac396: calls $1.19
*** RIVER *** [2c 3d Qs Ad] [9c]
Burlica2013: bets $3.48
Spac396: raises $7.48 to $10.96
Burlica2013: folds 
Uncalled bet ($7.48) returned to Spac396
Spac396 collected $11.25 from pot
*** SUMMARY ***
Total pot $11.84 | Rake $0.59 
Board [2c 3d Qs Ad 9c]
Seat 1: NoonTime1991 (button) folded before Flop (didn't bet)
Seat 2: b2k-Snick (small blind) folded before Flop
Seat 3: Burlica2013 (big blind) folded on the River
Seat 4: Spac396 collected ($11.25)
Seat 5: himqa folded before Flop (didn't bet)
Seat 6: Consig|iori folded before Flop (didn't bet)



PokerStars Hand #254685398686:  Hold'em No Limit ($0.50/$1.00 USD) - 2025/02/03 11:37:25 WET [2025/02/03 6:37:25 ET]
Table 'Lehigh' 6-max Seat #2 is the button
Seat 1: NoonTime1991 ($102.50 in chips) 
Seat 2: b2k-Snick ($103 in chips) 
Seat 3: Burlica2013 ($100 in chips) 
Seat 4: Spac396 ($110.43 in chips) 
Seat 5: himqa ($102.50 in chips) 
Seat 6: Consig|iori ($100 in chips) 
Burlica2013: posts small blind $0.50
Spac396: posts big blind $1
*** HOLE CARDS ***
himqa: folds 
Consig|iori: folds 
NoonTime1991: folds 
b2k-Snick: raises $1.50 to $2.50
Burlica2013: folds 
Spac396: calls $1.50
*** FLOP *** [8d 3d 5h]
Spac396: checks 
b2k-Snick: bets $3.50
Spac396: calls $3.50
*** TURN *** [8d 3d 5h] [2d]
Spac396: checks 
b2k-Snick: checks 
*** RIVER *** [8d 3d 5h 2d] [As]
Spac396: bets $10
b2k-Snick: folds 
Uncalled bet ($10) returned to Spac396
Spac396 collected $11.88 from pot
*** SUMMARY ***
Total pot $12.50 | Rake $0.62 
Board [8d 3d 5h 2d As]
Seat 1: NoonTime1991 folded before Flop (didn't bet)
Seat 2: b2k-Snick (button) folded on the River
Seat 3: Burlica2013 (small blind) folded before Flop
Seat 4: Spac396 (big blind) collected ($11.88)
Seat 5: himqa folded before Flop (didn't bet)
Seat 6: Consig|iori folded before Flop (didn't bet)



PokerStars Hand #254685421231:  Hold'em No Limit ($0.50/$1.00 USD) - 2025/02/03 11:40:22 WET [2025/02/03 6:40:22 ET]
Table 'Lehigh' 6-max Seat #5 is the button
Seat 1: NoonTime1991 ($100.50 in chips) 
Seat 2: b2k-Snick ($109.20 in chips) 
Seat 3: Burlica2013 ($101.50 in chips) 
Seat 4: Spac396 ($110.31 in chips) 
Seat 5: himqa ($100 in chips) 
Seat 6: Consig|iori ($100 in chips) 
Consig|iori: posts small blind $0.50
NoonTime1991: posts big blind $1
*** HOLE CARDS ***
b2k-Snick: raises $1.10 to $2.10
Burlica2013: folds 
Spac396: calls $2.10
himqa: folds 
Consig|iori: raises $7.90 to $10
NoonTime1991: folds 
b2k-Snick: raises $13 to $23
Spac396: folds 
Consig|iori: calls $13
*** FLOP *** [Kh 8d 6c]
Consig|iori: checks 
b2k-Snick: checks 
*** TURN *** [Kh 8d 6c] [Qc]
Consig|iori: checks 
b2k-Snick: checks 
*** RIVER *** [Kh 8d 6c Qc] [Ks]
Consig|iori: bets $9.50
b2k-Snick: raises $76.70 to $86.20 and is all-in
Consig|iori has timed out
Consig|iori: folds 
Uncalled bet ($76.70) returned to b2k-Snick
b2k-Snick collected $65.60 from pot
b2k-Snick: doesn't show hand 
*** SUMMARY ***
Total pot $68.10 | Rake $2.50 
Board [Kh 8d 6c Qc Ks]
Seat 1: NoonTime1991 (big blind) folded before Flop
Seat 2: b2k-Snick collected ($65.60)
Seat 3: Burlica2013 folded before Flop (didn't bet)
Seat 4: Spac396 folded before Flop
Seat 5: himqa (button) folded before Flop (didn't bet)
Seat 6: Consig|iori (small blind) folded on the River



PokerStars Hand #254685440948:  Hold'em No Limit ($0.50/$1.00 USD) - 2025/02/03 11:42:56 WET [2025/02/03 6:42:56 ET]
Table 'Lehigh' 6-max Seat #6 is the button
Seat 1: NoonTime1991 ($100 in chips) 
Seat 2: b2k-Snick ($142.30 in chips) 
Seat 3: Burlica2013 ($101.50 in chips) 
Seat 4: Spac396 ($108.21 in chips) 
Seat 5: himqa ($100 in chips) 
Seat 6: Consig|iori ($100 in chips) 
NoonTime1991: posts small blind $0.50
b2k-Snick: posts big blind $1
*** HOLE CARDS ***
Burlica2013: raises $1.20 to $2.20
Spac396: calls $2.20
himqa: folds 
Consig|iori: folds 
NoonTime1991: folds 
b2k-Snick: folds 
*** FLOP *** [Jc 7h Tc]
Burlica2013: bets $1.85
Spac396: calls $1.85
*** TURN *** [Jc 7h Tc] [2c]
Burlica2013: checks 
Spac396: bets $2
Burlica2013: calls $2
*** RIVER *** [Jc 7h Tc 2c] [5c]
Burlica2013: checks 
Spac396: checks 
*** SHOW DOWN ***
Burlica2013: shows [Kd Ac] (a flush, Ace high)
Spac396: mucks hand 
Burlica2013 collected $12.92 from pot
*** SUMMARY ***
Total pot $13.60 | Rake $0.68 
Board [Jc 7h Tc 2c 5c]
Seat 1: NoonTime1991 (small blind) folded before Flop
Seat 2: b2k-Snick (big blind) folded before Flop
Seat 3: Burlica2013 showed [Kd Ac] and won ($12.92) with a flush, Ace high
Seat 4: Spac396 mucked
Seat 5: himqa folded before Flop (didn't bet)
Seat 6: Consig|iori (button) folded before Flop (didn't bet)



PokerStars Hand #254685449357:  Hold'em No Limit ($0.50/$1.00 USD) - 2025/02/03 11:44:01 WET [2025/02/03 6:44:01 ET]
Table 'Lehigh' 6-max Seat #1 is the button
Seat 1: NoonTime1991 ($100 in chips) 
Seat 2: b2k-Snick ($141.30 in chips) 
Seat 3: Burlica2013 ($108.37 in chips) 
Seat 4: Spac396 ($102.16 in chips) 
Seat 5: himqa ($100 in chips) 
Seat 6: Consig|iori ($100 in chips) 
b2k-Snick: posts small blind $0.50
Burlica2013: posts big blind $1
*** HOLE CARDS ***
Spac396: calls $1
himqa: folds 
Consig|iori: folds 
NoonTime1991: folds 
b2k-Snick: raises $4 to $5
Burlica2013: folds 
Spac396: calls $4
*** FLOP *** [5s 7d 9h]
b2k-Snick: checks 
Spac396: checks 
*** TURN *** [5s 7d 9h] [Qc]
b2k-Snick: checks 
Spac396: checks 
*** RIVER *** [5s 7d 9h Qc] [Jh]
b2k-Snick: checks 
Spac396: checks 
*** SHOW DOWN ***
b2k-Snick: shows [6s 6h] (a pair of Sixes)
Spac396: mucks hand 
b2k-Snick collected $10.45 from pot
*** SUMMARY ***
Total pot $11 | Rake $0.55 
Board [5s 7d 9h Qc Jh]
Seat 1: NoonTime1991 (button) folded before Flop (didn't bet)
Seat 2: b2k-Snick (small blind) showed [6s 6h] and won ($10.45) with a pair of Sixes
Seat 3: Burlica2013 (big blind) folded before Flop
Seat 4: Spac396 mucked
Seat 5: himqa folded before Flop (didn't bet)
Seat 6: Consig|iori folded before Flop (didn't bet)



PokerStars Hand #254685455888:  Hold'em No Limit ($0.50/$1.00 USD) - 2025/02/03 11:44:52 WET [2025/02/03 6:44:52 ET]
Table 'Lehigh' 6-max Seat #2 is the button
Seat 1: NoonTime1991 ($100 in chips) 
Seat 2: b2k-Snick ($146.75 in chips) 
Seat 3: Burlica2013 ($107.37 in chips) 
Seat 4: Spac396 ($97.16 in chips) 
Seat 5: himqa ($100 in chips) 
Seat 6: Consig|iori ($100 in chips) 
Burlica2013: posts small blind $0.50
Spac396: posts big blind $1
*** HOLE CARDS ***
himqa: raises $1.50 to $2.50
Consig|iori: folds 
NoonTime1991: folds 
b2k-Snick: folds 
Burlica2013: folds 
Spac396: calls $1.50
*** FLOP *** [5h Kd 2c]
Spac396: checks 
himqa: bets $1.72
Spac396: calls $1.72
*** TURN *** [5h Kd 2c] [5s]
Spac396: checks 
himqa: checks 
*** RIVER *** [5h Kd 2c 5s] [7d]
Spac396: bets $3
himqa: calls $3
*** SHOW DOWN ***
Spac396: shows [As Th] (a pair of Fives)
himqa: shows [Jc Jd] (two pair, Jacks and Fives)
himqa collected $14.19 from pot
*** SUMMARY ***
Total pot $14.94 | Rake $0.75 
Board [5h Kd 2c 5s 7d]
Seat 1: NoonTime1991 folded before Flop (didn't bet)
Seat 2: b2k-Snick (button) folded before Flop (didn't bet)
Seat 3: Burlica2013 (small blind) folded before Flop
Seat 4: Spac396 (big blind) showed [As Th] and lost with a pair of Fives
Seat 5: himqa showed [Jc Jd] and won ($14.19) with two pair, Jacks and Fives
Seat 6: Consig|iori folded before Flop (didn't bet)



PokerStars Hand #254685462792:  Hold'em No Limit ($0.50/$1.00 USD) - 2025/02/03 11:45:48 WET [2025/02/03 6:45:48 ET]
Table 'Lehigh' 6-max Seat #3 is the button
Seat 1: NoonTime1991 ($100 in chips) 
Seat 2: b2k-Snick ($146.75 in chips) 
Seat 3: Burlica2013 ($106.87 in chips) 
Seat 4: Spac396 ($89.94 in chips) 
Seat 5: himqa ($106.97 in chips) 
Seat 6: Consig|iori ($100 in chips) 
Spac396: posts small blind $0.50
himqa: posts big blind $1
*** HOLE CARDS ***
Consig|iori: folds 
NoonTime1991: folds 
b2k-Snick: folds 
Burlica2013: raises $1.45 to $2.45
Spac396: calls $1.95
himqa: folds 
*** FLOP *** [Th Tc Ks]
Spac396: checks 
Burlica2013: bets $1.85
Spac396: calls $1.85
*** TURN *** [Th Tc Ks] [4s]
Spac396: checks 
Burlica2013: bets $6.84
Spac396: calls $6.84
*** RIVER *** [Th Tc Ks 4s] [9h]
Spac396: bets $1
Burlica2013: calls $1
*** SHOW DOWN ***
Spac396: shows [Kc 5c] (two pair, Kings and Tens)
Burlica2013: mucks hand 
Spac396 collected $24.02 from pot
*** SUMMARY ***
Total pot $25.28 | Rake $1.26 
Board [Th Tc Ks 4s 9h]
Seat 1: NoonTime1991 folded before Flop (didn't bet)
Seat 2: b2k-Snick folded before Flop (didn't bet)
Seat 3: Burlica2013 (button) mucked
Seat 4: Spac396 (small blind) showed [Kc 5c] and won ($24.02) with two pair, Kings and Tens
Seat 5: himqa (big blind) folded before Flop
Seat 6: Consig|iori folded before Flop (didn't bet)



PokerStars Hand #254685467127:  Hold'em No Limit ($0.50/$1.00 USD) - 2025/02/03 11:46:22 WET [2025/02/03 6:46:22 ET]
Table 'Lehigh' 6-max Seat #4 is the button
Seat 1: NoonTime1991 ($100 in chips) 
Seat 2: b2k-Snick ($146.75 in chips) 
Seat 3: Burlica2013 ($100 in chips) 
Seat 4: Spac396 ($101.82 in chips) 
Seat 5: himqa ($105.97 in chips) 
Seat 6: Consig|iori ($100 in chips) 
himqa: posts small blind $0.50
Consig|iori: posts big blind $1
*** HOLE CARDS ***
NoonTime1991: folds 
b2k-Snick: folds 
Burlica2013: folds 
Spac396: folds 
himqa: folds 
Uncalled bet ($0.50) returned to Consig|iori
Consig|iori collected $1 from pot
Consig|iori: doesn't show hand 
*** SUMMARY ***
Total pot $1 | Rake $0 
Seat 1: NoonTime1991 folded before Flop (didn't bet)
Seat 2: b2k-Snick folded before Flop (didn't bet)
Seat 3: Burlica2013 folded before Flop (didn't bet)
Seat 4: Spac396 (button) folded before Flop (didn't bet)
Seat 5: himqa (small blind) folded before Flop
Seat 6: Consig|iori (big blind) collected ($1)



PokerStars Hand #254685468403:  Hold'em No Limit ($0.50/$1.00 USD) - 2025/02/03 11:46:32 WET [2025/02/03 6:46:32 ET]
Table 'Lehigh' 6-max Seat #5 is the button
Seat 1: NoonTime1991 ($100 in chips) 
Seat 2: b2k-Snick ($146.75 in chips) 
Seat 3: Burlica2013 ($100 in chips) 
Seat 4: Spac396 ($101.82 in chips) 
Seat 5: himqa ($105.47 in chips) 
Seat 6: Consig|iori ($100.50 in chips) 
Consig|iori: posts small blind $0.50
NoonTime1991: posts big blind $1
*** HOLE CARDS ***
b2k-Snick: folds 
Burlica2013: folds 
Spac396: folds 
himqa: folds 
Consig|iori: folds 
Uncalled bet ($0.50) returned to NoonTime1991
NoonTime1991 collected $1 from pot
NoonTime1991: doesn't show hand 
*** SUMMARY ***
Total pot $1 | Rake $0 
Seat 1: NoonTime1991 (big blind) collected ($1)
Seat 2: b2k-Snick folded before Flop (didn't bet)
Seat 3: Burlica2013 folded before Flop (didn't bet)
Seat 4: Spac396 folded before Flop (didn't bet)
Seat 5: himqa (button) folded before Flop (didn't bet)
Seat 6: Consig|iori (small blind) folded before Flop



PokerStars Hand #254685470552:  Hold'em No Limit ($0.50/$1.00 USD) - 2025/02/03 11:46:49 WET [2025/02/03 6:46:49 ET]
Table 'Lehigh' 6-max Seat #6 is the button
Seat 1: NoonTime1991 ($100.50 in chips) 
Seat 2: b2k-Snick ($146.75 in chips) 
Seat 3: Burlica2013 ($100 in chips) 
Seat 4: Spac396 ($101.82 in chips) 
Seat 5: himqa ($105.47 in chips) 
Seat 6: Consig|iori ($100 in chips) 
NoonTime1991: posts small blind $0.50
b2k-Snick: posts big blind $1
*** HOLE CARDS ***
Burlica2013: raises $1.20 to $2.20
Spac396: calls $2.20
himqa: folds 
Consig|iori: folds 
NoonTime1991: folds 
b2k-Snick: folds 
*** FLOP *** [8d Jc Js]
Burlica2013: checks 
Spac396: checks 
*** TURN *** [8d Jc Js] [2c]
Burlica2013: checks 
Spac396: checks 
*** RIVER *** [8d Jc Js 2c] [4h]
Burlica2013: bets $1.85
Spac396: folds 
Uncalled bet ($1.85) returned to Burlica2013
Burlica2013 collected $5.60 from pot
Burlica2013: doesn't show hand 
*** SUMMARY ***
Total pot $5.90 | Rake $0.30 
Board [8d Jc Js 2c 4h]
Seat 1: NoonTime1991 (small blind) folded before Flop
Seat 2: b2k-Snick (big blind) folded before Flop
Seat 3: Burlica2013 collected ($5.60)
Seat 4: Spac396 folded on the River
Seat 5: himqa folded before Flop (didn't bet)
Seat 6: Consig|iori (button) folded before Flop (didn't bet)



PokerStars Hand #254685475476:  Hold'em No Limit ($0.50/$1.00 USD) - 2025/02/03 11:47:28 WET [2025/02/03 6:47:28 ET]
Table 'Lehigh' 6-max Seat #1 is the button
Seat 1: NoonTime1991 ($100 in chips) 
Seat 2: b2k-Snick ($145.75 in chips) 
Seat 3: Burlica2013 ($103.40 in chips) 
Seat 4: Spac396 ($99.62 in chips) 
Seat 5: himqa ($105.47 in chips) 
Seat 6: Consig|iori ($100 in chips) 
b2k-Snick: posts small blind $0.50
Burlica2013: posts big blind $1
*** HOLE CARDS ***
Spac396: folds 
himqa: folds 
Consig|iori: folds 
NoonTime1991: folds 
b2k-Snick: raises $2 to $3
Burlica2013: raises $6 to $9
b2k-Snick: folds 
Uncalled bet ($6) returned to Burlica2013
Burlica2013 collected $6 from pot
Burlica2013: doesn't show hand 
*** SUMMARY ***
Total pot $6 | Rake $0 
Seat 1: NoonTime1991 (button) folded before Flop (didn't bet)
Seat 2: b2k-Snick (small blind) folded before Flop
Seat 3: Burlica2013 (big blind) collected ($6)
Seat 4: Spac396 folded before Flop (didn't bet)
Seat 5: himqa folded before Flop (didn't bet)
Seat 6: Consig|iori folded before Flop (didn't bet)



PokerStars Hand #254685478498:  Hold'em No Limit ($0.50/$1.00 USD) - 2025/02/03 11:47:52 WET [2025/02/03 6:47:52 ET]
Table 'Lehigh' 6-max Seat #2 is the button
Seat 1: NoonTime1991 ($100 in chips) 
Seat 2: b2k-Snick ($142.75 in chips) 
Seat 3: Burlica2013 ($106.40 in chips) 
Seat 4: Spac396 ($99.62 in chips) 
Seat 5: himqa ($105.47 in chips) 
Seat 6: Consig|iori ($100 in chips) 
Burlica2013: posts small blind $0.50
Spac396: posts big blind $1
*** HOLE CARDS ***
himqa: folds 
Consig|iori: folds 
NoonTime1991: folds 
b2k-Snick: raises $1.50 to $2.50
Burlica2013: raises $9.50 to $12
Spac396: folds 
b2k-Snick: folds 
Uncalled bet ($9.50) returned to Burlica2013
Burlica2013 collected $6 from pot
Burlica2013: doesn't show hand 
*** SUMMARY ***
Total pot $6 | Rake $0 
Seat 1: NoonTime1991 folded before Flop (didn't bet)
Seat 2: b2k-Snick (button) folded before Flop
Seat 3: Burlica2013 (small blind) collected ($6)
Seat 4: Spac396 (big blind) folded before Flop
Seat 5: himqa folded before Flop (didn't bet)
Seat 6: Consig|iori folded before Flop (didn't bet)



PokerStars Hand #254685482614:  Hold'em No Limit ($0.50/$1.00 USD) - 2025/02/03 11:48:24 WET [2025/02/03 6:48:24 ET]
Table 'Lehigh' 6-max Seat #3 is the button
Seat 1: NoonTime1991 ($100 in chips) 
Seat 2: b2k-Snick ($140.25 in chips) 
Seat 3: Burlica2013 ($109.90 in chips) 
Seat 4: Spac396 ($98.62 in chips) 
Seat 5: himqa ($105.47 in chips) 
Seat 6: Consig|iori ($100 in chips) 
Spac396: posts small blind $0.50
himqa: posts big blind $1
*** HOLE CARDS ***
Consig|iori: folds 
NoonTime1991: folds 
b2k-Snick: raises $1.50 to $2.50
Burlica2013: folds 
Spac396: calls $2
himqa: folds 
*** FLOP *** [6c 4s 6d]
Spac396: checks 
b2k-Snick: bets $2.51
Spac396: calls $2.51
*** TURN *** [6c 4s 6d] [3d]
Spac396: checks 
b2k-Snick: checks 
*** RIVER *** [6c 4s 6d 3d] [9c]
Spac396: checks 
b2k-Snick: checks 
*** SHOW DOWN ***
Spac396: shows [Kc 8d] (a pair of Sixes)
b2k-Snick: shows [Kh As] (a pair of Sixes - Ace kicker)
b2k-Snick collected $10.47 from pot
*** SUMMARY ***
Total pot $11.02 | Rake $0.55 
Board [6c 4s 6d 3d 9c]
Seat 1: NoonTime1991 folded before Flop (didn't bet)
Seat 2: b2k-Snick showed [Kh As] and won ($10.47) with a pair of Sixes
Seat 3: Burlica2013 (button) folded before Flop (didn't bet)
Seat 4: Spac396 (small blind) showed [Kc 8d] and lost with a pair of Sixes
Seat 5: himqa (big blind) folded before Flop
Seat 6: Consig|iori folded before Flop (didn't bet)



PokerStars Hand #254685489723:  Hold'em No Limit ($0.50/$1.00 USD) - 2025/02/03 11:49:19 WET [2025/02/03 6:49:19 ET]
Table 'Lehigh' 6-max Seat #4 is the button
Seat 1: NoonTime1991 ($100 in chips) 
Seat 2: b2k-Snick ($145.71 in chips) 
Seat 3: Burlica2013 ($109.90 in chips) 
Seat 4: Spac396 ($93.61 in chips) 
Seat 5: himqa ($104.47 in chips) 
Seat 6: Consig|iori ($100 in chips) 
himqa: posts small blind $0.50
Consig|iori: posts big blind $1
*** HOLE CARDS ***
NoonTime1991: folds 
b2k-Snick: folds 
Burlica2013: folds 
Spac396: calls $1
himqa: raises $4 to $5
Consig|iori: calls $4
Spac396: calls $4
*** FLOP *** [4d Qs Ah]
himqa: bets $4.70
Consig|iori: folds 
Spac396: calls $4.70
*** TURN *** [4d Qs Ah] [Kh]
himqa: checks 
Spac396: checks 
*** RIVER *** [4d Qs Ah Kh] [3d]
himqa: checks 
Spac396: checks 
*** SHOW DOWN ***
himqa: shows [Jc Kd] (a pair of Kings)
Spac396: shows [Ac 6c] (a pair of Aces)
Spac396 collected $23.18 from pot
*** SUMMARY ***
Total pot $24.40 | Rake $1.22 
Board [4d Qs Ah Kh 3d]
Seat 1: NoonTime1991 folded before Flop (didn't bet)
Seat 2: b2k-Snick folded before Flop (didn't bet)
Seat 3: Burlica2013 folded before Flop (didn't bet)
Seat 4: Spac396 (button) showed [Ac 6c] and won ($23.18) with a pair of Aces
Seat 5: himqa (small blind) showed [Jc Kd] and lost with a pair of Kings
Seat 6: Consig|iori (big blind) folded on the Flop



PokerStars Hand #254685498434:  Hold'em No Limit ($0.50/$1.00 USD) - 2025/02/03 11:50:27 WET [2025/02/03 6:50:27 ET]
Table 'Lehigh' 6-max Seat #5 is the button
Seat 1: NoonTime1991 ($100 in chips) 
Seat 2: b2k-Snick ($145.71 in chips) 
Seat 3: Burlica2013 ($109.90 in chips) 
Seat 4: Spac396 ($107.09 in chips) 
Seat 5: himqa ($100 in chips) 
Seat 6: Consig|iori ($100 in chips) 
Consig|iori: posts small blind $0.50
NoonTime1991: posts big blind $1
*** HOLE CARDS ***
b2k-Snick: raises $1.10 to $2.10
Burlica2013: folds 
Spac396: calls $2.10
himqa: raises $7.80 to $9.90
Consig|iori: folds 
NoonTime1991: folds 
b2k-Snick: folds 
Spac396: calls $7.80
*** FLOP *** [Qh Ac 6s]
Spac396: checks 
himqa: bets $7.34
Spac396: folds 
Uncalled bet ($7.34) returned to himqa
himqa collected $22.23 from pot
himqa: doesn't show hand 
*** SUMMARY ***
Total pot $23.40 | Rake $1.17 
Board [Qh Ac 6s]
Seat 1: NoonTime1991 (big blind) folded before Flop
Seat 2: b2k-Snick folded before Flop
Seat 3: Burlica2013 folded before Flop (didn't bet)
Seat 4: Spac396 folded on the Flop
Seat 5: himqa (button) collected ($22.23)
Seat 6: Consig|iori (small blind) folded before Flop



PokerStars Hand #254685502295:  Hold'em No Limit ($0.50/$1.00 USD) - 2025/02/03 11:50:58 WET [2025/02/03 6:50:58 ET]
Table 'Lehigh' 6-max Seat #6 is the button
Seat 1: NoonTime1991 ($100 in chips) 
Seat 2: b2k-Snick ($143.61 in chips) 
Seat 3: Burlica2013 ($109.90 in chips) 
Seat 4: Spac396 ($97.19 in chips) 
Seat 5: himqa ($112.33 in chips) 
Seat 6: Consig|iori ($100 in chips) 
NoonTime1991: posts small blind $0.50
b2k-Snick: posts big blind $1
*** HOLE CARDS ***
Burlica2013: folds 
Spac396: folds 
himqa: folds 
Consig|iori: folds 
NoonTime1991: folds 
Uncalled bet ($0.50) returned to b2k-Snick
b2k-Snick collected $1 from pot
b2k-Snick: doesn't show hand 
*** SUMMARY ***
Total pot $1 | Rake $0 
Seat 1: NoonTime1991 (small blind) folded before Flop
Seat 2: b2k-Snick (big blind) collected ($1)
Seat 3: Burlica2013 folded before Flop (didn't bet)
Seat 4: Spac396 folded before Flop (didn't bet)
Seat 5: himqa folded before Flop (didn't bet)
Seat 6: Consig|iori (button) folded before Flop (didn't bet)



PokerStars Hand #254685503656:  Hold'em No Limit ($0.50/$1.00 USD) - 2025/02/03 11:51:09 WET [2025/02/03 6:51:09 ET]
Table 'Lehigh' 6-max Seat #1 is the button
Seat 1: NoonTime1991 ($100 in chips) 
Seat 2: b2k-Snick ($144.11 in chips) 
Seat 3: Burlica2013 ($109.90 in chips) 
Seat 4: Spac396 ($100 in chips) 
Seat 5: himqa ($112.33 in chips) 
Seat 6: Consig|iori ($100 in chips) 
b2k-Snick: posts small blind $0.50
Burlica2013: posts big blind $1
*** HOLE CARDS ***
Spac396: calls $1
himqa: folds 
Consig|iori: folds 
NoonTime1991: folds 
b2k-Snick: raises $5 to $6
Burlica2013: folds 
Spac396: calls $5
*** FLOP *** [5d Jh Jc]
b2k-Snick: checks 
Spac396: checks 
*** TURN *** [5d Jh Jc] [8h]
b2k-Snick: checks 
Spac396: checks 
*** RIVER *** [5d Jh Jc 8h] [Kd]
b2k-Snick: checks 
Spac396: bets $16
b2k-Snick: folds 
Uncalled bet ($16) returned to Spac396
Spac396 collected $12.35 from pot
*** SUMMARY ***
Total pot $13 | Rake $0.65 
Board [5d Jh Jc 8h Kd]
Seat 1: NoonTime1991 (button) folded before Flop (didn't bet)
Seat 2: b2k-Snick (small blind) folded on the River
Seat 3: Burlica2013 (big blind) folded before Flop
Seat 4: Spac396 collected ($12.35)
Seat 5: himqa folded before Flop (didn't bet)
Seat 6: Consig|iori folded before Flop (didn't bet)



PokerStars Hand #254685510153:  Hold'em No Limit ($0.50/$1.00 USD) - 2025/02/03 11:51:59 WET [2025/02/03 6:51:59 ET]
Table 'Lehigh' 6-max Seat #2 is the button
Seat 1: NoonTime1991 ($100 in chips) 
Seat 2: b2k-Snick ($138.11 in chips) 
Seat 3: Burlica2013 ($108.90 in chips) 
Seat 4: Spac396 ($106.35 in chips) 
Seat 5: himqa ($112.33 in chips) 
Seat 6: Consig|iori ($100 in chips) 
Burlica2013: posts small blind $0.50
Spac396: posts big blind $1
*** HOLE CARDS ***
himqa: folds 
Consig|iori: folds 
NoonTime1991: folds 
b2k-Snick: raises $1.50 to $2.50
Burlica2013: folds 
Spac396: calls $1.50
*** FLOP *** [4s 5h 3d]
Spac396: checks 
b2k-Snick: checks 
*** TURN *** [4s 5h 3d] [Qc]
Spac396: checks 
b2k-Snick: checks 
*** RIVER *** [4s 5h 3d Qc] [9s]
Spac396: checks 
b2k-Snick: checks 
*** SHOW DOWN ***
Spac396: shows [Jc Kc] (high card King)
b2k-Snick: shows [Jd Ac] (high card Ace)
b2k-Snick collected $5.22 from pot
*** SUMMARY ***
Total pot $5.50 | Rake $0.28 
Board [4s 5h 3d Qc 9s]
Seat 1: NoonTime1991 folded before Flop (didn't bet)
Seat 2: b2k-Snick (button) showed [Jd Ac] and won ($5.22) with high card Ace
Seat 3: Burlica2013 (small blind) folded before Flop
Seat 4: Spac396 (big blind) showed [Jc Kc] and lost with high card King
Seat 5: himqa folded before Flop (didn't bet)
Seat 6: Consig|iori folded before Flop (didn't bet)



PokerStars Hand #254685513551:  Hold'em No Limit ($0.50/$1.00 USD) - 2025/02/03 11:52:26 WET [2025/02/03 6:52:26 ET]
Table 'Lehigh' 6-max Seat #3 is the button
Seat 1: NoonTime1991 ($100 in chips) 
Seat 2: b2k-Snick ($140.83 in chips) 
Seat 3: Burlica2013 ($108.40 in chips) 
Seat 4: Spac396 ($103.85 in chips) 
Seat 5: himqa ($112.33 in chips) 
Seat 6: Consig|iori ($100 in chips) 
Spac396: posts small blind $0.50
himqa: posts big blind $1
*** HOLE CARDS ***
Consig|iori: folds 
NoonTime1991: raises $1 to $2
b2k-Snick: folds 
Burlica2013: folds 
Spac396: calls $1.50
himqa: folds 
*** FLOP *** [7s Ad 6d]
Spac396: checks 
NoonTime1991: bets $2.38
Spac396: calls $2.38
*** TURN *** [7s Ad 6d] [Kc]
Spac396: checks 
NoonTime1991: bets $6.12
Spac396: folds 
Uncalled bet ($6.12) returned to NoonTime1991
NoonTime1991 collected $9.27 from pot
NoonTime1991: doesn't show hand 
*** SUMMARY ***
Total pot $9.76 | Rake $0.49 
Board [7s Ad 6d Kc]
Seat 1: NoonTime1991 collected ($9.27)
Seat 2: b2k-Snick folded before Flop (didn't bet)
Seat 3: Burlica2013 (button) folded before Flop (didn't bet)
Seat 4: Spac396 (small blind) folded on the Turn
Seat 5: himqa (big blind) folded before Flop
Seat 6: Consig|iori folded before Flop (didn't bet)



PokerStars Hand #254685519266:  Hold'em No Limit ($0.50/$1.00 USD) - 2025/02/03 11:53:12 WET [2025/02/03 6:53:12 ET]
Table 'Lehigh' 6-max Seat #4 is the button
Seat 1: NoonTime1991 ($104.89 in chips) 
Seat 2: b2k-Snick ($140.83 in chips) 
Seat 3: Burlica2013 ($108.40 in chips) 
Seat 4: Spac396 ($99.47 in chips) 
Seat 5: himqa ($111.33 in chips) 
Seat 6: Consig|iori ($100 in chips) 
himqa: posts small blind $0.50
Consig|iori: posts big blind $1
*** HOLE CARDS ***
NoonTime1991: folds 
b2k-Snick: folds 
Burlica2013: raises $1.25 to $2.25
Spac396: folds 
himqa: folds 
Consig|iori: folds 
Uncalled bet ($1.25) returned to Burlica2013
Burlica2013 collected $2.50 from pot
Burlica2013: doesn't show hand 
*** SUMMARY ***
Total pot $2.50 | Rake $0 
Seat 1: NoonTime1991 folded before Flop (didn't bet)
Seat 2: b2k-Snick folded before Flop (didn't bet)
Seat 3: Burlica2013 collected ($2.50)
Seat 4: Spac396 (button) folded before Flop (didn't bet)
Seat 5: himqa (small blind) folded before Flop
Seat 6: Consig|iori (big blind) folded before Flop



PokerStars Hand #254685520586:  Hold'em No Limit ($0.50/$1.00 USD) - 2025/02/03 11:53:22 WET [2025/02/03 6:53:22 ET]
Table 'Lehigh' 6-max Seat #5 is the button
Seat 1: NoonTime1991 ($104.89 in chips) 
Seat 2: b2k-Snick ($140.83 in chips) 
Seat 3: Burlica2013 ($109.90 in chips) 
Seat 4: Spac396 ($99.47 in chips) 
Seat 5: himqa ($110.83 in chips) 
Seat 6: Consig|iori ($100 in chips) 
Consig|iori: posts small blind $0.50
NoonTime1991: posts big blind $1
*** HOLE CARDS ***
b2k-Snick: folds 
Burlica2013: folds 
Spac396: calls $1
himqa: raises $3 to $4
Consig|iori: folds 
NoonTime1991: folds 
Spac396: calls $3
*** FLOP *** [Td Ah 6h]
Spac396: checks 
himqa: checks 
*** TURN *** [Td Ah 6h] [7s]
Spac396: bets $1
himqa: calls $1
*** RIVER *** [Td Ah 6h 7s] [Kc]
Spac396: checks 
himqa: checks 
*** SHOW DOWN ***
Spac396: shows [5h 3s] (high card Ace)
himqa: shows [8c Qc] (high card Ace - King+Queen kicker)
himqa collected $10.92 from pot
*** SUMMARY ***
Total pot $11.50 | Rake $0.58 
Board [Td Ah 6h 7s Kc]
Seat 1: NoonTime1991 (big blind) folded before Flop
Seat 2: b2k-Snick folded before Flop (didn't bet)
Seat 3: Burlica2013 folded before Flop (didn't bet)
Seat 4: Spac396 showed [5h 3s] and lost with high card Ace
Seat 5: himqa (button) showed [8c Qc] and won ($10.92) with high card Ace
Seat 6: Consig|iori (small blind) folded before Flop



PokerStars Hand #254685525732:  Hold'em No Limit ($0.50/$1.00 USD) - 2025/02/03 11:54:04 WET [2025/02/03 6:54:04 ET]
Table 'Lehigh' 6-max Seat #6 is the button
Seat 1: NoonTime1991 ($103.89 in chips) 
Seat 2: b2k-Snick ($140.83 in chips) 
Seat 3: Burlica2013 ($109.90 in chips) 
Seat 4: Spac396 ($94.47 in chips) 
Seat 5: himqa ($116.75 in chips) 
Seat 6: Consig|iori ($100 in chips) 
NoonTime1991: posts small blind $0.50
b2k-Snick: posts big blind $1
*** HOLE CARDS ***
Burlica2013: folds 
Spac396: calls $1
himqa: folds 
Consig|iori: raises $3 to $4
NoonTime1991: folds 
b2k-Snick: folds 
Spac396: calls $3
*** FLOP *** [Ks 8d Jd]
Spac396: checks 
Consig|iori: bets $2.98
Spac396: calls $2.98
*** TURN *** [Ks 8d Jd] [3c]
Spac396: bets $1
Consig|iori: raises $1 to $2
Spac396: calls $1
*** RIVER *** [Ks 8d Jd 3c] [Ad]
Spac396: bets $2
Consig|iori: raises $2 to $4
Spac396: calls $2
*** SHOW DOWN ***
Consig|iori: shows [Jh Ac] (two pair, Aces and Jacks)
Spac396: mucks hand 
Consig|iori collected $26.09 from pot
*** SUMMARY ***
Total pot $27.46 | Rake $1.37 
Board [Ks 8d Jd 3c Ad]
Seat 1: NoonTime1991 (small blind) folded before Flop
Seat 2: b2k-Snick (big blind) folded before Flop
Seat 3: Burlica2013 folded before Flop (didn't bet)
Seat 4: Spac396 mucked
Seat 5: himqa folded before Flop (didn't bet)
Seat 6: Consig|iori (button) showed [Jh Ac] and won ($26.09) with two pair, Aces and Jacks



PokerStars Hand #254685535136:  Hold'em No Limit ($0.50/$1.00 USD) - 2025/02/03 11:55:22 WET [2025/02/03 6:55:22 ET]
Table 'Lehigh' 6-max Seat #1 is the button
Seat 1: NoonTime1991 ($103.39 in chips) 
Seat 2: b2k-Snick ($139.83 in chips) 
Seat 3: Burlica2013 ($109.90 in chips) 
Seat 4: Spac396 ($81.49 in chips) 
Seat 5: himqa ($116.75 in chips) 
Seat 6: Consig|iori ($113.11 in chips) 
b2k-Snick: posts small blind $0.50
Burlica2013: posts big blind $1
*** HOLE CARDS ***
Spac396: folds 
himqa: folds 
Consig|iori: raises $1.40 to $2.40
NoonTime1991: raises $5.60 to $8
b2k-Snick: folds 
Burlica2013: folds 
Consig|iori: folds 
Uncalled bet ($5.60) returned to NoonTime1991
NoonTime1991 collected $6.30 from pot
NoonTime1991: doesn't show hand 
*** SUMMARY ***
Total pot $6.30 | Rake $0 
Seat 1: NoonTime1991 (button) collected ($6.30)
Seat 2: b2k-Snick (small blind) folded before Flop
Seat 3: Burlica2013 (big blind) folded before Flop
Seat 4: Spac396 folded before Flop (didn't bet)
Seat 5: himqa folded before Flop (didn't bet)
Seat 6: Consig|iori folded before Flop



PokerStars Hand #254685537606:  Hold'em No Limit ($0.50/$1.00 USD) - 2025/02/03 11:55:45 WET [2025/02/03 6:55:45 ET]
Table 'Lehigh' 6-max Seat #2 is the button
Seat 1: NoonTime1991 ($107.29 in chips) 
Seat 2: b2k-Snick ($139.33 in chips) 
Seat 3: Burlica2013 ($108.90 in chips) 
Seat 4: Spac396 ($100 in chips) 
Seat 5: himqa ($116.75 in chips) 
Seat 6: Consig|iori ($110.71 in chips) 
Burlica2013: posts small blind $0.50
Spac396: posts big blind $1
*** HOLE CARDS ***
himqa: folds 
Consig|iori: folds 
NoonTime1991: folds 
b2k-Snick: raises $1.50 to $2.50
Burlica2013: folds 
Spac396: calls $1.50
*** FLOP *** [7s 5s Qh]
Spac396: checks 
b2k-Snick: bets $1.72
Spac396: calls $1.72
*** TURN *** [7s 5s Qh] [Jh]
Spac396: checks 
b2k-Snick: bets $6
Spac396: calls $6
*** RIVER *** [7s 5s Qh Jh] [9h]
Spac396: bets $7
b2k-Snick: folds 
Uncalled bet ($7) returned to Spac396
Spac396 collected $19.89 from pot
*** SUMMARY ***
Total pot $20.94 | Rake $1.05 
Board [7s 5s Qh Jh 9h]
Seat 1: NoonTime1991 folded before Flop (didn't bet)
Seat 2: b2k-Snick (button) folded on the River
Seat 3: Burlica2013 (small blind) folded before Flop
Seat 4: Spac396 (big blind) collected ($19.89)
Seat 5: himqa folded before Flop (didn't bet)
Seat 6: Consig|iori folded before Flop (didn't bet)



PokerStars Hand #254685542825:  Hold'em No Limit ($0.50/$1.00 USD) - 2025/02/03 11:56:34 WET [2025/02/03 6:56:34 ET]
Table 'Lehigh' 6-max Seat #3 is the button
Seat 1: NoonTime1991 ($107.29 in chips) 
Seat 2: b2k-Snick ($129.11 in chips) 
Seat 3: Burlica2013 ($108.40 in chips) 
Seat 4: Spac396 ($109.67 in chips) 
Seat 5: himqa ($116.75 in chips) 
Seat 6: Consig|iori ($110.71 in chips) 
Spac396: posts small blind $0.50
himqa: posts big blind $1
*** HOLE CARDS ***
Consig|iori: folds 
NoonTime1991: raises $1 to $2
b2k-Snick: folds 
Burlica2013: folds 
Spac396: calls $1.50
himqa: calls $1
*** FLOP *** [3c Ts 3h]
Spac396: checks 
himqa: checks 
NoonTime1991: checks 
*** TURN *** [3c Ts 3h] [Jh]
Spac396: bets $1
himqa: folds 
NoonTime1991: raises $1.93 to $2.93
Spac396: calls $1.93
*** RIVER *** [3c Ts 3h Jh] [7c]
Spac396: checks 
NoonTime1991: checks 
*** SHOW DOWN ***
Spac396: shows [Ah Kc] (a pair of Threes)
NoonTime1991: shows [9d Td] (two pair, Tens and Threes)
NoonTime1991 collected $11.27 from pot
*** SUMMARY ***
Total pot $11.86 | Rake $0.59 
Board [3c Ts 3h Jh 7c]
Seat 1: NoonTime1991 showed [9d Td] and won ($11.27) with two pair, Tens and Threes
Seat 2: b2k-Snick folded before Flop (didn't bet)
Seat 3: Burlica2013 (button) folded before Flop (didn't bet)
Seat 4: Spac396 (small blind) showed [Ah Kc] and lost with a pair of Threes
Seat 5: himqa (big blind) folded on the Turn
Seat 6: Consig|iori folded before Flop (didn't bet)



PokerStars Hand #254685548505:  Hold'em No Limit ($0.50/$1.00 USD) - 2025/02/03 11:57:28 WET [2025/02/03 6:57:28 ET]
Table 'Lehigh' 6-max Seat #4 is the button
Seat 1: NoonTime1991 ($113.63 in chips) 
Seat 2: b2k-Snick ($129.11 in chips) 
Seat 3: Burlica2013 ($108.40 in chips) 
Seat 4: Spac396 ($104.74 in chips) 
Seat 5: himqa ($114.75 in chips) 
Seat 6: Consig|iori ($110.71 in chips) 
himqa: posts small blind $0.50
Consig|iori: posts big blind $1
*** HOLE CARDS ***
NoonTime1991: folds 
b2k-Snick: folds 
Burlica2013: folds 
Spac396: calls $1
himqa: folds 
Consig|iori: checks 
*** FLOP *** [Jd 3s Td]
Consig|iori: checks 
Spac396: checks 
*** TURN *** [Jd 3s Td] [Kc]
Consig|iori: bets $2
Spac396: calls $2
*** RIVER *** [Jd 3s Td Kc] [Js]
Consig|iori: bets $2
Spac396: calls $2
*** SHOW DOWN ***
Consig|iori: shows [Ks 5c] (two pair, Kings and Jacks)
Spac396: mucks hand 
Consig|iori collected $9.98 from pot
*** SUMMARY ***
Total pot $10.50 | Rake $0.52 
Board [Jd 3s Td Kc Js]
Seat 1: NoonTime1991 folded before Flop (didn't bet)
Seat 2: b2k-Snick folded before Flop (didn't bet)
Seat 3: Burlica2013 folded before Flop (didn't bet)
Seat 4: Spac396 (button) mucked
Seat 5: himqa (small blind) folded before Flop
Seat 6: Consig|iori (big blind) showed [Ks 5c] and won ($9.98) with two pair, Kings and Jacks



PokerStars Hand #254685552431:  Hold'em No Limit ($0.50/$1.00 USD) - 2025/02/03 11:58:05 WET [2025/02/03 6:58:05 ET]
Table 'Lehigh' 6-max Seat #5 is the button
Seat 1: NoonTime1991 ($113.63 in chips) 
Seat 2: b2k-Snick ($129.11 in chips) 
Seat 3: Burlica2013 ($108.40 in chips) 
Seat 4: Spac396 ($99.74 in chips) 
Seat 5: himqa ($114.25 in chips) 
Seat 6: Consig|iori ($115.69 in chips) 
Consig|iori: posts small blind $0.50
NoonTime1991: posts big blind $1
*** HOLE CARDS ***
b2k-Snick: raises $1.10 to $2.10
Burlica2013: calls $2.10
Spac396: calls $2.10
himqa: folds 
Consig|iori: folds 
NoonTime1991: calls $1.10
*** FLOP *** [As Ks 8h]
NoonTime1991: checks 
b2k-Snick: bets $6
Burlica2013: folds 
Spac396: folds 
NoonTime1991: calls $6
*** TURN *** [As Ks 8h] [3h]
NoonTime1991: checks 
b2k-Snick: bets $24
NoonTime1991: folds 
Uncalled bet ($24) returned to b2k-Snick
b2k-Snick collected $19.86 from pot
b2k-Snick: doesn't show hand 
*** SUMMARY ***
Total pot $20.90 | Rake $1.04 
Board [As Ks 8h 3h]
Seat 1: NoonTime1991 (big blind) folded on the Turn
Seat 2: b2k-Snick collected ($19.86)
Seat 3: Burlica2013 folded on the Flop
Seat 4: Spac396 folded on the Flop
Seat 5: himqa (button) folded before Flop (didn't bet)
Seat 6: Consig|iori (small blind) folded before Flop



PokerStars Hand #254685561605:  Hold'em No Limit ($0.50/$1.00 USD) - 2025/02/03 11:59:31 WET [2025/02/03 6:59:31 ET]
Table 'Lehigh' 6-max Seat #6 is the button
Seat 1: NoonTime1991 ($105.53 in chips) 
Seat 2: b2k-Snick ($140.87 in chips) 
Seat 3: Burlica2013 ($106.30 in chips) 
Seat 4: Spac396 ($97.64 in chips) 
Seat 5: himqa ($114.25 in chips) 
Seat 6: Consig|iori ($115.19 in chips) 
NoonTime1991: posts small blind $0.50
b2k-Snick: posts big blind $1
*** HOLE CARDS ***
Burlica2013: folds 
Spac396: folds 
himqa: raises $1.50 to $2.50
Consig|iori: folds 
NoonTime1991: folds 
b2k-Snick: folds 
Uncalled bet ($1.50) returned to himqa
himqa collected $2.50 from pot
himqa: doesn't show hand 
*** SUMMARY ***
Total pot $2.50 | Rake $0 
Seat 1: NoonTime1991 (small blind) folded before Flop
Seat 2: b2k-Snick (big blind) folded before Flop
Seat 3: Burlica2013 folded before Flop (didn't bet)
Seat 4: Spac396 folded before Flop (didn't bet)
Seat 5: himqa collected ($2.50)
Seat 6: Consig|iori (button) folded before Flop (didn't bet)



PokerStars Hand #254685563163:  Hold'em No Limit ($0.50/$1.00 USD) - 2025/02/03 11:59:46 WET [2025/02/03 6:59:46 ET]
Table 'Lehigh' 6-max Seat #1 is the button
Seat 1: NoonTime1991 ($105.03 in chips) 
Seat 2: b2k-Snick ($139.87 in chips) 
Seat 3: Burlica2013 ($106.30 in chips) 
Seat 4: Spac396 ($97.64 in chips) 
Seat 5: himqa ($115.75 in chips) 
Seat 6: Consig|iori ($115.19 in chips) 
b2k-Snick: posts small blind $0.50
Burlica2013: posts big blind $1
*** HOLE CARDS ***
Spac396: calls $1
himqa: folds 
Consig|iori: folds 
NoonTime1991: folds 
b2k-Snick: folds 
Burlica2013: raises $3 to $4
Spac396: calls $3
*** FLOP *** [3s Kd 7d]
Burlica2013: bets $2.67
Spac396: calls $2.67
*** TURN *** [3s Kd 7d] [4h]
Burlica2013: checks 
Spac396: bets $5
Burlica2013: calls $5
*** RIVER *** [3s Kd 7d 4h] [4d]
Burlica2013: checks 
Spac396: checks 
*** SHOW DOWN ***
Burlica2013: shows [9d 9c] (two pair, Nines and Fours)
Spac396: shows [Qs Kc] (two pair, Kings and Fours)
Spac396 collected $22.65 from pot
*** SUMMARY ***
Total pot $23.84 | Rake $1.19 
Board [3s Kd 7d 4h 4d]
Seat 1: NoonTime1991 (button) folded before Flop (didn't bet)
Seat 2: b2k-Snick (small blind) folded before Flop
Seat 3: Burlica2013 (big blind) showed [9d 9c] and lost with two pair, Nines and Fours
Seat 4: Spac396 showed [Qs Kc] and won ($22.65) with two pair, Kings and Fours
Seat 5: himqa folded before Flop (didn't bet)
Seat 6: Consig|iori folded before Flop (didn't bet)



PokerStars Hand #254685567763:  Hold'em No Limit ($0.50/$1.00 USD) - 2025/02/03 12:00:29 WET [2025/02/03 7:00:29 ET]
Table 'Lehigh' 6-max Seat #2 is the button
Seat 1: NoonTime1991 ($105.03 in chips) 
Seat 2: b2k-Snick ($139.37 in chips) 
Seat 3: Burlica2013 ($100 in chips) 
Seat 4: Spac396 ($108.62 in chips) 
Seat 5: himqa ($115.75 in chips) 
Seat 6: Consig|iori ($115.19 in chips) 
Burlica2013: posts small blind $0.50
Spac396: posts big blind $1
*** HOLE CARDS ***
himqa: folds 
Consig|iori: raises $1.40 to $2.40
NoonTime1991: folds 
b2k-Snick: folds 
Burlica2013: folds 
Spac396: calls $1.40
*** FLOP *** [7c 4s 3c]
Spac396: checks 
Consig|iori: checks 
*** TURN *** [7c 4s 3c] [Ks]
Spac396: checks 
Consig|iori: bets $2.50
Spac396: calls $2.50
*** RIVER *** [7c 4s 3c Ks] [Kc]
Spac396: bets $4
Consig|iori: folds 
Uncalled bet ($4) returned to Spac396
Spac396 collected $9.78 from pot
*** SUMMARY ***
Total pot $10.30 | Rake $0.52 
Board [7c 4s 3c Ks Kc]
Seat 1: NoonTime1991 folded before Flop (didn't bet)
Seat 2: b2k-Snick (button) folded before Flop (didn't bet)
Seat 3: Burlica2013 (small blind) folded before Flop
Seat 4: Spac396 (big blind) collected ($9.78)
Seat 5: himqa folded before Flop (didn't bet)
Seat 6: Consig|iori folded on the River



PokerStars Hand #254685577281:  Hold'em No Limit ($0.50/$1.00 USD) - 2025/02/03 12:01:47 WET [2025/02/03 7:01:47 ET]
Table 'Lehigh' 6-max Seat #3 is the button
Seat 1: NoonTime1991 ($105.03 in chips) 
Seat 2: b2k-Snick ($139.37 in chips) 
Seat 3: Burlica2013 ($100 in chips) 
Seat 4: Spac396 ($113.50 in chips) 
Seat 5: himqa ($115.75 in chips) 
Seat 6: Consig|iori ($110.29 in chips) 
Spac396: posts small blind $0.50
himqa: posts big blind $1
*** HOLE CARDS ***
Consig|iori: folds 
NoonTime1991: folds 
b2k-Snick: folds 
Burlica2013: raises $1.45 to $2.45
Spac396: folds 
himqa: folds 
Uncalled bet ($1.45) returned to Burlica2013
Burlica2013 collected $2.50 from pot
Burlica2013: doesn't show hand 
*** SUMMARY ***
Total pot $2.50 | Rake $0 
Seat 1: NoonTime1991 folded before Flop (didn't bet)
Seat 2: b2k-Snick folded before Flop (didn't bet)
Seat 3: Burlica2013 (button) collected ($2.50)
Seat 4: Spac396 (small blind) folded before Flop
Seat 5: himqa (big blind) folded before Flop
Seat 6: Consig|iori folded before Flop (didn't bet)



PokerStars Hand #254685579134:  Hold'em No Limit ($0.50/$1.00 USD) - 2025/02/03 12:02:02 WET [2025/02/03 7:02:02 ET]
Table 'Lehigh' 6-max Seat #4 is the button
Seat 1: NoonTime1991 ($105.03 in chips) 
Seat 2: b2k-Snick ($139.37 in chips) 
Seat 3: Burlica2013 ($101.50 in chips) 
Seat 4: Spac396 ($113 in chips) 
Seat 5: himqa ($114.75 in chips) 
Seat 6: Consig|iori ($110.29 in chips) 
himqa: posts small blind $0.50
Consig|iori: posts big blind $1
*** HOLE CARDS ***
NoonTime1991: folds 
b2k-Snick: folds 
Burlica2013: raises $1.25 to $2.25
Spac396: calls $2.25
himqa: folds 
Consig|iori: folds 
*** FLOP *** [8h 7s Ks]
Burlica2013: bets $1.88
Spac396: calls $1.88
*** TURN *** [8h 7s Ks] [Ad]
Burlica2013: checks 
Spac396: bets $3
Burlica2013: folds 
Uncalled bet ($3) returned to Spac396
Spac396 collected $9.27 from pot
*** SUMMARY ***
Total pot $9.76 | Rake $0.49 
Board [8h 7s Ks Ad]
Seat 1: NoonTime1991 folded before Flop (didn't bet)
Seat 2: b2k-Snick folded before Flop (didn't bet)
Seat 3: Burlica2013 folded on the Turn
Seat 4: Spac396 (button) collected ($9.27)
Seat 5: himqa (small blind) folded before Flop
Seat 6: Consig|iori (big blind) folded before Flop



PokerStars Hand #254685584133:  Hold'em No Limit ($0.50/$1.00 USD) - 2025/02/03 12:02:42 WET [2025/02/03 7:02:42 ET]
Table 'Lehigh' 6-max Seat #5 is the button
Seat 1: NoonTime1991 ($105.03 in chips) 
Seat 2: b2k-Snick ($139.37 in chips) 
Seat 3: Burlica2013 ($100 in chips) 
Seat 4: Spac396 ($118.14 in chips) 
Seat 5: himqa ($114.25 in chips) 
Seat 6: Consig|iori ($109.29 in chips) 
Consig|iori: posts small blind $0.50
NoonTime1991: posts big blind $1
*** HOLE CARDS ***
b2k-Snick: folds 
Burlica2013: folds 
Spac396: calls $1
himqa: folds 
Consig|iori: folds 
NoonTime1991: checks 
*** FLOP *** [Ad 8h Qd]
NoonTime1991: checks 
Spac396: checks 
*** TURN *** [Ad 8h Qd] [Tc]
NoonTime1991: bets $3.21
Spac396: calls $3.21
*** RIVER *** [Ad 8h Qd Tc] [Ac]
NoonTime1991: checks 
Spac396: checks 
*** SHOW DOWN ***
NoonTime1991: shows [Kd 6d] (a pair of Aces)
Spac396: mucks hand 
NoonTime1991 collected $8.47 from pot
*** SUMMARY ***
Total pot $8.92 | Rake $0.45 
Board [Ad 8h Qd Tc Ac]
Seat 1: NoonTime1991 (big blind) showed [Kd 6d] and won ($8.47) with a pair of Aces
Seat 2: b2k-Snick folded before Flop (didn't bet)
Seat 3: Burlica2013 folded before Flop (didn't bet)
Seat 4: Spac396 mucked
Seat 5: himqa (button) folded before Flop (didn't bet)
Seat 6: Consig|iori (small blind) folded before Flop



PokerStars Hand #254685587823:  Hold'em No Limit ($0.50/$1.00 USD) - 2025/02/03 12:03:11 WET [2025/02/03 7:03:11 ET]
Table 'Lehigh' 6-max Seat #6 is the button
Seat 1: NoonTime1991 ($109.29 in chips) 
Seat 2: b2k-Snick ($139.37 in chips) 
Seat 3: Burlica2013 ($100 in chips) 
Seat 4: Spac396 ($113.93 in chips) 
Seat 5: himqa ($114.25 in chips) 
Seat 6: Consig|iori ($108.79 in chips) 
NoonTime1991: posts small blind $0.50
b2k-Snick: posts big blind $1
*** HOLE CARDS ***
Burlica2013: folds 
Spac396: calls $1
himqa: folds 
Consig|iori: folds 
NoonTime1991: folds 
b2k-Snick: checks 
*** FLOP *** [2d Jh Tc]
b2k-Snick: checks 
Spac396: checks 
*** TURN *** [2d Jh Tc] [7h]
b2k-Snick: bets $2
Spac396: raises $2 to $4
b2k-Snick: calls $2
*** RIVER *** [2d Jh Tc 7h] [Js]
b2k-Snick: checks 
Spac396: bets $6
b2k-Snick: folds 
Uncalled bet ($6) returned to Spac396
Spac396 collected $9.98 from pot
*** SUMMARY ***
Total pot $10.50 | Rake $0.52 
Board [2d Jh Tc 7h Js]
Seat 1: NoonTime1991 (small blind) folded before Flop
Seat 2: b2k-Snick (big blind) folded on the River
Seat 3: Burlica2013 folded before Flop (didn't bet)
Seat 4: Spac396 collected ($9.98)
Seat 5: himqa folded before Flop (didn't bet)
Seat 6: Consig|iori (button) folded before Flop (didn't bet)



PokerStars Hand #254685593553:  Hold'em No Limit ($0.50/$1.00 USD) - 2025/02/03 12:03:57 WET [2025/02/03 7:03:57 ET]
Table 'Lehigh' 6-max Seat #1 is the button
Seat 1: NoonTime1991 ($108.79 in chips) 
Seat 2: b2k-Snick ($134.37 in chips) 
Seat 3: Burlica2013 ($100 in chips) 
Seat 4: Spac396 ($118.91 in chips) 
Seat 5: himqa ($114.25 in chips) 
Seat 6: Consig|iori ($108.79 in chips) 
b2k-Snick: posts small blind $0.50
Burlica2013: posts big blind $1
*** HOLE CARDS ***
Spac396: calls $1
himqa: raises $3 to $4
Consig|iori: folds 
NoonTime1991: folds 
b2k-Snick: raises $12 to $16
Burlica2013: folds 
Spac396: folds 
himqa: folds 
Uncalled bet ($12) returned to b2k-Snick
b2k-Snick collected $10 from pot
b2k-Snick: doesn't show hand 
*** SUMMARY ***
Total pot $10 | Rake $0 
Seat 1: NoonTime1991 (button) folded before Flop (didn't bet)
Seat 2: b2k-Snick (small blind) collected ($10)
Seat 3: Burlica2013 (big blind) folded before Flop
Seat 4: Spac396 folded before Flop
Seat 5: himqa folded before Flop
Seat 6: Consig|iori folded before Flop (didn't bet)



PokerStars Hand #254685596570:  Hold'em No Limit ($0.50/$1.00 USD) - 2025/02/03 12:04:21 WET [2025/02/03 7:04:21 ET]
Table 'Lehigh' 6-max Seat #2 is the button
Seat 1: NoonTime1991 ($108.79 in chips) 
Seat 2: b2k-Snick ($140.37 in chips) 
Seat 3: Burlica2013 ($100 in chips) 
Seat 4: Spac396 ($117.91 in chips) 
Seat 5: himqa ($110.25 in chips) 
Seat 6: Consig|iori ($108.79 in chips) 
Burlica2013: posts small blind $0.50
Spac396: posts big blind $1
*** HOLE CARDS ***
himqa: folds 
Consig|iori: folds 
NoonTime1991: folds 
b2k-Snick: folds 
Burlica2013: raises $2 to $3
Spac396: calls $2
*** FLOP *** [Qs Td 3h]
Burlica2013: bets $1.88
Spac396: calls $1.88
*** TURN *** [Qs Td 3h] [8h]
Burlica2013: bets $13.91
Spac396: calls $13.91
*** RIVER *** [Qs Td 3h 8h] [Ac]
Burlica2013: bets $53.55
Spac396: folds 
Uncalled bet ($53.55) returned to Burlica2013
Burlica2013 collected $35.70 from pot
Burlica2013: doesn't show hand 
*** SUMMARY ***
Total pot $37.58 | Rake $1.88 
Board [Qs Td 3h 8h Ac]
Seat 1: NoonTime1991 folded before Flop (didn't bet)
Seat 2: b2k-Snick (button) folded before Flop (didn't bet)
Seat 3: Burlica2013 (small blind) collected ($35.70)
Seat 4: Spac396 (big blind) folded on the River
Seat 5: himqa folded before Flop (didn't bet)
Seat 6: Consig|iori folded before Flop (didn't bet)



PokerStars Hand #254685601403:  Hold'em No Limit ($0.50/$1.00 USD) - 2025/02/03 12:04:59 WET [2025/02/03 7:04:59 ET]
Table 'Lehigh' 6-max Seat #3 is the button
Seat 1: NoonTime1991 ($108.79 in chips) 
Seat 2: b2k-Snick ($140.37 in chips) 
Seat 3: Burlica2013 ($116.91 in chips) 
Seat 4: Spac396 ($99.12 in chips) 
Seat 5: himqa ($110.25 in chips) 
Seat 6: Consig|iori ($108.79 in chips) 
Spac396: posts small blind $0.50
himqa: posts big blind $1
*** HOLE CARDS ***
Consig|iori: folds 
NoonTime1991: raises $1 to $2
b2k-Snick: folds 
Burlica2013: folds 
Spac396: calls $1.50
himqa: folds 
*** FLOP *** [9h Ks 7s]
Spac396: checks 
NoonTime1991: checks 
*** TURN *** [9h Ks 7s] [Qc]
Spac396: bets $1
NoonTime1991: calls $1
*** RIVER *** [9h Ks 7s Qc] [Kc]
Spac396: bets $3
NoonTime1991: folds 
Uncalled bet ($3) returned to Spac396
Spac396 collected $6.65 from pot
*** SUMMARY ***
Total pot $7 | Rake $0.35 
Board [9h Ks 7s Qc Kc]
Seat 1: NoonTime1991 folded on the River
Seat 2: b2k-Snick folded before Flop (didn't bet)
Seat 3: Burlica2013 (button) folded before Flop (didn't bet)
Seat 4: Spac396 (small blind) collected ($6.65)
Seat 5: himqa (big blind) folded before Flop
Seat 6: Consig|iori folded before Flop (didn't bet)



PokerStars Hand #254685606076:  Hold'em No Limit ($0.50/$1.00 USD) - 2025/02/03 12:05:36 WET [2025/02/03 7:05:36 ET]
Table 'Lehigh' 6-max Seat #4 is the button
Seat 1: NoonTime1991 ($105.79 in chips) 
Seat 2: b2k-Snick ($140.37 in chips) 
Seat 3: Burlica2013 ($116.91 in chips) 
Seat 4: Spac396 ($102.77 in chips) 
Seat 5: himqa ($109.25 in chips) 
Seat 6: Consig|iori ($108.79 in chips) 
himqa: posts small blind $0.50
Consig|iori: posts big blind $1
*** HOLE CARDS ***
NoonTime1991: folds 
b2k-Snick: raises $1.10 to $2.10
Burlica2013: folds 
Spac396: calls $2.10
himqa: folds 
Consig|iori: folds 
*** FLOP *** [Ks As 5h]
b2k-Snick: bets $2.98
Spac396: raises $2.98 to $5.96
b2k-Snick: calls $2.98
*** TURN *** [Ks As 5h] [9h]
b2k-Snick: checks 
Spac396: bets $3
b2k-Snick: calls $3
*** RIVER *** [Ks As 5h 9h] [2s]
b2k-Snick: checks 
Spac396: bets $12
b2k-Snick: folds 
Uncalled bet ($12) returned to Spac396
Spac396 collected $22.44 from pot
*** SUMMARY ***
Total pot $23.62 | Rake $1.18 
Board [Ks As 5h 9h 2s]
Seat 1: NoonTime1991 folded before Flop (didn't bet)
Seat 2: b2k-Snick folded on the River
Seat 3: Burlica2013 folded before Flop (didn't bet)
Seat 4: Spac396 (button) collected ($22.44)
Seat 5: himqa (small blind) folded before Flop
Seat 6: Consig|iori (big blind) folded before Flop



PokerStars Hand #254685613768:  Hold'em No Limit ($0.50/$1.00 USD) - 2025/02/03 12:06:36 WET [2025/02/03 7:06:36 ET]
Table 'Lehigh' 6-max Seat #5 is the button
Seat 1: NoonTime1991 ($105.79 in chips) 
Seat 2: b2k-Snick ($129.31 in chips) 
Seat 3: Burlica2013 ($116.91 in chips) 
Seat 4: Spac396 ($114.15 in chips) 
Seat 5: himqa ($108.75 in chips) 
Seat 6: Consig|iori ($107.79 in chips) 
Consig|iori: posts small blind $0.50
NoonTime1991: posts big blind $1
*** HOLE CARDS ***
b2k-Snick: folds 
Burlica2013: folds 
Spac396: calls $1
himqa: folds 
Consig|iori: raises $3 to $4
NoonTime1991: folds 
Spac396: calls $3
*** FLOP *** [6d 7h 7d]
Consig|iori: bets $5.56
Spac396: calls $5.56
*** TURN *** [6d 7h 7d] [9c]
Consig|iori: bets $10.50
Spac396: calls $10.50
*** RIVER *** [6d 7h 7d 9c] [7c]
Consig|iori: bets $12.89
Spac396: calls $12.89
*** SHOW DOWN ***
Consig|iori: shows [8c 8h] (a full house, Sevens full of Eights)
Spac396: mucks hand 
Consig|iori collected $64.40 from pot
*** SUMMARY ***
Total pot $66.90 | Rake $2.50 
Board [6d 7h 7d 9c 7c]
Seat 1: NoonTime1991 (big blind) folded before Flop
Seat 2: b2k-Snick folded before Flop (didn't bet)
Seat 3: Burlica2013 folded before Flop (didn't bet)
Seat 4: Spac396 mucked
Seat 5: himqa (button) folded before Flop (didn't bet)
Seat 6: Consig|iori (small blind) showed [8c 8h] and won ($64.40) with a full house, Sevens full of Eights



PokerStars Hand #254685618907:  Hold'em No Limit ($0.50/$1.00 USD) - 2025/02/03 12:07:16 WET [2025/02/03 7:07:16 ET]
Table 'Lehigh' 6-max Seat #6 is the button
Seat 1: NoonTime1991 ($104.79 in chips) 
Seat 2: b2k-Snick ($129.31 in chips) 
Seat 3: Burlica2013 ($116.91 in chips) 
Seat 4: Spac396 ($81.20 in chips) 
Seat 5: himqa ($108.75 in chips) 
Seat 6: Consig|iori ($139.24 in chips) 
NoonTime1991: posts small blind $0.50
b2k-Snick: posts big blind $1
*** HOLE CARDS ***
Burlica2013: folds 
Spac396: calls $1
himqa: folds 
Consig|iori: folds 
NoonTime1991: folds 
b2k-Snick: checks 
*** FLOP *** [5d Tc 3d]
b2k-Snick: checks 
Spac396: checks 
*** TURN *** [5d Tc 3d] [4s]
b2k-Snick: checks 
Spac396: checks 
*** RIVER *** [5d Tc 3d 4s] [7d]
b2k-Snick: checks 
Spac396: bets $2
b2k-Snick: calls $2
*** SHOW DOWN ***
Spac396: shows [Ah 7s] (a pair of Sevens)
b2k-Snick: shows [Kc 6h] (a straight, Three to Seven)
b2k-Snick collected $6.18 from pot
*** SUMMARY ***
Total pot $6.50 | Rake $0.32 
Board [5d Tc 3d 4s 7d]
Seat 1: NoonTime1991 (small blind) folded before Flop
Seat 2: b2k-Snick (big blind) showed [Kc 6h] and won ($6.18) with a straight, Three to Seven
Seat 3: Burlica2013 folded before Flop (didn't bet)
Seat 4: Spac396 showed [Ah 7s] and lost with a pair of Sevens
Seat 5: himqa folded before Flop (didn't bet)
Seat 6: Consig|iori (button) folded before Flop (didn't bet)



PokerStars Hand #254685626463:  Hold'em No Limit ($0.50/$1.00 USD) - 2025/02/03 12:08:14 WET [2025/02/03 7:08:14 ET]
Table 'Lehigh' 6-max Seat #1 is the button
Seat 1: NoonTime1991 ($104.29 in chips) 
Seat 2: b2k-Snick ($132.49 in chips) 
Seat 3: Burlica2013 ($116.91 in chips) 
Seat 4: Spac396 ($78.20 in chips) 
Seat 5: himqa ($108.75 in chips) 
Seat 6: Consig|iori ($139.24 in chips) 
b2k-Snick: posts small blind $0.50
Burlica2013: posts big blind $1
*** HOLE CARDS ***
Spac396: folds 
himqa: folds 
Consig|iori: folds 
NoonTime1991: folds 
b2k-Snick: raises $2 to $3
Burlica2013: calls $2
*** FLOP *** [Jh 8s 4h]
b2k-Snick: checks 
Burlica2013: bets $2.85
b2k-Snick: calls $2.85
*** TURN *** [Jh 8s 4h] [Kc]
b2k-Snick: checks 
Burlica2013: bets $11.23
b2k-Snick: folds 
Uncalled bet ($11.23) returned to Burlica2013
Burlica2013 collected $11.12 from pot
Burlica2013: doesn't show hand 
*** SUMMARY ***
Total pot $11.70 | Rake $0.58 
Board [Jh 8s 4h Kc]
Seat 1: NoonTime1991 (button) folded before Flop (didn't bet)
Seat 2: b2k-Snick (small blind) folded on the Turn
Seat 3: Burlica2013 (big blind) collected ($11.12)
Seat 4: Spac396 folded before Flop (didn't bet)
Seat 5: himqa folded before Flop (didn't bet)
Seat 6: Consig|iori folded before Flop (didn't bet)



PokerStars Hand #254685637352:  Hold'em No Limit ($0.50/$1.00 USD) - 2025/02/03 12:09:38 WET [2025/02/03 7:09:38 ET]
Table 'Lehigh' 6-max Seat #2 is the button
Seat 1: NoonTime1991 ($104.29 in chips) 
Seat 2: b2k-Snick ($126.64 in chips) 
Seat 3: Burlica2013 ($122.18 in chips) 
Seat 4: Spac396 ($100 in chips) 
Seat 5: himqa ($108.75 in chips) 
Seat 6: Consig|iori ($139.24 in chips) 
Burlica2013: posts small blind $0.50
Spac396: posts big blind $1
*** HOLE CARDS ***
himqa: folds 
Consig|iori: raises $1.40 to $2.40
NoonTime1991: folds 
b2k-Snick: folds 
Burlica2013: calls $1.90
Spac396: calls $1.40
*** FLOP *** [5c 8s Jh]
Burlica2013: checks 
Spac396: checks 
Consig|iori: checks 
*** TURN *** [5c 8s Jh] [6h]
Burlica2013: checks 
Spac396: bets $2
Consig|iori: folds 
Burlica2013: folds 
Uncalled bet ($2) returned to Spac396
Spac396 collected $6.84 from pot
*** SUMMARY ***
Total pot $7.20 | Rake $0.36 
Board [5c 8s Jh 6h]
Seat 1: NoonTime1991 folded before Flop (didn't bet)
Seat 2: b2k-Snick (button) folded before Flop (didn't bet)
Seat 3: Burlica2013 (small blind) folded on the Turn
Seat 4: Spac396 (big blind) collected ($6.84)
Seat 5: himqa folded before Flop (didn't bet)
Seat 6: Consig|iori folded on the Turn



PokerStars Hand #254685642819:  Hold'em No Limit ($0.50/$1.00 USD) - 2025/02/03 12:10:21 WET [2025/02/03 7:10:21 ET]
Table 'Lehigh' 6-max Seat #3 is the button
Seat 1: NoonTime1991 ($104.29 in chips) 
Seat 2: b2k-Snick ($126.64 in chips) 
Seat 3: Burlica2013 ($119.78 in chips) 
Seat 4: Spac396 ($104.44 in chips) 
Seat 5: himqa ($108.75 in chips) 
Seat 6: Consig|iori ($136.84 in chips) 
Spac396: posts small blind $0.50
himqa: posts big blind $1
*** HOLE CARDS ***
Consig|iori: folds 
NoonTime1991: folds 
b2k-Snick: folds 
Burlica2013: folds 
Spac396: calls $0.50
himqa: raises $3 to $4
Spac396: calls $3
*** FLOP *** [5d 8d 8s]
Spac396: checks 
himqa: bets $2.51
Spac396: calls $2.51
*** TURN *** [5d 8d 8s] [Jd]
Spac396: bets $3
himqa: calls $3
*** RIVER *** [5d 8d 8s Jd] [Js]
Spac396: bets $7
himqa: calls $7
*** SHOW DOWN ***
Spac396: shows [6s 3d] (two pair, Jacks and Eights)
himqa: shows [Ah Kh] (two pair, Jacks and Eights - Ace kicker)
himqa collected $31.37 from pot
*** SUMMARY ***
Total pot $33.02 | Rake $1.65 
Board [5d 8d 8s Jd Js]
Seat 1: NoonTime1991 folded before Flop (didn't bet)
Seat 2: b2k-Snick folded before Flop (didn't bet)
Seat 3: Burlica2013 (button) folded before Flop (didn't bet)
Seat 4: Spac396 (small blind) showed [6s 3d] and lost with two pair, Jacks and Eights
Seat 5: himqa (big blind) showed [Ah Kh] and won ($31.37) with two pair, Jacks and Eights
Seat 6: Consig|iori folded before Flop (didn't bet)



PokerStars Hand #254685648748:  Hold'em No Limit ($0.50/$1.00 USD) - 2025/02/03 12:11:07 WET [2025/02/03 7:11:07 ET]
Table 'Lehigh' 6-max Seat #4 is the button
Seat 1: NoonTime1991 ($104.29 in chips) 
Seat 2: b2k-Snick ($126.64 in chips) 
Seat 3: Burlica2013 ($119.78 in chips) 
Seat 4: Spac396 ($87.93 in chips) 
Seat 5: himqa ($123.61 in chips) 
Seat 6: Consig|iori ($136.84 in chips) 
himqa: posts small blind $0.50
Consig|iori: posts big blind $1
*** HOLE CARDS ***
NoonTime1991: folds 
b2k-Snick: folds 
Burlica2013: folds 
Spac396: calls $1
himqa: raises $3 to $4
Consig|iori: folds 
Spac396: calls $3
*** FLOP *** [Ac Td 9c]
himqa: bets $6.07
Spac396: calls $6.07
*** TURN *** [Ac Td 9c] [Qh]
himqa: bets $15.06
Spac396: calls $15.06
*** RIVER *** [Ac Td 9c Qh] [7d]
himqa: bets $24.38
Spac396: folds 
Uncalled bet ($24.38) returned to himqa
himqa collected $48.76 from pot
himqa: doesn't show hand 
*** SUMMARY ***
Total pot $51.26 | Rake $2.50 
Board [Ac Td 9c Qh 7d]
Seat 1: NoonTime1991 folded before Flop (didn't bet)
Seat 2: b2k-Snick folded before Flop (didn't bet)
Seat 3: Burlica2013 folded before Flop (didn't bet)
Seat 4: Spac396 (button) folded on the River
Seat 5: himqa (small blind) collected ($48.76)
Seat 6: Consig|iori (big blind) folded before Flop



PokerStars Hand #254685659519:  Hold'em No Limit ($0.50/$1.00 USD) - 2025/02/03 12:12:30 WET [2025/02/03 7:12:30 ET]
Table 'Lehigh' 6-max Seat #5 is the button
Seat 1: NoonTime1991 ($104.29 in chips) 
Seat 2: b2k-Snick ($126.64 in chips) 
Seat 3: Burlica2013 ($119.78 in chips) 
Seat 4: Spac396 ($100 in chips) 
Seat 5: himqa ($147.24 in chips) 
Seat 6: Consig|iori ($135.84 in chips) 
Consig|iori: posts small blind $0.50
NoonTime1991: posts big blind $1
*** HOLE CARDS ***
b2k-Snick: folds 
Burlica2013: folds 
Spac396: folds 
himqa: folds 
Consig|iori: folds 
Uncalled bet ($0.50) returned to NoonTime1991
NoonTime1991 collected $1 from pot
NoonTime1991: doesn't show hand 
*** SUMMARY ***
Total pot $1 | Rake $0 
Seat 1: NoonTime1991 (big blind) collected ($1)
Seat 2: b2k-Snick folded before Flop (didn't bet)
Seat 3: Burlica2013 folded before Flop (didn't bet)
Seat 4: Spac396 folded before Flop (didn't bet)
Seat 5: himqa (button) folded before Flop (didn't bet)
Seat 6: Consig|iori (small blind) folded before Flop



PokerStars Hand #254685660513:  Hold'em No Limit ($0.50/$1.00 USD) - 2025/02/03 12:12:38 WET [2025/02/03 7:12:38 ET]
Table 'Lehigh' 6-max Seat #6 is the button
Seat 1: NoonTime1991 ($104.79 in chips) 
Seat 2: b2k-Snick ($126.64 in chips) 
Seat 3: Burlica2013 ($119.78 in chips) 
Seat 4: Spac396 ($100 in chips) 
Seat 5: himqa ($147.24 in chips) 
Seat 6: Consig|iori ($135.34 in chips) 
NoonTime1991: posts small blind $0.50
b2k-Snick: posts big blind $1
*** HOLE CARDS ***
Burlica2013: folds 
Spac396: folds 
himqa: folds 
Consig|iori: folds 
NoonTime1991: folds 
Uncalled bet ($0.50) returned to b2k-Snick
b2k-Snick collected $1 from pot
b2k-Snick: doesn't show hand 
*** SUMMARY ***
Total pot $1 | Rake $0 
Seat 1: NoonTime1991 (small blind) folded before Flop
Seat 2: b2k-Snick (big blind) collected ($1)
Seat 3: Burlica2013 folded before Flop (didn't bet)
Seat 4: Spac396 folded before Flop (didn't bet)
Seat 5: himqa folded before Flop (didn't bet)
Seat 6: Consig|iori (button) folded before Flop (didn't bet)



PokerStars Hand #254685663048:  Hold'em No Limit ($0.50/$1.00 USD) - 2025/02/03 12:12:58 WET [2025/02/03 7:12:58 ET]
Table 'Lehigh' 6-max Seat #1 is the button
Seat 1: NoonTime1991 ($104.29 in chips) 
Seat 2: b2k-Snick ($127.14 in chips) 
Seat 3: Burlica2013 ($119.78 in chips) 
Seat 4: Spac396 ($100 in chips) 
Seat 5: himqa ($147.24 in chips) 
Seat 6: Consig|iori ($135.34 in chips) 
b2k-Snick: posts small blind $0.50
Burlica2013: posts big blind $1
*** HOLE CARDS ***
Spac396: calls $1
himqa: folds 
Consig|iori: folds 
NoonTime1991: folds 
b2k-Snick: calls $0.50
Burlica2013: checks 
*** FLOP *** [3c 9c 6c]
b2k-Snick: checks 
Burlica2013: checks 
Spac396: checks 
*** TURN *** [3c 9c 6c] [Jh]
b2k-Snick: checks 
Burlica2013: checks 
Spac396: bets $2
b2k-Snick: folds 
Burlica2013: folds 
Uncalled bet ($2) returned to Spac396
Spac396 collected $2.85 from pot
*** SUMMARY ***
Total pot $3 | Rake $0.15 
Board [3c 9c 6c Jh]
Seat 1: NoonTime1991 (button) folded before Flop (didn't bet)
Seat 2: b2k-Snick (small blind) folded on the Turn
Seat 3: Burlica2013 (big blind) folded on the Turn
Seat 4: Spac396 collected ($2.85)
Seat 5: himqa folded before Flop (didn't bet)
Seat 6: Consig|iori folded before Flop (didn't bet)



PokerStars Hand #254685668944:  Hold'em No Limit ($0.50/$1.00 USD) - 2025/02/03 12:13:44 WET [2025/02/03 7:13:44 ET]
Table 'Lehigh' 6-max Seat #2 is the button
Seat 1: NoonTime1991 ($104.29 in chips) 
Seat 2: b2k-Snick ($126.14 in chips) 
Seat 3: Burlica2013 ($118.78 in chips) 
Seat 4: Spac396 ($101.85 in chips) 
Seat 5: himqa ($147.24 in chips) 
Seat 6: Consig|iori ($135.34 in chips) 
Burlica2013: posts small blind $0.50
Spac396: posts big blind $1
*** HOLE CARDS ***
himqa: folds 
Consig|iori: folds 
NoonTime1991: raises $1 to $2
b2k-Snick: folds 
Burlica2013: folds 
Spac396: calls $1
*** FLOP *** [As 6c Kc]
Spac396: checks 
NoonTime1991: bets $1.41
Spac396: calls $1.41
*** TURN *** [As 6c Kc] [9h]
Spac396: checks 
NoonTime1991: checks 
*** RIVER *** [As 6c Kc 9h] [3d]
Spac396: bets $5
NoonTime1991: folds 
Uncalled bet ($5) returned to Spac396
Spac396 collected $6.95 from pot
*** SUMMARY ***
Total pot $7.32 | Rake $0.37 
Board [As 6c Kc 9h 3d]
Seat 1: NoonTime1991 folded on the River
Seat 2: b2k-Snick (button) folded before Flop (didn't bet)
Seat 3: Burlica2013 (small blind) folded before Flop
Seat 4: Spac396 (big blind) collected ($6.95)
Seat 5: himqa folded before Flop (didn't bet)
Seat 6: Consig|iori folded before Flop (didn't bet)



PokerStars Hand #254685675843:  Hold'em No Limit ($0.50/$1.00 USD) - 2025/02/03 12:14:38 WET [2025/02/03 7:14:38 ET]
Table 'Lehigh' 6-max Seat #3 is the button
Seat 1: NoonTime1991 ($100.88 in chips) 
Seat 2: b2k-Snick ($126.14 in chips) 
Seat 3: Burlica2013 ($118.28 in chips) 
Seat 4: Spac396 ($105.39 in chips) 
Seat 5: himqa ($147.24 in chips) 
Seat 6: Consig|iori ($135.34 in chips) 
Spac396: posts small blind $0.50
himqa: posts big blind $1
*** HOLE CARDS ***
Consig|iori: folds 
NoonTime1991: folds 
b2k-Snick: folds 
Burlica2013: raises $1.45 to $2.45
Spac396: calls $1.95
himqa: calls $1.45
*** FLOP *** [Td 3d 5c]
Spac396: checks 
himqa: checks 
Burlica2013: checks 
*** TURN *** [Td 3d 5c] [Tc]
Spac396: checks 
himqa: checks 
Burlica2013: checks 
*** RIVER *** [Td 3d 5c Tc] [Jh]
Spac396: bets $3
himqa: folds 
Burlica2013: folds 
Uncalled bet ($3) returned to Spac396
Spac396 collected $6.98 from pot
*** SUMMARY ***
Total pot $7.35 | Rake $0.37 
Board [Td 3d 5c Tc Jh]
Seat 1: NoonTime1991 folded before Flop (didn't bet)
Seat 2: b2k-Snick folded before Flop (didn't bet)
Seat 3: Burlica2013 (button) folded on the River
Seat 4: Spac396 (small blind) collected ($6.98)
Seat 5: himqa (big blind) folded on the River
Seat 6: Consig|iori folded before Flop (didn't bet)



PokerStars Hand #254685683065:  Hold'em No Limit ($0.50/$1.00 USD) - 2025/02/03 12:15:33 WET [2025/02/03 7:15:33 ET]
Table 'Lehigh' 6-max Seat #4 is the button
Seat 1: NoonTime1991 ($100.88 in chips) 
Seat 2: b2k-Snick ($126.14 in chips) 
Seat 3: Burlica2013 ($115.83 in chips) 
Seat 4: Spac396 ($109.92 in chips) 
Seat 5: himqa ($144.79 in chips) 
Seat 6: Consig|iori ($135.34 in chips) 
himqa: posts small blind $0.50
Consig|iori: posts big blind $1
*** HOLE CARDS ***
NoonTime1991: folds 
b2k-Snick: folds 
Burlica2013: folds 
Spac396: folds 
himqa: folds 
Uncalled bet ($0.50) returned to Consig|iori
Consig|iori collected $1 from pot
Consig|iori: doesn't show hand 
*** SUMMARY ***
Total pot $1 | Rake $0 
Seat 1: NoonTime1991 folded before Flop (didn't bet)
Seat 2: b2k-Snick folded before Flop (didn't bet)
Seat 3: Burlica2013 folded before Flop (didn't bet)
Seat 4: Spac396 (button) folded before Flop (didn't bet)
Seat 5: himqa (small blind) folded before Flop
Seat 6: Consig|iori (big blind) collected ($1)



PokerStars Hand #254685684367:  Hold'em No Limit ($0.50/$1.00 USD) - 2025/02/03 12:15:43 WET [2025/02/03 7:15:43 ET]
Table 'Lehigh' 6-max Seat #5 is the button
Seat 1: NoonTime1991 ($100.88 in chips) 
Seat 2: b2k-Snick ($126.14 in chips) 
Seat 3: Burlica2013 ($115.83 in chips) 
Seat 4: Spac396 ($109.92 in chips) 
Seat 5: himqa ($144.29 in chips) 
Seat 6: Consig|iori ($135.84 in chips) 
Consig|iori: posts small blind $0.50
NoonTime1991: posts big blind $1
*** HOLE CARDS ***
b2k-Snick: folds 
Burlica2013: raises $1.20 to $2.20
Spac396: calls $2.20
himqa: raises $8.10 to $10.30
Consig|iori: folds 
NoonTime1991: folds 
Burlica2013: raises $105.53 to $115.83 and is all-in
Spac396: folds 
himqa: folds 
Uncalled bet ($105.53) returned to Burlica2013
Burlica2013 collected $24.30 from pot
Burlica2013: doesn't show hand 
*** SUMMARY ***
Total pot $24.30 | Rake $0 
Seat 1: NoonTime1991 (big blind) folded before Flop
Seat 2: b2k-Snick folded before Flop (didn't bet)
Seat 3: Burlica2013 collected ($24.30)
Seat 4: Spac396 folded before Flop
Seat 5: himqa (button) folded before Flop
Seat 6: Consig|iori (small blind) folded before Flop



PokerStars Hand #254685691025:  Hold'em No Limit ($0.50/$1.00 USD) - 2025/02/03 12:16:33 WET [2025/02/03 7:16:33 ET]
Table 'Lehigh' 6-max Seat #6 is the button
Seat 1: NoonTime1991 ($100 in chips) 
Seat 2: b2k-Snick ($126.14 in chips) 
Seat 3: Burlica2013 ($129.83 in chips) 
Seat 4: Spac396 ($107.72 in chips) 
Seat 5: himqa ($133.99 in chips) 
Seat 6: Consig|iori ($135.34 in chips) 
NoonTime1991: posts small blind $0.50
b2k-Snick: posts big blind $1
*** HOLE CARDS ***
Burlica2013: folds 
Spac396: calls $1
himqa: folds 
Consig|iori: folds 
NoonTime1991: folds 
b2k-Snick: checks 
*** FLOP *** [Ah Qc 3c]
b2k-Snick: checks 
Spac396: checks 
*** TURN *** [Ah Qc 3c] [6c]
b2k-Snick: checks 
Spac396: checks 
*** RIVER *** [Ah Qc 3c 6c] [9c]
b2k-Snick: checks 
Spac396: checks 
*** SHOW DOWN ***
b2k-Snick: shows [7d Td] (high card Ace)
Spac396: shows [9s Th] (a pair of Nines)
Spac396 collected $2.38 from pot
*** SUMMARY ***
Total pot $2.50 | Rake $0.12 
Board [Ah Qc 3c 6c 9c]
Seat 1: NoonTime1991 (small blind) folded before Flop
Seat 2: b2k-Snick (big blind) showed [7d Td] and lost with high card Ace
Seat 3: Burlica2013 folded before Flop (didn't bet)
Seat 4: Spac396 showed [9s Th] and won ($2.38) with a pair of Nines
Seat 5: himqa folded before Flop (didn't bet)
Seat 6: Consig|iori (button) folded before Flop (didn't bet)



PokerStars Hand #254685694576:  Hold'em No Limit ($0.50/$1.00 USD) - 2025/02/03 12:17:00 WET [2025/02/03 7:17:00 ET]
Table 'Lehigh' 6-max Seat #1 is the button
Seat 1: NoonTime1991 ($100 in chips) 
Seat 2: b2k-Snick ($125.14 in chips) 
Seat 3: Burlica2013 ($129.83 in chips) 
Seat 4: Spac396 ($109.10 in chips) 
Seat 5: himqa ($133.99 in chips) 
Seat 6: Consig|iori ($135.34 in chips) 
b2k-Snick: posts small blind $0.50
Burlica2013: posts big blind $1
*** HOLE CARDS ***
Spac396: calls $1
himqa: folds 
Consig|iori: folds 
NoonTime1991: folds 
b2k-Snick: raises $6 to $7
Burlica2013: folds 
Spac396: calls $6
*** FLOP *** [2d Jh 5h]
b2k-Snick: checks 
Spac396: checks 
*** TURN *** [2d Jh 5h] [5d]
b2k-Snick: checks 
Spac396: checks 
*** RIVER *** [2d Jh 5h 5d] [4c]
b2k-Snick: checks 
Spac396: checks 
*** SHOW DOWN ***
b2k-Snick: shows [Ks As] (a pair of Fives)
Spac396: mucks hand 
b2k-Snick collected $14.25 from pot
*** SUMMARY ***
Total pot $15 | Rake $0.75 
Board [2d Jh 5h 5d 4c]
Seat 1: NoonTime1991 (button) folded before Flop (didn't bet)
Seat 2: b2k-Snick (small blind) showed [Ks As] and won ($14.25) with a pair of Fives
Seat 3: Burlica2013 (big blind) folded before Flop
Seat 4: Spac396 mucked
Seat 5: himqa folded before Flop (didn't bet)
Seat 6: Consig|iori folded before Flop (didn't bet)



PokerStars Hand #254685701186:  Hold'em No Limit ($0.50/$1.00 USD) - 2025/02/03 12:17:50 WET [2025/02/03 7:17:50 ET]
Table 'Lehigh' 6-max Seat #2 is the button
Seat 1: NoonTime1991 ($100 in chips) 
Seat 2: b2k-Snick ($132.39 in chips) 
Seat 3: Burlica2013 ($128.83 in chips) 
Seat 4: Spac396 ($102.10 in chips) 
Seat 5: himqa ($133.99 in chips) 
Seat 6: Consig|iori ($135.34 in chips) 
Burlica2013: posts small blind $0.50
Spac396: posts big blind $1
*** HOLE CARDS ***
himqa: raises $1.50 to $2.50
Consig|iori: folds 
NoonTime1991: folds 
b2k-Snick: folds 
Burlica2013: folds 
Spac396: calls $1.50
*** FLOP *** [7d 9d 8s]
Spac396: checks 
himqa: checks 
*** TURN *** [7d 9d 8s] [3c]
Spac396: checks 
himqa: checks 
*** RIVER *** [7d 9d 8s 3c] [3d]
Spac396: bets $4
himqa: folds 
Uncalled bet ($4) returned to Spac396
Spac396 collected $5.22 from pot
*** SUMMARY ***
Total pot $5.50 | Rake $0.28 
Board [7d 9d 8s 3c 3d]
Seat 1: NoonTime1991 folded before Flop (didn't bet)
Seat 2: b2k-Snick (button) folded before Flop (didn't bet)
Seat 3: Burlica2013 (small blind) folded before Flop
Seat 4: Spac396 (big blind) collected ($5.22)
Seat 5: himqa folded on the River
Seat 6: Consig|iori folded before Flop (didn't bet)



PokerStars Hand #254685707829:  Hold'em No Limit ($0.50/$1.00 USD) - 2025/02/03 12:18:40 WET [2025/02/03 7:18:40 ET]
Table 'Lehigh' 6-max Seat #3 is the button
Seat 1: NoonTime1991 ($100 in chips) 
Seat 2: b2k-Snick ($132.39 in chips) 
Seat 3: Burlica2013 ($128.33 in chips) 
Seat 4: Spac396 ($104.82 in chips) 
Seat 5: himqa ($131.49 in chips) 
Seat 6: Consig|iori ($135.34 in chips) 
Spac396: posts small blind $0.50
himqa: posts big blind $1
*** HOLE CARDS ***
Consig|iori: folds 
NoonTime1991: raises $1 to $2
b2k-Snick: folds 
Burlica2013: folds 
Spac396: calls $1.50
himqa: folds 
*** FLOP *** [3d Jd 8d]
Spac396: checks 
NoonTime1991: bets $3.56
Spac396: calls $3.56
*** TURN *** [3d Jd 8d] [8h]
Spac396: checks 
NoonTime1991: bets $9.63
Spac396: calls $9.63
*** RIVER *** [3d Jd 8d 8h] [Qd]
Spac396: bets $3
NoonTime1991: calls $3
*** SHOW DOWN ***
Spac396: shows [Jc Kc] (two pair, Jacks and Eights)
NoonTime1991: shows [7d 6d] (a flush, Queen high)
NoonTime1991 collected $35.51 from pot
*** SUMMARY ***
Total pot $37.38 | Rake $1.87 
Board [3d Jd 8d 8h Qd]
Seat 1: NoonTime1991 showed [7d 6d] and won ($35.51) with a flush, Queen high
Seat 2: b2k-Snick folded before Flop (didn't bet)
Seat 3: Burlica2013 (button) folded before Flop (didn't bet)
Seat 4: Spac396 (small blind) showed [Jc Kc] and lost with two pair, Jacks and Eights
Seat 5: himqa (big blind) folded before Flop
Seat 6: Consig|iori folded before Flop (didn't bet)



PokerStars Hand #254685712934:  Hold'em No Limit ($0.50/$1.00 USD) - 2025/02/03 12:19:19 WET [2025/02/03 7:19:19 ET]
Table 'Lehigh' 6-max Seat #4 is the button
Seat 1: NoonTime1991 ($117.32 in chips) 
Seat 2: b2k-Snick ($132.39 in chips) 
Seat 3: Burlica2013 ($128.33 in chips) 
Seat 4: Spac396 ($86.63 in chips) 
Seat 5: himqa ($130.49 in chips) 
Seat 6: Consig|iori ($135.34 in chips) 
himqa: posts small blind $0.50
Consig|iori: posts big blind $1
*** HOLE CARDS ***
NoonTime1991: raises $2 to $3
b2k-Snick: folds 
Burlica2013: folds 
Spac396: folds 
himqa: folds 
Consig|iori: folds 
Uncalled bet ($2) returned to NoonTime1991
NoonTime1991 collected $2.50 from pot
NoonTime1991: doesn't show hand 
*** SUMMARY ***
Total pot $2.50 | Rake $0 
Seat 1: NoonTime1991 collected ($2.50)
Seat 2: b2k-Snick folded before Flop (didn't bet)
Seat 3: Burlica2013 folded before Flop (didn't bet)
Seat 4: Spac396 (button) folded before Flop (didn't bet)
Seat 5: himqa (small blind) folded before Flop
Seat 6: Consig|iori (big blind) folded before Flop



PokerStars Hand #254685714752:  Hold'em No Limit ($0.50/$1.00 USD) - 2025/02/03 12:19:32 WET [2025/02/03 7:19:32 ET]
Table 'Lehigh' 6-max Seat #5 is the button
Seat 1: NoonTime1991 ($118.82 in chips) 
Seat 2: b2k-Snick ($132.39 in chips) 
Seat 3: Burlica2013 ($128.33 in chips) 
Seat 4: Spac396 ($86.63 in chips) 
Seat 5: himqa ($129.99 in chips) 
Seat 6: Consig|iori ($134.34 in chips) 
Consig|iori: posts small blind $0.50
NoonTime1991: posts big blind $1
*** HOLE CARDS ***
b2k-Snick: folds 
Burlica2013: raises $1.20 to $2.20
Spac396: calls $2.20
himqa: folds 
Consig|iori: raises $9.80 to $12
NoonTime1991: folds 
Burlica2013: calls $9.80
Spac396: calls $9.80
*** FLOP *** [7s Ts 8d]
Consig|iori: checks 
Burlica2013: checks 
Spac396: bets $74.63 and is all-in
Consig|iori: folds 
Burlica2013: folds 
Uncalled bet ($74.63) returned to Spac396
Spac396 collected $35.15 from pot
*** SUMMARY ***
Total pot $37 | Rake $1.85 
Board [7s Ts 8d]
Seat 1: NoonTime1991 (big blind) folded before Flop
Seat 2: b2k-Snick folded before Flop (didn't bet)
Seat 3: Burlica2013 folded on the Flop
Seat 4: Spac396 collected ($35.15)
Seat 5: himqa (button) folded before Flop (didn't bet)
Seat 6: Consig|iori (small blind) folded on the Flop



PokerStars Hand #254685721660:  Hold'em No Limit ($0.50/$1.00 USD) - 2025/02/03 12:20:25 WET [2025/02/03 7:20:25 ET]
Table 'Lehigh' 6-max Seat #6 is the button
Seat 1: NoonTime1991 ($117.82 in chips) 
Seat 2: b2k-Snick ($132.39 in chips) 
Seat 3: Burlica2013 ($116.33 in chips) 
Seat 4: Spac396 ($109.78 in chips) 
Seat 5: himqa ($129.99 in chips) 
Seat 6: Consig|iori ($122.34 in chips) 
NoonTime1991: posts small blind $0.50
b2k-Snick: posts big blind $1
*** HOLE CARDS ***
Burlica2013: folds 
Spac396: calls $1
himqa: folds 
Consig|iori: raises $2 to $3
NoonTime1991: folds 
b2k-Snick: folds 
Spac396: calls $2
*** FLOP *** [4h Kd Jd]
Spac396: checks 
Consig|iori: bets $2.35
Spac396: calls $2.35
*** TURN *** [4h Kd Jd] [Ac]
Spac396: checks 
Consig|iori: bets $8.50
Spac396: folds 
Uncalled bet ($8.50) returned to Consig|iori
Consig|iori collected $11.59 from pot
Consig|iori: doesn't show hand 
*** SUMMARY ***
Total pot $12.20 | Rake $0.61 
Board [4h Kd Jd Ac]
Seat 1: NoonTime1991 (small blind) folded before Flop
Seat 2: b2k-Snick (big blind) folded before Flop
Seat 3: Burlica2013 folded before Flop (didn't bet)
Seat 4: Spac396 folded on the Turn
Seat 5: himqa folded before Flop (didn't bet)
Seat 6: Consig|iori (button) collected ($11.59)



PokerStars Hand #254685726163:  Hold'em No Limit ($0.50/$1.00 USD) - 2025/02/03 12:21:00 WET [2025/02/03 7:21:00 ET]
Table 'Lehigh' 6-max Seat #1 is the button
Seat 1: NoonTime1991 ($117.32 in chips) 
Seat 2: b2k-Snick ($131.39 in chips) 
Seat 3: Burlica2013 ($116.33 in chips) 
Seat 4: Spac396 ($104.43 in chips) 
Seat 5: himqa ($129.99 in chips) 
Seat 6: Consig|iori ($128.58 in chips) 
b2k-Snick: posts small blind $0.50
Burlica2013: posts big blind $1
*** HOLE CARDS ***
Spac396: calls $1
himqa: raises $3 to $4
Consig|iori: folds 
NoonTime1991: raises $8 to $12
b2k-Snick: folds 
Burlica2013: folds 
Spac396: folds 
himqa: calls $8
*** FLOP *** [4s 5s Jc]
himqa: checks 
NoonTime1991: bets $6.30
himqa: calls $6.30
*** TURN *** [4s 5s Jc] [5c]
himqa: bets $26.86
NoonTime1991: folds 
Uncalled bet ($26.86) returned to himqa
himqa collected $37.14 from pot
himqa: doesn't show hand 
*** SUMMARY ***
Total pot $39.10 | Rake $1.96 
Board [4s 5s Jc 5c]
Seat 1: NoonTime1991 (button) folded on the Turn
Seat 2: b2k-Snick (small blind) folded before Flop
Seat 3: Burlica2013 (big blind) folded before Flop
Seat 4: Spac396 folded before Flop
Seat 5: himqa collected ($37.14)
Seat 6: Consig|iori folded before Flop (didn't bet)



PokerStars Hand #254685736631:  Hold'em No Limit ($0.50/$1.00 USD) - 2025/02/03 12:22:18 WET [2025/02/03 7:22:18 ET]
Table 'Lehigh' 6-max Seat #2 is the button
Seat 1: NoonTime1991 ($100 in chips) 
Seat 2: b2k-Snick ($130.89 in chips) 
Seat 3: Burlica2013 ($115.33 in chips) 
Seat 4: Spac396 ($103.43 in chips) 
Seat 5: himqa ($148.83 in chips) 
Seat 6: Consig|iori ($128.58 in chips) 
Burlica2013: posts small blind $0.50
Spac396: posts big blind $1
*** HOLE CARDS ***
himqa: folds 
Consig|iori: folds 
NoonTime1991: folds 
b2k-Snick: folds 
Burlica2013: folds 
Uncalled bet ($0.50) returned to Spac396
Spac396 collected $1 from pot
*** SUMMARY ***
Total pot $1 | Rake $0 
Seat 1: NoonTime1991 folded before Flop (didn't bet)
Seat 2: b2k-Snick (button) folded before Flop (didn't bet)
Seat 3: Burlica2013 (small blind) folded before Flop
Seat 4: Spac396 (big blind) collected ($1)
Seat 5: himqa folded before Flop (didn't bet)
Seat 6: Consig|iori folded before Flop (didn't bet)



PokerStars Hand #254685737854:  Hold'em No Limit ($0.50/$1.00 USD) - 2025/02/03 12:22:28 WET [2025/02/03 7:22:28 ET]
Table 'Lehigh' 6-max Seat #3 is the button
Seat 1: NoonTime1991 ($100 in chips) 
Seat 2: b2k-Snick ($130.89 in chips) 
Seat 3: Burlica2013 ($114.83 in chips) 
Seat 4: Spac396 ($103.93 in chips) 
Seat 5: himqa ($148.83 in chips) 
Seat 6: Consig|iori ($128.58 in chips) 
Spac396: posts small blind $0.50
himqa: posts big blind $1
*** HOLE CARDS ***
Consig|iori: folds 
NoonTime1991: folds 
b2k-Snick: raises $1.50 to $2.50
Burlica2013: folds 
Spac396: calls $2
himqa: folds 
*** FLOP *** [Jc Kh 9h]
Spac396: bets $2
b2k-Snick: calls $2
*** TURN *** [Jc Kh 9h] [4d]
Spac396: bets $2
b2k-Snick: calls $2
*** RIVER *** [Jc Kh 9h 4d] [4s]
Spac396: bets $97.43 and is all-in
b2k-Snick: folds 
Uncalled bet ($97.43) returned to Spac396
Spac396 collected $13.30 from pot
*** SUMMARY ***
Total pot $14 | Rake $0.70 
Board [Jc Kh 9h 4d 4s]
Seat 1: NoonTime1991 folded before Flop (didn't bet)
Seat 2: b2k-Snick folded on the River
Seat 3: Burlica2013 (button) folded before Flop (didn't bet)
Seat 4: Spac396 (small blind) collected ($13.30)
Seat 5: himqa (big blind) folded before Flop
Seat 6: Consig|iori folded before Flop (didn't bet)



PokerStars Hand #254685744908:  Hold'em No Limit ($0.50/$1.00 USD) - 2025/02/03 12:23:21 WET [2025/02/03 7:23:21 ET]
Table 'Lehigh' 6-max Seat #4 is the button
Seat 1: NoonTime1991 ($100 in chips) 
Seat 2: b2k-Snick ($124.39 in chips) 
Seat 3: Burlica2013 ($114.83 in chips) 
Seat 4: Spac396 ($110.73 in chips) 
Seat 5: himqa ($147.83 in chips) 
Seat 6: Consig|iori ($128.58 in chips) 
himqa: posts small blind $0.50
Consig|iori: posts big blind $1
*** HOLE CARDS ***
NoonTime1991: folds 
b2k-Snick: folds 
Burlica2013: folds 
Spac396: calls $1
himqa: folds 
Consig|iori: checks 
*** FLOP *** [Kd Ks 3c]
Consig|iori: checks 
Spac396: checks 
*** TURN *** [Kd Ks 3c] [9s]
Consig|iori: bets $1.50
Spac396: folds 
Uncalled bet ($1.50) returned to Consig|iori
Consig|iori collected $2.38 from pot
Consig|iori: doesn't show hand 
*** SUMMARY ***
Total pot $2.50 | Rake $0.12 
Board [Kd Ks 3c 9s]
Seat 1: NoonTime1991 folded before Flop (didn't bet)
Seat 2: b2k-Snick folded before Flop (didn't bet)
Seat 3: Burlica2013 folded before Flop (didn't bet)
Seat 4: Spac396 (button) folded on the Turn
Seat 5: himqa (small blind) folded before Flop
Seat 6: Consig|iori (big blind) collected ($2.38)



PokerStars Hand #254685749425:  Hold'em No Limit ($0.50/$1.00 USD) - 2025/02/03 12:23:55 WET [2025/02/03 7:23:55 ET]
Table 'Lehigh' 6-max Seat #5 is the button
Seat 1: NoonTime1991 ($100 in chips) 
Seat 2: b2k-Snick ($124.39 in chips) 
Seat 3: Burlica2013 ($114.83 in chips) 
Seat 4: Spac396 ($109.73 in chips) 
Seat 5: himqa ($147.33 in chips) 
Seat 6: Consig|iori ($129.96 in chips) 
Consig|iori: posts small blind $0.50
NoonTime1991: posts big blind $1
*** HOLE CARDS ***
b2k-Snick: folds 
Burlica2013: raises $1.20 to $2.20
Spac396: calls $2.20
himqa: folds 
Consig|iori: folds 
NoonTime1991: calls $1.20
*** FLOP *** [Qc As 8c]
NoonTime1991: checks 
Burlica2013: checks 
Spac396: bets $4
NoonTime1991: folds 
Burlica2013: folds 
Uncalled bet ($4) returned to Spac396
Spac396 collected $6.74 from pot
*** SUMMARY ***
Total pot $7.10 | Rake $0.36 
Board [Qc As 8c]
Seat 1: NoonTime1991 (big blind) folded on the Flop
Seat 2: b2k-Snick folded before Flop (didn't bet)
Seat 3: Burlica2013 folded on the Flop
Seat 4: Spac396 collected ($6.74)
Seat 5: himqa (button) folded before Flop (didn't bet)
Seat 6: Consig|iori (small blind) folded before Flop



PokerStars Hand #254685753186:  Hold'em No Limit ($0.50/$1.00 USD) - 2025/02/03 12:24:23 WET [2025/02/03 7:24:23 ET]
Table 'Lehigh' 6-max Seat #6 is the button
Seat 1: NoonTime1991 ($100 in chips) 
Seat 2: b2k-Snick ($124.39 in chips) 
Seat 3: Burlica2013 ($112.63 in chips) 
Seat 4: Spac396 ($114.27 in chips) 
Seat 5: himqa ($147.33 in chips) 
Seat 6: Consig|iori ($129.46 in chips) 
NoonTime1991: posts small blind $0.50
b2k-Snick: posts big blind $1
*** HOLE CARDS ***
Burlica2013: folds 
Spac396: calls $1
himqa: folds 
Consig|iori: raises $2.50 to $3.50
NoonTime1991: folds 
b2k-Snick: folds 
Spac396: calls $2.50
*** FLOP *** [3c Js 3d]
Spac396: checks 
Consig|iori: checks 
*** TURN *** [3c Js 3d] [Ks]
Spac396: checks 
Consig|iori: bets $4
Spac396: folds 
Uncalled bet ($4) returned to Consig|iori
Consig|iori collected $8.08 from pot
Consig|iori: doesn't show hand 
*** SUMMARY ***
Total pot $8.50 | Rake $0.42 
Board [3c Js 3d Ks]
Seat 1: NoonTime1991 (small blind) folded before Flop
Seat 2: b2k-Snick (big blind) folded before Flop
Seat 3: Burlica2013 folded before Flop (didn't bet)
Seat 4: Spac396 folded on the Turn
Seat 5: himqa folded before Flop (didn't bet)
Seat 6: Consig|iori (button) collected ($8.08)



PokerStars Hand #254685758384:  Hold'em No Limit ($0.50/$1.00 USD) - 2025/02/03 12:25:02 WET [2025/02/03 7:25:02 ET]
Table 'Lehigh' 6-max Seat #1 is the button
Seat 1: NoonTime1991 ($100 in chips) 
Seat 2: b2k-Snick ($123.39 in chips) 
Seat 3: Burlica2013 ($112.63 in chips) 
Seat 4: Spac396 ($110.77 in chips) 
Seat 5: himqa ($147.33 in chips) 
Seat 6: Consig|iori ($134.04 in chips) 
b2k-Snick: posts small blind $0.50
Burlica2013: posts big blind $1
*** HOLE CARDS ***
Spac396: calls $1
himqa: folds 
Consig|iori: folds 
NoonTime1991: raises $3 to $4
b2k-Snick: folds 
Burlica2013: raises $11 to $15
Spac396: folds 
NoonTime1991: calls $11
*** FLOP *** [Qd Qh Kc]
Burlica2013: bets $9.87
NoonTime1991: folds 
Uncalled bet ($9.87) returned to Burlica2013
Burlica2013 collected $29.92 from pot
Burlica2013: doesn't show hand 
*** SUMMARY ***
Total pot $31.50 | Rake $1.58 
Board [Qd Qh Kc]
Seat 1: NoonTime1991 (button) folded on the Flop
Seat 2: b2k-Snick (small blind) folded before Flop
Seat 3: Burlica2013 (big blind) collected ($29.92)
Seat 4: Spac396 folded before Flop
Seat 5: himqa folded before Flop (didn't bet)
Seat 6: Consig|iori folded before Flop (didn't bet)



PokerStars Hand #254685764780:  Hold'em No Limit ($0.50/$1.00 USD) - 2025/02/03 12:25:50 WET [2025/02/03 7:25:50 ET]
Table 'Lehigh' 6-max Seat #2 is the button
Seat 1: NoonTime1991 ($100 in chips) 
Seat 2: b2k-Snick ($122.89 in chips) 
Seat 3: Burlica2013 ($127.55 in chips) 
Seat 4: Spac396 ($109.77 in chips) 
Seat 5: himqa ($147.33 in chips) 
Seat 6: Consig|iori ($134.04 in chips) 
Burlica2013: posts small blind $0.50
Spac396: posts big blind $1
*** HOLE CARDS ***
himqa: folds 
Consig|iori: folds 
NoonTime1991: folds 
b2k-Snick: folds 
Burlica2013: raises $2 to $3
Spac396: calls $2
*** FLOP *** [Kc 2d 9c]
Burlica2013: checks 
Spac396: checks 
*** TURN *** [Kc 2d 9c] [6h]
Burlica2013: checks 
Spac396: checks 
*** RIVER *** [Kc 2d 9c 6h] [Ad]
Burlica2013: checks 
Spac396: checks 
*** SHOW DOWN ***
Burlica2013: shows [As 6s] (two pair, Aces and Sixes)
Spac396: mucks hand 
Burlica2013 collected $5.70 from pot
*** SUMMARY ***
Total pot $6 | Rake $0.30 
Board [Kc 2d 9c 6h Ad]
Seat 1: NoonTime1991 folded before Flop (didn't bet)
Seat 2: b2k-Snick (button) folded before Flop (didn't bet)
Seat 3: Burlica2013 (small blind) showed [As 6s] and won ($5.70) with two pair, Aces and Sixes
Seat 4: Spac396 (big blind) mucked
Seat 5: himqa folded before Flop (didn't bet)
Seat 6: Consig|iori folded before Flop (didn't bet)



PokerStars Hand #254685772143:  Hold'em No Limit ($0.50/$1.00 USD) - 2025/02/03 12:26:46 WET [2025/02/03 7:26:46 ET]
Table 'Lehigh' 6-max Seat #3 is the button
Seat 1: NoonTime1991 ($100 in chips) 
Seat 2: b2k-Snick ($122.89 in chips) 
Seat 3: Burlica2013 ($130.25 in chips) 
Seat 4: Spac396 ($106.77 in chips) 
Seat 5: himqa ($147.33 in chips) 
Seat 6: Consig|iori ($134.04 in chips) 
Spac396: posts small blind $0.50
himqa: posts big blind $1
*** HOLE CARDS ***
Consig|iori: raises $1.40 to $2.40
NoonTime1991: folds 
b2k-Snick: calls $2.40
Burlica2013: folds 
Spac396: calls $1.90
himqa: folds 
*** FLOP *** [3h 2h 4h]
Spac396: checks 
Consig|iori: bets $2.57
b2k-Snick: calls $2.57
Spac396: calls $2.57
*** TURN *** [3h 2h 4h] [Qd]
Spac396: checks 
Consig|iori: bets $4.99
b2k-Snick: raises $19.01 to $24
Spac396: folds 
Consig|iori: calls $19.01
*** RIVER *** [3h 2h 4h Qd] [5s]
Consig|iori: checks 
b2k-Snick: checks 
*** SHOW DOWN ***
Consig|iori: shows [Ts Ah] (a straight, Ace to Five)
b2k-Snick: mucks hand 
Consig|iori collected $61.41 from pot
*** SUMMARY ***
Total pot $63.91 | Rake $2.50 
Board [3h 2h 4h Qd 5s]
Seat 1: NoonTime1991 folded before Flop (didn't bet)
Seat 2: b2k-Snick mucked
Seat 3: Burlica2013 (button) folded before Flop (didn't bet)
Seat 4: Spac396 (small blind) folded on the Turn
Seat 5: himqa (big blind) folded before Flop
Seat 6: Consig|iori showed [Ts Ah] and won ($61.41) with a straight, Ace to Five



PokerStars Hand #254685781824:  Hold'em No Limit ($0.50/$1.00 USD) - 2025/02/03 12:27:59 WET [2025/02/03 7:27:59 ET]
Table 'Lehigh' 6-max Seat #4 is the button
Seat 1: NoonTime1991 ($100 in chips) 
Seat 2: b2k-Snick ($100 in chips) 
Seat 3: Burlica2013 ($130.25 in chips) 
Seat 4: Spac396 ($101.80 in chips) 
Seat 5: himqa ($146.33 in chips) 
Seat 6: Consig|iori ($166.48 in chips) 
himqa: posts small blind $0.50
Consig|iori: posts big blind $1
*** HOLE CARDS ***
NoonTime1991: folds 
b2k-Snick: raises $1.10 to $2.10
Burlica2013: folds 
Spac396: calls $2.10
himqa: folds 
Consig|iori: calls $1.10
*** FLOP *** [9h 8c 9c]
Consig|iori: checks 
b2k-Snick: checks 
Spac396: checks 
*** TURN *** [9h 8c 9c] [4d]
Consig|iori: checks 
b2k-Snick: bets $9
Spac396: folds 
Consig|iori: folds 
Uncalled bet ($9) returned to b2k-Snick
b2k-Snick collected $6.46 from pot
b2k-Snick: doesn't show hand 
*** SUMMARY ***
Total pot $6.80 | Rake $0.34 
Board [9h 8c 9c 4d]
Seat 1: NoonTime1991 folded before Flop (didn't bet)
Seat 2: b2k-Snick collected ($6.46)
Seat 3: Burlica2013 folded before Flop (didn't bet)
Seat 4: Spac396 (button) folded on the Turn
Seat 5: himqa (small blind) folded before Flop
Seat 6: Consig|iori (big blind) folded on the Turn



PokerStars Hand #254685787355:  Hold'em No Limit ($0.50/$1.00 USD) - 2025/02/03 12:28:40 WET [2025/02/03 7:28:40 ET]
Table 'Lehigh' 6-max Seat #5 is the button
Seat 1: NoonTime1991 ($100 in chips) 
Seat 2: b2k-Snick ($104.36 in chips) 
Seat 3: Burlica2013 ($130.25 in chips) 
Seat 4: Spac396 ($99.70 in chips) 
Seat 5: himqa ($145.83 in chips) 
Seat 6: Consig|iori ($164.38 in chips) 
Consig|iori: posts small blind $0.50
NoonTime1991: posts big blind $1
*** HOLE CARDS ***
b2k-Snick: folds 
Burlica2013: folds 
Spac396: calls $1
himqa: raises $3 to $4
Consig|iori: folds 
NoonTime1991: folds 
Spac396: calls $3
*** FLOP *** [3c Ac Qd]
Spac396: checks 
himqa: bets $4.51
Spac396: calls $4.51
*** TURN *** [3c Ac Qd] [4c]
Spac396: bets $1
himqa: raises $13.91 to $14.91
Spac396: calls $13.91
*** RIVER *** [3c Ac Qd 4c] [4h]
Spac396: checks 
himqa: checks 
*** SHOW DOWN ***
Spac396: shows [Ad 2d] (two pair, Aces and Fours)
himqa: shows [Ah Td] (two pair, Aces and Fours)
Spac396 collected $22.96 from pot
himqa collected $22.96 from pot
*** SUMMARY ***
Total pot $48.34 | Rake $2.42 
Board [3c Ac Qd 4c 4h]
Seat 1: NoonTime1991 (big blind) folded before Flop
Seat 2: b2k-Snick folded before Flop (didn't bet)
Seat 3: Burlica2013 folded before Flop (didn't bet)
Seat 4: Spac396 showed [Ad 2d] and won ($22.96) with two pair, Aces and Fours
Seat 5: himqa (button) showed [Ah Td] and won ($22.96) with two pair, Aces and Fours
Seat 6: Consig|iori (small blind) folded before Flop



PokerStars Hand #254685792059:  Hold'em No Limit ($0.50/$1.00 USD) - 2025/02/03 12:29:16 WET [2025/02/03 7:29:16 ET]
Table 'Lehigh' 6-max Seat #6 is the button
Seat 1: NoonTime1991 ($100 in chips) 
Seat 2: b2k-Snick ($104.36 in chips) 
Seat 3: Burlica2013 ($130.25 in chips) 
Seat 4: Spac396 ($99.24 in chips) 
Seat 5: himqa ($145.37 in chips) 
Seat 6: Consig|iori ($163.88 in chips) 
NoonTime1991: posts small blind $0.50
b2k-Snick: posts big blind $1
*** HOLE CARDS ***
Burlica2013: raises $1.20 to $2.20
Spac396: calls $2.20
himqa: raises $8.10 to $10.30
Consig|iori: folds 
NoonTime1991: folds 
b2k-Snick: folds 
Burlica2013: raises $14.94 to $25.24
Spac396: folds 
himqa: folds 
Uncalled bet ($14.94) returned to Burlica2013
Burlica2013 collected $24.30 from pot
Burlica2013: doesn't show hand 
*** SUMMARY ***
Total pot $24.30 | Rake $0 
Seat 1: NoonTime1991 (small blind) folded before Flop
Seat 2: b2k-Snick (big blind) folded before Flop
Seat 3: Burlica2013 collected ($24.30)
Seat 4: Spac396 folded before Flop
Seat 5: himqa folded before Flop
Seat 6: Consig|iori (button) folded before Flop (didn't bet)



PokerStars Hand #254685795109:  Hold'em No Limit ($0.50/$1.00 USD) - 2025/02/03 12:29:39 WET [2025/02/03 7:29:39 ET]
Table 'Lehigh' 6-max Seat #1 is the button
Seat 1: NoonTime1991 ($100 in chips) 
Seat 2: b2k-Snick ($103.36 in chips) 
Seat 3: Burlica2013 ($144.25 in chips) 
Seat 4: Spac396 ($97.04 in chips) 
Seat 5: himqa ($135.07 in chips) 
Seat 6: Consig|iori ($163.88 in chips) 
b2k-Snick: posts small blind $0.50
Burlica2013: posts big blind $1
*** HOLE CARDS ***
Spac396: calls $1
himqa: folds 
Consig|iori: folds 
NoonTime1991: folds 
b2k-Snick: folds 
Burlica2013: checks 
*** FLOP *** [Ac 7c 5s]
Burlica2013: bets $1.79
Spac396: calls $1.79
*** TURN *** [Ac 7c 5s] [5h]
Burlica2013: bets $4.33
Spac396: folds 
Uncalled bet ($4.33) returned to Burlica2013
Burlica2013 collected $5.78 from pot
Burlica2013: doesn't show hand 
*** SUMMARY ***
Total pot $6.08 | Rake $0.30 
Board [Ac 7c 5s 5h]
Seat 1: NoonTime1991 (button) folded before Flop (didn't bet)
Seat 2: b2k-Snick (small blind) folded before Flop
Seat 3: Burlica2013 (big blind) collected ($5.78)
Seat 4: Spac396 folded on the Turn
Seat 5: himqa folded before Flop (didn't bet)
Seat 6: Consig|iori folded before Flop (didn't bet)



PokerStars Hand #254685798529:  Hold'em No Limit ($0.50/$1.00 USD) - 2025/02/03 12:30:04 WET [2025/02/03 7:30:04 ET]
Table 'Lehigh' 6-max Seat #2 is the button
Seat 1: NoonTime1991 ($100 in chips) 
Seat 2: b2k-Snick ($102.86 in chips) 
Seat 3: Burlica2013 ($147.24 in chips) 
Seat 4: Spac396 ($94.25 in chips) 
Seat 5: himqa ($135.07 in chips) 
Seat 6: Consig|iori ($163.88 in chips) 
Burlica2013: posts small blind $0.50
Spac396: posts big blind $1
*** HOLE CARDS ***
himqa: folds 
Consig|iori: folds 
NoonTime1991: folds 
b2k-Snick: raises $1.50 to $2.50
Burlica2013: folds 
Spac396: calls $1.50
*** FLOP *** [Kc Js 4c]
Spac396: checks 
b2k-Snick: bets $2.30
Spac396: folds 
Uncalled bet ($2.30) returned to b2k-Snick
b2k-Snick collected $5.22 from pot
b2k-Snick: doesn't show hand 
*** SUMMARY ***
Total pot $5.50 | Rake $0.28 
Board [Kc Js 4c]
Seat 1: NoonTime1991 folded before Flop (didn't bet)
Seat 2: b2k-Snick (button) collected ($5.22)
Seat 3: Burlica2013 (small blind) folded before Flop
Seat 4: Spac396 (big blind) folded on the Flop
Seat 5: himqa folded before Flop (didn't bet)
Seat 6: Consig|iori folded before Flop (didn't bet)



PokerStars Hand #254685803446:  Hold'em No Limit ($0.50/$1.00 USD) - 2025/02/03 12:30:41 WET [2025/02/03 7:30:41 ET]
Table 'Lehigh' 6-max Seat #3 is the button
Seat 1: NoonTime1991 ($100 in chips) 
Seat 2: b2k-Snick ($105.58 in chips) 
Seat 3: Burlica2013 ($146.74 in chips) 
Seat 4: Spac396 ($91.75 in chips) 
Seat 5: himqa ($135.07 in chips) 
Seat 6: Consig|iori ($163.88 in chips) 
Spac396: posts small blind $0.50
himqa: posts big blind $1
*** HOLE CARDS ***
Consig|iori: folds 
NoonTime1991: folds 
b2k-Snick: raises $1 to $2
Burlica2013: folds 
Spac396: calls $1.50
himqa: folds 
*** FLOP *** [6c 4c 7h]
Spac396: checks 
b2k-Snick: bets $5.11
Spac396: calls $5.11
*** TURN *** [6c 4c 7h] [5c]
Spac396: checks 
b2k-Snick: checks 
*** RIVER *** [6c 4c 7h 5c] [Kc]
Spac396: bets $9
b2k-Snick: folds 
Uncalled bet ($9) returned to Spac396
Spac396 collected $14.46 from pot
*** SUMMARY ***
Total pot $15.22 | Rake $0.76 
Board [6c 4c 7h 5c Kc]
Seat 1: NoonTime1991 folded before Flop (didn't bet)
Seat 2: b2k-Snick folded on the River
Seat 3: Burlica2013 (button) folded before Flop (didn't bet)
Seat 4: Spac396 (small blind) collected ($14.46)
Seat 5: himqa (big blind) folded before Flop
Seat 6: Consig|iori folded before Flop (didn't bet)



PokerStars Hand #254685811071:  Hold'em No Limit ($0.50/$1.00 USD) - 2025/02/03 12:31:37 WET [2025/02/03 7:31:37 ET]
Table 'Lehigh' 6-max Seat #4 is the button
Seat 1: NoonTime1991 ($100 in chips) 
Seat 2: b2k-Snick ($100 in chips) 
Seat 3: Burlica2013 ($146.74 in chips) 
Seat 4: Spac396 ($99.10 in chips) 
Seat 5: himqa ($134.07 in chips) 
Seat 6: Consig|iori ($163.88 in chips) 
himqa: posts small blind $0.50
Consig|iori: posts big blind $1
*** HOLE CARDS ***
NoonTime1991: raises $1 to $2
b2k-Snick: folds 
Burlica2013: folds 
Spac396: calls $2
himqa: folds 
Consig|iori: folds 
*** FLOP *** [3d Jd Kc]
NoonTime1991: bets $1.72
Spac396: calls $1.72
*** TURN *** [3d Jd Kc] [7c]
NoonTime1991: bets $11.46
Spac396: calls $11.46
*** RIVER *** [3d Jd Kc 7c] [Tc]
NoonTime1991: checks 
Spac396: bets $83.92 and is all-in
NoonTime1991: folds 
Uncalled bet ($83.92) returned to Spac396
Spac396 collected $30.27 from pot
*** SUMMARY ***
Total pot $31.86 | Rake $1.59 
Board [3d Jd Kc 7c Tc]
Seat 1: NoonTime1991 folded on the River
Seat 2: b2k-Snick folded before Flop (didn't bet)
Seat 3: Burlica2013 folded before Flop (didn't bet)
Seat 4: Spac396 (button) collected ($30.27)
Seat 5: himqa (small blind) folded before Flop
Seat 6: Consig|iori (big blind) folded before Flop



PokerStars Hand #254685821644:  Hold'em No Limit ($0.50/$1.00 USD) - 2025/02/03 12:32:55 WET [2025/02/03 7:32:55 ET]
Table 'Lehigh' 6-max Seat #5 is the button
Seat 1: NoonTime1991 ($100 in chips) 
Seat 2: b2k-Snick ($100 in chips) 
Seat 3: Burlica2013 ($146.74 in chips) 
Seat 4: Spac396 ($114.19 in chips) 
Seat 5: himqa ($133.57 in chips) 
Seat 6: Consig|iori ($162.88 in chips) 
Consig|iori: posts small blind $0.50
NoonTime1991: posts big blind $1
*** HOLE CARDS ***
b2k-Snick: folds 
Burlica2013: folds 
Spac396 is disconnected 
Spac396 has timed out while disconnected
Spac396: folds 
himqa: folds 
Consig|iori: folds 
Uncalled bet ($0.50) returned to NoonTime1991
NoonTime1991 collected $1 from pot
NoonTime1991: doesn't show hand 
*** SUMMARY ***
Total pot $1 | Rake $0 
Seat 1: NoonTime1991 (big blind) collected ($1)
Seat 2: b2k-Snick folded before Flop (didn't bet)
Seat 3: Burlica2013 folded before Flop (didn't bet)
Seat 4: Spac396 folded before Flop (didn't bet)
Seat 5: himqa (button) folded before Flop (didn't bet)
Seat 6: Consig|iori (small blind) folded before Flop



PokerStars Hand #254685825522:  Hold'em No Limit ($0.50/$1.00 USD) - 2025/02/03 12:33:23 WET [2025/02/03 7:33:23 ET]
Table 'Lehigh' 6-max Seat #6 is the button
Seat 4: Spac396 ($114.19 in chips) is sitting out
Seat 1: NoonTime1991 ($100.50 in chips) 
Seat 2: b2k-Snick ($100 in chips) 
Seat 3: Burlica2013 ($146.74 in chips) 
Seat 5: himqa ($133.57 in chips) 
Seat 6: Consig|iori ($162.38 in chips) 
NoonTime1991: posts small blind $0.50
b2k-Snick: posts big blind $1
*** HOLE CARDS ***
Burlica2013: folds 
himqa: folds 
Consig|iori: folds 
NoonTime1991: folds 
Uncalled bet ($0.50) returned to b2k-Snick
b2k-Snick collected $1 from pot
b2k-Snick: doesn't show hand 
*** SUMMARY ***
Total pot $1 | Rake $0 
Seat 4: Spac396
Seat 1: NoonTime1991 (small blind) folded before Flop
Seat 2: b2k-Snick (big blind) collected ($1)
Seat 3: Burlica2013 folded before Flop (didn't bet)
Seat 5: himqa folded before Flop (didn't bet)
Seat 6: Consig|iori (button) folded before Flop (didn't bet)



PokerStars Hand #254685828657:  Hold'em No Limit ($0.50/$1.00 USD) - 2025/02/03 12:33:47 WET [2025/02/03 7:33:47 ET]
Table 'Lehigh' 6-max Seat #1 is the button
Seat 4: Spac396 ($114.19 in chips) is sitting out
Seat 1: NoonTime1991 ($100 in chips) 
Seat 2: b2k-Snick ($100.50 in chips) 
Seat 3: Burlica2013 ($146.74 in chips) 
Seat 5: himqa ($133.57 in chips) 
Seat 6: Consig|iori ($162.38 in chips) 
b2k-Snick: posts small blind $0.50
Burlica2013: posts big blind $1
*** HOLE CARDS ***
himqa: folds 
Consig|iori: folds 
NoonTime1991: folds 
b2k-Snick: folds 
Uncalled bet ($0.50) returned to Burlica2013
Burlica2013 collected $1 from pot
Burlica2013: doesn't show hand 
*** SUMMARY ***
Total pot $1 | Rake $0 
Seat 4: Spac396
Seat 1: NoonTime1991 (button) folded before Flop (didn't bet)
Seat 2: b2k-Snick (small blind) folded before Flop
Seat 3: Burlica2013 (big blind) collected ($1)
Seat 5: himqa folded before Flop (didn't bet)
Seat 6: Consig|iori folded before Flop (didn't bet)



PokerStars Hand #254685830400:  Hold'em No Limit ($0.50/$1.00 USD) - 2025/02/03 12:34:00 WET [2025/02/03 7:34:00 ET]
Table 'Lehigh' 6-max Seat #2 is the button
Seat 4: Spac396 ($114.19 in chips) is sitting out
Seat 1: NoonTime1991 ($100 in chips) 
Seat 2: b2k-Snick ($100 in chips) 
Seat 3: Burlica2013 ($147.24 in chips) 
Seat 5: himqa ($133.57 in chips) 
Seat 6: Consig|iori ($162.38 in chips) 
Burlica2013: posts small blind $0.50
himqa: posts big blind $1
*** HOLE CARDS ***
Consig|iori: folds 
NoonTime1991: raises $2 to $3
b2k-Snick: folds 
Burlica2013: folds 
himqa: folds 
Uncalled bet ($2) returned to NoonTime1991
NoonTime1991 collected $2.50 from pot
NoonTime1991: doesn't show hand 
*** SUMMARY ***
Total pot $2.50 | Rake $0 
Seat 4: Spac396
Seat 1: NoonTime1991 collected ($2.50)
Seat 2: b2k-Snick (button) folded before Flop (didn't bet)
Seat 3: Burlica2013 (small blind) folded before Flop
Seat 5: himqa (big blind) folded before Flop
Seat 6: Consig|iori folded before Flop (didn't bet)



PokerStars Hand #254685832265:  Hold'em No Limit ($0.50/$1.00 USD) - 2025/02/03 12:34:13 WET [2025/02/03 7:34:13 ET]
Table 'Lehigh' 6-max Seat #3 is the button
Seat 4: Spac396 ($114.19 in chips) is sitting out
Seat 1: NoonTime1991 ($101.50 in chips) 
Seat 2: b2k-Snick ($100 in chips) 
Seat 3: Burlica2013 ($146.74 in chips) 
Seat 5: himqa ($132.57 in chips) 
Seat 6: Consig|iori ($162.38 in chips) 
himqa: posts small blind $0.50
Consig|iori: posts big blind $1
*** HOLE CARDS ***
NoonTime1991: folds 
b2k-Snick: folds 
Burlica2013: folds 
himqa: folds 
Uncalled bet ($0.50) returned to Consig|iori
Consig|iori collected $1 from pot
Consig|iori: doesn't show hand 
*** SUMMARY ***
Total pot $1 | Rake $0 
Seat 4: Spac396
Seat 1: NoonTime1991 folded before Flop (didn't bet)
Seat 2: b2k-Snick folded before Flop (didn't bet)
Seat 3: Burlica2013 (button) folded before Flop (didn't bet)
Seat 5: himqa (small blind) folded before Flop
Seat 6: Consig|iori (big blind) collected ($1)



PokerStars Hand #254685834360:  Hold'em No Limit ($0.50/$1.00 USD) - 2025/02/03 12:34:29 WET [2025/02/03 7:34:29 ET]
Table 'Lehigh' 6-max Seat #5 is the button
Seat 4: Spac396 ($114.19 in chips) is sitting out
Seat 1: NoonTime1991 ($101.50 in chips) 
Seat 2: b2k-Snick ($100 in chips) 
Seat 3: Burlica2013 ($146.74 in chips) 
Seat 5: himqa ($132.07 in chips) 
Seat 6: Consig|iori ($162.88 in chips) 
Consig|iori: posts small blind $0.50
NoonTime1991: posts big blind $1
*** HOLE CARDS ***
b2k-Snick: folds 
Burlica2013: raises $1.25 to $2.25
himqa: folds 
b2k-Snick leaves the table
Consig|iori: folds 
NoonTime1991: folds 
Uncalled bet ($1.25) returned to Burlica2013
Burlica2013 collected $2.50 from pot
Burlica2013: doesn't show hand 
*** SUMMARY ***
Total pot $2.50 | Rake $0 
Seat 4: Spac396
Seat 1: NoonTime1991 (big blind) folded before Flop
Seat 2: b2k-Snick folded before Flop (didn't bet)
Seat 3: Burlica2013 collected ($2.50)
Seat 5: himqa (button) folded before Flop (didn't bet)
Seat 6: Consig|iori (small blind) folded before Flop



PokerStars Hand #254685840974:  Hold'em No Limit ($0.50/$1.00 USD) - 2025/02/03 12:35:17 WET [2025/02/03 7:35:17 ET]
Table 'Lehigh' 6-max Seat #6 is the button
Seat 4: Spac396 ($114.19 in chips) is sitting out
Seat 1: NoonTime1991 ($100.50 in chips) 
Seat 3: Burlica2013 ($148.24 in chips) 
Seat 5: himqa ($132.07 in chips) 
Seat 6: Consig|iori ($162.38 in chips) 
NoonTime1991: posts small blind $0.50
Burlica2013: posts big blind $1
*** HOLE CARDS ***
himqa: folds 
Consig|iori: folds 
Pippa83 joins the table at seat #2 
NoonTime1991: raises $2 to $3
Burlica2013: folds 
Uncalled bet ($2) returned to NoonTime1991
NoonTime1991 collected $2 from pot
NoonTime1991: doesn't show hand 
*** SUMMARY ***
Total pot $2 | Rake $0 
Seat 4: Spac396
Seat 1: NoonTime1991 (small blind) collected ($2)
Seat 3: Burlica2013 (big blind) folded before Flop
Seat 5: himqa folded before Flop (didn't bet)
Seat 6: Consig|iori (button) folded before Flop (didn't bet)



PokerStars Hand #254685842626:  Hold'em No Limit ($0.50/$1.00 USD) - 2025/02/03 12:35:29 WET [2025/02/03 7:35:29 ET]
Table 'Lehigh' 6-max Seat #1 is the button
Seat 2: Pippa83 ($100 in chips) is sitting out
Seat 4: Spac396 ($114.19 in chips) is sitting out
Seat 1: NoonTime1991 ($101.50 in chips) 
Seat 3: Burlica2013 ($147.24 in chips) 
Seat 5: himqa ($132.07 in chips) 
Seat 6: Consig|iori ($162.38 in chips) 
Burlica2013: posts small blind $0.50
himqa: posts big blind $1
*** HOLE CARDS ***
Consig|iori: raises $1.40 to $2.40
NoonTime1991: folds 
Burlica2013: folds 
himqa: folds 
Uncalled bet ($1.40) returned to Consig|iori
Consig|iori collected $2.50 from pot
Consig|iori: doesn't show hand 
*** SUMMARY ***
Total pot $2.50 | Rake $0 
Seat 2: Pippa83
Seat 4: Spac396
Seat 1: NoonTime1991 (button) folded before Flop (didn't bet)
Seat 3: Burlica2013 (small blind) folded before Flop
Seat 5: himqa (big blind) folded before Flop
Seat 6: Consig|iori collected ($2.50)



PokerStars Hand #254685844667:  Hold'em No Limit ($0.50/$1.00 USD) - 2025/02/03 12:35:44 WET [2025/02/03 7:35:44 ET]
Table 'Lehigh' 6-max Seat #3 is the button
Seat 2: Pippa83 ($100 in chips) is sitting out
Seat 4: Spac396 ($114.19 in chips) is sitting out
Seat 1: NoonTime1991 ($101.50 in chips) 
Seat 3: Burlica2013 ($146.74 in chips) 
Seat 5: himqa ($131.07 in chips) 
Seat 6: Consig|iori ($163.88 in chips) 
himqa: posts small blind $0.50
Consig|iori: posts big blind $1
Pippa83: sits out 
*** HOLE CARDS ***
NoonTime1991: folds 
Burlica2013: folds 
himqa: raises $2 to $3
Consig|iori: folds 
Uncalled bet ($2) returned to himqa
himqa collected $2 from pot
himqa: doesn't show hand 
*** SUMMARY ***
Total pot $2 | Rake $0 
Seat 2: Pippa83
Seat 4: Spac396
Seat 1: NoonTime1991 folded before Flop (didn't bet)
Seat 3: Burlica2013 (button) folded before Flop (didn't bet)
Seat 5: himqa (small blind) collected ($2)
Seat 6: Consig|iori (big blind) folded before Flop



PokerStars Hand #254685847190:  Hold'em No Limit ($0.50/$1.00 USD) - 2025/02/03 12:36:02 WET [2025/02/03 7:36:02 ET]
Table 'Lehigh' 6-max Seat #5 is the button
Seat 1: NoonTime1991 ($101.50 in chips) is sitting out
Seat 4: Spac396 ($114.19 in chips) is sitting out
Seat 2: Pippa83 ($100 in chips) 
Seat 3: Burlica2013 ($146.74 in chips) 
Seat 5: himqa ($132.07 in chips) 
Seat 6: Consig|iori ($162.88 in chips) 
Consig|iori: posts small blind $0.50
NoonTime1991: is sitting out 
Pippa83: posts big blind $1
*** HOLE CARDS ***
Burlica2013: raises $1.25 to $2.25
himqa: folds 
Consig|iori: folds 
Pippa83: calls $1.25
*** FLOP *** [4h 7s 2s]
Pippa83: checks 
Burlica2013: checks 
*** TURN *** [4h 7s 2s] [5h]
NoonTime1991 leaves the table
Pippa83: bets $7.13
Burlica2013: folds 
Uncalled bet ($7.13) returned to Pippa83
Pippa83 collected $4.75 from pot
Pippa83: doesn't show hand 
*** SUMMARY ***
Total pot $5 | Rake $0.25 
Board [4h 7s 2s 5h]
Seat 1: NoonTime1991
Seat 4: Spac396
Seat 2: Pippa83 (big blind) collected ($4.75)
Seat 3: Burlica2013 folded on the Turn
Seat 5: himqa (button) folded before Flop (didn't bet)
Seat 6: Consig|iori (small blind) folded before Flop



PokerStars Hand #254685851856:  Hold'em No Limit ($0.50/$1.00 USD) - 2025/02/03 12:36:36 WET [2025/02/03 7:36:36 ET]
Table 'Lehigh' 6-max Seat #6 is the button
Seat 3: Burlica2013 ($144.49 in chips) is sitting out
Seat 4: Spac396 ($114.19 in chips) is sitting out
Seat 2: Pippa83 ($102.50 in chips) 
Seat 5: himqa ($132.07 in chips) 
Seat 6: Consig|iori ($162.38 in chips) 
Pippa83: posts small blind $0.50
Burlica2013: is sitting out 
himqa: posts big blind $1
*** HOLE CARDS ***
Consig|iori: raises $1.40 to $2.40
Pippa83: folds 
himqa: calls $1.40
*** FLOP *** [Jd Ts 6s]
himqa: checks 
Consig|iori: bets $3.28
himqa: folds 
Uncalled bet ($3.28) returned to Consig|iori
value_ftw joins the table at seat #1 
Consig|iori collected $5.04 from pot
Consig|iori: doesn't show hand 
*** SUMMARY ***
Total pot $5.30 | Rake $0.26 
Board [Jd Ts 6s]
Seat 3: Burlica2013
Seat 4: Spac396
Seat 2: Pippa83 (small blind) folded before Flop
Seat 5: himqa (big blind) folded on the Flop
Seat 6: Consig|iori (button) collected ($5.04)



PokerStars Hand #254685855835:  Hold'em No Limit ($0.50/$1.00 USD) - 2025/02/03 12:37:04 WET [2025/02/03 7:37:04 ET]
Table 'Lehigh' 6-max Seat #2 is the button
Seat 3: Burlica2013 ($144.49 in chips) is sitting out
Seat 4: Spac396 ($114.19 in chips) is sitting out
Seat 6: Consig|iori ($165.02 in chips) is sitting out
Seat 1: value_ftw ($100 in chips) 
Seat 2: Pippa83 ($102 in chips) 
Seat 5: himqa ($129.67 in chips) 
himqa: posts small blind $0.50
Consig|iori: is sitting out 
value_ftw: posts big blind $1
*** HOLE CARDS ***
Consig|iori leaves the table
Pippa83: folds 
himqa: folds 
Uncalled bet ($0.50) returned to value_ftw
value_ftw collected $1 from pot
value_ftw: doesn't show hand 
*** SUMMARY ***
Total pot $1 | Rake $0 
Seat 3: Burlica2013
Seat 4: Spac396
Seat 6: Consig|iori
Seat 1: value_ftw (big blind) collected ($1)
Seat 2: Pippa83 (button) folded before Flop (didn't bet)
Seat 5: himqa (small blind) folded before Flop



PokerStars Hand #254685858435:  Hold'em No Limit ($0.50/$1.00 USD) - 2025/02/03 12:37:23 WET [2025/02/03 7:37:23 ET]
Table 'Lehigh' 6-max Seat #5 is the button
Seat 3: Burlica2013 ($144.49 in chips) is sitting out
Seat 4: Spac396 ($114.19 in chips) is sitting out
Seat 1: value_ftw ($100.50 in chips) 
Seat 2: Pippa83 ($102 in chips) 
Seat 5: himqa ($129.17 in chips) 
value_ftw: posts small blind $0.50
Pippa83: posts big blind $1
Burlica2013: sits out 
*** HOLE CARDS ***
Rdalonso joins the table at seat #6 
himqa: raises $1.50 to $2.50
value_ftw: folds 
Pippa83: calls $1.50
*** FLOP *** [Jc 2s 6s]
Pippa83: checks 
himqa: bets $1.72
Pippa83: folds 
Uncalled bet ($1.72) returned to himqa
himqa collected $5.22 from pot
himqa: doesn't show hand 
*** SUMMARY ***
Total pot $5.50 | Rake $0.28 
Board [Jc 2s 6s]
Seat 3: Burlica2013
Seat 4: Spac396
Seat 1: value_ftw (small blind) folded before Flop
Seat 2: Pippa83 (big blind) folded on the Flop
Seat 5: himqa (button) collected ($5.22)



PokerStars Hand #254685865073:  Hold'em No Limit ($0.50/$1.00 USD) - 2025/02/03 12:38:11 WET [2025/02/03 7:38:11 ET]
Table 'Lehigh' 6-max Seat #1 is the button
Seat 4: Spac396 ($114.19 in chips) is sitting out
Seat 6: Rdalonso ($100 in chips) is sitting out
Seat 1: value_ftw ($100 in chips) 
Seat 2: Pippa83 ($100 in chips) 
Seat 3: Burlica2013 ($144.49 in chips) 
Seat 5: himqa ($131.89 in chips) 
Pippa83: posts small blind $0.50
Burlica2013: posts big blind $1
Rdalonso: sits out 
*** HOLE CARDS ***
himqa: folds 
value_ftw: folds 
Pippa83: folds 
Uncalled bet ($0.50) returned to Burlica2013
Burlica2013 collected $1 from pot
Burlica2013: doesn't show hand 
*** SUMMARY ***
Total pot $1 | Rake $0 
Seat 4: Spac396
Seat 6: Rdalonso
Seat 1: value_ftw (button) folded before Flop (didn't bet)
Seat 2: Pippa83 (small blind) folded before Flop
Seat 3: Burlica2013 (big blind) collected ($1)
Seat 5: himqa folded before Flop (didn't bet)



PokerStars Hand #254685891393:  Hold'em No Limit ($0.50/$1.00 USD) - 2025/02/03 12:41:16 WET [2025/02/03 7:41:16 ET]
Table 'Lehigh' 6-max Seat #6 is the button
Seat 1: value_ftw ($100 in chips) 
Seat 2: Pippa83 ($104.66 in chips) 
Seat 3: Burlica2013 ($144.49 in chips) 
Seat 4: Spac396 ($90.90 in chips) 
Seat 5: himqa ($156.63 in chips) 
Seat 6: Rdalonso ($102.48 in chips) 
value_ftw: posts small blind $0.50
Pippa83: posts big blind $1
*** HOLE CARDS ***
Burlica2013: raises $1.20 to $2.20
Spac396: folds 
himqa: folds 
Rdalonso: folds 
value_ftw: folds 
Pippa83: folds 
Uncalled bet ($1.20) returned to Burlica2013
Burlica2013 collected $2.50 from pot
Burlica2013: doesn't show hand 
*** SUMMARY ***
Total pot $2.50 | Rake $0 
Seat 1: value_ftw (small blind) folded before Flop
Seat 2: Pippa83 (big blind) folded before Flop
Seat 3: Burlica2013 collected ($2.50)
Seat 4: Spac396 folded before Flop (didn't bet)
Seat 5: himqa folded before Flop (didn't bet)
Seat 6: Rdalonso (button) folded before Flop (didn't bet)



PokerStars Hand #254685894114:  Hold'em No Limit ($0.50/$1.00 USD) - 2025/02/03 12:41:35 WET [2025/02/03 7:41:35 ET]
Table 'Lehigh' 6-max Seat #1 is the button
Seat 1: value_ftw ($100 in chips) 
Seat 2: Pippa83 ($103.66 in chips) 
Seat 4: Spac396 ($90.90 in chips) 
Seat 5: himqa ($156.63 in chips) 
Seat 6: Rdalonso ($102.48 in chips) 
Pippa83: posts small blind $0.50
Spac396: posts big blind $1
*** HOLE CARDS ***
himqa: raises $1.50 to $2.50
Rdalonso: folds 
value_ftw: folds 
Pippa83: folds 
Spac396: calls $1.50
*** FLOP *** [6d 3s 2h]
Spac396: checks 
himqa: checks 
*** TURN *** [6d 3s 2h] [6s]
Spac396: checks 
himqa: bets $2.61
Spac396: calls $2.61
*** RIVER *** [6d 3s 2h 6s] [6c]
Spac396: bets $6
derek5858 joins the table at seat #3 
himqa: folds 
Uncalled bet ($6) returned to Spac396
Spac396 collected $10.18 from pot
*** SUMMARY ***
Total pot $10.72 | Rake $0.54 
Board [6d 3s 2h 6s 6c]
Seat 1: value_ftw (button) folded before Flop (didn't bet)
Seat 2: Pippa83 (small blind) folded before Flop
Seat 4: Spac396 (big blind) collected ($10.18)
Seat 5: himqa folded on the River
Seat 6: Rdalonso folded before Flop (didn't bet)



PokerStars Hand #254685904708:  Hold'em No Limit ($0.50/$1.00 USD) - 2025/02/03 12:42:48 WET [2025/02/03 7:42:48 ET]
Table 'Lehigh' 6-max Seat #2 is the button
Seat 3: derek5858 ($100 in chips) is sitting out
Seat 1: value_ftw ($100 in chips) 
Seat 2: Pippa83 ($103.16 in chips) 
Seat 4: Spac396 ($100 in chips) 
Seat 5: himqa ($151.52 in chips) 
Seat 6: Rdalonso ($102.48 in chips) 
Spac396: posts small blind $0.50
himqa: posts big blind $1
*** HOLE CARDS ***
Rdalonso: folds 
value_ftw: folds 
Pippa83: raises $1.50 to $2.50
Spac396: folds 
himqa: folds 
Uncalled bet ($1.50) returned to Pippa83
Pippa83 collected $2.50 from pot
Pippa83: doesn't show hand 
*** SUMMARY ***
Total pot $2.50 | Rake $0 
Seat 3: derek5858
Seat 1: value_ftw folded before Flop (didn't bet)
Seat 2: Pippa83 (button) collected ($2.50)
Seat 4: Spac396 (small blind) folded before Flop
Seat 5: himqa (big blind) folded before Flop
Seat 6: Rdalonso folded before Flop (didn't bet)



PokerStars Hand #254685906961:  Hold'em No Limit ($0.50/$1.00 USD) - 2025/02/03 12:43:03 WET [2025/02/03 7:43:03 ET]
Table 'Lehigh' 6-max Seat #4 is the button
Seat 3: derek5858 ($100 in chips) is sitting out
Seat 1: value_ftw ($100 in chips) 
Seat 2: Pippa83 ($104.66 in chips) 
Seat 4: Spac396 ($99.50 in chips) 
Seat 5: himqa ($150.52 in chips) 
Seat 6: Rdalonso ($102.48 in chips) 
himqa: posts small blind $0.50
Rdalonso: posts big blind $1
derek5858: sits out 
*** HOLE CARDS ***
value_ftw: folds 
Pippa83: folds 
Spac396: calls $1
himqa: raises $3 to $4
Rdalonso: calls $3
Spac396: calls $3
*** FLOP *** [Td Tc Th]
himqa: checks 
Rdalonso: checks 
Spac396: checks 
*** TURN *** [Td Tc Th] [4d]
himqa: checks 
Rdalonso: bets $8.55
Spac396: calls $8.55
himqa: folds 
*** RIVER *** [Td Tc Th 4d] [Qc]
Rdalonso: bets $22.63
Spac396: folds 
Uncalled bet ($22.63) returned to Rdalonso
Rdalonso collected $27.64 from pot
Rdalonso: doesn't show hand 
*** SUMMARY ***
Total pot $29.10 | Rake $1.46 
Board [Td Tc Th 4d Qc]
Seat 3: derek5858
Seat 1: value_ftw folded before Flop (didn't bet)
Seat 2: Pippa83 folded before Flop (didn't bet)
Seat 4: Spac396 (button) folded on the River
Seat 5: himqa (small blind) folded on the Turn
Seat 6: Rdalonso (big blind) collected ($27.64)



PokerStars Hand #254685917465:  Hold'em No Limit ($0.50/$1.00 USD) - 2025/02/03 12:44:16 WET [2025/02/03 7:44:16 ET]
Table 'Lehigh' 6-max Seat #5 is the button
Seat 3: derek5858 ($100 in chips) is sitting out
Seat 1: value_ftw ($100 in chips) 
Seat 2: Pippa83 ($104.66 in chips) 
Seat 4: Spac396 ($86.95 in chips) 
Seat 5: himqa ($146.52 in chips) 
Seat 6: Rdalonso ($117.57 in chips) 
Rdalonso: posts small blind $0.50
value_ftw: posts big blind $1
derek5858: sits out 
*** HOLE CARDS ***
Pippa83: raises $1.20 to $2.20
Spac396: folds 
himqa: folds 
Rdalonso: folds 
value_ftw: calls $1.20
*** FLOP *** [Js Jc 5d]
value_ftw: checks 
Pippa83: bets $1.54
value_ftw: folds 
Uncalled bet ($1.54) returned to Pippa83
Pippa83 collected $4.66 from pot
Pippa83: doesn't show hand 
*** SUMMARY ***
Total pot $4.90 | Rake $0.24 
Board [Js Jc 5d]
Seat 3: derek5858
Seat 1: value_ftw (big blind) folded on the Flop
Seat 2: Pippa83 collected ($4.66)
Seat 4: Spac396 folded before Flop (didn't bet)
Seat 5: himqa (button) folded before Flop (didn't bet)
Seat 6: Rdalonso (small blind) folded before Flop



PokerStars Hand #254685924088:  Hold'em No Limit ($0.50/$1.00 USD) - 2025/02/03 12:45:01 WET [2025/02/03 7:45:01 ET]
Table 'Lehigh' 6-max Seat #6 is the button
Seat 3: derek5858 ($100 in chips) is sitting out
Seat 1: value_ftw ($100 in chips) 
Seat 2: Pippa83 ($107.12 in chips) 
Seat 4: Spac396 ($100 in chips) 
Seat 5: himqa ($146.52 in chips) 
Seat 6: Rdalonso ($117.07 in chips) 
value_ftw: posts small blind $0.50
Pippa83: posts big blind $1
derek5858: sits out 
*** HOLE CARDS ***
Spac396: calls $1
himqa: folds 
Rdalonso: folds 
value_ftw: raises $3 to $4
Pippa83: folds 
Spac396: calls $3
*** FLOP *** [Kh Js 9s]
value_ftw: bets $4.28
Spac396: calls $4.28
*** TURN *** [Kh Js 9s] [3s]
value_ftw: bets $8.34
Spac396: calls $8.34
*** RIVER *** [Kh Js 9s 3s] [6s]
value_ftw: checks 
Spac396: bets $17
value_ftw: folds 
Uncalled bet ($17) returned to Spac396
Spac396 collected $32.53 from pot
*** SUMMARY ***
Total pot $34.24 | Rake $1.71 
Board [Kh Js 9s 3s 6s]
Seat 3: derek5858
Seat 1: value_ftw (small blind) folded on the River
Seat 2: Pippa83 (big blind) folded before Flop
Seat 4: Spac396 collected ($32.53)
Seat 5: himqa folded before Flop (didn't bet)
Seat 6: Rdalonso (button) folded before Flop (didn't bet)



PokerStars Hand #254685930393:  Hold'em No Limit ($0.50/$1.00 USD) - 2025/02/03 12:45:45 WET [2025/02/03 7:45:45 ET]
Table 'Lehigh' 6-max Seat #1 is the button
Seat 1: value_ftw ($100 in chips) 
Seat 2: Pippa83 ($106.12 in chips) 
Seat 3: derek5858 ($100 in chips) 
Seat 4: Spac396 ($115.91 in chips) 
Seat 5: himqa ($146.52 in chips) 
Seat 6: Rdalonso ($117.07 in chips) 
Pippa83: posts small blind $0.50
derek5858: posts big blind $1
*** HOLE CARDS ***
Spac396: calls $1
himqa: folds 
Rdalonso: folds 
value_ftw: raises $3.50 to $4.50
Pippa83: folds 
derek5858: folds 
Spac396: calls $3.50
*** FLOP *** [8h Kd 3h]
Spac396: checks 
value_ftw: bets $4.99
Spac396: folds 
Uncalled bet ($4.99) returned to value_ftw
value_ftw collected $9.98 from pot
value_ftw: doesn't show hand 
*** SUMMARY ***
Total pot $10.50 | Rake $0.52 
Board [8h Kd 3h]
Seat 1: value_ftw (button) collected ($9.98)
Seat 2: Pippa83 (small blind) folded before Flop
Seat 3: derek5858 (big blind) folded before Flop
Seat 4: Spac396 folded on the Flop
Seat 5: himqa folded before Flop (didn't bet)
Seat 6: Rdalonso folded before Flop (didn't bet)



PokerStars Hand #254685934198:  Hold'em No Limit ($0.50/$1.00 USD) - 2025/02/03 12:46:11 WET [2025/02/03 7:46:11 ET]
Table 'Lehigh' 6-max Seat #2 is the button
Seat 1: value_ftw ($105.48 in chips) 
Seat 2: Pippa83 ($105.62 in chips) 
Seat 3: derek5858 ($100 in chips) 
Seat 4: Spac396 ($111.41 in chips) 
Seat 5: himqa ($146.52 in chips) 
Seat 6: Rdalonso ($117.07 in chips) 
derek5858: posts small blind $0.50
Spac396: posts big blind $1
*** HOLE CARDS ***
himqa: folds 
Rdalonso: raises $1.50 to $2.50
value_ftw: folds 
Pippa83: folds 
derek5858: folds 
Spac396: folds 
Uncalled bet ($1.50) returned to Rdalonso
Rdalonso collected $2.50 from pot
Rdalonso: doesn't show hand 
*** SUMMARY ***
Total pot $2.50 | Rake $0 
Seat 1: value_ftw folded before Flop (didn't bet)
Seat 2: Pippa83 (button) folded before Flop (didn't bet)
Seat 3: derek5858 (small blind) folded before Flop
Seat 4: Spac396 (big blind) folded before Flop
Seat 5: himqa folded before Flop (didn't bet)
Seat 6: Rdalonso collected ($2.50)



PokerStars Hand #254685938579:  Hold'em No Limit ($0.50/$1.00 USD) - 2025/02/03 12:46:41 WET [2025/02/03 7:46:41 ET]
Table 'Lehigh' 6-max Seat #3 is the button
Seat 1: value_ftw ($105.48 in chips) 
Seat 2: Pippa83 ($105.62 in chips) 
Seat 3: derek5858 ($100 in chips) 
Seat 4: Spac396 ($110.41 in chips) 
Seat 5: himqa ($146.52 in chips) 
Seat 6: Rdalonso ($118.57 in chips) 
Spac396: posts small blind $0.50
himqa: posts big blind $1
*** HOLE CARDS ***
Rdalonso: folds 
value_ftw: folds 
Pippa83: folds 
derek5858: raises $1.50 to $2.50
Spac396: calls $2
himqa: raises $10.50 to $13
derek5858 has timed out
derek5858: folds 
Spac396: calls $10.50
*** FLOP *** [Qc 9h 6h]
Spac396: checks 
himqa: bets $9.94
Spac396: raises $87.47 to $97.41 and is all-in
himqa: calls $87.47
*** TURN *** [Qc 9h 6h] [2c]
*** RIVER *** [Qc 9h 6h 2c] [2h]
*** SHOW DOWN ***
Spac396: shows [Qd 8d] (two pair, Queens and Deuces)
himqa: shows [9d 9s] (a full house, Nines full of Deuces)
himqa collected $220.82 from pot
Spac396 cashed out the hand for $13.34 | Cash Out Fee $0.27
*** SUMMARY ***
Total pot $223.32 | Rake $2.50 
Board [Qc 9h 6h 2c 2h]
Seat 1: value_ftw folded before Flop (didn't bet)
Seat 2: Pippa83 folded before Flop (didn't bet)
Seat 3: derek5858 (button) folded before Flop
Seat 4: Spac396 (small blind) showed [Qd 8d] and lost with two pair, Queens and Deuces (cashed out).
Seat 5: himqa (big blind) showed [9d 9s] and won ($220.82) with a full house, Nines full of Deuces
Seat 6: Rdalonso folded before Flop (didn't bet)



PokerStars Hand #254685949922:  Hold'em No Limit ($0.50/$1.00 USD) - 2025/02/03 12:47:58 WET [2025/02/03 7:47:58 ET]
Table 'Lehigh' 6-max Seat #4 is the button
Seat 1: value_ftw ($105.48 in chips) 
Seat 2: Pippa83 ($105.62 in chips) 
Seat 3: derek5858 ($100 in chips) 
Seat 4: Spac396 ($13.34 in chips) 
Seat 5: himqa ($256.93 in chips) 
Seat 6: Rdalonso ($118.57 in chips) 
himqa: posts small blind $0.50
Rdalonso: posts big blind $1
*** HOLE CARDS ***
value_ftw: folds 
Pippa83: folds 
derek5858: folds 
Spac396: calls $1
himqa: folds 
Rdalonso: raises $21 to $22
Spac396: calls $12.34 and is all-in
Uncalled bet ($8.66) returned to Rdalonso
*** FLOP *** [9d 2d 4s]
*** TURN *** [9d 2d 4s] [3s]
*** RIVER *** [9d 2d 4s 3s] [Qc]
*** SHOW DOWN ***
Rdalonso: shows [Ah 8s] (high card Ace)
Spac396: shows [Kc Kh] (a pair of Kings)
Spac396 collected $25.82 from pot
*** SUMMARY ***
Total pot $27.18 | Rake $1.36 
Board [9d 2d 4s 3s Qc]
Seat 1: value_ftw folded before Flop (didn't bet)
Seat 2: Pippa83 folded before Flop (didn't bet)
Seat 3: derek5858 folded before Flop (didn't bet)
Seat 4: Spac396 (button) showed [Kc Kh] and won ($25.82) with a pair of Kings
Seat 5: himqa (small blind) folded before Flop
Seat 6: Rdalonso (big blind) showed [Ah 8s] and lost with high card Ace



PokerStars Hand #254685954767:  Hold'em No Limit ($0.50/$1.00 USD) - 2025/02/03 12:48:31 WET [2025/02/03 7:48:31 ET]
Table 'Lehigh' 6-max Seat #5 is the button
Seat 1: value_ftw ($105.48 in chips) 
Seat 2: Pippa83 ($105.62 in chips) 
Seat 3: derek5858 ($100 in chips) 
Seat 4: Spac396 ($100 in chips) 
Seat 5: himqa ($256.43 in chips) 
Seat 6: Rdalonso ($105.23 in chips) 
Rdalonso: posts small blind $0.50
value_ftw: posts big blind $1
*** HOLE CARDS ***
Pippa83: raises $1.20 to $2.20
derek5858: folds 
Spac396: folds 
himqa: folds 
Rdalonso: folds 
value_ftw: folds 
Uncalled bet ($1.20) returned to Pippa83
Pippa83 collected $2.50 from pot
Pippa83: doesn't show hand 
*** SUMMARY ***
Total pot $2.50 | Rake $0 
Seat 1: value_ftw (big blind) folded before Flop
Seat 2: Pippa83 collected ($2.50)
Seat 3: derek5858 folded before Flop (didn't bet)
Seat 4: Spac396 folded before Flop (didn't bet)
Seat 5: himqa (button) folded before Flop (didn't bet)
Seat 6: Rdalonso (small blind) folded before Flop



PokerStars Hand #254685956988:  Hold'em No Limit ($0.50/$1.00 USD) - 2025/02/03 12:48:47 WET [2025/02/03 7:48:47 ET]
Table 'Lehigh' 6-max Seat #6 is the button
Seat 1: value_ftw ($104.48 in chips) 
Seat 2: Pippa83 ($107.12 in chips) 
Seat 3: derek5858 ($100 in chips) 
Seat 4: Spac396 ($100 in chips) 
Seat 5: himqa ($256.43 in chips) 
Seat 6: Rdalonso ($104.73 in chips) 
value_ftw: posts small blind $0.50
Pippa83: posts big blind $1
*** HOLE CARDS ***
derek5858: folds 
Spac396: calls $1
himqa: raises $3 to $4
Rdalonso: calls $4
value_ftw: folds 
Pippa83: folds 
Spac396: calls $3
*** FLOP *** [Tc Ad Jc]
Spac396: checks 
himqa: checks 
Rdalonso: checks 
*** TURN *** [Tc Ad Jc] [2h]
Spac396: checks 
himqa: bets $4.23
Rdalonso: folds 
Spac396: calls $4.23
*** RIVER *** [Tc Ad Jc 2h] [Qd]
Spac396: checks 
himqa: checks 
*** SHOW DOWN ***
Spac396: shows [7d 7c] (a pair of Sevens)
himqa: shows [7s As] (a pair of Aces)
himqa collected $20.86 from pot
*** SUMMARY ***
Total pot $21.96 | Rake $1.10 
Board [Tc Ad Jc 2h Qd]
Seat 1: value_ftw (small blind) folded before Flop
Seat 2: Pippa83 (big blind) folded before Flop
Seat 3: derek5858 folded before Flop (didn't bet)
Seat 4: Spac396 showed [7d 7c] and lost with a pair of Sevens
Seat 5: himqa showed [7s As] and won ($20.86) with a pair of Aces
Seat 6: Rdalonso (button) folded on the Turn



PokerStars Hand #254685965003:  Hold'em No Limit ($0.50/$1.00 USD) - 2025/02/03 12:49:42 WET [2025/02/03 7:49:42 ET]
Table 'Lehigh' 6-max Seat #1 is the button
Seat 1: value_ftw ($103.98 in chips) 
Seat 2: Pippa83 ($106.12 in chips) 
Seat 3: derek5858 ($100 in chips) 
Seat 4: Spac396 ($91.77 in chips) 
Seat 5: himqa ($269.06 in chips) 
Seat 6: Rdalonso ($100.73 in chips) 
Pippa83: posts small blind $0.50
derek5858: posts big blind $1
*** HOLE CARDS ***
Spac396: calls $1
himqa: raises $3 to $4
Rdalonso: raises $8 to $12
value_ftw: folds 
Pippa83: folds 
derek5858: folds 
Spac396: calls $11
himqa: folds 
*** FLOP *** [Th Qc 6s]
Spac396: checks 
Rdalonso: bets $9.25
Spac396: calls $9.25
*** TURN *** [Th Qc 6s] [9s]
Spac396: checks 
Rdalonso: bets $79.48 and is all-in
Spac396: calls $70.52 and is all-in
Uncalled bet ($8.96) returned to Rdalonso
*** RIVER *** [Th Qc 6s 9s] [4s]
*** SHOW DOWN ***
Spac396: shows [Ks Kc] (a pair of Kings)
Rdalonso: shows [Qh Kh] (a pair of Queens)
Spac396 collected $186.54 from pot
*** SUMMARY ***
Total pot $189.04 | Rake $2.50 
Board [Th Qc 6s 9s 4s]
Seat 1: value_ftw (button) folded before Flop (didn't bet)
Seat 2: Pippa83 (small blind) folded before Flop
Seat 3: derek5858 (big blind) folded before Flop
Seat 4: Spac396 showed [Ks Kc] and won ($186.54) with a pair of Kings
Seat 5: himqa folded before Flop
Seat 6: Rdalonso showed [Qh Kh] and lost with a pair of Queens



PokerStars Hand #254685976248:  Hold'em No Limit ($0.50/$1.00 USD) - 2025/02/03 12:50:59 WET [2025/02/03 7:50:59 ET]
Table 'Lehigh' 6-max Seat #2 is the button
Seat 1: value_ftw ($103.98 in chips) 
Seat 2: Pippa83 ($105.62 in chips) 
Seat 3: derek5858 ($100 in chips) 
Seat 4: Spac396 ($186.54 in chips) 
Seat 5: himqa ($265.06 in chips) 
Seat 6: Rdalonso ($100 in chips) 
derek5858: posts small blind $0.50
Spac396: posts big blind $1
*** HOLE CARDS ***
himqa: folds 
Rdalonso: folds 
value_ftw: folds 
Pippa83: folds 
derek5858: folds 
Uncalled bet ($0.50) returned to Spac396
Spac396 collected $1 from pot
*** SUMMARY ***
Total pot $1 | Rake $0 
Seat 1: value_ftw folded before Flop (didn't bet)
Seat 2: Pippa83 (button) folded before Flop (didn't bet)
Seat 3: derek5858 (small blind) folded before Flop
Seat 4: Spac396 (big blind) collected ($1)
Seat 5: himqa folded before Flop (didn't bet)
Seat 6: Rdalonso folded before Flop (didn't bet)



PokerStars Hand #254685978187:  Hold'em No Limit ($0.50/$1.00 USD) - 2025/02/03 12:51:12 WET [2025/02/03 7:51:12 ET]
Table 'Lehigh' 6-max Seat #3 is the button
Seat 1: value_ftw ($103.98 in chips) 
Seat 2: Pippa83 ($105.62 in chips) 
Seat 3: derek5858 ($100 in chips) 
Seat 4: Spac396 ($187.04 in chips) 
Seat 5: himqa ($265.06 in chips) 
Seat 6: Rdalonso ($100 in chips) 
Spac396: posts small blind $0.50
himqa: posts big blind $1
*** HOLE CARDS ***
Rdalonso: folds 
value_ftw: folds 
Pippa83: folds 
derek5858: raises $1.50 to $2.50
Spac396: calls $2
himqa: folds 
*** FLOP *** [7h 9h 7s]
Spac396: checks 
derek5858: checks 
*** TURN *** [7h 9h 7s] [2c]
Spac396: checks 
derek5858: checks 
*** RIVER *** [7h 9h 7s 2c] [9d]
Spac396: checks 
derek5858: checks 
*** SHOW DOWN ***
Spac396: shows [8d 5d] (two pair, Nines and Sevens)
derek5858: shows [Ah 5c] (two pair, Nines and Sevens - Ace kicker)
derek5858 collected $5.70 from pot
*** SUMMARY ***
Total pot $6 | Rake $0.30 
Board [7h 9h 7s 2c 9d]
Seat 1: value_ftw folded before Flop (didn't bet)
Seat 2: Pippa83 folded before Flop (didn't bet)
Seat 3: derek5858 (button) showed [Ah 5c] and won ($5.70) with two pair, Nines and Sevens
Seat 4: Spac396 (small blind) showed [8d 5d] and lost with two pair, Nines and Sevens
Seat 5: himqa (big blind) folded before Flop
Seat 6: Rdalonso folded before Flop (didn't bet)



PokerStars Hand #254685986499:  Hold'em No Limit ($0.50/$1.00 USD) - 2025/02/03 12:52:07 WET [2025/02/03 7:52:07 ET]
Table 'Lehigh' 6-max Seat #4 is the button
Seat 1: value_ftw ($103.98 in chips) 
Seat 2: Pippa83 ($105.62 in chips) 
Seat 3: derek5858 ($103.20 in chips) 
Seat 4: Spac396 ($184.54 in chips) 
Seat 5: himqa ($264.06 in chips) 
Seat 6: Rdalonso ($100 in chips) 
himqa: posts small blind $0.50
Rdalonso: posts big blind $1
*** HOLE CARDS ***
value_ftw: folds 
Pippa83: folds 
derek5858: folds 
Spac396: calls $1
himqa: folds 
Rdalonso: checks 
*** FLOP *** [2h 3d 7d]
Rdalonso: bets $1.78
Spac396: folds 
Uncalled bet ($1.78) returned to Rdalonso
Rdalonso collected $2.38 from pot
Rdalonso: doesn't show hand 
*** SUMMARY ***
Total pot $2.50 | Rake $0.12 
Board [2h 3d 7d]
Seat 1: value_ftw folded before Flop (didn't bet)
Seat 2: Pippa83 folded before Flop (didn't bet)
Seat 3: derek5858 folded before Flop (didn't bet)
Seat 4: Spac396 (button) folded on the Flop
Seat 5: himqa (small blind) folded before Flop
Seat 6: Rdalonso (big blind) collected ($2.38)



PokerStars Hand #254685989776:  Hold'em No Limit ($0.50/$1.00 USD) - 2025/02/03 12:52:29 WET [2025/02/03 7:52:29 ET]
Table 'Lehigh' 6-max Seat #5 is the button
Seat 1: value_ftw ($103.98 in chips) 
Seat 2: Pippa83 ($105.62 in chips) 
Seat 3: derek5858 ($103.20 in chips) 
Seat 4: Spac396 ($183.54 in chips) 
Seat 5: himqa ($263.56 in chips) 
Seat 6: Rdalonso ($101.38 in chips) 
Rdalonso: posts small blind $0.50
value_ftw: posts big blind $1
*** HOLE CARDS ***
Pippa83: folds 
derek5858: folds 
Spac396: calls $1
himqa: folds 
Rdalonso: calls $0.50
value_ftw: checks 
*** FLOP *** [5h 7s 7d]
Rdalonso: checks 
value_ftw: checks 
Spac396: checks 
*** TURN *** [5h 7s 7d] [Ad]
Rdalonso: checks 
value_ftw: checks 
Spac396: checks 
*** RIVER *** [5h 7s 7d Ad] [4d]
Rdalonso: checks 
value_ftw: checks 
Spac396: bets $3
Rdalonso: folds 
value_ftw: folds 
Uncalled bet ($3) returned to Spac396
Spac396 collected $2.85 from pot
*** SUMMARY ***
Total pot $3 | Rake $0.15 
Board [5h 7s 7d Ad 4d]
Seat 1: value_ftw (big blind) folded on the River
Seat 2: Pippa83 folded before Flop (didn't bet)
Seat 3: derek5858 folded before Flop (didn't bet)
Seat 4: Spac396 collected ($2.85)
Seat 5: himqa (button) folded before Flop (didn't bet)
Seat 6: Rdalonso (small blind) folded on the River



PokerStars Hand #254685998594:  Hold'em No Limit ($0.50/$1.00 USD) - 2025/02/03 12:53:29 WET [2025/02/03 7:53:29 ET]
Table 'Lehigh' 6-max Seat #6 is the button
Seat 1: value_ftw ($102.98 in chips) 
Seat 2: Pippa83 ($105.62 in chips) 
Seat 3: derek5858 ($103.20 in chips) 
Seat 4: Spac396 ($185.39 in chips) 
Seat 5: himqa ($263.56 in chips) 
Seat 6: Rdalonso ($100.38 in chips) 
value_ftw: posts small blind $0.50
Pippa83: posts big blind $1
*** HOLE CARDS ***
derek5858: folds 
Spac396: folds 
himqa: raises $1.50 to $2.50
Rdalonso: folds 
value_ftw: folds 
Pippa83: folds 
Uncalled bet ($1.50) returned to himqa
himqa collected $2.50 from pot
himqa: doesn't show hand 
*** SUMMARY ***
Total pot $2.50 | Rake $0 
Seat 1: value_ftw (small blind) folded before Flop
Seat 2: Pippa83 (big blind) folded before Flop
Seat 3: derek5858 folded before Flop (didn't bet)
Seat 4: Spac396 folded before Flop (didn't bet)
Seat 5: himqa collected ($2.50)
Seat 6: Rdalonso (button) folded before Flop (didn't bet)



PokerStars Hand #254686002639:  Hold'em No Limit ($0.50/$1.00 USD) - 2025/02/03 12:53:56 WET [2025/02/03 7:53:56 ET]
Table 'Lehigh' 6-max Seat #1 is the button
Seat 1: value_ftw ($102.48 in chips) 
Seat 2: Pippa83 ($104.62 in chips) 
Seat 3: derek5858 ($103.20 in chips) 
Seat 4: Spac396 ($185.39 in chips) 
Seat 5: himqa ($265.06 in chips) 
Seat 6: Rdalonso ($100.38 in chips) 
Pippa83: posts small blind $0.50
derek5858: posts big blind $1
*** HOLE CARDS ***
Spac396: calls $1
himqa: folds 
Rdalonso: folds 
value_ftw: folds 
Pippa83: raises $4 to $5
derek5858: folds 
Spac396: raises $180.39 to $185.39 and is all-in
Pippa83: folds 
Uncalled bet ($180.39) returned to Spac396
Spac396 collected $11 from pot
*** SUMMARY ***
Total pot $11 | Rake $0 
Seat 1: value_ftw (button) folded before Flop (didn't bet)
Seat 2: Pippa83 (small blind) folded before Flop
Seat 3: derek5858 (big blind) folded before Flop
Seat 4: Spac396 collected ($11)
Seat 5: himqa folded before Flop (didn't bet)
Seat 6: Rdalonso folded before Flop (didn't bet)



PokerStars Hand #254686006712:  Hold'em No Limit ($0.50/$1.00 USD) - 2025/02/03 12:54:24 WET [2025/02/03 7:54:24 ET]
Table 'Lehigh' 6-max Seat #2 is the button
Seat 1: value_ftw ($102.48 in chips) 
Seat 2: Pippa83 ($100 in chips) 
Seat 3: derek5858 ($102.20 in chips) 
Seat 4: Spac396 ($191.39 in chips) 
Seat 5: himqa ($265.06 in chips) 
Seat 6: Rdalonso ($100.38 in chips) 
derek5858: posts small blind $0.50
Spac396: posts big blind $1
*** HOLE CARDS ***
himqa: folds 
Rdalonso: folds 
value_ftw: folds 
Pippa83: raises $1.50 to $2.50
derek5858: folds 
Spac396: calls $1.50
*** FLOP *** [Qs 3c Jh]
Spac396: checks 
Pippa83: checks 
*** TURN *** [Qs 3c Jh] [4s]
Spac396: checks 
Pippa83: bets $1.72
Spac396: calls $1.72
*** RIVER *** [Qs 3c Jh 4s] [2h]
Spac396: bets $5
Pippa83: calls $5
*** SHOW DOWN ***
Spac396: shows [7c 7h] (a pair of Sevens)
Pippa83: shows [8d Jd] (a pair of Jacks)
Pippa83 collected $17.99 from pot
*** SUMMARY ***
Total pot $18.94 | Rake $0.95 
Board [Qs 3c Jh 4s 2h]
Seat 1: value_ftw folded before Flop (didn't bet)
Seat 2: Pippa83 (button) showed [8d Jd] and won ($17.99) with a pair of Jacks
Seat 3: derek5858 (small blind) folded before Flop
Seat 4: Spac396 (big blind) showed [7c 7h] and lost with a pair of Sevens
Seat 5: himqa folded before Flop (didn't bet)
Seat 6: Rdalonso folded before Flop (didn't bet)



PokerStars Hand #254686013851:  Hold'em No Limit ($0.50/$1.00 USD) - 2025/02/03 12:55:12 WET [2025/02/03 7:55:12 ET]
Table 'Lehigh' 6-max Seat #3 is the button
Seat 1: value_ftw ($102.48 in chips) 
Seat 2: Pippa83 ($108.77 in chips) 
Seat 3: derek5858 ($101.70 in chips) 
Seat 4: Spac396 ($182.17 in chips) 
Seat 5: himqa ($265.06 in chips) 
Seat 6: Rdalonso ($100.38 in chips) 
Spac396: posts small blind $0.50
himqa: posts big blind $1
*** HOLE CARDS ***
Rdalonso: raises $1.50 to $2.50
value_ftw: folds 
Pippa83: folds 
derek5858: folds 
Spac396: folds 
himqa: folds 
Uncalled bet ($1.50) returned to Rdalonso
Rdalonso collected $2.50 from pot
Rdalonso: doesn't show hand 
*** SUMMARY ***
Total pot $2.50 | Rake $0 
Seat 1: value_ftw folded before Flop (didn't bet)
Seat 2: Pippa83 folded before Flop (didn't bet)
Seat 3: derek5858 (button) folded before Flop (didn't bet)
Seat 4: Spac396 (small blind) folded before Flop
Seat 5: himqa (big blind) folded before Flop
Seat 6: Rdalonso collected ($2.50)



PokerStars Hand #254686016179:  Hold'em No Limit ($0.50/$1.00 USD) - 2025/02/03 12:55:32 WET [2025/02/03 7:55:32 ET]
Table 'Lehigh' 6-max Seat #4 is the button
Seat 1: value_ftw ($102.48 in chips) 
Seat 2: Pippa83 ($108.77 in chips) 
Seat 3: derek5858 ($101.70 in chips) 
Seat 4: Spac396 ($181.67 in chips) 
Seat 5: himqa ($264.06 in chips) 
Seat 6: Rdalonso ($101.88 in chips) 
himqa: posts small blind $0.50
Rdalonso: posts big blind $1
*** HOLE CARDS ***
value_ftw: folds 
Pippa83: folds 
derek5858: folds 
Spac396: folds 
himqa: raises $2 to $3
Rdalonso: calls $2
*** FLOP *** [Tc 6d 3s]
himqa: bets $1.88
Rdalonso: calls $1.88
*** TURN *** [Tc 6d 3s] [9c]
himqa: bets $6.95
Rdalonso: calls $6.95
*** RIVER *** [Tc 6d 3s 9c] [Qs]
himqa: checks 
Rdalonso: bets $7.42
himqa: folds 
Uncalled bet ($7.42) returned to Rdalonso
Rdalonso collected $22.48 from pot
Rdalonso: doesn't show hand 
*** SUMMARY ***
Total pot $23.66 | Rake $1.18 
Board [Tc 6d 3s 9c Qs]
Seat 1: value_ftw folded before Flop (didn't bet)
Seat 2: Pippa83 folded before Flop (didn't bet)
Seat 3: derek5858 folded before Flop (didn't bet)
Seat 4: Spac396 (button) folded before Flop (didn't bet)
Seat 5: himqa (small blind) folded on the River
Seat 6: Rdalonso (big blind) collected ($22.48)



PokerStars Hand #254686026661:  Hold'em No Limit ($0.50/$1.00 USD) - 2025/02/03 12:57:03 WET [2025/02/03 7:57:03 ET]
Table 'Lehigh' 6-max Seat #5 is the button
Seat 1: value_ftw ($102.48 in chips) 
Seat 2: Pippa83 ($108.77 in chips) 
Seat 3: derek5858 ($101.70 in chips) 
Seat 4: Spac396 ($181.67 in chips) 
Seat 5: himqa ($252.23 in chips) 
Seat 6: Rdalonso ($112.53 in chips) 
Rdalonso: posts small blind $0.50
value_ftw: posts big blind $1
*** HOLE CARDS ***
Pippa83: raises $1.20 to $2.20
derek5858: folds 
Spac396: folds 
himqa: folds 
Rdalonso: folds 
value_ftw: folds 
Uncalled bet ($1.20) returned to Pippa83
Pippa83 collected $2.50 from pot
Pippa83: doesn't show hand 
*** SUMMARY ***
Total pot $2.50 | Rake $0 
Seat 1: value_ftw (big blind) folded before Flop
Seat 2: Pippa83 collected ($2.50)
Seat 3: derek5858 folded before Flop (didn't bet)
Seat 4: Spac396 folded before Flop (didn't bet)
Seat 5: himqa (button) folded before Flop (didn't bet)
Seat 6: Rdalonso (small blind) folded before Flop



PokerStars Hand #254686027870:  Hold'em No Limit ($0.50/$1.00 USD) - 2025/02/03 12:57:13 WET [2025/02/03 7:57:13 ET]
Table 'Lehigh' 6-max Seat #6 is the button
Seat 1: value_ftw ($101.48 in chips) 
Seat 2: Pippa83 ($110.27 in chips) 
Seat 3: derek5858 ($101.70 in chips) 
Seat 4: Spac396 ($181.67 in chips) 
Seat 5: himqa ($252.23 in chips) 
Seat 6: Rdalonso ($112.03 in chips) 
value_ftw: posts small blind $0.50
Pippa83: posts big blind $1
*** HOLE CARDS ***
derek5858: folds 
Spac396: folds 
himqa: folds 
Rdalonso: raises $1.50 to $2.50
value_ftw: folds 
Pippa83: folds 
Uncalled bet ($1.50) returned to Rdalonso
Rdalonso collected $2.50 from pot
Rdalonso: doesn't show hand 
*** SUMMARY ***
Total pot $2.50 | Rake $0 
Seat 1: value_ftw (small blind) folded before Flop
Seat 2: Pippa83 (big blind) folded before Flop
Seat 3: derek5858 folded before Flop (didn't bet)
Seat 4: Spac396 folded before Flop (didn't bet)
Seat 5: himqa folded before Flop (didn't bet)
Seat 6: Rdalonso (button) collected ($2.50)



PokerStars Hand #254686030599:  Hold'em No Limit ($0.50/$1.00 USD) - 2025/02/03 12:57:37 WET [2025/02/03 7:57:37 ET]
Table 'Lehigh' 6-max Seat #1 is the button
Seat 1: value_ftw ($100.98 in chips) 
Seat 2: Pippa83 ($109.27 in chips) 
Seat 3: derek5858 ($101.70 in chips) 
Seat 4: Spac396 ($181.67 in chips) 
Seat 5: himqa ($252.23 in chips) 
Seat 6: Rdalonso ($113.53 in chips) 
Pippa83: posts small blind $0.50
derek5858: posts big blind $1
*** HOLE CARDS ***
Spac396: calls $1
himqa: folds 
Rdalonso: folds 
value_ftw: raises $3.50 to $4.50
Pippa83: folds 
derek5858: folds 
Spac396: calls $3.50
*** FLOP *** [6c 3d 5s]
Spac396: checks 
value_ftw: bets $4.99
Spac396: calls $4.99
*** TURN *** [6c 3d 5s] [Td]
Spac396: checks 
value_ftw: checks 
*** RIVER *** [6c 3d 5s Td] [3h]
Spac396: checks 
value_ftw: checks 
*** SHOW DOWN ***
Spac396: shows [8h Jd] (a pair of Threes)
value_ftw: shows [4s 4c] (two pair, Fours and Threes)
value_ftw collected $19.46 from pot
*** SUMMARY ***
Total pot $20.48 | Rake $1.02 
Board [6c 3d 5s Td 3h]
Seat 1: value_ftw (button) showed [4s 4c] and won ($19.46) with two pair, Fours and Threes
Seat 2: Pippa83 (small blind) folded before Flop
Seat 3: derek5858 (big blind) folded before Flop
Seat 4: Spac396 showed [8h Jd] and lost with a pair of Threes
Seat 5: himqa folded before Flop (didn't bet)
Seat 6: Rdalonso folded before Flop (didn't bet)



PokerStars Hand #254686036619:  Hold'em No Limit ($0.50/$1.00 USD) - 2025/02/03 12:58:29 WET [2025/02/03 7:58:29 ET]
Table 'Lehigh' 6-max Seat #2 is the button
Seat 1: value_ftw ($110.95 in chips) 
Seat 2: Pippa83 ($108.77 in chips) 
Seat 3: derek5858 ($100.70 in chips) 
Seat 4: Spac396 ($172.18 in chips) 
Seat 5: himqa ($252.23 in chips) 
Seat 6: Rdalonso ($113.53 in chips) 
derek5858: posts small blind $0.50
Spac396: posts big blind $1
*** HOLE CARDS ***
himqa: folds 
Rdalonso: folds 
value_ftw: folds 
Pippa83: folds 
derek5858: raises $2 to $3
Spac396: calls $2
*** FLOP *** [Th As Kc]
derek5858: checks 
Spac396: checks 
*** TURN *** [Th As Kc] [9s]
derek5858: checks 
Spac396: checks 
*** RIVER *** [Th As Kc 9s] [Kd]
derek5858: bets $2.85
Spac396: folds 
Uncalled bet ($2.85) returned to derek5858
derek5858 collected $5.70 from pot
*** SUMMARY ***
Total pot $6 | Rake $0.30 
Board [Th As Kc 9s Kd]
Seat 1: value_ftw folded before Flop (didn't bet)
Seat 2: Pippa83 (button) folded before Flop (didn't bet)
Seat 3: derek5858 (small blind) collected ($5.70)
Seat 4: Spac396 (big blind) folded on the River
Seat 5: himqa folded before Flop (didn't bet)
Seat 6: Rdalonso folded before Flop (didn't bet)



PokerStars Hand #254686040454:  Hold'em No Limit ($0.50/$1.00 USD) - 2025/02/03 12:59:01 WET [2025/02/03 7:59:01 ET]
Table 'Lehigh' 6-max Seat #3 is the button
Seat 1: value_ftw ($110.95 in chips) 
Seat 2: Pippa83 ($108.77 in chips) 
Seat 3: derek5858 ($103.40 in chips) 
Seat 4: Spac396 ($169.18 in chips) 
Seat 5: himqa ($252.23 in chips) 
Seat 6: Rdalonso ($113.53 in chips) 
Spac396: posts small blind $0.50
himqa: posts big blind $1
*** HOLE CARDS ***
Rdalonso: folds 
value_ftw: folds 
Pippa83: folds 
derek5858: raises $1.50 to $2.50
Spac396: calls $2
himqa: folds 
*** FLOP *** [8d 4c 8h]
Spac396: checks 
derek5858: bets $1.71
Spac396: calls $1.71
*** TURN *** [8d 4c 8h] [Kh]
Spac396: checks 
derek5858: checks 
*** RIVER *** [8d 4c 8h Kh] [Th]
Spac396: checks 
derek5858: checks 
*** SHOW DOWN ***
Spac396: shows [6s 9s] (a pair of Eights)
derek5858: shows [Ac Js] (a pair of Eights - Ace kicker)
derek5858 collected $8.95 from pot
*** SUMMARY ***
Total pot $9.42 | Rake $0.47 
Board [8d 4c 8h Kh Th]
Seat 1: value_ftw folded before Flop (didn't bet)
Seat 2: Pippa83 folded before Flop (didn't bet)
Seat 3: derek5858 (button) showed [Ac Js] and won ($8.95) with a pair of Eights
Seat 4: Spac396 (small blind) showed [6s 9s] and lost with a pair of Eights
Seat 5: himqa (big blind) folded before Flop
Seat 6: Rdalonso folded before Flop (didn't bet)



PokerStars Hand #254686044668:  Hold'em No Limit ($0.50/$1.00 USD) - 2025/02/03 12:59:38 WET [2025/02/03 7:59:38 ET]
Table 'Lehigh' 6-max Seat #4 is the button
Seat 1: value_ftw ($110.95 in chips) 
Seat 2: Pippa83 ($108.77 in chips) 
Seat 3: derek5858 ($108.14 in chips) 
Seat 4: Spac396 ($164.97 in chips) 
Seat 5: himqa ($251.23 in chips) 
Seat 6: Rdalonso ($113.53 in chips) 
himqa: posts small blind $0.50
Rdalonso: posts big blind $1
*** HOLE CARDS ***
value_ftw: folds 
Pippa83: folds 
derek5858: raises $1 to $2
Spac396: calls $2
himqa: folds 
Rdalonso: folds 
*** FLOP *** [7c 4h Kh]
derek5858: checks 
Spac396: checks 
*** TURN *** [7c 4h Kh] [2d]
derek5858: checks 
Spac396: checks 
*** RIVER *** [7c 4h Kh 2d] [9s]
derek5858: checks 
Spac396: bets $3
derek5858: folds 
Uncalled bet ($3) returned to Spac396
Spac396 collected $5.22 from pot
*** SUMMARY ***
Total pot $5.50 | Rake $0.28 
Board [7c 4h Kh 2d 9s]
Seat 1: value_ftw folded before Flop (didn't bet)
Seat 2: Pippa83 folded before Flop (didn't bet)
Seat 3: derek5858 folded on the River
Seat 4: Spac396 (button) collected ($5.22)
Seat 5: himqa (small blind) folded before Flop
Seat 6: Rdalonso (big blind) folded before Flop



PokerStars Hand #254686049633:  Hold'em No Limit ($0.50/$1.00 USD) - 2025/02/03 13:00:20 WET [2025/02/03 8:00:20 ET]
Table 'Lehigh' 6-max Seat #5 is the button
Seat 1: value_ftw ($110.95 in chips) 
Seat 2: Pippa83 ($108.77 in chips) 
Seat 3: derek5858 ($106.14 in chips) 
Seat 4: Spac396 ($168.19 in chips) 
Seat 5: himqa ($250.73 in chips) 
Seat 6: Rdalonso ($112.53 in chips) 
Rdalonso: posts small blind $0.50
value_ftw: posts big blind $1
*** HOLE CARDS ***
Pippa83: folds 
derek5858: raises $1 to $2
Spac396: folds 
himqa: folds 
Rdalonso: folds 
value_ftw: calls $1
*** FLOP *** [9d 8c 9c]
value_ftw: checks 
derek5858: bets $1.28
value_ftw: calls $1.28
*** TURN *** [9d 8c 9c] [6s]
value_ftw: checks 
derek5858: bets $4.70
value_ftw: calls $4.70
*** RIVER *** [9d 8c 9c 6s] [Qh]
value_ftw: checks 
derek5858: checks 
*** SHOW DOWN ***
value_ftw: shows [Qc Kc] (two pair, Queens and Nines)
derek5858: mucks hand 
value_ftw collected $15.64 from pot
*** SUMMARY ***
Total pot $16.46 | Rake $0.82 
Board [9d 8c 9c 6s Qh]
Seat 1: value_ftw (big blind) showed [Qc Kc] and won ($15.64) with two pair, Queens and Nines
Seat 2: Pippa83 folded before Flop (didn't bet)
Seat 3: derek5858 mucked
Seat 4: Spac396 folded before Flop (didn't bet)
Seat 5: himqa (button) folded before Flop (didn't bet)
Seat 6: Rdalonso (small blind) folded before Flop



PokerStars Hand #254686057345:  Hold'em No Limit ($0.50/$1.00 USD) - 2025/02/03 13:01:17 WET [2025/02/03 8:01:17 ET]
Table 'Lehigh' 6-max Seat #6 is the button
Seat 1: value_ftw ($118.61 in chips) 
Seat 2: Pippa83 ($108.77 in chips) 
Seat 3: derek5858 ($100 in chips) 
Seat 4: Spac396 ($168.19 in chips) 
Seat 5: himqa ($250.73 in chips) 
Seat 6: Rdalonso ($112.03 in chips) 
value_ftw: posts small blind $0.50
Pippa83: posts big blind $1
*** HOLE CARDS ***
derek5858: folds 
Spac396: calls $1
himqa: folds 
Rdalonso: raises $4 to $5
value_ftw: folds 
Pippa83: folds 
Spac396: calls $4
*** FLOP *** [3h Ac Td]
Spac396: checks 
Rdalonso: bets $3.60
Spac396: calls $3.60
*** TURN *** [3h Ac Td] [As]
Spac396: checks 
Rdalonso: checks 
*** RIVER *** [3h Ac Td As] [5s]
Spac396: bets $5
Rdalonso: raises $13.88 to $18.88
Spac396: calls $13.88
*** SHOW DOWN ***
Rdalonso: shows [2h Ah] (three of a kind, Aces)
Spac396: mucks hand 
Rdalonso collected $53.96 from pot
*** SUMMARY ***
Total pot $56.46 | Rake $2.50 
Board [3h Ac Td As 5s]
Seat 1: value_ftw (small blind) folded before Flop
Seat 2: Pippa83 (big blind) folded before Flop
Seat 3: derek5858 folded before Flop (didn't bet)
Seat 4: Spac396 mucked
Seat 5: himqa folded before Flop (didn't bet)
Seat 6: Rdalonso (button) showed [2h Ah] and won ($53.96) with three of a kind, Aces



PokerStars Hand #254686067002:  Hold'em No Limit ($0.50/$1.00 USD) - 2025/02/03 13:02:23 WET [2025/02/03 8:02:23 ET]
Table 'Lehigh' 6-max Seat #1 is the button
Seat 1: value_ftw ($118.11 in chips) 
Seat 2: Pippa83 ($107.77 in chips) 
Seat 3: derek5858 ($100 in chips) 
Seat 4: Spac396 ($140.71 in chips) 
Seat 5: himqa ($250.73 in chips) 
Seat 6: Rdalonso ($138.51 in chips) 
Pippa83: posts small blind $0.50
derek5858: posts big blind $1
*** HOLE CARDS ***
Spac396: calls $1
himqa: folds 
Rdalonso: folds 
value_ftw: raises $4.50 to $5.50
Pippa83: folds 
derek5858: folds 
Spac396: calls $4.50
*** FLOP *** [Jd 9h 2h]
Spac396: checks 
value_ftw: bets $8.91
Spac396: raises $126.30 to $135.21 and is all-in
value_ftw: calls $103.70 and is all-in
Uncalled bet ($22.60) returned to Spac396
*** TURN *** [Jd 9h 2h] [5c]
*** RIVER *** [Jd 9h 2h 5c] [4c]
*** SHOW DOWN ***
Spac396: shows [Jh Ks] (a pair of Jacks)
value_ftw: shows [Qc Qd] (a pair of Queens)
value_ftw collected $235.22 from pot
*** SUMMARY ***
Total pot $237.72 | Rake $2.50 
Board [Jd 9h 2h 5c 4c]
Seat 1: value_ftw (button) showed [Qc Qd] and won ($235.22) with a pair of Queens
Seat 2: Pippa83 (small blind) folded before Flop
Seat 3: derek5858 (big blind) folded before Flop
Seat 4: Spac396 showed [Jh Ks] and lost with a pair of Jacks
Seat 5: himqa folded before Flop (didn't bet)
Seat 6: Rdalonso folded before Flop (didn't bet)



PokerStars Hand #254686073405:  Hold'em No Limit ($0.50/$1.00 USD) - 2025/02/03 13:03:06 WET [2025/02/03 8:03:06 ET]
Table 'Lehigh' 6-max Seat #2 is the button
Seat 1: value_ftw ($235.22 in chips) 
Seat 2: Pippa83 ($107.27 in chips) 
Seat 3: derek5858 ($100 in chips) 
Seat 4: Spac396 ($22.60 in chips) 
Seat 5: himqa ($250.73 in chips) 
Seat 6: Rdalonso ($138.51 in chips) 
derek5858: posts small blind $0.50
Spac396: posts big blind $1
*** HOLE CARDS ***
himqa: folds 
Rdalonso: folds 
value_ftw: raises $1.20 to $2.20
Pippa83: folds 
derek5858: folds 
Spac396: raises $20.40 to $22.60 and is all-in
value_ftw: folds 
Uncalled bet ($20.40) returned to Spac396
Spac396 collected $4.90 from pot
*** SUMMARY ***
Total pot $4.90 | Rake $0 
Seat 1: value_ftw folded before Flop
Seat 2: Pippa83 (button) folded before Flop (didn't bet)
Seat 3: derek5858 (small blind) folded before Flop
Seat 4: Spac396 (big blind) collected ($4.90)
Seat 5: himqa folded before Flop (didn't bet)
Seat 6: Rdalonso folded before Flop (didn't bet)



PokerStars Hand #254685866978:  Hold'em No Limit ($0.50/$1.00 USD) - 2025/02/03 12:38:24 WET [2025/02/03 7:38:24 ET]
Table 'Lehigh' 6-max Seat #2 is the button
Seat 6: Rdalonso ($100 in chips) is sitting out
Seat 1: value_ftw ($100 in chips) 
Seat 2: Pippa83 ($100 in chips) 
Seat 3: Burlica2013 ($144.99 in chips) 
Seat 4: Spac396 ($114.19 in chips) 
Seat 5: himqa ($131.89 in chips) 
Burlica2013: posts small blind $0.50
Spac396: posts big blind $1
Rdalonso: sits out 
*** HOLE CARDS ***
himqa: raises $1.50 to $2.50
value_ftw: folds 
Pippa83: raises $5 to $7.50
Burlica2013: folds 
Spac396: calls $6.50
himqa: calls $5
*** FLOP *** [Tc 5d 3h]
Spac396: checks 
himqa: checks 
Pippa83: checks 
*** TURN *** [Tc 5d 3h] [7s]
Spac396: checks 
himqa: bets $7.21
Pippa83: folds 
Spac396: calls $7.21
*** RIVER *** [Tc 5d 3h 7s] [9c]
Spac396: checks 
himqa: checks 
*** SHOW DOWN ***
Spac396: shows [Qs Jc] (high card Queen)
himqa: shows [8h 7h] (a pair of Sevens)
himqa collected $35.55 from pot
*** SUMMARY ***
Total pot $37.42 | Rake $1.87 
Board [Tc 5d 3h 7s 9c]
Seat 6: Rdalonso
Seat 1: value_ftw folded before Flop (didn't bet)
Seat 2: Pippa83 (button) folded on the Turn
Seat 3: Burlica2013 (small blind) folded before Flop
Seat 4: Spac396 (big blind) showed [Qs Jc] and lost with high card Queen
Seat 5: himqa showed [8h 7h] and won ($35.55) with a pair of Sevens



PokerStars Hand #254685875330:  Hold'em No Limit ($0.50/$1.00 USD) - 2025/02/03 12:39:23 WET [2025/02/03 7:39:23 ET]
Table 'Lehigh' 6-max Seat #3 is the button
Seat 6: Rdalonso ($100 in chips) is sitting out
Seat 1: value_ftw ($100 in chips) 
Seat 2: Pippa83 ($100 in chips) 
Seat 3: Burlica2013 ($144.49 in chips) 
Seat 4: Spac396 ($99.48 in chips) 
Seat 5: himqa ($152.73 in chips) 
Spac396: posts small blind $0.50
himqa: posts big blind $1
Rdalonso: sits out 
*** HOLE CARDS ***
value_ftw: raises $1.20 to $2.20
Pippa83: folds 
Burlica2013: folds 
Spac396: calls $1.70
himqa: raises $11.80 to $14
value_ftw: folds 
Spac396: folds 
Uncalled bet ($11.80) returned to himqa
himqa collected $6.60 from pot
himqa: doesn't show hand 
*** SUMMARY ***
Total pot $6.60 | Rake $0 
Seat 6: Rdalonso
Seat 1: value_ftw folded before Flop
Seat 2: Pippa83 folded before Flop (didn't bet)
Seat 3: Burlica2013 (button) folded before Flop (didn't bet)
Seat 4: Spac396 (small blind) folded before Flop
Seat 5: himqa (big blind) collected ($6.60)



PokerStars Hand #254685880464:  Hold'em No Limit ($0.50/$1.00 USD) - 2025/02/03 12:40:00 WET [2025/02/03 7:40:00 ET]
Table 'Lehigh' 6-max Seat #4 is the button
Seat 1: value_ftw ($100 in chips) 
Seat 2: Pippa83 ($100 in chips) 
Seat 3: Burlica2013 ($144.49 in chips) 
Seat 4: Spac396 ($97.28 in chips) 
Seat 5: himqa ($157.13 in chips) 
Seat 6: Rdalonso ($100 in chips) 
himqa: posts small blind $0.50
Rdalonso: posts big blind $1
*** HOLE CARDS ***
value_ftw: folds 
Pippa83: folds 
Burlica2013: folds 
Spac396: calls $1
himqa: folds 
Rdalonso: checks 
*** FLOP *** [Ts 2d 6c]
Rdalonso: bets $1.78
Spac396: calls $1.78
*** TURN *** [Ts 2d 6c] [9s]
Rdalonso: checks 
Spac396: checks 
*** RIVER *** [Ts 2d 6c 9s] [8h]
Rdalonso: bets $8.64
Spac396: folds 
Uncalled bet ($8.64) returned to Rdalonso
Rdalonso collected $5.76 from pot
Rdalonso: doesn't show hand 
*** SUMMARY ***
Total pot $6.06 | Rake $0.30 
Board [Ts 2d 6c 9s 8h]
Seat 1: value_ftw folded before Flop (didn't bet)
Seat 2: Pippa83 folded before Flop (didn't bet)
Seat 3: Burlica2013 folded before Flop (didn't bet)
Seat 4: Spac396 (button) folded on the River
Seat 5: himqa (small blind) folded before Flop
Seat 6: Rdalonso (big blind) collected ($5.76)



PokerStars Hand #254685886332:  Hold'em No Limit ($0.50/$1.00 USD) - 2025/02/03 12:40:41 WET [2025/02/03 7:40:41 ET]
Table 'Lehigh' 6-max Seat #5 is the button
Seat 1: value_ftw ($100 in chips) 
Seat 2: Pippa83 ($100 in chips) 
Seat 3: Burlica2013 ($144.49 in chips) 
Seat 4: Spac396 ($94.50 in chips) 
Seat 5: himqa ($156.63 in chips) 
Seat 6: Rdalonso ($102.98 in chips) 
Rdalonso: posts small blind $0.50
value_ftw: posts big blind $1
*** HOLE CARDS ***
Pippa83: raises $1.20 to $2.20
Burlica2013: folds 
Spac396: calls $2.20
himqa: folds 
Rdalonso: folds 
value_ftw: folds 
*** FLOP *** [6d Ad Ks]
Pippa83: checks 
Spac396: checks 
*** TURN *** [6d Ad Ks] [2d]
Pippa83: bets $1.40
Spac396: calls $1.40
*** RIVER *** [6d Ad Ks 2d] [4c]
Pippa83: checks 
Spac396: checks 
*** SHOW DOWN ***
Pippa83: shows [8s 8c] (a pair of Eights)
Spac396: mucks hand 
Pippa83 collected $8.26 from pot
*** SUMMARY ***
Total pot $8.70 | Rake $0.44 
Board [6d Ad Ks 2d 4c]
Seat 1: value_ftw (big blind) folded before Flop
Seat 2: Pippa83 showed [8s 8c] and won ($8.26) with a pair of Eights
Seat 3: Burlica2013 folded before Flop (didn't bet)
Seat 4: Spac396 mucked
Seat 5: himqa (button) folded before Flop (didn't bet)
Seat 6: Rdalonso (small blind) folded before Flop



PokerStars Hand #254686079256:  Hold'em No Limit ($0.50/$1.00 USD) - 2025/02/03 13:03:45 WET [2025/02/03 8:03:45 ET]
Table 'Lehigh' 6-max Seat #3 is the button
Seat 1: value_ftw ($233.02 in chips) 
Seat 2: Pippa83 ($107.27 in chips) 
Seat 3: derek5858 ($100 in chips) 
Seat 4: Spac396 ($100 in chips) 
Seat 5: himqa ($250.73 in chips) 
Seat 6: Rdalonso ($138.51 in chips) 
Spac396: posts small blind $0.50
himqa: posts big blind $1
*** HOLE CARDS ***
Rdalonso: raises $1.50 to $2.50
value_ftw: folds 
Pippa83: folds 
derek5858: calls $2.50
Spac396: calls $2
himqa: calls $1.50
*** FLOP *** [Qh 7h Th]
Spac396: checks 
himqa: checks 
Rdalonso: checks 
derek5858: checks 
*** TURN *** [Qh 7h Th] [5d]
Spac396: bets $3
himqa: folds 
Rdalonso: calls $3
derek5858: folds 
*** RIVER *** [Qh 7h Th 5d] [Ks]
Spac396: bets $1
Rdalonso: calls $1
*** SHOW DOWN ***
Spac396: shows [Qd 3s] (a pair of Queens)
Rdalonso: mucks hand 
Spac396 collected $17.10 from pot
*** SUMMARY ***
Total pot $18 | Rake $0.90 
Board [Qh 7h Th 5d Ks]
Seat 1: value_ftw folded before Flop (didn't bet)
Seat 2: Pippa83 folded before Flop (didn't bet)
Seat 3: derek5858 (button) folded on the Turn
Seat 4: Spac396 (small blind) showed [Qd 3s] and won ($17.10) with a pair of Queens
Seat 5: himqa (big blind) folded on the Turn
Seat 6: Rdalonso mucked



PokerStars Hand #254686090748:  Hold'em No Limit ($0.50/$1.00 USD) - 2025/02/03 13:05:00 WET [2025/02/03 8:05:00 ET]
Table 'Lehigh' 6-max Seat #4 is the button
Seat 1: value_ftw ($233.02 in chips) 
Seat 2: Pippa83 ($107.27 in chips) 
Seat 3: derek5858 ($100 in chips) 
Seat 4: Spac396 ($110.60 in chips) 
Seat 5: himqa ($248.23 in chips) 
Seat 6: Rdalonso ($132.01 in chips) 
himqa: posts small blind $0.50
Rdalonso: posts big blind $1
*** HOLE CARDS ***
value_ftw: folds 
Pippa83: folds 
derek5858: folds 
Spac396: calls $1
himqa: folds 
Rdalonso: raises $4 to $5
Spac396: calls $4
*** FLOP *** [7d Td 9d]
Rdalonso: checks 
Spac396: bets $1
Rdalonso: calls $1
*** TURN *** [7d Td 9d] [Ks]
Rdalonso: checks 
Spac396: checks 
*** RIVER *** [7d Td 9d Ks] [8c]
Rdalonso: checks 
Spac396: checks 
*** SHOW DOWN ***
Rdalonso: shows [9c Ah] (a pair of Nines)
Spac396: mucks hand 
Rdalonso collected $11.88 from pot
*** SUMMARY ***
Total pot $12.50 | Rake $0.62 
Board [7d Td 9d Ks 8c]
Seat 1: value_ftw folded before Flop (didn't bet)
Seat 2: Pippa83 folded before Flop (didn't bet)
Seat 3: derek5858 folded before Flop (didn't bet)
Seat 4: Spac396 (button) mucked
Seat 5: himqa (small blind) folded before Flop
Seat 6: Rdalonso (big blind) showed [9c Ah] and won ($11.88) with a pair of Nines



PokerStars Hand #254686100612:  Hold'em No Limit ($0.50/$1.00 USD) - 2025/02/03 13:06:06 WET [2025/02/03 8:06:06 ET]
Table 'Lehigh' 6-max Seat #5 is the button
Seat 1: value_ftw ($233.02 in chips) 
Seat 2: Pippa83 ($107.27 in chips) 
Seat 3: derek5858 ($100 in chips) 
Seat 4: Spac396 ($104.60 in chips) 
Seat 5: himqa ($247.73 in chips) 
Seat 6: Rdalonso ($137.89 in chips) 
Rdalonso: posts small blind $0.50
value_ftw: posts big blind $1
*** HOLE CARDS ***
Pippa83: folds 
derek5858: raises $1 to $2
Spac396: folds 
himqa: raises $4 to $6
Rdalonso: folds 
value_ftw: folds 
derek5858: folds 
Uncalled bet ($4) returned to himqa
himqa collected $5.50 from pot
himqa: doesn't show hand 
*** SUMMARY ***
Total pot $5.50 | Rake $0 
Seat 1: value_ftw (big blind) folded before Flop
Seat 2: Pippa83 folded before Flop (didn't bet)
Seat 3: derek5858 folded before Flop
Seat 4: Spac396 folded before Flop (didn't bet)
Seat 5: himqa (button) collected ($5.50)
Seat 6: Rdalonso (small blind) folded before Flop



PokerStars Hand #254686105836:  Hold'em No Limit ($0.50/$1.00 USD) - 2025/02/03 13:06:40 WET [2025/02/03 8:06:40 ET]
Table 'Lehigh' 6-max Seat #6 is the button
Seat 1: value_ftw ($232.02 in chips) 
Seat 2: Pippa83 ($107.27 in chips) 
Seat 3: derek5858 ($100 in chips) 
Seat 4: Spac396 ($104.60 in chips) 
Seat 5: himqa ($251.23 in chips) 
Seat 6: Rdalonso ($137.39 in chips) 
value_ftw: posts small blind $0.50
Pippa83: posts big blind $1
*** HOLE CARDS ***
derek5858: folds 
Spac396: folds 
himqa: folds 
Rdalonso: raises $1.50 to $2.50
value_ftw: folds 
Pippa83: folds 
Uncalled bet ($1.50) returned to Rdalonso
Rdalonso collected $2.50 from pot
Rdalonso: doesn't show hand 
*** SUMMARY ***
Total pot $2.50 | Rake $0 
Seat 1: value_ftw (small blind) folded before Flop
Seat 2: Pippa83 (big blind) folded before Flop
Seat 3: derek5858 folded before Flop (didn't bet)
Seat 4: Spac396 folded before Flop (didn't bet)
Seat 5: himqa folded before Flop (didn't bet)
Seat 6: Rdalonso (button) collected ($2.50)



PokerStars Hand #254686108197:  Hold'em No Limit ($0.50/$1.00 USD) - 2025/02/03 13:06:56 WET [2025/02/03 8:06:56 ET]
Table 'Lehigh' 6-max Seat #1 is the button
Seat 1: value_ftw ($231.52 in chips) 
Seat 2: Pippa83 ($106.27 in chips) 
Seat 3: derek5858 ($100 in chips) 
Seat 4: Spac396 ($104.60 in chips) 
Seat 5: himqa ($251.23 in chips) 
Seat 6: Rdalonso ($138.89 in chips) 
Pippa83: posts small blind $0.50
derek5858: posts big blind $1
*** HOLE CARDS ***
Spac396: calls $1
himqa: folds 
Rdalonso: raises $4 to $5
value_ftw: folds 
Pippa83: folds 
derek5858: raises $13 to $18
Spac396: folds 
Rdalonso: folds 
Uncalled bet ($13) returned to derek5858
derek5858 collected $11.50 from pot
*** SUMMARY ***
Total pot $11.50 | Rake $0 
Seat 1: value_ftw (button) folded before Flop (didn't bet)
Seat 2: Pippa83 (small blind) folded before Flop
Seat 3: derek5858 (big blind) collected ($11.50)
Seat 4: Spac396 folded before Flop
Seat 5: himqa folded before Flop (didn't bet)
Seat 6: Rdalonso folded before Flop



PokerStars Hand #254686115367:  Hold'em No Limit ($0.50/$1.00 USD) - 2025/02/03 13:07:43 WET [2025/02/03 8:07:43 ET]
Table 'Lehigh' 6-max Seat #2 is the button
Seat 1: value_ftw ($231.52 in chips) 
Seat 2: Pippa83 ($105.77 in chips) 
Seat 3: derek5858 ($106.50 in chips) 
Seat 4: Spac396 ($103.60 in chips) 
Seat 5: himqa ($251.23 in chips) 
Seat 6: Rdalonso ($133.89 in chips) 
derek5858: posts small blind $0.50
Spac396: posts big blind $1
*** HOLE CARDS ***
himqa: folds 
Rdalonso: folds 
value_ftw: raises $1.20 to $2.20
Pippa83: folds 
derek5858: folds 
Spac396: calls $1.20
*** FLOP *** [8d 4c 8s]
Spac396: checks 
value_ftw: checks 
*** TURN *** [8d 4c 8s] [7h]
Spac396: checks 
value_ftw: bets $4.66
Spac396: raises $4.66 to $9.32
value_ftw: calls $4.66
*** RIVER *** [8d 4c 8s 7h] [3c]
Spac396: bets $17
value_ftw: calls $17
*** SHOW DOWN ***
Spac396: shows [8h Kd] (three of a kind, Eights)
value_ftw: mucks hand 
Spac396 collected $55.04 from pot
*** SUMMARY ***
Total pot $57.54 | Rake $2.50 
Board [8d 4c 8s 7h 3c]
Seat 1: value_ftw mucked
Seat 2: Pippa83 (button) folded before Flop (didn't bet)
Seat 3: derek5858 (small blind) folded before Flop
Seat 4: Spac396 (big blind) showed [8h Kd] and won ($55.04) with three of a kind, Eights
Seat 5: himqa folded before Flop (didn't bet)
Seat 6: Rdalonso folded before Flop (didn't bet)



PokerStars Hand #254686120933:  Hold'em No Limit ($0.50/$1.00 USD) - 2025/02/03 13:08:19 WET [2025/02/03 8:08:19 ET]
Table 'Lehigh' 6-max Seat #3 is the button
Seat 1: value_ftw ($203 in chips) 
Seat 2: Pippa83 ($105.77 in chips) 
Seat 3: derek5858 ($106 in chips) 
Seat 4: Spac396 ($130.12 in chips) 
Seat 5: himqa ($251.23 in chips) 
Seat 6: Rdalonso ($133.89 in chips) 
Spac396: posts small blind $0.50
himqa: posts big blind $1
*** HOLE CARDS ***
Rdalonso: folds 
value_ftw: raises $1.20 to $2.20
Pippa83: folds 
derek5858: folds 
Spac396: calls $1.70
himqa: calls $1.20
*** FLOP *** [Ac 6h Ah]
Spac396: checks 
himqa: checks 
value_ftw: bets $2.07
Spac396: calls $2.07
himqa: folds 
*** TURN *** [Ac 6h Ah] [Ts]
Spac396: checks 
value_ftw: bets $7.65
Spac396: calls $7.65
*** RIVER *** [Ac 6h Ah Ts] [Qh]
Spac396: bets $1
value_ftw: calls $1
*** SHOW DOWN ***
Spac396: shows [Th Kc] (two pair, Aces and Tens)
value_ftw: shows [Ad 9d] (three of a kind, Aces)
value_ftw collected $26.64 from pot
*** SUMMARY ***
Total pot $28.04 | Rake $1.40 
Board [Ac 6h Ah Ts Qh]
Seat 1: value_ftw showed [Ad 9d] and won ($26.64) with three of a kind, Aces
Seat 2: Pippa83 folded before Flop (didn't bet)
Seat 3: derek5858 (button) folded before Flop (didn't bet)
Seat 4: Spac396 (small blind) showed [Th Kc] and lost with two pair, Aces and Tens
Seat 5: himqa (big blind) folded on the Flop
Seat 6: Rdalonso folded before Flop (didn't bet)



PokerStars Hand #254686131651:  Hold'em No Limit ($0.50/$1.00 USD) - 2025/02/03 13:09:29 WET [2025/02/03 8:09:29 ET]
Table 'Lehigh' 6-max Seat #4 is the button
Seat 1: value_ftw ($216.72 in chips) 
Seat 2: Pippa83 ($105.77 in chips) 
Seat 3: derek5858 ($106 in chips) 
Seat 4: Spac396 ($117.20 in chips) 
Seat 5: himqa ($249.03 in chips) 
Seat 6: Rdalonso ($133.89 in chips) 
himqa: posts small blind $0.50
Rdalonso: posts big blind $1
*** HOLE CARDS ***
value_ftw: folds 
Pippa83: raises $1.20 to $2.20
derek5858: folds 
Spac396: calls $2.20
himqa: folds 
Rdalonso: folds 
*** FLOP *** [8d 2h 6h]
Pippa83: checks 
Spac396: checks 
*** TURN *** [8d 2h 6h] [5d]
Pippa83: bets $1.40
Spac396: calls $1.40
*** RIVER *** [8d 2h 6h 5d] [4d]
Pippa83: checks 
Spac396: checks 
*** SHOW DOWN ***
Pippa83: shows [3s 3d] (a straight, Deuce to Six)
Spac396: mucks hand 
Pippa83 collected $8.26 from pot
*** SUMMARY ***
Total pot $8.70 | Rake $0.44 
Board [8d 2h 6h 5d 4d]
Seat 1: value_ftw folded before Flop (didn't bet)
Seat 2: Pippa83 showed [3s 3d] and won ($8.26) with a straight, Deuce to Six
Seat 3: derek5858 folded before Flop (didn't bet)
Seat 4: Spac396 (button) mucked
Seat 5: himqa (small blind) folded before Flop
Seat 6: Rdalonso (big blind) folded before Flop



PokerStars Hand #254686139703:  Hold'em No Limit ($0.50/$1.00 USD) - 2025/02/03 13:10:22 WET [2025/02/03 8:10:22 ET]
Table 'Lehigh' 6-max Seat #5 is the button
Seat 1: value_ftw ($216.72 in chips) 
Seat 2: Pippa83 ($110.43 in chips) 
Seat 3: derek5858 ($106 in chips) 
Seat 4: Spac396 ($113.60 in chips) 
Seat 5: himqa ($248.53 in chips) 
Seat 6: Rdalonso ($132.89 in chips) 
Rdalonso: posts small blind $0.50
value_ftw: posts big blind $1
*** HOLE CARDS ***
Pippa83: folds 
derek5858: folds 
Spac396: calls $1
himqa: folds 
Rdalonso: folds 
value_ftw: checks 
*** FLOP *** [3d 5h 9d]
value_ftw: checks 
Spac396: checks 
*** TURN *** [3d 5h 9d] [2s]
value_ftw: bets $3.57
Spac396: calls $3.57
*** RIVER *** [3d 5h 9d 2s] [Kc]
value_ftw: checks 
Spac396: bets $6
value_ftw: raises $206.15 to $212.15 and is all-in
Spac396: folds 
Uncalled bet ($206.15) returned to value_ftw
value_ftw collected $20.56 from pot
value_ftw: doesn't show hand 
*** SUMMARY ***
Total pot $21.64 | Rake $1.08 
Board [3d 5h 9d 2s Kc]
Seat 1: value_ftw (big blind) collected ($20.56)
Seat 2: Pippa83 folded before Flop (didn't bet)
Seat 3: derek5858 folded before Flop (didn't bet)
Seat 4: Spac396 folded on the River
Seat 5: himqa (button) folded before Flop (didn't bet)
Seat 6: Rdalonso (small blind) folded before Flop



PokerStars Hand #254686147403:  Hold'em No Limit ($0.50/$1.00 USD) - 2025/02/03 13:11:13 WET [2025/02/03 8:11:13 ET]
Table 'Lehigh' 6-max Seat #6 is the button
Seat 1: value_ftw ($226.71 in chips) 
Seat 2: Pippa83 ($110.43 in chips) 
Seat 3: derek5858 ($106 in chips) 
Seat 4: Spac396 ($103.03 in chips) 
Seat 5: himqa ($248.53 in chips) 
Seat 6: Rdalonso ($132.39 in chips) 
value_ftw: posts small blind $0.50
Pippa83: posts big blind $1
*** HOLE CARDS ***
derek5858: folds 
Spac396: folds 
himqa: folds 
Rdalonso: raises $1.50 to $2.50
value_ftw: folds 
Pippa83: raises $8.50 to $11
Rdalonso: folds 
Uncalled bet ($8.50) returned to Pippa83
Pippa83 collected $5.50 from pot
Pippa83: doesn't show hand 
*** SUMMARY ***
Total pot $5.50 | Rake $0 
Seat 1: value_ftw (small blind) folded before Flop
Seat 2: Pippa83 (big blind) collected ($5.50)
Seat 3: derek5858 folded before Flop (didn't bet)
Seat 4: Spac396 folded before Flop (didn't bet)
Seat 5: himqa folded before Flop (didn't bet)
Seat 6: Rdalonso (button) folded before Flop



PokerStars Hand #254686152096:  Hold'em No Limit ($0.50/$1.00 USD) - 2025/02/03 13:11:44 WET [2025/02/03 8:11:44 ET]
Table 'Lehigh' 6-max Seat #1 is the button
Seat 1: value_ftw ($226.21 in chips) 
Seat 2: Pippa83 ($113.43 in chips) 
Seat 3: derek5858 ($106 in chips) 
Seat 4: Spac396 ($103.03 in chips) 
Seat 5: himqa ($248.53 in chips) 
Seat 6: Rdalonso ($129.89 in chips) 
Pippa83: posts small blind $0.50
derek5858: posts big blind $1
*** HOLE CARDS ***
Spac396: calls $1
himqa: folds 
Rdalonso: folds 
value_ftw: raises $4.50 to $5.50
Pippa83: raises $9.50 to $15
derek5858: folds 
Spac396: folds 
value_ftw: folds 
Uncalled bet ($9.50) returned to Pippa83
Pippa83 collected $13 from pot
Pippa83: doesn't show hand 
*** SUMMARY ***
Total pot $13 | Rake $0 
Seat 1: value_ftw (button) folded before Flop
Seat 2: Pippa83 (small blind) collected ($13)
Seat 3: derek5858 (big blind) folded before Flop
Seat 4: Spac396 folded before Flop
Seat 5: himqa folded before Flop (didn't bet)
Seat 6: Rdalonso folded before Flop (didn't bet)



PokerStars Hand #254686156453:  Hold'em No Limit ($0.50/$1.00 USD) - 2025/02/03 13:12:12 WET [2025/02/03 8:12:12 ET]
Table 'Lehigh' 6-max Seat #2 is the button
Seat 1: value_ftw ($220.71 in chips) 
Seat 2: Pippa83 ($120.93 in chips) 
Seat 3: derek5858 ($105 in chips) 
Seat 4: Spac396 ($102.03 in chips) 
Seat 5: himqa ($248.53 in chips) 
Seat 6: Rdalonso ($129.89 in chips) 
derek5858: posts small blind $0.50
Spac396: posts big blind $1
*** HOLE CARDS ***
himqa: folds 
Rdalonso: raises $1.50 to $2.50
value_ftw: folds 
Pippa83: folds 
derek5858: folds 
Spac396: calls $1.50
*** FLOP *** [Ac Tc 7d]
Spac396: checks 
Rdalonso: bets $1.72
Spac396: calls $1.72
*** TURN *** [Ac Tc 7d] [9s]
Spac396: checks 
Rdalonso: bets $6.37
Spac396: folds 
Uncalled bet ($6.37) returned to Rdalonso
Rdalonso collected $8.49 from pot
Rdalonso: doesn't show hand 
*** SUMMARY ***
Total pot $8.94 | Rake $0.45 
Board [Ac Tc 7d 9s]
Seat 1: value_ftw folded before Flop (didn't bet)
Seat 2: Pippa83 (button) folded before Flop (didn't bet)
Seat 3: derek5858 (small blind) folded before Flop
Seat 4: Spac396 (big blind) folded on the Turn
Seat 5: himqa folded before Flop (didn't bet)
Seat 6: Rdalonso collected ($8.49)



PokerStars Hand #254686164136:  Hold'em No Limit ($0.50/$1.00 USD) - 2025/02/03 13:13:02 WET [2025/02/03 8:13:02 ET]
Table 'Lehigh' 6-max Seat #3 is the button
Seat 1: value_ftw ($220.71 in chips) 
Seat 2: Pippa83 ($120.93 in chips) 
Seat 3: derek5858 ($104.50 in chips) 
Seat 4: Spac396 ($97.81 in chips) 
Seat 5: himqa ($248.53 in chips) 
Seat 6: Rdalonso ($134.16 in chips) 
Spac396: posts small blind $0.50
himqa: posts big blind $1
*** HOLE CARDS ***
Rdalonso: raises $1.50 to $2.50
value_ftw: folds 
Pippa83: calls $2.50
derek5858: folds 
Spac396: calls $2
himqa: calls $1.50
*** FLOP *** [9c 4h 4s]
Spac396: checks 
himqa: checks 
Rdalonso: checks 
Pippa83: bets $5
Spac396: folds 
himqa: folds 
Rdalonso: folds 
Uncalled bet ($5) returned to Pippa83
Pippa83 collected $9.50 from pot
Pippa83: doesn't show hand 
*** SUMMARY ***
Total pot $10 | Rake $0.50 
Board [9c 4h 4s]
Seat 1: value_ftw folded before Flop (didn't bet)
Seat 2: Pippa83 collected ($9.50)
Seat 3: derek5858 (button) folded before Flop (didn't bet)
Seat 4: Spac396 (small blind) folded on the Flop
Seat 5: himqa (big blind) folded on the Flop
Seat 6: Rdalonso folded on the Flop



PokerStars Hand #254686172912:  Hold'em No Limit ($0.50/$1.00 USD) - 2025/02/03 13:14:00 WET [2025/02/03 8:14:00 ET]
Table 'Lehigh' 6-max Seat #4 is the button
Seat 1: value_ftw ($220.71 in chips) 
Seat 2: Pippa83 ($127.93 in chips) 
Seat 3: derek5858 ($104.50 in chips) 
Seat 4: Spac396 ($95.31 in chips) 
Seat 5: himqa ($246.03 in chips) 
Seat 6: Rdalonso ($131.66 in chips) 
himqa: posts small blind $0.50
Rdalonso: posts big blind $1
*** HOLE CARDS ***
value_ftw: folds 
Pippa83: folds 
derek5858: folds 
Spac396: calls $1
himqa: raises $3 to $4
Rdalonso: folds 
Spac396: calls $3
*** FLOP *** [3h 8s 3d]
himqa: bets $4.28
Spac396: calls $4.28
*** TURN *** [3h 8s 3d] [Tc]
himqa: checks 
Spac396: bets $7
himqa: calls $7
*** RIVER *** [3h 8s 3d Tc] [Kh]
himqa: checks 
Spac396: bets $1
himqa: calls $1
*** SHOW DOWN ***
Spac396: shows [Js Jh] (two pair, Jacks and Threes)
himqa: mucks hand 
Spac396 collected $31.88 from pot
*** SUMMARY ***
Total pot $33.56 | Rake $1.68 
Board [3h 8s 3d Tc Kh]
Seat 1: value_ftw folded before Flop (didn't bet)
Seat 2: Pippa83 folded before Flop (didn't bet)
Seat 3: derek5858 folded before Flop (didn't bet)
Seat 4: Spac396 (button) showed [Js Jh] and won ($31.88) with two pair, Jacks and Threes
Seat 5: himqa (small blind) mucked
Seat 6: Rdalonso (big blind) folded before Flop



PokerStars Hand #254686181491:  Hold'em No Limit ($0.50/$1.00 USD) - 2025/02/03 13:14:55 WET [2025/02/03 8:14:55 ET]
Table 'Lehigh' 6-max Seat #5 is the button
Seat 1: value_ftw ($220.71 in chips) 
Seat 2: Pippa83 ($127.93 in chips) 
Seat 3: derek5858 ($104.50 in chips) 
Seat 4: Spac396 ($110.91 in chips) 
Seat 5: himqa ($229.75 in chips) 
Seat 6: Rdalonso ($130.66 in chips) 
Rdalonso: posts small blind $0.50
value_ftw: posts big blind $1
*** HOLE CARDS ***
Pippa83: folds 
derek5858: folds 
Spac396: folds 
himqa: raises $1.50 to $2.50
Rdalonso: folds 
value_ftw: raises $9.50 to $12
himqa: raises $13 to $25
value_ftw: raises $195.71 to $220.71 and is all-in
himqa: folds 
Uncalled bet ($195.71) returned to value_ftw
value_ftw collected $50.50 from pot
value_ftw: doesn't show hand 
*** SUMMARY ***
Total pot $50.50 | Rake $0 
Seat 1: value_ftw (big blind) collected ($50.50)
Seat 2: Pippa83 folded before Flop (didn't bet)
Seat 3: derek5858 folded before Flop (didn't bet)
Seat 4: Spac396 folded before Flop (didn't bet)
Seat 5: himqa (button) folded before Flop
Seat 6: Rdalonso (small blind) folded before Flop



PokerStars Hand #254686190191:  Hold'em No Limit ($0.50/$1.00 USD) - 2025/02/03 13:15:51 WET [2025/02/03 8:15:51 ET]
Table 'Lehigh' 6-max Seat #6 is the button
Seat 1: value_ftw ($246.21 in chips) 
Seat 2: Pippa83 ($127.93 in chips) 
Seat 3: derek5858 ($104.50 in chips) 
Seat 4: Spac396 ($110.91 in chips) 
Seat 5: himqa ($204.75 in chips) 
Seat 6: Rdalonso ($130.16 in chips) 
value_ftw: posts small blind $0.50
Pippa83: posts big blind $1
*** HOLE CARDS ***
derek5858: folds 
Spac396: calls $1
himqa: folds 
Rdalonso: folds 
value_ftw: folds 
Pippa83: raises $4 to $5
Spac396: calls $4
*** FLOP *** [3s Ks Kh]
Pippa83: checks 
Spac396: checks 
*** TURN *** [3s Ks Kh] [Jc]
Pippa83: bets $5
Spac396: calls $5
*** RIVER *** [3s Ks Kh Jc] [9h]
Pippa83: checks 
Spac396: checks 
*** SHOW DOWN ***
Pippa83: shows [As Jh] (two pair, Kings and Jacks)
Spac396: mucks hand 
Pippa83 collected $19.48 from pot
*** SUMMARY ***
Total pot $20.50 | Rake $1.02 
Board [3s Ks Kh Jc 9h]
Seat 1: value_ftw (small blind) folded before Flop
Seat 2: Pippa83 (big blind) showed [As Jh] and won ($19.48) with two pair, Kings and Jacks
Seat 3: derek5858 folded before Flop (didn't bet)
Seat 4: Spac396 mucked
Seat 5: himqa folded before Flop (didn't bet)
Seat 6: Rdalonso (button) folded before Flop (didn't bet)



PokerStars Hand #254686197697:  Hold'em No Limit ($0.50/$1.00 USD) - 2025/02/03 13:16:40 WET [2025/02/03 8:16:40 ET]
Table 'Lehigh' 6-max Seat #1 is the button
Seat 1: value_ftw ($245.71 in chips) 
Seat 2: Pippa83 ($137.41 in chips) 
Seat 3: derek5858 ($104.50 in chips) 
Seat 4: Spac396 ($100.91 in chips) 
Seat 5: himqa ($204.75 in chips) 
Seat 6: Rdalonso ($130.16 in chips) 
Pippa83: posts small blind $0.50
derek5858: posts big blind $1
*** HOLE CARDS ***
Spac396: folds 
himqa: folds 
Rdalonso: folds 
value_ftw: folds 
Pippa83: folds 
Uncalled bet ($0.50) returned to derek5858
derek5858 collected $1 from pot
*** SUMMARY ***
Total pot $1 | Rake $0 
Seat 1: value_ftw (button) folded before Flop (didn't bet)
Seat 2: Pippa83 (small blind) folded before Flop
Seat 3: derek5858 (big blind) collected ($1)
Seat 4: Spac396 folded before Flop (didn't bet)
Seat 5: himqa folded before Flop (didn't bet)
Seat 6: Rdalonso folded before Flop (didn't bet)



PokerStars Hand #254686199337:  Hold'em No Limit ($0.50/$1.00 USD) - 2025/02/03 13:16:50 WET [2025/02/03 8:16:50 ET]
Table 'Lehigh' 6-max Seat #2 is the button
Seat 1: value_ftw ($245.71 in chips) 
Seat 2: Pippa83 ($136.91 in chips) 
Seat 3: derek5858 ($105 in chips) 
Seat 4: Spac396 ($100.91 in chips) 
Seat 5: himqa ($204.75 in chips) 
Seat 6: Rdalonso ($130.16 in chips) 
derek5858: posts small blind $0.50
Spac396: posts big blind $1
*** HOLE CARDS ***
himqa: folds 
Rdalonso: folds 
value_ftw: folds 
Pippa83: raises $1.50 to $2.50
derek5858: folds 
Spac396: calls $1.50
*** FLOP *** [Kh 5h 7s]
Spac396: checks 
Pippa83: bets $1.72
Spac396: raises $3.72 to $5.44
Pippa83: calls $3.72
*** TURN *** [Kh 5h 7s] [5s]
Spac396: bets $8
Pippa83: calls $8
*** RIVER *** [Kh 5h 7s 5s] [7h]
Spac396: checks 
Pippa83: bets $15
Spac396: folds 
Uncalled bet ($15) returned to Pippa83
Pippa83 collected $30.76 from pot
Pippa83: doesn't show hand 
*** SUMMARY ***
Total pot $32.38 | Rake $1.62 
Board [Kh 5h 7s 5s 7h]
Seat 1: value_ftw folded before Flop (didn't bet)
Seat 2: Pippa83 (button) collected ($30.76)
Seat 3: derek5858 (small blind) folded before Flop
Seat 4: Spac396 (big blind) folded on the River
Seat 5: himqa folded before Flop (didn't bet)
Seat 6: Rdalonso folded before Flop (didn't bet)



PokerStars Hand #254686208901:  Hold'em No Limit ($0.50/$1.00 USD) - 2025/02/03 13:17:52 WET [2025/02/03 8:17:52 ET]
Table 'Lehigh' 6-max Seat #3 is the button
Seat 1: value_ftw ($245.71 in chips) 
Seat 2: Pippa83 ($151.73 in chips) 
Seat 3: derek5858 ($104.50 in chips) 
Seat 4: Spac396 ($84.97 in chips) 
Seat 5: himqa ($204.75 in chips) 
Seat 6: Rdalonso ($130.16 in chips) 
Spac396: posts small blind $0.50
himqa: posts big blind $1
*** HOLE CARDS ***
Rdalonso: folds 
value_ftw: folds 
Pippa83: raises $1.50 to $2.50
derek5858: raises $4.55 to $7.05
Spac396: folds 
himqa: folds 
Pippa83: calls $4.55
*** FLOP *** [8d Ad Kd]
Pippa83: checks 
derek5858: bets $2.96
Pippa83: calls $2.96
*** TURN *** [8d Ad Kd] [3h]
Pippa83: checks 
derek5858: bets $12.26
Pippa83: folds 
Uncalled bet ($12.26) returned to derek5858
derek5858 collected $20.44 from pot
*** SUMMARY ***
Total pot $21.52 | Rake $1.08 
Board [8d Ad Kd 3h]
Seat 1: value_ftw folded before Flop (didn't bet)
Seat 2: Pippa83 folded on the Turn
Seat 3: derek5858 (button) collected ($20.44)
Seat 4: Spac396 (small blind) folded before Flop
Seat 5: himqa (big blind) folded before Flop
Seat 6: Rdalonso folded before Flop (didn't bet)



PokerStars Hand #254686219912:  Hold'em No Limit ($0.50/$1.00 USD) - 2025/02/03 13:19:04 WET [2025/02/03 8:19:04 ET]
Table 'Lehigh' 6-max Seat #4 is the button
Seat 1: value_ftw ($245.71 in chips) 
Seat 2: Pippa83 ($141.72 in chips) 
Seat 3: derek5858 ($114.93 in chips) 
Seat 4: Spac396 ($99.50 in chips) 
Seat 5: himqa ($203.75 in chips) 
Seat 6: Rdalonso ($130.16 in chips) 
himqa: posts small blind $0.50
Rdalonso: posts big blind $1
*** HOLE CARDS ***
value_ftw: folds 
Pippa83: raises $1.20 to $2.20
derek5858: folds 
Spac396: calls $2.20
himqa: folds 
Rdalonso: folds 
*** FLOP *** [8c Jh 8s]
Pippa83: bets $1.40
Spac396: calls $1.40
*** TURN *** [8c Jh 8s] [Ts]
Pippa83: bets $5
Spac396: folds 
Uncalled bet ($5) returned to Pippa83
Pippa83 collected $8.26 from pot
Pippa83: doesn't show hand 
*** SUMMARY ***
Total pot $8.70 | Rake $0.44 
Board [8c Jh 8s Ts]
Seat 1: value_ftw folded before Flop (didn't bet)
Seat 2: Pippa83 collected ($8.26)
Seat 3: derek5858 folded before Flop (didn't bet)
Seat 4: Spac396 (button) folded on the Turn
Seat 5: himqa (small blind) folded before Flop
Seat 6: Rdalonso (big blind) folded before Flop



PokerStars Hand #254686226339:  Hold'em No Limit ($0.50/$1.00 USD) - 2025/02/03 13:19:46 WET [2025/02/03 8:19:46 ET]
Table 'Lehigh' 6-max Seat #5 is the button
Seat 1: value_ftw ($245.71 in chips) 
Seat 2: Pippa83 ($146.38 in chips) 
Seat 3: derek5858 ($114.93 in chips) 
Seat 4: Spac396 ($95.90 in chips) 
Seat 5: himqa ($203.25 in chips) 
Seat 6: Rdalonso ($129.16 in chips) 
Rdalonso: posts small blind $0.50
value_ftw: posts big blind $1
*** HOLE CARDS ***
Pippa83: folds 
derek5858: folds 
Spac396: calls $1
himqa: folds 
Rdalonso: folds 
value_ftw: raises $4.50 to $5.50
Spac396: calls $4.50
*** FLOP *** [8s 7s 8h]
value_ftw: checks 
Spac396: checks 
*** TURN *** [8s 7s 8h] [Ac]
value_ftw: bets $10.92
Spac396: folds 
Uncalled bet ($10.92) returned to value_ftw
value_ftw collected $10.92 from pot
value_ftw: doesn't show hand 
*** SUMMARY ***
Total pot $11.50 | Rake $0.58 
Board [8s 7s 8h Ac]
Seat 1: value_ftw (big blind) collected ($10.92)
Seat 2: Pippa83 folded before Flop (didn't bet)
Seat 3: derek5858 folded before Flop (didn't bet)
Seat 4: Spac396 folded on the Turn
Seat 5: himqa (button) folded before Flop (didn't bet)
Seat 6: Rdalonso (small blind) folded before Flop



PokerStars Hand #254686230491:  Hold'em No Limit ($0.50/$1.00 USD) - 2025/02/03 13:20:13 WET [2025/02/03 8:20:13 ET]
Table 'Lehigh' 6-max Seat #6 is the button
Seat 1: value_ftw ($251.13 in chips) 
Seat 2: Pippa83 ($146.38 in chips) 
Seat 3: derek5858 ($114.93 in chips) 
Seat 4: Spac396 ($90.40 in chips) 
Seat 5: himqa ($203.25 in chips) 
Seat 6: Rdalonso ($128.66 in chips) 
value_ftw: posts small blind $0.50
Pippa83: posts big blind $1
*** HOLE CARDS ***
derek5858: raises $1 to $2
Spac396: calls $2
himqa: folds 
Rdalonso: folds 
value_ftw: folds 
Pippa83: calls $1
*** FLOP *** [Qh 3s Ac]
Pippa83: checks 
derek5858: bets $1.24
Spac396: calls $1.24
Pippa83: folds 
*** TURN *** [Qh 3s Ac] [6h]
derek5858: bets $11.09
Spac396: calls $11.09
*** RIVER *** [Qh 3s Ac 6h] [4d]
derek5858: bets $8.88
Spac396: calls $8.88
*** SHOW DOWN ***
derek5858: shows [Jc Ad] (a pair of Aces)
Spac396: mucks hand 
derek5858 collected $46.47 from pot
*** SUMMARY ***
Total pot $48.92 | Rake $2.45 
Board [Qh 3s Ac 6h 4d]
Seat 1: value_ftw (small blind) folded before Flop
Seat 2: Pippa83 (big blind) folded on the Flop
Seat 3: derek5858 showed [Jc Ad] and won ($46.47) with a pair of Aces
Seat 4: Spac396 mucked
Seat 5: himqa folded before Flop (didn't bet)
Seat 6: Rdalonso (button) folded before Flop (didn't bet)



PokerStars Hand #254686238492:  Hold'em No Limit ($0.50/$1.00 USD) - 2025/02/03 13:21:05 WET [2025/02/03 8:21:05 ET]
Table 'Lehigh' 6-max Seat #1 is the button
Seat 1: value_ftw ($250.63 in chips) 
Seat 2: Pippa83 ($144.38 in chips) 
Seat 3: derek5858 ($138.19 in chips) 
Seat 4: Spac396 ($67.19 in chips) 
Seat 5: himqa ($203.25 in chips) 
Seat 6: Rdalonso ($128.66 in chips) 
Pippa83: posts small blind $0.50
derek5858: posts big blind $1
*** HOLE CARDS ***
Spac396: folds 
himqa: folds 
Rdalonso: folds 
value_ftw: folds 
Pippa83: folds 
Uncalled bet ($0.50) returned to derek5858
Spac396 leaves the table
derek5858 collected $1 from pot
*** SUMMARY ***
Total pot $1 | Rake $0 
Seat 1: value_ftw (button) folded before Flop (didn't bet)
Seat 2: Pippa83 (small blind) folded before Flop
Seat 3: derek5858 (big blind) collected ($1)
Seat 4: Spac396 folded before Flop (didn't bet)
Seat 5: himqa folded before Flop (didn't bet)
Seat 6: Rdalonso folded before Flop (didn't bet)



PokerStars Hand #254686241004:  Hold'em No Limit ($0.50/$1.00 USD) - 2025/02/03 13:21:21 WET [2025/02/03 8:21:21 ET]
Table 'Lehigh' 6-max Seat #2 is the button
Seat 1: value_ftw ($250.63 in chips) 
Seat 2: Pippa83 ($143.88 in chips) 
Seat 3: derek5858 ($138.69 in chips) 
Seat 5: himqa ($203.25 in chips) 
Seat 6: Rdalonso ($128.66 in chips) 
derek5858: posts small blind $0.50
himqa: posts big blind $1
*** HOLE CARDS ***
Rdalonso: folds 
value_ftw: folds 
Pippa83: folds 
derek5858: raises $2 to $3
himqa: folds 
Uncalled bet ($2) returned to derek5858
OrgazmPoint joins the table at seat #4 
derek5858 collected $2 from pot
*** SUMMARY ***
Total pot $2 | Rake $0 
Seat 1: value_ftw folded before Flop (didn't bet)
Seat 2: Pippa83 (button) folded before Flop (didn't bet)
Seat 3: derek5858 (small blind) collected ($2)
Seat 5: himqa (big blind) folded before Flop
Seat 6: Rdalonso folded before Flop (didn't bet)



PokerStars Hand #254686242919:  Hold'em No Limit ($0.50/$1.00 USD) - 2025/02/03 13:21:34 WET [2025/02/03 8:21:34 ET]
Table 'Lehigh' 6-max Seat #3 is the button
Seat 4: OrgazmPoint ($10 in chips) is sitting out
Seat 6: Rdalonso ($128.66 in chips) is sitting out
Seat 1: value_ftw ($250.63 in chips) 
Seat 2: Pippa83 ($143.88 in chips) 
Seat 3: derek5858 ($139.69 in chips) 
Seat 5: himqa ($202.25 in chips) 
himqa: posts small blind $0.50
Rdalonso: is sitting out 
value_ftw: posts big blind $1
*** HOLE CARDS ***
Pippa83: folds 
derek5858: folds 
Pippa83 leaves the table
himqa: folds 
Uncalled bet ($0.50) returned to value_ftw
Rdalonso leaves the table
value_ftw collected $1 from pot
value_ftw: doesn't show hand 
*** SUMMARY ***
Total pot $1 | Rake $0 
Seat 4: OrgazmPoint
Seat 6: Rdalonso
Seat 1: value_ftw (big blind) collected ($1)
Seat 2: Pippa83 folded before Flop (didn't bet)
Seat 3: derek5858 (button) folded before Flop (didn't bet)
Seat 5: himqa (small blind) folded before Flop



PokerStars Hand #254686244328:  Hold'em No Limit ($0.50/$1.00 USD) - 2025/02/03 13:21:43 WET [2025/02/03 8:21:43 ET]
Table 'Lehigh' 6-max Seat #5 is the button
Seat 4: OrgazmPoint ($10 in chips) is sitting out
Seat 1: value_ftw ($251.13 in chips) 
Seat 3: derek5858 ($139.69 in chips) 
Seat 5: himqa ($201.75 in chips) 
value_ftw: posts small blind $0.50
derek5858: posts big blind $1
OrgazmPoint: sits out 
*** HOLE CARDS ***
himqa: raises $1.50 to $2.50
value_ftw: folds 
derek5858: calls $1.50
*** FLOP *** [Td Kc Ts]
derek5858: checks 
himqa: bets $1.72
derek5858: calls $1.72
*** TURN *** [Td Kc Ts] [3d]
derek5858: checks 
himqa: checks 
*** RIVER *** [Td Kc Ts 3d] [8c]
derek5858: checks 
himqa: checks 
*** SHOW DOWN ***
derek5858: shows [7h Ad] (a pair of Tens)
himqa: shows [8d Ah] (two pair, Tens and Eights)
himqa collected $8.49 from pot
*** SUMMARY ***
Total pot $8.94 | Rake $0.45 
Board [Td Kc Ts 3d 8c]
Seat 4: OrgazmPoint
Seat 1: value_ftw (small blind) folded before Flop
Seat 3: derek5858 (big blind) showed [7h Ad] and lost with a pair of Tens
Seat 5: himqa (button) showed [8d Ah] and won ($8.49) with two pair, Tens and Eights



PokerStars Hand #254686256248:  Hold'em No Limit ($0.50/$1.00 USD) - 2025/02/03 13:23:00 WET [2025/02/03 8:23:00 ET]
Table 'Lehigh' 6-max Seat #1 is the button
Seat 1: value_ftw ($250.63 in chips) 
Seat 3: derek5858 ($135.47 in chips) 
Seat 4: OrgazmPoint ($10 in chips) 
Seat 5: himqa ($206.02 in chips) 
derek5858: posts small blind $0.50
OrgazmPoint: posts big blind $1
*** HOLE CARDS ***
himqa: folds 
himqa leaves the table
value_ftw: folds 
derek5858: raises $2 to $3
OrgazmPoint: folds 
Uncalled bet ($2) returned to derek5858
derek5858 collected $2 from pot
*** SUMMARY ***
Total pot $2 | Rake $0 
Seat 1: value_ftw (button) folded before Flop (didn't bet)
Seat 3: derek5858 (small blind) collected ($2)
Seat 4: OrgazmPoint (big blind) folded before Flop
Seat 5: himqa folded before Flop (didn't bet)



