PokerStars Hand #254696426153:  Hold'em No Limit ($0.50/$1.00 USD) - 2025/02/03 0:03:05 WET [2025/02/03 19:03:05 ET]
Table 'Ricarda' 6-max Seat #3 is the button
Seat 1: SorinS28 ($108.15 in chips) 
Seat 2: Mr_Dick666 ($100 in chips) 
Seat 3: pr0tecto ($100 in chips) 
Seat 4: BC2025 ($56.73 in chips) 
Seat 5: blackclan7 ($105.02 in chips) 
Seat 6: andutu34 ($100 in chips) 
BC2025: posts small blind $0.50
blackclan7: posts big blind $1
*** HOLE CARDS ***
andutu34: raises $1 to $2
SorinS28: folds 
Mr_Dick666: folds 
pr0tecto: folds 
BC2025: folds 
blackclan7: folds 
Uncalled bet ($1) returned to andutu34
andutu34 collected $2.50 from pot
andutu34: doesn't show hand 
*** SUMMARY ***
Total pot $2.50 | Rake $0 
Seat 1: SorinS28 folded before Flop (didn't bet)
Seat 2: Mr_Dick666 folded before Flop (didn't bet)
Seat 3: pr0tecto (button) folded before Flop (didn't bet)
Seat 4: BC2025 (small blind) folded before Flop
Seat 5: blackclan7 (big blind) folded before Flop
Seat 6: andutu34 collected ($2.50)



PokerStars Hand #254696428503:  Hold'em No Limit ($0.50/$1.00 USD) - 2025/02/03 0:03:16 WET [2025/02/03 19:03:16 ET]
Table 'Ricarda' 6-max Seat #4 is the button
Seat 1: SorinS28 ($108.15 in chips) 
Seat 2: Mr_Dick666 ($100 in chips) 
Seat 3: pr0tecto ($100 in chips) 
Seat 4: BC2025 ($56.23 in chips) 
Seat 5: blackclan7 ($104.02 in chips) 
Seat 6: andutu34 ($101.50 in chips) 
blackclan7: posts small blind $0.50
andutu34: posts big blind $1
*** HOLE CARDS ***
SorinS28: folds 
Mr_Dick666: folds 
pr0tecto: raises $1.20 to $2.20
BC2025: folds 
blackclan7: folds 
andutu34: calls $1.20
*** FLOP *** [9c Td 2d]
andutu34: checks 
pr0tecto: checks 
*** TURN *** [9c Td 2d] [Kc]
andutu34: checks 
pr0tecto: checks 
*** RIVER *** [9c Td 2d Kc] [Ah]
andutu34: checks 
pr0tecto: bets $3.50
andutu34: calls $3.50
*** SHOW DOWN ***
pr0tecto: shows [Qc As] (a pair of Aces)
andutu34: mucks hand 
pr0tecto collected $11.30 from pot
*** SUMMARY ***
Total pot $11.90 | Rake $0.60 
Board [9c Td 2d Kc Ah]
Seat 1: SorinS28 folded before Flop (didn't bet)
Seat 2: Mr_Dick666 folded before Flop (didn't bet)
Seat 3: pr0tecto showed [Qc As] and won ($11.30) with a pair of Aces
Seat 4: BC2025 (button) folded before Flop (didn't bet)
Seat 5: blackclan7 (small blind) folded before Flop
Seat 6: andutu34 (big blind) mucked



PokerStars Hand #254696443751:  Hold'em No Limit ($0.50/$1.00 USD) - 2025/02/03 0:04:26 WET [2025/02/03 19:04:26 ET]
Table 'Ricarda' 6-max Seat #5 is the button
Seat 1: SorinS28 ($108.15 in chips) 
Seat 2: Mr_Dick666 ($100 in chips) 
Seat 3: pr0tecto ($105.60 in chips) 
Seat 4: BC2025 ($56.23 in chips) 
Seat 5: blackclan7 ($103.52 in chips) 
Seat 6: andutu34 ($100 in chips) 
andutu34: posts small blind $0.50
SorinS28: posts big blind $1
*** HOLE CARDS ***
Mr_Dick666: raises $1 to $2
pr0tecto: folds 
BC2025: calls $2
blackclan7: folds 
andutu34: folds 
SorinS28: folds 
*** FLOP *** [Jc 5h 6h]
Mr_Dick666: checks 
BC2025: bets $4.22
Mr_Dick666: folds 
Uncalled bet ($4.22) returned to BC2025
BC2025 collected $5.22 from pot
*** SUMMARY ***
Total pot $5.50 | Rake $0.28 
Board [Jc 5h 6h]
Seat 1: SorinS28 (big blind) folded before Flop
Seat 2: Mr_Dick666 folded on the Flop
Seat 3: pr0tecto folded before Flop (didn't bet)
Seat 4: BC2025 collected ($5.22)
Seat 5: blackclan7 (button) folded before Flop (didn't bet)
Seat 6: andutu34 (small blind) folded before Flop



PokerStars Hand #254696452087:  Hold'em No Limit ($0.50/$1.00 USD) - 2025/02/03 0:05:03 WET [2025/02/03 19:05:03 ET]
Table 'Ricarda' 6-max Seat #6 is the button
Seat 2: Mr_Dick666 ($100 in chips) is sitting out
Seat 1: SorinS28 ($107.15 in chips) 
Seat 3: pr0tecto ($105.60 in chips) 
Seat 4: BC2025 ($59.45 in chips) 
Seat 5: blackclan7 ($103.52 in chips) 
Seat 6: andutu34 ($100 in chips) 
SorinS28: posts small blind $0.50
Mr_Dick666: is sitting out 
pr0tecto: posts big blind $1
*** HOLE CARDS ***
Mr_Dick666 leaves the table
BC2025: calls $1
blackclan7: raises $2.50 to $3.50
andutu34: folds 
SorinS28: folds 
pr0tecto: folds 
BC2025: calls $2.50
*** FLOP *** [Qd Th Kc]
BC2025: checks 
blackclan7: checks 
*** TURN *** [Qd Th Kc] [5d]
BC2025: checks 
blackclan7: checks 
*** RIVER *** [Qd Th Kc 5d] [2d]
BC2025: checks 
blackclan7: checks 
*** SHOW DOWN ***
BC2025: shows [Ac 9c] (high card Ace)
blackclan7: shows [6d 6h] (a pair of Sixes)
blackclan7 collected $8.08 from pot
*** SUMMARY ***
Total pot $8.50 | Rake $0.42 
Board [Qd Th Kc 5d 2d]
Seat 2: Mr_Dick666
Seat 1: SorinS28 (small blind) folded before Flop
Seat 3: pr0tecto (big blind) folded before Flop
Seat 4: BC2025 showed [Ac 9c] and lost with high card Ace
Seat 5: blackclan7 showed [6d 6h] and won ($8.08) with a pair of Sixes
Seat 6: andutu34 (button) folded before Flop (didn't bet)



PokerStars Hand #254696460449:  Hold'em No Limit ($0.50/$1.00 USD) - 2025/02/03 0:05:41 WET [2025/02/03 19:05:41 ET]
Table 'Ricarda' 6-max Seat #1 is the button
Seat 1: SorinS28 ($106.65 in chips) 
Seat 3: pr0tecto ($104.60 in chips) 
Seat 4: BC2025 ($55.95 in chips) 
Seat 5: blackclan7 ($108.10 in chips) 
Seat 6: andutu34 ($100 in chips) 
pr0tecto: posts small blind $0.50
BC2025: posts big blind $1
*** HOLE CARDS ***
blackclan7: folds 
andutu34: folds 
SorinS28: folds 
pr0tecto: folds 
Uncalled bet ($0.50) returned to BC2025
ru_ruu_ru joins the table at seat #2 
BC2025 collected $1 from pot
*** SUMMARY ***
Total pot $1 | Rake $0 
Seat 1: SorinS28 (button) folded before Flop (didn't bet)
Seat 3: pr0tecto (small blind) folded before Flop
Seat 4: BC2025 (big blind) collected ($1)
Seat 5: blackclan7 folded before Flop (didn't bet)
Seat 6: andutu34 folded before Flop (didn't bet)



PokerStars Hand #254696463251:  Hold'em No Limit ($0.50/$1.00 USD) - 2025/02/03 0:05:54 WET [2025/02/03 19:05:54 ET]
Table 'Ricarda' 6-max Seat #3 is the button
Seat 2: ru_ruu_ru ($100 in chips) is sitting out
Seat 1: SorinS28 ($106.65 in chips) 
Seat 3: pr0tecto ($104.10 in chips) 
Seat 4: BC2025 ($56.45 in chips) 
Seat 5: blackclan7 ($108.10 in chips) 
Seat 6: andutu34 ($100 in chips) 
BC2025: posts small blind $0.50
blackclan7: posts big blind $1
ru_ruu_ru: sits out 
*** HOLE CARDS ***
andutu34: folds 
SorinS28: folds 
pr0tecto: folds 
BC2025: calls $0.50
blackclan7: checks 
*** FLOP *** [9s 6c Kc]
BC2025: checks 
blackclan7: checks 
*** TURN *** [9s 6c Kc] [4d]
BC2025: checks 
blackclan7: checks 
*** RIVER *** [9s 6c Kc 4d] [6h]
BC2025: checks 
blackclan7: checks 
*** SHOW DOWN ***
BC2025: shows [5s Ah] (a pair of Sixes)
blackclan7: shows [3s Ad] (a pair of Sixes)
BC2025 collected $0.95 from pot
blackclan7 collected $0.95 from pot
*** SUMMARY ***
Total pot $2 | Rake $0.10 
Board [9s 6c Kc 4d 6h]
Seat 2: ru_ruu_ru
Seat 1: SorinS28 folded before Flop (didn't bet)
Seat 3: pr0tecto (button) folded before Flop (didn't bet)
Seat 4: BC2025 (small blind) showed [5s Ah] and won ($0.95) with a pair of Sixes
Seat 5: blackclan7 (big blind) showed [3s Ad] and won ($0.95) with a pair of Sixes
Seat 6: andutu34 folded before Flop (didn't bet)



PokerStars Hand #254696473616:  Hold'em No Limit ($0.50/$1.00 USD) - 2025/02/03 0:06:42 WET [2025/02/03 19:06:42 ET]
Table 'Ricarda' 6-max Seat #4 is the button
Seat 2: ru_ruu_ru ($100 in chips) is sitting out
Seat 1: SorinS28 ($106.65 in chips) 
Seat 3: pr0tecto ($104.10 in chips) 
Seat 4: BC2025 ($56.40 in chips) 
Seat 5: blackclan7 ($108.05 in chips) 
Seat 6: andutu34 ($100 in chips) 
blackclan7: posts small blind $0.50
andutu34: posts big blind $1
ru_ruu_ru: sits out 
*** HOLE CARDS ***
SorinS28: folds 
pr0tecto: folds 
BC2025: folds 
blackclan7: raises $2 to $3
andutu34: calls $2
*** FLOP *** [3d 7d Ts]
blackclan7: checks 
andutu34: bets $1.88
blackclan7: folds 
Uncalled bet ($1.88) returned to andutu34
andutu34 collected $5.70 from pot
andutu34: doesn't show hand 
*** SUMMARY ***
Total pot $6 | Rake $0.30 
Board [3d 7d Ts]
Seat 2: ru_ruu_ru
Seat 1: SorinS28 folded before Flop (didn't bet)
Seat 3: pr0tecto folded before Flop (didn't bet)
Seat 4: BC2025 (button) folded before Flop (didn't bet)
Seat 5: blackclan7 (small blind) folded on the Flop
Seat 6: andutu34 (big blind) collected ($5.70)



PokerStars Hand #254696481998:  Hold'em No Limit ($0.50/$1.00 USD) - 2025/02/03 0:07:20 WET [2025/02/03 19:07:20 ET]
Table 'Ricarda' 6-max Seat #5 is the button
Seat 2: ru_ruu_ru ($100 in chips) is sitting out
Seat 1: SorinS28 ($106.65 in chips) 
Seat 3: pr0tecto ($104.10 in chips) 
Seat 4: BC2025 ($56.40 in chips) 
Seat 5: blackclan7 ($105.05 in chips) 
Seat 6: andutu34 ($102.70 in chips) 
andutu34: posts small blind $0.50
SorinS28: posts big blind $1
ru_ruu_ru: sits out 
*** HOLE CARDS ***
pr0tecto: folds 
BC2025: folds 
blackclan7: folds 
andutu34: raises $2 to $3
SorinS28: folds 
Uncalled bet ($2) returned to andutu34
andutu34 collected $2 from pot
andutu34: doesn't show hand 
*** SUMMARY ***
Total pot $2 | Rake $0 
Seat 2: ru_ruu_ru
Seat 1: SorinS28 (big blind) folded before Flop
Seat 3: pr0tecto folded before Flop (didn't bet)
Seat 4: BC2025 folded before Flop (didn't bet)
Seat 5: blackclan7 (button) folded before Flop (didn't bet)
Seat 6: andutu34 (small blind) collected ($2)



PokerStars Hand #254696484149:  Hold'em No Limit ($0.50/$1.00 USD) - 2025/02/03 0:07:30 WET [2025/02/03 19:07:30 ET]
Table 'Ricarda' 6-max Seat #6 is the button
Seat 1: SorinS28 ($105.65 in chips) 
Seat 2: ru_ruu_ru ($100 in chips) 
Seat 3: pr0tecto ($104.10 in chips) 
Seat 4: BC2025 ($56.40 in chips) 
Seat 5: blackclan7 ($105.05 in chips) 
Seat 6: andutu34 ($103.70 in chips) 
SorinS28: posts small blind $0.50
ru_ruu_ru: posts big blind $1
*** HOLE CARDS ***
pr0tecto: folds 
BC2025: folds 
blackclan7: folds 
andutu34: folds 
SorinS28: folds 
Uncalled bet ($0.50) returned to ru_ruu_ru
ru_ruu_ru collected $1 from pot
ru_ruu_ru: doesn't show hand 
*** SUMMARY ***
Total pot $1 | Rake $0 
Seat 1: SorinS28 (small blind) folded before Flop
Seat 2: ru_ruu_ru (big blind) collected ($1)
Seat 3: pr0tecto folded before Flop (didn't bet)
Seat 4: BC2025 folded before Flop (didn't bet)
Seat 5: blackclan7 folded before Flop (didn't bet)
Seat 6: andutu34 (button) folded before Flop (didn't bet)



PokerStars Hand #254696487027:  Hold'em No Limit ($0.50/$1.00 USD) - 2025/02/03 0:07:43 WET [2025/02/03 19:07:43 ET]
Table 'Ricarda' 6-max Seat #1 is the button
Seat 1: SorinS28 ($105.15 in chips) 
Seat 2: ru_ruu_ru ($100.50 in chips) 
Seat 3: pr0tecto ($104.10 in chips) 
Seat 4: BC2025 ($56.40 in chips) 
Seat 5: blackclan7 ($105.05 in chips) 
Seat 6: andutu34 ($103.70 in chips) 
ru_ruu_ru: posts small blind $0.50
pr0tecto: posts big blind $1
*** HOLE CARDS ***
BC2025: folds 
blackclan7: folds 
andutu34: folds 
SorinS28: raises $1.50 to $2.50
ru_ruu_ru: folds 
pr0tecto: raises $8.50 to $11
SorinS28: folds 
Uncalled bet ($8.50) returned to pr0tecto
pr0tecto collected $5.50 from pot
pr0tecto: doesn't show hand 
*** SUMMARY ***
Total pot $5.50 | Rake $0 
Seat 1: SorinS28 (button) folded before Flop
Seat 2: ru_ruu_ru (small blind) folded before Flop
Seat 3: pr0tecto (big blind) collected ($5.50)
Seat 4: BC2025 folded before Flop (didn't bet)
Seat 5: blackclan7 folded before Flop (didn't bet)
Seat 6: andutu34 folded before Flop (didn't bet)



PokerStars Hand #254696490954:  Hold'em No Limit ($0.50/$1.00 USD) - 2025/02/03 0:08:01 WET [2025/02/03 19:08:01 ET]
Table 'Ricarda' 6-max Seat #2 is the button
Seat 1: SorinS28 ($102.65 in chips) 
Seat 2: ru_ruu_ru ($100 in chips) 
Seat 3: pr0tecto ($107.10 in chips) 
Seat 4: BC2025 ($56.40 in chips) 
Seat 5: blackclan7 ($105.05 in chips) 
Seat 6: andutu34 ($103.70 in chips) 
pr0tecto: posts small blind $0.50
BC2025: posts big blind $1
*** HOLE CARDS ***
blackclan7: folds 
andutu34: folds 
SorinS28: raises $1.30 to $2.30
ru_ruu_ru: folds 
pr0tecto: folds 
BC2025: calls $1.30
*** FLOP *** [Ac 5d Ks]
BC2025: checks 
SorinS28: bets $1.36
BC2025: calls $1.36
*** TURN *** [Ac 5d Ks] [7d]
BC2025: checks 
SorinS28: bets $11.14
BC2025: folds 
Uncalled bet ($11.14) returned to SorinS28
SorinS28 collected $7.43 from pot
SorinS28: doesn't show hand 
*** SUMMARY ***
Total pot $7.82 | Rake $0.39 
Board [Ac 5d Ks 7d]
Seat 1: SorinS28 collected ($7.43)
Seat 2: ru_ruu_ru (button) folded before Flop (didn't bet)
Seat 3: pr0tecto (small blind) folded before Flop
Seat 4: BC2025 (big blind) folded on the Turn
Seat 5: blackclan7 folded before Flop (didn't bet)
Seat 6: andutu34 folded before Flop (didn't bet)



PokerStars Hand #254696505007:  Hold'em No Limit ($0.50/$1.00 USD) - 2025/02/03 0:09:06 WET [2025/02/03 19:09:06 ET]
Table 'Ricarda' 6-max Seat #3 is the button
Seat 1: SorinS28 ($106.42 in chips) 
Seat 2: ru_ruu_ru ($100 in chips) 
Seat 3: pr0tecto ($106.60 in chips) 
Seat 4: BC2025 ($52.74 in chips) 
Seat 5: blackclan7 ($105.05 in chips) 
Seat 6: andutu34 ($103.70 in chips) 
BC2025: posts small blind $0.50
blackclan7: posts big blind $1
*** HOLE CARDS ***
andutu34: raises $1 to $2
SorinS28: folds 
ru_ruu_ru: folds 
pr0tecto: folds 
BC2025: calls $1.50
blackclan7: folds 
*** FLOP *** [Ad Kc Ac]
BC2025: checks 
andutu34: bets $1.19
BC2025: calls $1.19
*** TURN *** [Ad Kc Ac] [Tc]
BC2025: checks 
andutu34: checks 
*** RIVER *** [Ad Kc Ac Tc] [8c]
BC2025: bets $7.01
andutu34: folds 
Uncalled bet ($7.01) returned to BC2025
BC2025 collected $7.01 from pot
*** SUMMARY ***
Total pot $7.38 | Rake $0.37 
Board [Ad Kc Ac Tc 8c]
Seat 1: SorinS28 folded before Flop (didn't bet)
Seat 2: ru_ruu_ru folded before Flop (didn't bet)
Seat 3: pr0tecto (button) folded before Flop (didn't bet)
Seat 4: BC2025 (small blind) collected ($7.01)
Seat 5: blackclan7 (big blind) folded before Flop
Seat 6: andutu34 folded on the River



PokerStars Hand #254696514853:  Hold'em No Limit ($0.50/$1.00 USD) - 2025/02/03 0:09:52 WET [2025/02/03 19:09:52 ET]
Table 'Ricarda' 6-max Seat #4 is the button
Seat 1: SorinS28 ($106.42 in chips) 
Seat 2: ru_ruu_ru ($100 in chips) 
Seat 3: pr0tecto ($106.60 in chips) 
Seat 4: BC2025 ($56.56 in chips) 
Seat 5: blackclan7 ($104.05 in chips) 
Seat 6: andutu34 ($100.51 in chips) 
blackclan7: posts small blind $0.50
andutu34: posts big blind $1
*** HOLE CARDS ***
SorinS28: raises $1.02 to $2.02
ru_ruu_ru: folds 
pr0tecto: folds 
BC2025: folds 
blackclan7: folds 
andutu34: folds 
Uncalled bet ($1.02) returned to SorinS28
SorinS28 collected $2.50 from pot
SorinS28: doesn't show hand 
*** SUMMARY ***
Total pot $2.50 | Rake $0 
Seat 1: SorinS28 collected ($2.50)
Seat 2: ru_ruu_ru folded before Flop (didn't bet)
Seat 3: pr0tecto folded before Flop (didn't bet)
Seat 4: BC2025 (button) folded before Flop (didn't bet)
Seat 5: blackclan7 (small blind) folded before Flop
Seat 6: andutu34 (big blind) folded before Flop



PokerStars Hand #254696518544:  Hold'em No Limit ($0.50/$1.00 USD) - 2025/02/03 0:10:09 WET [2025/02/03 19:10:09 ET]
Table 'Ricarda' 6-max Seat #5 is the button
Seat 1: SorinS28 ($107.92 in chips) 
Seat 2: ru_ruu_ru ($100 in chips) 
Seat 3: pr0tecto ($106.60 in chips) 
Seat 4: BC2025 ($56.56 in chips) 
Seat 5: blackclan7 ($103.55 in chips) 
Seat 6: andutu34 ($100 in chips) 
andutu34: posts small blind $0.50
SorinS28: posts big blind $1
*** HOLE CARDS ***
ru_ruu_ru: folds 
pr0tecto: raises $1.10 to $2.10
BC2025: calls $2.10
blackclan7: folds 
andutu34: folds 
SorinS28: folds 
*** FLOP *** [2d 8s As]
pr0tecto: checks 
BC2025: checks 
*** TURN *** [2d 8s As] [9d]
pr0tecto: checks 
BC2025: checks 
*** RIVER *** [2d 8s As 9d] [2h]
pr0tecto: checks 
BC2025: checks 
*** SHOW DOWN ***
pr0tecto: shows [Kh Js] (a pair of Deuces)
BC2025: mucks hand 
pr0tecto collected $5.42 from pot
*** SUMMARY ***
Total pot $5.70 | Rake $0.28 
Board [2d 8s As 9d 2h]
Seat 1: SorinS28 (big blind) folded before Flop
Seat 2: ru_ruu_ru folded before Flop (didn't bet)
Seat 3: pr0tecto showed [Kh Js] and won ($5.42) with a pair of Deuces
Seat 4: BC2025 mucked
Seat 5: blackclan7 (button) folded before Flop (didn't bet)
Seat 6: andutu34 (small blind) folded before Flop



PokerStars Hand #254696525088:  Hold'em No Limit ($0.50/$1.00 USD) - 2025/02/03 0:10:39 WET [2025/02/03 19:10:39 ET]
Table 'Ricarda' 6-max Seat #6 is the button
Seat 1: SorinS28 ($106.92 in chips) 
Seat 2: ru_ruu_ru ($100 in chips) 
Seat 3: pr0tecto ($109.92 in chips) 
Seat 4: BC2025 ($54.46 in chips) 
Seat 5: blackclan7 ($103.55 in chips) 
Seat 6: andutu34 ($100 in chips) 
SorinS28: posts small blind $0.50
ru_ruu_ru: posts big blind $1
*** HOLE CARDS ***
pr0tecto: folds 
BC2025: folds 
pr0tecto leaves the table
J0SHB0SH joins the table at seat #3 
blackclan7: raises $1.30 to $2.30
andutu34: folds 
SorinS28: folds 
ru_ruu_ru: calls $1.30
*** FLOP *** [7d 6d 2c]
ru_ruu_ru: checks 
blackclan7: checks 
*** TURN *** [7d 6d 2c] [Qd]
ru_ruu_ru: checks 
blackclan7: bets $2.47
ru_ruu_ru: calls $2.47
*** RIVER *** [7d 6d 2c Qd] [8c]
ru_ruu_ru: checks 
blackclan7: bets $14.31
ru_ruu_ru: folds 
Uncalled bet ($14.31) returned to blackclan7
blackclan7 collected $9.54 from pot
blackclan7: doesn't show hand 
*** SUMMARY ***
Total pot $10.04 | Rake $0.50 
Board [7d 6d 2c Qd 8c]
Seat 1: SorinS28 (small blind) folded before Flop
Seat 2: ru_ruu_ru (big blind) folded on the River
Seat 3: pr0tecto folded before Flop (didn't bet)
Seat 4: BC2025 folded before Flop (didn't bet)
Seat 5: blackclan7 collected ($9.54)
Seat 6: andutu34 (button) folded before Flop (didn't bet)



PokerStars Hand #254696548200:  Hold'em No Limit ($0.50/$1.00 USD) - 2025/02/03 0:12:26 WET [2025/02/03 19:12:26 ET]
Table 'Ricarda' 6-max Seat #1 is the button
Seat 1: SorinS28 ($106.42 in chips) 
Seat 2: ru_ruu_ru ($100 in chips) 
Seat 3: J0SHB0SH ($100 in chips) 
Seat 4: BC2025 ($54.46 in chips) 
Seat 5: blackclan7 ($108.32 in chips) 
Seat 6: andutu34 ($100 in chips) 
ru_ruu_ru: posts small blind $0.50
J0SHB0SH: posts big blind $1
*** HOLE CARDS ***
BC2025: folds 
blackclan7: folds 
andutu34: folds 
SorinS28: folds 
ru_ruu_ru: raises $2 to $3
J0SHB0SH: raises $6 to $9
ru_ruu_ru: calls $6
*** FLOP *** [Jd Qc Ts]
ru_ruu_ru: checks 
J0SHB0SH: checks 
*** TURN *** [Jd Qc Ts] [7s]
ru_ruu_ru: bets $11.29
J0SHB0SH: calls $11.29
*** RIVER *** [Jd Qc Ts 7s] [8s]
ru_ruu_ru: checks 
J0SHB0SH: bets $12.72
ru_ruu_ru: folds 
Uncalled bet ($12.72) returned to J0SHB0SH
J0SHB0SH collected $38.55 from pot
J0SHB0SH: doesn't show hand 
*** SUMMARY ***
Total pot $40.58 | Rake $2.03 
Board [Jd Qc Ts 7s 8s]
Seat 1: SorinS28 (button) folded before Flop (didn't bet)
Seat 2: ru_ruu_ru (small blind) folded on the River
Seat 3: J0SHB0SH (big blind) collected ($38.55)
Seat 4: BC2025 folded before Flop (didn't bet)
Seat 5: blackclan7 folded before Flop (didn't bet)
Seat 6: andutu34 folded before Flop (didn't bet)



PokerStars Hand #254696395396:  Hold'em No Limit ($0.50/$1.00 USD) - 2025/02/03 0:00:43 WET [2025/02/03 19:00:43 ET]
Table 'Ricarda' 6-max Seat #4 is the button
Seat 4: BC2025 ($60.31 in chips) 
Seat 5: blackclan7 ($100 in chips) 
Seat 6: andutu34 ($100 in chips) 
blackclan7: posts small blind $0.50
andutu34: posts big blind $1
*** HOLE CARDS ***
BC2025: calls $1
blackclan7: folds 
andutu34: checks 
*** FLOP *** [Kh 6h Js]
andutu34: checks 
BC2025: checks 
*** TURN *** [Kh 6h Js] [4h]
andutu34: checks 
Mr_Dick666 joins the table at seat #2 
SorinS28 joins the table at seat #1 
BC2025: bets $2.38
andutu34: folds 
Uncalled bet ($2.38) returned to BC2025
pr0tecto joins the table at seat #3 
BC2025 collected $2.38 from pot
*** SUMMARY ***
Total pot $2.50 | Rake $0.12 
Board [Kh 6h Js 4h]
Seat 4: BC2025 (button) collected ($2.38)
Seat 5: blackclan7 (small blind) folded before Flop
Seat 6: andutu34 (big blind) folded on the Turn



PokerStars Hand #254696399692:  Hold'em No Limit ($0.50/$1.00 USD) - 2025/02/03 0:01:04 WET [2025/02/03 19:01:04 ET]
Table 'Ricarda' 6-max Seat #5 is the button
Seat 2: Mr_Dick666 ($100 in chips) is sitting out
Seat 3: pr0tecto ($100 in chips) is sitting out
Seat 1: SorinS28 ($100 in chips) 
Seat 4: BC2025 ($61.69 in chips) 
Seat 5: blackclan7 ($100 in chips) 
Seat 6: andutu34 ($100 in chips) 
andutu34: posts small blind $0.50
SorinS28: posts big blind $1
Mr_Dick666: sits out 
pr0tecto: sits out 
*** HOLE CARDS ***
BC2025: calls $1
blackclan7: raises $3 to $4
andutu34: folds 
SorinS28: folds 
BC2025: calls $3
*** FLOP *** [5s 9s Jh]
BC2025: checks 
blackclan7: bets $2.98
BC2025: folds 
Uncalled bet ($2.98) returned to blackclan7
blackclan7 collected $9.02 from pot
blackclan7: doesn't show hand 
*** SUMMARY ***
Total pot $9.50 | Rake $0.48 
Board [5s 9s Jh]
Seat 2: Mr_Dick666
Seat 3: pr0tecto
Seat 1: SorinS28 (big blind) folded before Flop
Seat 4: BC2025 folded on the Flop
Seat 5: blackclan7 (button) collected ($9.02)
Seat 6: andutu34 (small blind) folded before Flop



PokerStars Hand #254696404968:  Hold'em No Limit ($0.50/$1.00 USD) - 2025/02/03 0:01:29 WET [2025/02/03 19:01:29 ET]
Table 'Ricarda' 6-max Seat #6 is the button
Seat 3: pr0tecto ($100 in chips) is sitting out
Seat 1: SorinS28 ($100 in chips) 
Seat 2: Mr_Dick666 ($100 in chips) 
Seat 4: BC2025 ($57.69 in chips) 
Seat 5: blackclan7 ($105.02 in chips) 
Seat 6: andutu34 ($100 in chips) 
SorinS28: posts small blind $0.50
Mr_Dick666: posts big blind $1
pr0tecto: sits out 
*** HOLE CARDS ***
BC2025: calls $1
blackclan7: folds 
andutu34: folds 
SorinS28: raises $4 to $5
Mr_Dick666: folds 
BC2025: calls $4
*** FLOP *** [4s 2d As]
SorinS28: checks 
BC2025: checks 
*** TURN *** [4s 2d As] [Ks]
SorinS28: checks 
BC2025: checks 
*** RIVER *** [4s 2d As Ks] [Ad]
SorinS28: checks 
BC2025: bets $3
SorinS28: calls $3
*** SHOW DOWN ***
BC2025: shows [Jh Qs] (a pair of Aces)
SorinS28: shows [8c 8s] (two pair, Aces and Eights)
SorinS28 collected $16.15 from pot
*** SUMMARY ***
Total pot $17 | Rake $0.85 
Board [4s 2d As Ks Ad]
Seat 3: pr0tecto
Seat 1: SorinS28 (small blind) showed [8c 8s] and won ($16.15) with two pair, Aces and Eights
Seat 2: Mr_Dick666 (big blind) folded before Flop
Seat 4: BC2025 showed [Jh Qs] and lost with a pair of Aces
Seat 5: blackclan7 folded before Flop (didn't bet)
Seat 6: andutu34 (button) folded before Flop (didn't bet)



PokerStars Hand #254696413579:  Hold'em No Limit ($0.50/$1.00 USD) - 2025/02/03 0:02:07 WET [2025/02/03 19:02:07 ET]
Table 'Ricarda' 6-max Seat #1 is the button
Seat 1: SorinS28 ($108.15 in chips) 
Seat 2: Mr_Dick666 ($100 in chips) 
Seat 3: pr0tecto ($100 in chips) 
Seat 4: BC2025 ($49.69 in chips) 
Seat 5: blackclan7 ($105.02 in chips) 
Seat 6: andutu34 ($100 in chips) 
Mr_Dick666: posts small blind $0.50
pr0tecto: posts big blind $1
*** HOLE CARDS ***
BC2025: calls $1
blackclan7: folds 
andutu34: raises $3 to $4
SorinS28: folds 
Mr_Dick666: folds 
pr0tecto: folds 
BC2025: calls $3
*** FLOP *** [2h 7s Ts]
BC2025: bets $10
andutu34: folds 
Uncalled bet ($10) returned to BC2025
BC2025 collected $9.02 from pot
*** SUMMARY ***
Total pot $9.50 | Rake $0.48 
Board [2h 7s Ts]
Seat 1: SorinS28 (button) folded before Flop (didn't bet)
Seat 2: Mr_Dick666 (small blind) folded before Flop
Seat 3: pr0tecto (big blind) folded before Flop
Seat 4: BC2025 collected ($9.02)
Seat 5: blackclan7 folded before Flop (didn't bet)
Seat 6: andutu34 folded on the Flop



PokerStars Hand #254696419503:  Hold'em No Limit ($0.50/$1.00 USD) - 2025/02/03 0:02:35 WET [2025/02/03 19:02:35 ET]
Table 'Ricarda' 6-max Seat #2 is the button
Seat 1: SorinS28 ($108.15 in chips) 
Seat 2: Mr_Dick666 ($100 in chips) 
Seat 3: pr0tecto ($99 in chips) 
Seat 4: BC2025 ($54.71 in chips) 
Seat 5: blackclan7 ($105.02 in chips) 
Seat 6: andutu34 ($100 in chips) 
pr0tecto: posts small blind $0.50
BC2025: posts big blind $1
*** HOLE CARDS ***
blackclan7: folds 
andutu34: folds 
SorinS28: folds 
Mr_Dick666: folds 
pr0tecto: raises $1.24 to $2.24
BC2025: calls $1.24
*** FLOP *** [3d Ts Js]
pr0tecto: checks 
BC2025: bets $4.26
pr0tecto: folds 
Uncalled bet ($4.26) returned to BC2025
BC2025 collected $4.26 from pot
*** SUMMARY ***
Total pot $4.48 | Rake $0.22 
Board [3d Ts Js]
Seat 1: SorinS28 folded before Flop (didn't bet)
Seat 2: Mr_Dick666 (button) folded before Flop (didn't bet)
Seat 3: pr0tecto (small blind) folded on the Flop
Seat 4: BC2025 (big blind) collected ($4.26)
Seat 5: blackclan7 folded before Flop (didn't bet)
Seat 6: andutu34 folded before Flop (didn't bet)



PokerStars Hand #254696566706:  Hold'em No Limit ($0.50/$1.00 USD) - 2025/02/03 0:13:52 WET [2025/02/03 19:13:52 ET]
Table 'Ricarda' 6-max Seat #2 is the button
Seat 1: SorinS28 ($106.42 in chips) 
Seat 2: ru_ruu_ru ($100 in chips) 
Seat 3: J0SHB0SH ($118.26 in chips) 
Seat 4: BC2025 ($54.46 in chips) 
Seat 5: blackclan7 ($108.32 in chips) 
Seat 6: andutu34 ($100 in chips) 
J0SHB0SH: posts small blind $0.50
BC2025: posts big blind $1
*** HOLE CARDS ***
blackclan7: folds 
andutu34: folds 
SorinS28: folds 
ru_ruu_ru: raises $1.50 to $2.50
J0SHB0SH: folds 
BC2025: calls $1.50
*** FLOP *** [4h 7d Jd]
BC2025: checks 
blackclan7 leaves the table
ru_ruu_ru: checks 
*** TURN *** [4h 7d Jd] [7c]
BC2025: checks 
BumHuntKing joins the table at seat #5 
ru_ruu_ru: bets $3.91
BC2025: folds 
Uncalled bet ($3.91) returned to ru_ruu_ru
ru_ruu_ru collected $5.22 from pot
ru_ruu_ru: doesn't show hand 
*** SUMMARY ***
Total pot $5.50 | Rake $0.28 
Board [4h 7d Jd 7c]
Seat 1: SorinS28 folded before Flop (didn't bet)
Seat 2: ru_ruu_ru (button) collected ($5.22)
Seat 3: J0SHB0SH (small blind) folded before Flop
Seat 4: BC2025 (big blind) folded on the Turn
Seat 5: blackclan7 folded before Flop (didn't bet)
Seat 6: andutu34 folded before Flop (didn't bet)



PokerStars Hand #254696576850:  Hold'em No Limit ($0.50/$1.00 USD) - 2025/02/03 0:14:41 WET [2025/02/03 19:14:41 ET]
Table 'Ricarda' 6-max Seat #3 is the button
Seat 1: SorinS28 ($106.42 in chips) 
Seat 2: ru_ruu_ru ($102.72 in chips) 
Seat 3: J0SHB0SH ($117.76 in chips) 
Seat 4: BC2025 ($51.96 in chips) 
Seat 5: BumHuntKing ($100 in chips) 
Seat 6: andutu34 ($100 in chips) 
BC2025: posts small blind $0.50
BumHuntKing: posts big blind $1
*** HOLE CARDS ***
andutu34: folds 
SorinS28: raises $1.02 to $2.02
ru_ruu_ru: folds 
J0SHB0SH: folds 
BC2025: folds 
BumHuntKing: folds 
Uncalled bet ($1.02) returned to SorinS28
SorinS28 collected $2.50 from pot
SorinS28: doesn't show hand 
*** SUMMARY ***
Total pot $2.50 | Rake $0 
Seat 1: SorinS28 collected ($2.50)
Seat 2: ru_ruu_ru folded before Flop (didn't bet)
Seat 3: J0SHB0SH (button) folded before Flop (didn't bet)
Seat 4: BC2025 (small blind) folded before Flop
Seat 5: BumHuntKing (big blind) folded before Flop
Seat 6: andutu34 folded before Flop (didn't bet)



PokerStars Hand #254696580892:  Hold'em No Limit ($0.50/$1.00 USD) - 2025/02/03 0:15:00 WET [2025/02/03 19:15:00 ET]
Table 'Ricarda' 6-max Seat #4 is the button
Seat 1: SorinS28 ($107.92 in chips) 
Seat 2: ru_ruu_ru ($102.72 in chips) 
Seat 3: J0SHB0SH ($117.76 in chips) 
Seat 4: BC2025 ($51.46 in chips) 
Seat 5: BumHuntKing ($100 in chips) 
Seat 6: andutu34 ($100 in chips) 
BumHuntKing: posts small blind $0.50
andutu34: posts big blind $1
*** HOLE CARDS ***
SorinS28: folds 
ru_ruu_ru: raises $1.20 to $2.20
J0SHB0SH: folds 
BC2025: folds 
BumHuntKing: folds 
andutu34: folds 
Uncalled bet ($1.20) returned to ru_ruu_ru
ru_ruu_ru collected $2.50 from pot
ru_ruu_ru: doesn't show hand 
*** SUMMARY ***
Total pot $2.50 | Rake $0 
Seat 1: SorinS28 folded before Flop (didn't bet)
Seat 2: ru_ruu_ru collected ($2.50)
Seat 3: J0SHB0SH folded before Flop (didn't bet)
Seat 4: BC2025 (button) folded before Flop (didn't bet)
Seat 5: BumHuntKing (small blind) folded before Flop
Seat 6: andutu34 (big blind) folded before Flop



PokerStars Hand #254696584253:  Hold'em No Limit ($0.50/$1.00 USD) - 2025/02/03 0:15:15 WET [2025/02/03 19:15:15 ET]
Table 'Ricarda' 6-max Seat #5 is the button
Seat 1: SorinS28 ($107.92 in chips) 
Seat 2: ru_ruu_ru ($104.22 in chips) 
Seat 3: J0SHB0SH ($117.76 in chips) 
Seat 4: BC2025 ($51.46 in chips) 
Seat 5: BumHuntKing ($100 in chips) 
Seat 6: andutu34 ($100 in chips) 
andutu34: posts small blind $0.50
SorinS28: posts big blind $1
*** HOLE CARDS ***
ru_ruu_ru: raises $1.20 to $2.20
J0SHB0SH: folds 
BC2025: calls $2.20
BumHuntKing: folds 
andutu34: folds 
SorinS28: folds 
*** FLOP *** [Ac Tc 8c]
ru_ruu_ru: checks 
BC2025: checks 
*** TURN *** [Ac Tc 8c] [7d]
ru_ruu_ru: checks 
BC2025: bets $2.80
ru_ruu_ru: folds 
Uncalled bet ($2.80) returned to BC2025
BC2025 collected $5.60 from pot
*** SUMMARY ***
Total pot $5.90 | Rake $0.30 
Board [Ac Tc 8c 7d]
Seat 1: SorinS28 (big blind) folded before Flop
Seat 2: ru_ruu_ru folded on the Turn
Seat 3: J0SHB0SH folded before Flop (didn't bet)
Seat 4: BC2025 collected ($5.60)
Seat 5: BumHuntKing (button) folded before Flop (didn't bet)
Seat 6: andutu34 (small blind) folded before Flop



PokerStars Hand #254696594738:  Hold'em No Limit ($0.50/$1.00 USD) - 2025/02/03 0:16:05 WET [2025/02/03 19:16:05 ET]
Table 'Ricarda' 6-max Seat #6 is the button
Seat 1: SorinS28 ($106.92 in chips) 
Seat 2: ru_ruu_ru ($102.02 in chips) 
Seat 3: J0SHB0SH ($117.76 in chips) 
Seat 4: BC2025 ($54.86 in chips) 
Seat 5: BumHuntKing ($100 in chips) 
Seat 6: andutu34 ($100 in chips) 
SorinS28: posts small blind $0.50
ru_ruu_ru: posts big blind $1
*** HOLE CARDS ***
J0SHB0SH: folds 
BC2025: raises $2.50 to $3.50
BumHuntKing: folds 
andutu34: folds 
SorinS28: folds 
ru_ruu_ru: folds 
Uncalled bet ($2.50) returned to BC2025
BC2025 collected $2.50 from pot
*** SUMMARY ***
Total pot $2.50 | Rake $0 
Seat 1: SorinS28 (small blind) folded before Flop
Seat 2: ru_ruu_ru (big blind) folded before Flop
Seat 3: J0SHB0SH folded before Flop (didn't bet)
Seat 4: BC2025 collected ($2.50)
Seat 5: BumHuntKing folded before Flop (didn't bet)
Seat 6: andutu34 (button) folded before Flop (didn't bet)



PokerStars Hand #254696599582:  Hold'em No Limit ($0.50/$1.00 USD) - 2025/02/03 0:16:28 WET [2025/02/03 19:16:28 ET]
Table 'Ricarda' 6-max Seat #1 is the button
Seat 1: SorinS28 ($106.42 in chips) 
Seat 2: ru_ruu_ru ($101.02 in chips) 
Seat 3: J0SHB0SH ($117.76 in chips) 
Seat 4: BC2025 ($56.36 in chips) 
Seat 5: BumHuntKing ($100 in chips) 
Seat 6: andutu34 ($100 in chips) 
ru_ruu_ru: posts small blind $0.50
J0SHB0SH: posts big blind $1
*** HOLE CARDS ***
BC2025: folds 
BumHuntKing: raises $1.20 to $2.20
andutu34: folds 
SorinS28: folds 
ru_ruu_ru: folds 
J0SHB0SH: folds 
Uncalled bet ($1.20) returned to BumHuntKing
BumHuntKing collected $2.50 from pot
BumHuntKing: doesn't show hand 
*** SUMMARY ***
Total pot $2.50 | Rake $0 
Seat 1: SorinS28 (button) folded before Flop (didn't bet)
Seat 2: ru_ruu_ru (small blind) folded before Flop
Seat 3: J0SHB0SH (big blind) folded before Flop
Seat 4: BC2025 folded before Flop (didn't bet)
Seat 5: BumHuntKing collected ($2.50)
Seat 6: andutu34 folded before Flop (didn't bet)



PokerStars Hand #254696602676:  Hold'em No Limit ($0.50/$1.00 USD) - 2025/02/03 0:16:42 WET [2025/02/03 19:16:42 ET]
Table 'Ricarda' 6-max Seat #2 is the button
Seat 1: SorinS28 ($106.42 in chips) 
Seat 2: ru_ruu_ru ($100.52 in chips) 
Seat 3: J0SHB0SH ($116.76 in chips) 
Seat 4: BC2025 ($56.36 in chips) 
Seat 5: BumHuntKing ($101.50 in chips) 
Seat 6: andutu34 ($100 in chips) 
J0SHB0SH: posts small blind $0.50
BC2025: posts big blind $1
*** HOLE CARDS ***
BumHuntKing: folds 
andutu34: folds 
SorinS28: raises $1.30 to $2.30
ru_ruu_ru: folds 
J0SHB0SH: folds 
BC2025: calls $1.30
*** FLOP *** [4s 6h 3s]
BC2025: checks 
SorinS28: checks 
*** TURN *** [4s 6h 3s] [8s]
BC2025: checks 
SorinS28: bets $2.42
BC2025: folds 
Uncalled bet ($2.42) returned to SorinS28
SorinS28 collected $4.84 from pot
SorinS28: doesn't show hand 
*** SUMMARY ***
Total pot $5.10 | Rake $0.26 
Board [4s 6h 3s 8s]
Seat 1: SorinS28 collected ($4.84)
Seat 2: ru_ruu_ru (button) folded before Flop (didn't bet)
Seat 3: J0SHB0SH (small blind) folded before Flop
Seat 4: BC2025 (big blind) folded on the Turn
Seat 5: BumHuntKing folded before Flop (didn't bet)
Seat 6: andutu34 folded before Flop (didn't bet)



PokerStars Hand #254696611655:  Hold'em No Limit ($0.50/$1.00 USD) - 2025/02/03 0:17:24 WET [2025/02/03 19:17:24 ET]
Table 'Ricarda' 6-max Seat #3 is the button
Seat 1: SorinS28 ($108.96 in chips) 
Seat 2: ru_ruu_ru ($100.52 in chips) 
Seat 3: J0SHB0SH ($116.26 in chips) 
Seat 4: BC2025 ($54.06 in chips) 
Seat 5: BumHuntKing ($101.50 in chips) 
Seat 6: andutu34 ($100 in chips) 
BC2025: posts small blind $0.50
BumHuntKing: posts big blind $1
*** HOLE CARDS ***
andutu34: raises $1 to $2
SorinS28: folds 
ru_ruu_ru: folds 
J0SHB0SH: folds 
BC2025: folds 
BumHuntKing: folds 
Uncalled bet ($1) returned to andutu34
andutu34 collected $2.50 from pot
andutu34: doesn't show hand 
*** SUMMARY ***
Total pot $2.50 | Rake $0 
Seat 1: SorinS28 folded before Flop (didn't bet)
Seat 2: ru_ruu_ru folded before Flop (didn't bet)
Seat 3: J0SHB0SH (button) folded before Flop (didn't bet)
Seat 4: BC2025 (small blind) folded before Flop
Seat 5: BumHuntKing (big blind) folded before Flop
Seat 6: andutu34 collected ($2.50)



PokerStars Hand #254696616389:  Hold'em No Limit ($0.50/$1.00 USD) - 2025/02/03 0:17:47 WET [2025/02/03 19:17:47 ET]
Table 'Ricarda' 6-max Seat #4 is the button
Seat 1: SorinS28 ($108.96 in chips) 
Seat 2: ru_ruu_ru ($100.52 in chips) 
Seat 3: J0SHB0SH ($116.26 in chips) 
Seat 4: BC2025 ($53.56 in chips) 
Seat 5: BumHuntKing ($100.50 in chips) 
Seat 6: andutu34 ($101.50 in chips) 
BumHuntKing: posts small blind $0.50
andutu34: posts big blind $1
*** HOLE CARDS ***
SorinS28: folds 
ru_ruu_ru: raises $1.20 to $2.20
J0SHB0SH: folds 
BC2025: folds 
BumHuntKing: folds 
andutu34: folds 
Uncalled bet ($1.20) returned to ru_ruu_ru
ru_ruu_ru collected $2.50 from pot
ru_ruu_ru: doesn't show hand 
*** SUMMARY ***
Total pot $2.50 | Rake $0 
Seat 1: SorinS28 folded before Flop (didn't bet)
Seat 2: ru_ruu_ru collected ($2.50)
Seat 3: J0SHB0SH folded before Flop (didn't bet)
Seat 4: BC2025 (button) folded before Flop (didn't bet)
Seat 5: BumHuntKing (small blind) folded before Flop
Seat 6: andutu34 (big blind) folded before Flop



PokerStars Hand #254696619209:  Hold'em No Limit ($0.50/$1.00 USD) - 2025/02/03 0:18:01 WET [2025/02/03 19:18:01 ET]
Table 'Ricarda' 6-max Seat #5 is the button
Seat 1: SorinS28 ($108.96 in chips) 
Seat 2: ru_ruu_ru ($102.02 in chips) 
Seat 3: J0SHB0SH ($116.26 in chips) 
Seat 4: BC2025 ($53.56 in chips) 
Seat 5: BumHuntKing ($100 in chips) 
Seat 6: andutu34 ($100.50 in chips) 
andutu34: posts small blind $0.50
SorinS28: posts big blind $1
*** HOLE CARDS ***
ru_ruu_ru: raises $1.20 to $2.20
J0SHB0SH: folds 
BC2025: folds 
BumHuntKing: folds 
andutu34: folds 
SorinS28: folds 
Uncalled bet ($1.20) returned to ru_ruu_ru
ru_ruu_ru collected $2.50 from pot
ru_ruu_ru: doesn't show hand 
*** SUMMARY ***
Total pot $2.50 | Rake $0 
Seat 1: SorinS28 (big blind) folded before Flop
Seat 2: ru_ruu_ru collected ($2.50)
Seat 3: J0SHB0SH folded before Flop (didn't bet)
Seat 4: BC2025 folded before Flop (didn't bet)
Seat 5: BumHuntKing (button) folded before Flop (didn't bet)
Seat 6: andutu34 (small blind) folded before Flop



PokerStars Hand #254696621757:  Hold'em No Limit ($0.50/$1.00 USD) - 2025/02/03 0:18:13 WET [2025/02/03 19:18:13 ET]
Table 'Ricarda' 6-max Seat #6 is the button
Seat 1: SorinS28 ($107.96 in chips) 
Seat 2: ru_ruu_ru ($103.52 in chips) 
Seat 3: J0SHB0SH ($116.26 in chips) 
Seat 4: BC2025 ($53.56 in chips) 
Seat 5: BumHuntKing ($100 in chips) 
Seat 6: andutu34 ($100 in chips) 
SorinS28: posts small blind $0.50
ru_ruu_ru: posts big blind $1
*** HOLE CARDS ***
J0SHB0SH: folds 
BC2025: calls $1
BumHuntKing: folds 
andutu34: folds 
SorinS28: folds 
ru_ruu_ru: raises $2 to $3
BC2025: calls $2
*** FLOP *** [Tc 3c 5c]
ru_ruu_ru: bets $3.09
BC2025: folds 
Uncalled bet ($3.09) returned to ru_ruu_ru
ru_ruu_ru collected $6.18 from pot
ru_ruu_ru: doesn't show hand 
*** SUMMARY ***
Total pot $6.50 | Rake $0.32 
Board [Tc 3c 5c]
Seat 1: SorinS28 (small blind) folded before Flop
Seat 2: ru_ruu_ru (big blind) collected ($6.18)
Seat 3: J0SHB0SH folded before Flop (didn't bet)
Seat 4: BC2025 folded on the Flop
Seat 5: BumHuntKing folded before Flop (didn't bet)
Seat 6: andutu34 (button) folded before Flop (didn't bet)



PokerStars Hand #254696627235:  Hold'em No Limit ($0.50/$1.00 USD) - 2025/02/03 0:18:39 WET [2025/02/03 19:18:39 ET]
Table 'Ricarda' 6-max Seat #1 is the button
Seat 1: SorinS28 ($107.46 in chips) 
Seat 2: ru_ruu_ru ($106.70 in chips) 
Seat 3: J0SHB0SH ($116.26 in chips) 
Seat 4: BC2025 ($50.56 in chips) 
Seat 5: BumHuntKing ($100 in chips) 
Seat 6: andutu34 ($100 in chips) 
ru_ruu_ru: posts small blind $0.50
J0SHB0SH: posts big blind $1
*** HOLE CARDS ***
BC2025: calls $1
BumHuntKing: folds 
andutu34: folds 
SorinS28: folds 
ru_ruu_ru: folds 
J0SHB0SH: raises $3 to $4
BC2025: calls $3
*** FLOP *** [9d 2d 2s]
J0SHB0SH: bets $2.67
BC2025: folds 
Uncalled bet ($2.67) returned to J0SHB0SH
J0SHB0SH collected $8.08 from pot
J0SHB0SH: doesn't show hand 
*** SUMMARY ***
Total pot $8.50 | Rake $0.42 
Board [9d 2d 2s]
Seat 1: SorinS28 (button) folded before Flop (didn't bet)
Seat 2: ru_ruu_ru (small blind) folded before Flop
Seat 3: J0SHB0SH (big blind) collected ($8.08)
Seat 4: BC2025 folded on the Flop
Seat 5: BumHuntKing folded before Flop (didn't bet)
Seat 6: andutu34 folded before Flop (didn't bet)



PokerStars Hand #254696633197:  Hold'em No Limit ($0.50/$1.00 USD) - 2025/02/03 0:19:08 WET [2025/02/03 19:19:08 ET]
Table 'Ricarda' 6-max Seat #2 is the button
Seat 1: SorinS28 ($107.46 in chips) 
Seat 2: ru_ruu_ru ($106.20 in chips) 
Seat 3: J0SHB0SH ($120.34 in chips) 
Seat 4: BC2025 ($46.56 in chips) 
Seat 5: BumHuntKing ($100 in chips) 
Seat 6: andutu34 ($100 in chips) 
J0SHB0SH: posts small blind $0.50
BC2025: posts big blind $1
*** HOLE CARDS ***
BumHuntKing: folds 
andutu34: folds 
SorinS28: folds 
ru_ruu_ru: folds 
J0SHB0SH: raises $2 to $3
BC2025: calls $2
*** FLOP *** [9h 8d 8h]
J0SHB0SH: checks 
BC2025: bets $2.85
J0SHB0SH: calls $2.85
*** TURN *** [9h 8d 8h] [Qd]
J0SHB0SH: checks 
BC2025: bets $11.12
J0SHB0SH: calls $11.12
*** RIVER *** [9h 8d 8h Qd] [Jd]
J0SHB0SH: checks 
BC2025: checks 
*** SHOW DOWN ***
J0SHB0SH: shows [9c 8s] (a full house, Eights full of Nines)
BC2025: mucks hand 
J0SHB0SH collected $32.24 from pot
*** SUMMARY ***
Total pot $33.94 | Rake $1.70 
Board [9h 8d 8h Qd Jd]
Seat 1: SorinS28 folded before Flop (didn't bet)
Seat 2: ru_ruu_ru (button) folded before Flop (didn't bet)
Seat 3: J0SHB0SH (small blind) showed [9c 8s] and won ($32.24) with a full house, Eights full of Nines
Seat 4: BC2025 (big blind) mucked
Seat 5: BumHuntKing folded before Flop (didn't bet)
Seat 6: andutu34 folded before Flop (didn't bet)



PokerStars Hand #254696644394:  Hold'em No Limit ($0.50/$1.00 USD) - 2025/02/03 0:20:02 WET [2025/02/03 19:20:02 ET]
Table 'Ricarda' 6-max Seat #3 is the button
Seat 1: SorinS28 ($107.46 in chips) 
Seat 2: ru_ruu_ru ($106.20 in chips) 
Seat 3: J0SHB0SH ($135.61 in chips) 
Seat 4: BC2025 ($29.59 in chips) 
Seat 5: BumHuntKing ($100 in chips) 
Seat 6: andutu34 ($100 in chips) 
BC2025: posts small blind $0.50
BumHuntKing: posts big blind $1
*** HOLE CARDS ***
andutu34: folds 
SorinS28: raises $1.02 to $2.02
ru_ruu_ru: folds 
J0SHB0SH: folds 
BC2025: calls $1.52
BumHuntKing: calls $1.02
*** FLOP *** [Jd 2d 2s]
BC2025: checks 
BumHuntKing: checks 
SorinS28: checks 
*** TURN *** [Jd 2d 2s] [Qd]
BC2025: checks 
BumHuntKing: checks 
SorinS28: checks 
*** RIVER *** [Jd 2d 2s Qd] [6d]
BC2025: checks 
BumHuntKing: checks 
SorinS28: checks 
*** SHOW DOWN ***
BC2025: shows [Kh 8s] (a pair of Deuces)
BumHuntKing: shows [7d 6s] (a flush, Queen high)
SorinS28: mucks hand 
BumHuntKing collected $5.76 from pot
*** SUMMARY ***
Total pot $6.06 | Rake $0.30 
Board [Jd 2d 2s Qd 6d]
Seat 1: SorinS28 mucked
Seat 2: ru_ruu_ru folded before Flop (didn't bet)
Seat 3: J0SHB0SH (button) folded before Flop (didn't bet)
Seat 4: BC2025 (small blind) showed [Kh 8s] and lost with a pair of Deuces
Seat 5: BumHuntKing (big blind) showed [7d 6s] and won ($5.76) with a flush, Queen high
Seat 6: andutu34 folded before Flop (didn't bet)



PokerStars Hand #254696657881:  Hold'em No Limit ($0.50/$1.00 USD) - 2025/02/03 0:21:07 WET [2025/02/03 19:21:07 ET]
Table 'Ricarda' 6-max Seat #4 is the button
Seat 1: SorinS28 ($105.44 in chips) 
Seat 2: ru_ruu_ru ($106.20 in chips) 
Seat 3: J0SHB0SH ($135.61 in chips) 
Seat 4: BC2025 ($27.57 in chips) 
Seat 5: BumHuntKing ($103.74 in chips) 
Seat 6: andutu34 ($100 in chips) 
BumHuntKing: posts small blind $0.50
andutu34: posts big blind $1
*** HOLE CARDS ***
SorinS28: folds 
ru_ruu_ru: folds 
J0SHB0SH: folds 
BC2025: folds 
BumHuntKing: folds 
Uncalled bet ($0.50) returned to andutu34
andutu34 collected $1 from pot
andutu34: doesn't show hand 
*** SUMMARY ***
Total pot $1 | Rake $0 
Seat 1: SorinS28 folded before Flop (didn't bet)
Seat 2: ru_ruu_ru folded before Flop (didn't bet)
Seat 3: J0SHB0SH folded before Flop (didn't bet)
Seat 4: BC2025 (button) folded before Flop (didn't bet)
Seat 5: BumHuntKing (small blind) folded before Flop
Seat 6: andutu34 (big blind) collected ($1)



PokerStars Hand #254696660749:  Hold'em No Limit ($0.50/$1.00 USD) - 2025/02/03 0:21:21 WET [2025/02/03 19:21:21 ET]
Table 'Ricarda' 6-max Seat #5 is the button
Seat 1: SorinS28 ($105.44 in chips) 
Seat 2: ru_ruu_ru ($106.20 in chips) 
Seat 3: J0SHB0SH ($135.61 in chips) 
Seat 4: BC2025 ($27.57 in chips) 
Seat 5: BumHuntKing ($103.24 in chips) 
Seat 6: andutu34 ($100.50 in chips) 
andutu34: posts small blind $0.50
SorinS28: posts big blind $1
*** HOLE CARDS ***
ru_ruu_ru: folds 
J0SHB0SH: folds 
BC2025: folds 
BumHuntKing: raises $1.50 to $2.50
andutu34: raises $8.70 to $11.20
SorinS28: folds 
BumHuntKing: raises $12.30 to $23.50
andutu34: calls $12.30
*** FLOP *** [4s Ac 2d]
andutu34: checks 
BumHuntKing: bets $4.56
andutu34: folds 
Uncalled bet ($4.56) returned to BumHuntKing
BumHuntKing collected $45.60 from pot
BumHuntKing: doesn't show hand 
*** SUMMARY ***
Total pot $48 | Rake $2.40 
Board [4s Ac 2d]
Seat 1: SorinS28 (big blind) folded before Flop
Seat 2: ru_ruu_ru folded before Flop (didn't bet)
Seat 3: J0SHB0SH folded before Flop (didn't bet)
Seat 4: BC2025 folded before Flop (didn't bet)
Seat 5: BumHuntKing (button) collected ($45.60)
Seat 6: andutu34 (small blind) folded on the Flop



PokerStars Hand #254696673821:  Hold'em No Limit ($0.50/$1.00 USD) - 2025/02/03 0:22:24 WET [2025/02/03 19:22:24 ET]
Table 'Ricarda' 6-max Seat #6 is the button
Seat 1: SorinS28 ($104.44 in chips) 
Seat 2: ru_ruu_ru ($106.20 in chips) 
Seat 3: J0SHB0SH ($135.61 in chips) 
Seat 4: BC2025 ($27.57 in chips) 
Seat 5: BumHuntKing ($125.34 in chips) 
Seat 6: andutu34 ($100 in chips) 
SorinS28: posts small blind $0.50
ru_ruu_ru: posts big blind $1
*** HOLE CARDS ***
J0SHB0SH: folds 
BC2025: folds 
BumHuntKing: raises $1.20 to $2.20
andutu34: folds 
SorinS28: folds 
ru_ruu_ru: folds 
Uncalled bet ($1.20) returned to BumHuntKing
BumHuntKing collected $2.50 from pot
BumHuntKing: doesn't show hand 
*** SUMMARY ***
Total pot $2.50 | Rake $0 
Seat 1: SorinS28 (small blind) folded before Flop
Seat 2: ru_ruu_ru (big blind) folded before Flop
Seat 3: J0SHB0SH folded before Flop (didn't bet)
Seat 4: BC2025 folded before Flop (didn't bet)
Seat 5: BumHuntKing collected ($2.50)
Seat 6: andutu34 (button) folded before Flop (didn't bet)



PokerStars Hand #254696680660:  Hold'em No Limit ($0.50/$1.00 USD) - 2025/02/03 0:22:56 WET [2025/02/03 19:22:56 ET]
Table 'Ricarda' 6-max Seat #1 is the button
Seat 1: SorinS28 ($103.94 in chips) 
Seat 2: ru_ruu_ru ($105.20 in chips) 
Seat 3: J0SHB0SH ($135.61 in chips) 
Seat 4: BC2025 ($27.57 in chips) 
Seat 5: BumHuntKing ($126.84 in chips) 
Seat 6: andutu34 ($100 in chips) 
ru_ruu_ru: posts small blind $0.50
J0SHB0SH: posts big blind $1
*** HOLE CARDS ***
BC2025: folds 
BumHuntKing: folds 
andutu34: folds 
SorinS28: raises $1.50 to $2.50
ru_ruu_ru: folds 
J0SHB0SH: calls $1.50
*** FLOP *** [Ks As 2d]
J0SHB0SH: checks 
SorinS28: checks 
*** TURN *** [Ks As 2d] [Jd]
J0SHB0SH: checks 
SorinS28: checks 
*** RIVER *** [Ks As 2d Jd] [3c]
J0SHB0SH: bets $3.92
SorinS28: raises $13.06 to $16.98
J0SHB0SH: calls $13.06
*** SHOW DOWN ***
SorinS28: shows [Td Th] (a pair of Tens)
J0SHB0SH: shows [Ac 5d] (a pair of Aces)
J0SHB0SH collected $37.49 from pot
*** SUMMARY ***
Total pot $39.46 | Rake $1.97 
Board [Ks As 2d Jd 3c]
Seat 1: SorinS28 (button) showed [Td Th] and lost with a pair of Tens
Seat 2: ru_ruu_ru (small blind) folded before Flop
Seat 3: J0SHB0SH (big blind) showed [Ac 5d] and won ($37.49) with a pair of Aces
Seat 4: BC2025 folded before Flop (didn't bet)
Seat 5: BumHuntKing folded before Flop (didn't bet)
Seat 6: andutu34 folded before Flop (didn't bet)



PokerStars Hand #254696693036:  Hold'em No Limit ($0.50/$1.00 USD) - 2025/02/03 0:23:56 WET [2025/02/03 19:23:56 ET]
Table 'Ricarda' 6-max Seat #2 is the button
Seat 1: SorinS28 ($100 in chips) 
Seat 2: ru_ruu_ru ($104.70 in chips) 
Seat 3: J0SHB0SH ($153.62 in chips) 
Seat 4: BC2025 ($27.57 in chips) 
Seat 5: BumHuntKing ($126.84 in chips) 
Seat 6: andutu34 ($100 in chips) 
J0SHB0SH: posts small blind $0.50
BC2025: posts big blind $1
*** HOLE CARDS ***
BumHuntKing: raises $1.20 to $2.20
andutu34: folds 
SorinS28: folds 
ru_ruu_ru has timed out
ru_ruu_ru: folds 
J0SHB0SH: folds 
BC2025: calls $1.20
*** FLOP *** [2c Js As]
BC2025: checks 
BumHuntKing: bets $1.54
BC2025: calls $1.54
*** TURN *** [2c Js As] [Tc]
BC2025: checks 
BumHuntKing: bets $11.37
BC2025: folds 
Uncalled bet ($11.37) returned to BumHuntKing
BumHuntKing collected $7.58 from pot
BumHuntKing: doesn't show hand 
*** SUMMARY ***
Total pot $7.98 | Rake $0.40 
Board [2c Js As Tc]
Seat 1: SorinS28 folded before Flop (didn't bet)
Seat 2: ru_ruu_ru (button) folded before Flop (didn't bet)
Seat 3: J0SHB0SH (small blind) folded before Flop
Seat 4: BC2025 (big blind) folded on the Turn
Seat 5: BumHuntKing collected ($7.58)
Seat 6: andutu34 folded before Flop (didn't bet)



PokerStars Hand #254696705619:  Hold'em No Limit ($0.50/$1.00 USD) - 2025/02/03 0:24:57 WET [2025/02/03 19:24:57 ET]
Table 'Ricarda' 6-max Seat #3 is the button
Seat 1: SorinS28 ($100 in chips) 
Seat 2: ru_ruu_ru ($104.70 in chips) 
Seat 3: J0SHB0SH ($153.12 in chips) 
Seat 4: BC2025 ($23.83 in chips) 
Seat 5: BumHuntKing ($130.68 in chips) 
Seat 6: andutu34 ($100 in chips) 
BC2025: posts small blind $0.50
BumHuntKing: posts big blind $1
*** HOLE CARDS ***
andutu34: raises $1 to $2
SorinS28: folds 
ru_ruu_ru: folds 
J0SHB0SH: calls $2
BC2025: raises $9 to $11
BumHuntKing: folds 
andutu34: folds 
J0SHB0SH: folds 
Uncalled bet ($9) returned to BC2025
BC2025 collected $7 from pot
andutu34 leaves the table
*** SUMMARY ***
Total pot $7 | Rake $0 
Seat 1: SorinS28 folded before Flop (didn't bet)
Seat 2: ru_ruu_ru folded before Flop (didn't bet)
Seat 3: J0SHB0SH (button) folded before Flop
Seat 4: BC2025 (small blind) collected ($7)
Seat 5: BumHuntKing (big blind) folded before Flop
Seat 6: andutu34 folded before Flop



PokerStars Hand #254696710426:  Hold'em No Limit ($0.50/$1.00 USD) - 2025/02/03 0:25:21 WET [2025/02/03 19:25:21 ET]
Table 'Ricarda' 6-max Seat #4 is the button
Seat 1: SorinS28 ($100 in chips) 
Seat 2: ru_ruu_ru ($104.70 in chips) 
Seat 3: J0SHB0SH ($151.12 in chips) 
Seat 4: BC2025 ($28.83 in chips) 
Seat 5: BumHuntKing ($129.68 in chips) 
BumHuntKing: posts small blind $0.50
SorinS28: posts big blind $1
*** HOLE CARDS ***
ru_ruu_ru: raises $1.20 to $2.20
J0SHB0SH: folds 
BC2025: folds 
BumHuntKing: raises $8.80 to $11
SorinS28: folds 
dervesh joins the table at seat #6 
ru_ruu_ru: folds 
Uncalled bet ($8.80) returned to BumHuntKing
BumHuntKing collected $5.40 from pot
BumHuntKing: doesn't show hand 
*** SUMMARY ***
Total pot $5.40 | Rake $0 
Seat 1: SorinS28 (big blind) folded before Flop
Seat 2: ru_ruu_ru folded before Flop
Seat 3: J0SHB0SH folded before Flop (didn't bet)
Seat 4: BC2025 (button) folded before Flop (didn't bet)
Seat 5: BumHuntKing (small blind) collected ($5.40)



PokerStars Hand #254696715259:  Hold'em No Limit ($0.50/$1.00 USD) - 2025/02/03 0:25:45 WET [2025/02/03 19:25:45 ET]
Table 'Ricarda' 6-max Seat #5 is the button
Seat 6: dervesh ($100 in chips) is sitting out
Seat 1: SorinS28 ($100 in chips) 
Seat 2: ru_ruu_ru ($102.50 in chips) 
Seat 3: J0SHB0SH ($151.12 in chips) 
Seat 4: BC2025 ($28.83 in chips) 
Seat 5: BumHuntKing ($132.88 in chips) 
SorinS28: posts small blind $0.50
ru_ruu_ru: posts big blind $1
*** HOLE CARDS ***
J0SHB0SH: folds 
BC2025: calls $1
BumHuntKing: raises $4 to $5
SorinS28: folds 
ru_ruu_ru: folds 
BC2025: folds 
Uncalled bet ($4) returned to BumHuntKing
BumHuntKing collected $3.50 from pot
BumHuntKing: doesn't show hand 
*** SUMMARY ***
Total pot $3.50 | Rake $0 
Seat 6: dervesh
Seat 1: SorinS28 (small blind) folded before Flop
Seat 2: ru_ruu_ru (big blind) folded before Flop
Seat 3: J0SHB0SH folded before Flop (didn't bet)
Seat 4: BC2025 folded before Flop
Seat 5: BumHuntKing (button) collected ($3.50)



PokerStars Hand #254696720878:  Hold'em No Limit ($0.50/$1.00 USD) - 2025/02/03 0:26:12 WET [2025/02/03 19:26:12 ET]
Table 'Ricarda' 6-max Seat #1 is the button
Seat 6: dervesh ($100 in chips) is sitting out
Seat 1: SorinS28 ($100 in chips) 
Seat 2: ru_ruu_ru ($101.50 in chips) 
Seat 3: J0SHB0SH ($151.12 in chips) 
Seat 4: BC2025 ($27.83 in chips) 
Seat 5: BumHuntKing ($135.38 in chips) 
ru_ruu_ru: posts small blind $0.50
J0SHB0SH: posts big blind $1
dervesh: sits out 
*** HOLE CARDS ***
BC2025: calls $1
BumHuntKing: folds 
SorinS28: raises $3 to $4
ru_ruu_ru: folds 
J0SHB0SH: folds 
BC2025: calls $3
*** FLOP *** [As Td 7c]
BC2025: checks 
SorinS28: bets $2.98
BC2025: calls $2.98
*** TURN *** [As Td 7c] [3h]
BC2025: checks 
SorinS28: bets $7.35
BC2025: calls $7.35
*** RIVER *** [As Td 7c 3h] [4c]
BC2025: bets $1
SorinS28: raises $5 to $6
BC2025: raises $7.50 to $13.50 and is all-in
SorinS28: calls $7.50
*** SHOW DOWN ***
BC2025: shows [Ah Th] (two pair, Aces and Tens)
SorinS28: shows [Ad 5d] (a pair of Aces)
BC2025 collected $54.66 from pot
*** SUMMARY ***
Total pot $57.16 | Rake $2.50 
Board [As Td 7c 3h 4c]
Seat 6: dervesh
Seat 1: SorinS28 (button) showed [Ad 5d] and lost with a pair of Aces
Seat 2: ru_ruu_ru (small blind) folded before Flop
Seat 3: J0SHB0SH (big blind) folded before Flop
Seat 4: BC2025 showed [Ah Th] and won ($54.66) with two pair, Aces and Tens
Seat 5: BumHuntKing folded before Flop (didn't bet)



PokerStars Hand #254696738164:  Hold'em No Limit ($0.50/$1.00 USD) - 2025/02/03 0:27:37 WET [2025/02/03 19:27:37 ET]
Table 'Ricarda' 6-max Seat #2 is the button
Seat 6: dervesh ($100 in chips) is sitting out
Seat 1: SorinS28 ($100 in chips) 
Seat 2: ru_ruu_ru ($101 in chips) 
Seat 3: J0SHB0SH ($150.12 in chips) 
Seat 4: BC2025 ($54.66 in chips) 
Seat 5: BumHuntKing ($135.38 in chips) 
J0SHB0SH: posts small blind $0.50
BC2025: posts big blind $1
dervesh: sits out 
*** HOLE CARDS ***
BumHuntKing: folds 
SorinS28: folds 
ru_ruu_ru: folds 
J0SHB0SH: folds 
Uncalled bet ($0.50) returned to BC2025
BC2025 collected $1 from pot
*** SUMMARY ***
Total pot $1 | Rake $0 
Seat 6: dervesh
Seat 1: SorinS28 folded before Flop (didn't bet)
Seat 2: ru_ruu_ru (button) folded before Flop (didn't bet)
Seat 3: J0SHB0SH (small blind) folded before Flop
Seat 4: BC2025 (big blind) collected ($1)
Seat 5: BumHuntKing folded before Flop (didn't bet)



PokerStars Hand #254696741733:  Hold'em No Limit ($0.50/$1.00 USD) - 2025/02/03 0:27:54 WET [2025/02/03 19:27:54 ET]
Table 'Ricarda' 6-max Seat #3 is the button
Seat 6: dervesh ($100 in chips) is sitting out
Seat 1: SorinS28 ($100 in chips) 
Seat 2: ru_ruu_ru ($101 in chips) 
Seat 3: J0SHB0SH ($149.62 in chips) 
Seat 4: BC2025 ($55.16 in chips) 
Seat 5: BumHuntKing ($135.38 in chips) 
BC2025: posts small blind $0.50
BumHuntKing: posts big blind $1
dervesh: sits out 
*** HOLE CARDS ***
SorinS28: folds 
ru_ruu_ru: folds 
J0SHB0SH: folds 
BC2025: calls $0.50
BumHuntKing: raises $2.50 to $3.50
BC2025: folds 
Uncalled bet ($2.50) returned to BumHuntKing
BumHuntKing collected $2 from pot
BumHuntKing: doesn't show hand 
*** SUMMARY ***
Total pot $2 | Rake $0 
Seat 6: dervesh
Seat 1: SorinS28 folded before Flop (didn't bet)
Seat 2: ru_ruu_ru folded before Flop (didn't bet)
Seat 3: J0SHB0SH (button) folded before Flop (didn't bet)
Seat 4: BC2025 (small blind) folded before Flop
Seat 5: BumHuntKing (big blind) collected ($2)



PokerStars Hand #254696746915:  Hold'em No Limit ($0.50/$1.00 USD) - 2025/02/03 0:28:20 WET [2025/02/03 19:28:20 ET]
Table 'Ricarda' 6-max Seat #4 is the button
Seat 1: SorinS28 ($100 in chips) 
Seat 2: ru_ruu_ru ($101 in chips) 
Seat 3: J0SHB0SH ($149.62 in chips) 
Seat 4: BC2025 ($54.16 in chips) 
Seat 5: BumHuntKing ($136.38 in chips) 
Seat 6: dervesh ($100 in chips) 
BumHuntKing: posts small blind $0.50
dervesh: posts big blind $1
*** HOLE CARDS ***
SorinS28: folds 
ru_ruu_ru: raises $1.20 to $2.20
J0SHB0SH: folds 
BC2025: folds 
BumHuntKing: folds 
dervesh: folds 
Uncalled bet ($1.20) returned to ru_ruu_ru
ru_ruu_ru collected $2.50 from pot
ru_ruu_ru: doesn't show hand 
*** SUMMARY ***
Total pot $2.50 | Rake $0 
Seat 1: SorinS28 folded before Flop (didn't bet)
Seat 2: ru_ruu_ru collected ($2.50)
Seat 3: J0SHB0SH folded before Flop (didn't bet)
Seat 4: BC2025 (button) folded before Flop (didn't bet)
Seat 5: BumHuntKing (small blind) folded before Flop
Seat 6: dervesh (big blind) folded before Flop



PokerStars Hand #254696749811:  Hold'em No Limit ($0.50/$1.00 USD) - 2025/02/03 0:28:34 WET [2025/02/03 19:28:34 ET]
Table 'Ricarda' 6-max Seat #5 is the button
Seat 1: SorinS28 ($100 in chips) 
Seat 2: ru_ruu_ru ($102.50 in chips) 
Seat 3: J0SHB0SH ($149.62 in chips) 
Seat 4: BC2025 ($54.16 in chips) 
Seat 5: BumHuntKing ($135.88 in chips) 
Seat 6: dervesh ($100 in chips) 
dervesh: posts small blind $0.50
SorinS28: posts big blind $1
*** HOLE CARDS ***
ru_ruu_ru: raises $1.20 to $2.20
J0SHB0SH: folds 
BC2025: raises $1.20 to $3.40
BumHuntKing: folds 
dervesh: raises $10.10 to $13.50
SorinS28: folds 
ru_ruu_ru: calls $11.30
BC2025: raises $40.66 to $54.16 and is all-in
dervesh: raises $45.84 to $100 and is all-in
ru_ruu_ru: folds 
Uncalled bet ($45.84) returned to dervesh
*** FLOP *** [Kh 8h 4s]
*** TURN *** [Kh 8h 4s] [6d]
*** RIVER *** [Kh 8h 4s 6d] [Ac]
*** SHOW DOWN ***
dervesh: shows [Kd Ks] (three of a kind, Kings)
BC2025: shows [Qc Qd] (a pair of Queens)
dervesh collected $120.32 from pot
*** SUMMARY ***
Total pot $122.82 | Rake $2.50 
Board [Kh 8h 4s 6d Ac]
Seat 1: SorinS28 (big blind) folded before Flop
Seat 2: ru_ruu_ru folded before Flop
Seat 3: J0SHB0SH folded before Flop (didn't bet)
Seat 4: BC2025 showed [Qc Qd] and lost with a pair of Queens
Seat 5: BumHuntKing (button) folded before Flop (didn't bet)
Seat 6: dervesh (small blind) showed [Kd Ks] and won ($120.32) with three of a kind, Kings



PokerStars Hand #254696760463:  Hold'em No Limit ($0.50/$1.00 USD) - 2025/02/03 0:29:28 WET [2025/02/03 19:29:28 ET]
Table 'Ricarda' 6-max Seat #6 is the button
Seat 4: BC2025 ($0 in chips) is sitting out
Seat 1: SorinS28 ($100 in chips) 
Seat 2: ru_ruu_ru ($100 in chips) 
Seat 3: J0SHB0SH ($149.62 in chips) 
Seat 5: BumHuntKing ($135.88 in chips) 
Seat 6: dervesh ($166.16 in chips) 
SorinS28: posts small blind $0.50
ru_ruu_ru: posts big blind $1
*** HOLE CARDS ***
J0SHB0SH: raises $1 to $2
BumHuntKing: folds 
dervesh: folds 
SorinS28: folds 
BC2025 leaves the table
ru_ruu_ru: calls $1
*** FLOP *** [7c 8h 5d]
ru_ruu_ru: checks 
J0SHB0SH: checks 
*** TURN *** [7c 8h 5d] [Js]
ru_ruu_ru: checks 
J0SHB0SH: bets $3.21
ru_ruu_ru: calls $3.21
*** RIVER *** [7c 8h 5d Js] [Ks]
ru_ruu_ru: checks 
J0SHB0SH: bets $7.78
ru_ruu_ru: folds 
Uncalled bet ($7.78) returned to J0SHB0SH
J0SHB0SH collected $10.37 from pot
J0SHB0SH: doesn't show hand 
*** SUMMARY ***
Total pot $10.92 | Rake $0.55 
Board [7c 8h 5d Js Ks]
Seat 4: BC2025
Seat 1: SorinS28 (small blind) folded before Flop
Seat 2: ru_ruu_ru (big blind) folded on the River
Seat 3: J0SHB0SH collected ($10.37)
Seat 5: BumHuntKing folded before Flop (didn't bet)
Seat 6: dervesh (button) folded before Flop (didn't bet)



PokerStars Hand #254696770293:  Hold'em No Limit ($0.50/$1.00 USD) - 2025/02/03 0:30:16 WET [2025/02/03 19:30:16 ET]
Table 'Ricarda' 6-max Seat #1 is the button
Seat 1: SorinS28 ($100 in chips) 
Seat 2: ru_ruu_ru ($100 in chips) 
Seat 3: J0SHB0SH ($154.78 in chips) 
Seat 5: BumHuntKing ($135.88 in chips) 
Seat 6: dervesh ($166.16 in chips) 
ru_ruu_ru: posts small blind $0.50
J0SHB0SH: posts big blind $1
*** HOLE CARDS ***
BumHuntKing: folds 
dervesh: folds 
SorinS28: folds 
ru_ruu_ru: folds 
Uncalled bet ($0.50) returned to J0SHB0SH
J0SHB0SH collected $1 from pot
J0SHB0SH: doesn't show hand 
*** SUMMARY ***
Total pot $1 | Rake $0 
Seat 1: SorinS28 (button) folded before Flop (didn't bet)
Seat 2: ru_ruu_ru (small blind) folded before Flop
Seat 3: J0SHB0SH (big blind) collected ($1)
Seat 5: BumHuntKing folded before Flop (didn't bet)
Seat 6: dervesh folded before Flop (didn't bet)



PokerStars Hand #254696772633:  Hold'em No Limit ($0.50/$1.00 USD) - 2025/02/03 0:30:28 WET [2025/02/03 19:30:28 ET]
Table 'Ricarda' 6-max Seat #2 is the button
Seat 1: SorinS28 ($100 in chips) 
Seat 2: ru_ruu_ru ($100 in chips) 
Seat 3: J0SHB0SH ($155.28 in chips) 
Seat 5: BumHuntKing ($135.88 in chips) 
Seat 6: dervesh ($166.16 in chips) 
J0SHB0SH: posts small blind $0.50
BumHuntKing: posts big blind $1
*** HOLE CARDS ***
dervesh: folds 
SorinS28: folds 
ru_ruu_ru: folds 
J0SHB0SH: raises $2 to $3
BumHuntKing: folds 
Uncalled bet ($2) returned to J0SHB0SH
J0SHB0SH collected $2 from pot
J0SHB0SH: doesn't show hand 
*** SUMMARY ***
Total pot $2 | Rake $0 
Seat 1: SorinS28 folded before Flop (didn't bet)
Seat 2: ru_ruu_ru (button) folded before Flop (didn't bet)
Seat 3: J0SHB0SH (small blind) collected ($2)
Seat 5: BumHuntKing (big blind) folded before Flop
Seat 6: dervesh folded before Flop (didn't bet)



PokerStars Hand #254696776209:  Hold'em No Limit ($0.50/$1.00 USD) - 2025/02/03 0:30:46 WET [2025/02/03 19:30:46 ET]
Table 'Ricarda' 6-max Seat #3 is the button
Seat 1: SorinS28 ($100 in chips) 
Seat 2: ru_ruu_ru ($100 in chips) 
Seat 3: J0SHB0SH ($156.28 in chips) 
Seat 5: BumHuntKing ($134.88 in chips) 
Seat 6: dervesh ($166.16 in chips) 
BumHuntKing: posts small blind $0.50
dervesh: posts big blind $1
*** HOLE CARDS ***
SorinS28: folds 
ru_ruu_ru has timed out
ru_ruu_ru: folds 
J0SHB0SH: folds 
ru_ruu_ru leaves the table
BumHuntKing: raises $2 to $3
dervesh: raises $7 to $10
BumHuntKing: folds 
Uncalled bet ($7) returned to dervesh
dervesh collected $6 from pot
dervesh: doesn't show hand 
*** SUMMARY ***
Total pot $6 | Rake $0 
Seat 1: SorinS28 folded before Flop (didn't bet)
Seat 2: ru_ruu_ru folded before Flop (didn't bet)
Seat 3: J0SHB0SH (button) folded before Flop (didn't bet)
Seat 5: BumHuntKing (small blind) folded before Flop
Seat 6: dervesh (big blind) collected ($6)



PokerStars Hand #254696782500:  Hold'em No Limit ($0.50/$1.00 USD) - 2025/02/03 0:31:17 WET [2025/02/03 19:31:17 ET]
Table 'Ricarda' 6-max Seat #5 is the button
Seat 1: SorinS28 ($100 in chips) 
Seat 3: J0SHB0SH ($156.28 in chips) 
Seat 5: BumHuntKing ($131.88 in chips) 
Seat 6: dervesh ($169.16 in chips) 
dervesh: posts small blind $0.50
SorinS28: posts big blind $1
*** HOLE CARDS ***
J0SHB0SH: raises $1.50 to $2.50
BumHuntKing: folds 
dervesh: folds 
SorinS28: calls $1.50
*** FLOP *** [Ad Ac Kd]
SorinS28: checks 
J0SHB0SH: checks 
*** TURN *** [Ad Ac Kd] [Kc]
SorinS28: bets $2.61
J0SHB0SH: calls $2.61
*** RIVER *** [Ad Ac Kd Kc] [7h]
SorinS28: bets $10.18
J0SHB0SH: raises $14.82 to $25
SorinS28: calls $14.82
*** SHOW DOWN ***
J0SHB0SH: shows [3s As] (a full house, Aces full of Kings)
SorinS28: shows [Ah Td] (a full house, Aces full of Kings)
SorinS28 collected $29.86 from pot
J0SHB0SH collected $29.86 from pot
*** SUMMARY ***
Total pot $60.72 | Rake $1 
Board [Ad Ac Kd Kc 7h]
Seat 1: SorinS28 (big blind) showed [Ah Td] and won ($29.86) with a full house, Aces full of Kings
Seat 3: J0SHB0SH showed [3s As] and won ($29.86) with a full house, Aces full of Kings
Seat 5: BumHuntKing (button) folded before Flop (didn't bet)
Seat 6: dervesh (small blind) folded before Flop



PokerStars Hand #254696794588:  Hold'em No Limit ($0.50/$1.00 USD) - 2025/02/03 0:32:17 WET [2025/02/03 19:32:17 ET]
Table 'Ricarda' 6-max Seat #6 is the button
Seat 1: SorinS28 ($100 in chips) 
Seat 3: J0SHB0SH ($156.03 in chips) 
Seat 5: BumHuntKing ($131.88 in chips) 
Seat 6: dervesh ($168.66 in chips) 
SorinS28: posts small blind $0.50
J0SHB0SH: posts big blind $1
*** HOLE CARDS ***
BumHuntKing: folds 
dervesh: raises $1.50 to $2.50
SorinS28: raises $9 to $11.50
J0SHB0SH: folds 
dervesh: calls $9
*** FLOP *** [3c Qh 6h]
SorinS28: checks 
dervesh: checks 
*** TURN *** [3c Qh 6h] [3d]
SorinS28: bets $15.41
dervesh: folds 
Uncalled bet ($15.41) returned to SorinS28
SorinS28 collected $23 from pot
SorinS28: doesn't show hand 
*** SUMMARY ***
Total pot $24 | Rake $1 
Board [3c Qh 6h 3d]
Seat 1: SorinS28 (small blind) collected ($23)
Seat 3: J0SHB0SH (big blind) folded before Flop
Seat 5: BumHuntKing folded before Flop (didn't bet)
Seat 6: dervesh (button) folded on the Turn



PokerStars Hand #254696805789:  Hold'em No Limit ($0.50/$1.00 USD) - 2025/02/03 0:33:13 WET [2025/02/03 19:33:13 ET]
Table 'Ricarda' 6-max Seat #1 is the button
Seat 5: BumHuntKing ($131.88 in chips) is sitting out
Seat 1: SorinS28 ($111.50 in chips) 
Seat 3: J0SHB0SH ($155.03 in chips) 
Seat 6: dervesh ($157.16 in chips) 
J0SHB0SH: posts small blind $0.50
BumHuntKing: is sitting out 
dervesh: posts big blind $1
*** HOLE CARDS ***
SorinS28: folds 
J0SHB0SH: raises $2 to $3
dervesh: folds 
Uncalled bet ($2) returned to J0SHB0SH
BumHuntKing leaves the table
J0SHB0SH collected $2 from pot
J0SHB0SH: doesn't show hand 
*** SUMMARY ***
Total pot $2 | Rake $0 
Seat 5: BumHuntKing
Seat 1: SorinS28 (button) folded before Flop (didn't bet)
Seat 3: J0SHB0SH (small blind) collected ($2)
Seat 6: dervesh (big blind) folded before Flop



