PokerStars Hand #254687050997:  Hold'em No Limit ($0.50/$1.00 USD) - 2025/02/03 14:42:06 WET [2025/02/03 9:42:06 ET]
Table 'Erigone II' 6-max Seat #4 is the button
Seat 2: fobot21 ($118.15 in chips) is sitting out
Seat 6: ReVeu710 ($100 in chips) is sitting out
Seat 1: NikoPale ($101.50 in chips) 
Seat 3: andymclean91 ($46.78 in chips) 
Seat 4: andutu34 ($102.20 in chips) 
Seat 5: easy_sarcasm ($100 in chips) 
easy_sarcasm: posts small blind $0.50
ReVeu710: is sitting out 
NikoPale: posts big blind $1
fobot21: sits out 
*** HOLE CARDS ***
andymclean91: calls $1
andutu34: raises $3 to $4
easy_sarcasm: folds 
NikoPale: folds 
andymclean91: calls $3
*** FLOP *** [Ad 5c Tc]
andymclean91: checks 
andutu34: bets $2.98
andymclean91: calls $2.98
*** TURN *** [Ad 5c Tc] [3c]
andymclean91: checks 
andutu34: checks 
*** RIVER *** [Ad 5c Tc 3c] [Jc]
andymclean91: bets $7.35
andutu34: folds 
Uncalled bet ($7.35) returned to andymclean91
andymclean91 collected $14.69 from pot
andymclean91: doesn't show hand 
*** SUMMARY ***
Total pot $15.46 | Rake $0.77 
Board [Ad 5c Tc 3c Jc]
Seat 2: fobot21
Seat 6: ReVeu710
Seat 1: NikoPale (big blind) folded before Flop
Seat 3: andymclean91 collected ($14.69)
Seat 4: andutu34 (button) folded on the River
Seat 5: easy_sarcasm (small blind) folded before Flop



PokerStars Hand #254687061045:  Hold'em No Limit ($0.50/$1.00 USD) - 2025/02/03 14:43:01 WET [2025/02/03 9:43:01 ET]
Table 'Erigone II' 6-max Seat #5 is the button
Seat 6: ReVeu710 ($100 in chips) is sitting out
Seat 1: NikoPale ($100.50 in chips) 
Seat 2: fobot21 ($118.15 in chips) 
Seat 3: andymclean91 ($54.49 in chips) 
Seat 4: andutu34 ($100 in chips) 
Seat 5: easy_sarcasm ($100 in chips) 
NikoPale: posts small blind $0.50
fobot21: posts big blind $1
*** HOLE CARDS ***
andymclean91: calls $1
andutu34: folds 
easy_sarcasm: folds 
NikoPale: raises $4 to $5
fobot21: folds 
andymclean91: calls $4
*** FLOP *** [8d Js Qc]
NikoPale: bets $5.23
andymclean91: calls $5.23
*** TURN *** [8d Js Qc] [Kc]
NikoPale: checks 
andymclean91: bets $10.20
NikoPale: calls $10.20
*** RIVER *** [8d Js Qc Kc] [7s]
NikoPale: checks 
andymclean91: checks 
*** SHOW DOWN ***
NikoPale: shows [Kd Th] (a pair of Kings)
andymclean91: mucks hand 
NikoPale collected $39.77 from pot
*** SUMMARY ***
Total pot $41.86 | Rake $2.09 
Board [8d Js Qc Kc 7s]
Seat 6: ReVeu710
Seat 1: NikoPale (small blind) showed [Kd Th] and won ($39.77) with a pair of Kings
Seat 2: fobot21 (big blind) folded before Flop
Seat 3: andymclean91 mucked
Seat 4: andutu34 folded before Flop (didn't bet)
Seat 5: easy_sarcasm (button) folded before Flop (didn't bet)



PokerStars Hand #254687070096:  Hold'em No Limit ($0.50/$1.00 USD) - 2025/02/03 14:43:50 WET [2025/02/03 9:43:50 ET]
Table 'Erigone II' 6-max Seat #1 is the button
Seat 6: ReVeu710 ($100 in chips) is sitting out
Seat 1: NikoPale ($119.84 in chips) 
Seat 2: fobot21 ($117.15 in chips) 
Seat 3: andymclean91 ($34.06 in chips) 
Seat 4: andutu34 ($100 in chips) 
Seat 5: easy_sarcasm ($100 in chips) 
fobot21: posts small blind $0.50
andymclean91: posts big blind $1
ReVeu710: sits out 
*** HOLE CARDS ***
andutu34: folds 
easy_sarcasm: folds 
NikoPale: raises $2 to $3
fobot21: raises $9 to $12
andymclean91: calls $11
NikoPale: calls $9
*** FLOP *** [7h 7s 6d]
fobot21: checks 
andymclean91: checks 
NikoPale: checks 
*** TURN *** [7h 7s 6d] [7c]
fobot21: bets $22.80
andymclean91: folds 
NikoPale: folds 
Uncalled bet ($22.80) returned to fobot21
fobot21 collected $34.20 from pot
fobot21: doesn't show hand 
*** SUMMARY ***
Total pot $36 | Rake $1.80 
Board [7h 7s 6d 7c]
Seat 6: ReVeu710
Seat 1: NikoPale (button) folded on the Turn
Seat 2: fobot21 (small blind) collected ($34.20)
Seat 3: andymclean91 (big blind) folded on the Turn
Seat 4: andutu34 folded before Flop (didn't bet)
Seat 5: easy_sarcasm folded before Flop (didn't bet)



PokerStars Hand #254687080162:  Hold'em No Limit ($0.50/$1.00 USD) - 2025/02/03 14:44:44 WET [2025/02/03 9:44:44 ET]
Table 'Erigone II' 6-max Seat #2 is the button
Seat 6: ReVeu710 ($100 in chips) is sitting out
Seat 1: NikoPale ($107.84 in chips) 
Seat 2: fobot21 ($139.35 in chips) 
Seat 3: andymclean91 ($22.06 in chips) 
Seat 4: andutu34 ($100 in chips) 
Seat 5: easy_sarcasm ($100 in chips) 
andymclean91: posts small blind $0.50
andutu34: posts big blind $1
ReVeu710: sits out 
*** HOLE CARDS ***
easy_sarcasm: folds 
NikoPale: folds 
fobot21: raises $1.50 to $2.50
andymclean91: calls $2
andutu34: calls $1.50
*** FLOP *** [Kh 8c 4d]
andymclean91: checks 
andutu34: checks 
fobot21: checks 
*** TURN *** [Kh 8c 4d] [6s]
andymclean91: checks 
andutu34: checks 
fobot21: checks 
*** RIVER *** [Kh 8c 4d 6s] [3d]
andymclean91: checks 
andutu34: checks 
fobot21: checks 
*** SHOW DOWN ***
andymclean91: shows [Jc 5s] (high card King)
andutu34: shows [8d 5d] (a pair of Eights)
fobot21: mucks hand 
andutu34 collected $7.12 from pot
*** SUMMARY ***
Total pot $7.50 | Rake $0.38 
Board [Kh 8c 4d 6s 3d]
Seat 6: ReVeu710
Seat 1: NikoPale folded before Flop (didn't bet)
Seat 2: fobot21 (button) mucked
Seat 3: andymclean91 (small blind) showed [Jc 5s] and lost with high card King
Seat 4: andutu34 (big blind) showed [8d 5d] and won ($7.12) with a pair of Eights
Seat 5: easy_sarcasm folded before Flop (didn't bet)



PokerStars Hand #254687092370:  Hold'em No Limit ($0.50/$1.00 USD) - 2025/02/03 14:45:51 WET [2025/02/03 9:45:51 ET]
Table 'Erigone II' 6-max Seat #3 is the button
Seat 6: ReVeu710 ($100 in chips) is sitting out
Seat 1: NikoPale ($107.84 in chips) 
Seat 2: fobot21 ($136.85 in chips) 
Seat 3: andymclean91 ($19.56 in chips) 
Seat 4: andutu34 ($104.62 in chips) 
Seat 5: easy_sarcasm ($100 in chips) 
andutu34: posts small blind $0.50
easy_sarcasm: posts big blind $1
ReVeu710: sits out 
*** HOLE CARDS ***
NikoPale: folds 
fobot21: folds 
andymclean91: folds 
andutu34: raises $2 to $3
easy_sarcasm: folds 
Uncalled bet ($2) returned to andutu34
andutu34 collected $2 from pot
andutu34: doesn't show hand 
*** SUMMARY ***
Total pot $2 | Rake $0 
Seat 6: ReVeu710
Seat 1: NikoPale folded before Flop (didn't bet)
Seat 2: fobot21 folded before Flop (didn't bet)
Seat 3: andymclean91 (button) folded before Flop (didn't bet)
Seat 4: andutu34 (small blind) collected ($2)
Seat 5: easy_sarcasm (big blind) folded before Flop



PokerStars Hand #254687095427:  Hold'em No Limit ($0.50/$1.00 USD) - 2025/02/03 14:46:07 WET [2025/02/03 9:46:07 ET]
Table 'Erigone II' 6-max Seat #4 is the button
Seat 1: NikoPale ($107.84 in chips) 
Seat 2: fobot21 ($136.85 in chips) 
Seat 3: andymclean91 ($19.56 in chips) 
Seat 4: andutu34 ($105.62 in chips) 
Seat 5: easy_sarcasm ($100 in chips) 
Seat 6: ReVeu710 ($100 in chips) 
easy_sarcasm: posts small blind $0.50
ReVeu710: posts big blind $1
*** HOLE CARDS ***
NikoPale: folds 
fobot21: folds 
andymclean91: calls $1
andutu34: folds 
easy_sarcasm: calls $0.50
ReVeu710: checks 
*** FLOP *** [6c 5d 2h]
easy_sarcasm: checks 
ReVeu710: checks 
andymclean91: checks 
*** TURN *** [6c 5d 2h] [Kh]
easy_sarcasm: checks 
ReVeu710: bets $2.19
andymclean91: calls $2.19
easy_sarcasm: folds 
*** RIVER *** [6c 5d 2h Kh] [Ac]
ReVeu710: bets $5.40
andymclean91: folds 
Uncalled bet ($5.40) returned to ReVeu710
ReVeu710 collected $7.01 from pot
ReVeu710: doesn't show hand 
*** SUMMARY ***
Total pot $7.38 | Rake $0.37 
Board [6c 5d 2h Kh Ac]
Seat 1: NikoPale folded before Flop (didn't bet)
Seat 2: fobot21 folded before Flop (didn't bet)
Seat 3: andymclean91 folded on the River
Seat 4: andutu34 (button) folded before Flop (didn't bet)
Seat 5: easy_sarcasm (small blind) folded on the Turn
Seat 6: ReVeu710 (big blind) collected ($7.01)



PokerStars Hand #254687104597:  Hold'em No Limit ($0.50/$1.00 USD) - 2025/02/03 14:46:57 WET [2025/02/03 9:46:57 ET]
Table 'Erigone II' 6-max Seat #5 is the button
Seat 1: NikoPale ($107.84 in chips) 
Seat 2: fobot21 ($136.85 in chips) 
Seat 3: andymclean91 ($16.37 in chips) 
Seat 4: andutu34 ($105.62 in chips) 
Seat 5: easy_sarcasm ($100 in chips) 
Seat 6: ReVeu710 ($103.82 in chips) 
ReVeu710: posts small blind $0.50
NikoPale: posts big blind $1
*** HOLE CARDS ***
fobot21: folds 
andymclean91: calls $1
andutu34: folds 
easy_sarcasm: folds 
ReVeu710: folds 
NikoPale: checks 
*** FLOP *** [6d Qh Tc]
NikoPale: checks 
andymclean91: checks 
*** TURN *** [6d Qh Tc] [6h]
NikoPale: bets $3.59
andymclean91: folds 
Uncalled bet ($3.59) returned to NikoPale
NikoPale collected $2.38 from pot
NikoPale: doesn't show hand 
*** SUMMARY ***
Total pot $2.50 | Rake $0.12 
Board [6d Qh Tc 6h]
Seat 1: NikoPale (big blind) collected ($2.38)
Seat 2: fobot21 folded before Flop (didn't bet)
Seat 3: andymclean91 folded on the Turn
Seat 4: andutu34 folded before Flop (didn't bet)
Seat 5: easy_sarcasm (button) folded before Flop (didn't bet)
Seat 6: ReVeu710 (small blind) folded before Flop



PokerStars Hand #254687110364:  Hold'em No Limit ($0.50/$1.00 USD) - 2025/02/03 14:47:28 WET [2025/02/03 9:47:28 ET]
Table 'Erigone II' 6-max Seat #6 is the button
Seat 1: NikoPale ($109.22 in chips) 
Seat 2: fobot21 ($136.85 in chips) 
Seat 3: andymclean91 ($15.37 in chips) 
Seat 4: andutu34 ($105.62 in chips) 
Seat 5: easy_sarcasm ($100 in chips) 
Seat 6: ReVeu710 ($103.32 in chips) 
NikoPale: posts small blind $0.50
fobot21: posts big blind $1
*** HOLE CARDS ***
andymclean91: calls $1
andutu34: folds 
easy_sarcasm: folds 
ReVeu710: folds 
NikoPale: calls $0.50
fobot21: checks 
*** FLOP *** [3s 4d Ad]
NikoPale: checks 
fobot21: bets $1.90
andymclean91: folds 
NikoPale: folds 
Uncalled bet ($1.90) returned to fobot21
fobot21 collected $2.85 from pot
fobot21: doesn't show hand 
*** SUMMARY ***
Total pot $3 | Rake $0.15 
Board [3s 4d Ad]
Seat 1: NikoPale (small blind) folded on the Flop
Seat 2: fobot21 (big blind) collected ($2.85)
Seat 3: andymclean91 folded on the Flop
Seat 4: andutu34 folded before Flop (didn't bet)
Seat 5: easy_sarcasm folded before Flop (didn't bet)
Seat 6: ReVeu710 (button) folded before Flop (didn't bet)



PokerStars Hand #254687116900:  Hold'em No Limit ($0.50/$1.00 USD) - 2025/02/03 14:48:04 WET [2025/02/03 9:48:04 ET]
Table 'Erigone II' 6-max Seat #1 is the button
Seat 1: NikoPale ($108.22 in chips) 
Seat 2: fobot21 ($138.70 in chips) 
Seat 3: andymclean91 ($14.37 in chips) 
Seat 4: andutu34 ($105.62 in chips) 
Seat 5: easy_sarcasm ($100 in chips) 
Seat 6: ReVeu710 ($103.32 in chips) 
fobot21: posts small blind $0.50
andymclean91: posts big blind $1
*** HOLE CARDS ***
andutu34: folds 
easy_sarcasm: folds 
ReVeu710: raises $1.30 to $2.30
NikoPale: folds 
fobot21: folds 
andymclean91: folds 
Uncalled bet ($1.30) returned to ReVeu710
ReVeu710 collected $2.50 from pot
ReVeu710: doesn't show hand 
*** SUMMARY ***
Total pot $2.50 | Rake $0 
Seat 1: NikoPale (button) folded before Flop (didn't bet)
Seat 2: fobot21 (small blind) folded before Flop
Seat 3: andymclean91 (big blind) folded before Flop
Seat 4: andutu34 folded before Flop (didn't bet)
Seat 5: easy_sarcasm folded before Flop (didn't bet)
Seat 6: ReVeu710 collected ($2.50)



PokerStars Hand #254687119739:  Hold'em No Limit ($0.50/$1.00 USD) - 2025/02/03 14:48:20 WET [2025/02/03 9:48:20 ET]
Table 'Erigone II' 6-max Seat #2 is the button
Seat 4: andutu34 ($105.62 in chips) is sitting out
Seat 1: NikoPale ($108.22 in chips) 
Seat 2: fobot21 ($138.20 in chips) 
Seat 3: andymclean91 ($13.37 in chips) 
Seat 5: easy_sarcasm ($100 in chips) 
Seat 6: ReVeu710 ($104.82 in chips) 
andymclean91: posts small blind $0.50
andutu34: is sitting out 
easy_sarcasm: posts big blind $1
*** HOLE CARDS ***
ReVeu710: folds 
NikoPale: folds 
andutu34 leaves the table
fobot21: folds 
andymclean91: calls $0.50
easy_sarcasm: checks 
*** FLOP *** [Js 3s 7c]
andymclean91: checks 
easy_sarcasm: checks 
*** TURN *** [Js 3s 7c] [5s]
Fold Your Cats joins the table at seat #4 
andymclean91: checks 
easy_sarcasm: bets $2
andymclean91: calls $2
*** RIVER *** [Js 3s 7c 5s] [8c]
andymclean91: bets $2.85
easy_sarcasm: calls $2.85
*** SHOW DOWN ***
andymclean91: shows [8s 9h] (a pair of Eights)
easy_sarcasm: shows [3c 5h] (two pair, Fives and Threes)
easy_sarcasm collected $11.12 from pot
*** SUMMARY ***
Total pot $11.70 | Rake $0.58 
Board [Js 3s 7c 5s 8c]
Seat 4: andutu34
Seat 1: NikoPale folded before Flop (didn't bet)
Seat 2: fobot21 (button) folded before Flop (didn't bet)
Seat 3: andymclean91 (small blind) showed [8s 9h] and lost with a pair of Eights
Seat 5: easy_sarcasm (big blind) showed [3c 5h] and won ($11.12) with two pair, Fives and Threes
Seat 6: ReVeu710 folded before Flop (didn't bet)



PokerStars Hand #254687130118:  Hold'em No Limit ($0.50/$1.00 USD) - 2025/02/03 14:49:17 WET [2025/02/03 9:49:17 ET]
Table 'Erigone II' 6-max Seat #3 is the button
Seat 4: Fold Your Cats ($100 in chips) is sitting out
Seat 1: NikoPale ($108.22 in chips) 
Seat 2: fobot21 ($138.20 in chips) 
Seat 3: andymclean91 ($7.52 in chips) 
Seat 5: easy_sarcasm ($105.27 in chips) 
Seat 6: ReVeu710 ($104.82 in chips) 
easy_sarcasm: posts small blind $0.50
ReVeu710: posts big blind $1
*** HOLE CARDS ***
NikoPale: folds 
fobot21: folds 
andymclean91: calls $1
easy_sarcasm: folds 
ReVeu710: checks 
*** FLOP *** [4s 5d Kh]
ReVeu710: bets $1.45
andymclean91: folds 
Uncalled bet ($1.45) returned to ReVeu710
ReVeu710 collected $2.38 from pot
ReVeu710: doesn't show hand 
*** SUMMARY ***
Total pot $2.50 | Rake $0.12 
Board [4s 5d Kh]
Seat 4: Fold Your Cats
Seat 1: NikoPale folded before Flop (didn't bet)
Seat 2: fobot21 folded before Flop (didn't bet)
Seat 3: andymclean91 (button) folded on the Flop
Seat 5: easy_sarcasm (small blind) folded before Flop
Seat 6: ReVeu710 (big blind) collected ($2.38)



PokerStars Hand #254687134123:  Hold'em No Limit ($0.50/$1.00 USD) - 2025/02/03 14:49:38 WET [2025/02/03 9:49:38 ET]
Table 'Erigone II' 6-max Seat #5 is the button
Seat 4: Fold Your Cats ($100 in chips) is sitting out
Seat 1: NikoPale ($108.22 in chips) 
Seat 2: fobot21 ($138.20 in chips) 
Seat 3: andymclean91 ($6.52 in chips) 
Seat 5: easy_sarcasm ($104.77 in chips) 
Seat 6: ReVeu710 ($106.20 in chips) 
ReVeu710: posts small blind $0.50
NikoPale: posts big blind $1
Fold Your Cats: sits out 
*** HOLE CARDS ***
fobot21: folds 
andymclean91: folds 
easy_sarcasm: folds 
ReVeu710: raises $2 to $3
NikoPale: calls $2
*** FLOP *** [Ah 6c Td]
ReVeu710: bets $1.43
NikoPale: folds 
Uncalled bet ($1.43) returned to ReVeu710
ReVeu710 collected $5.70 from pot
ReVeu710: doesn't show hand 
*** SUMMARY ***
Total pot $6 | Rake $0.30 
Board [Ah 6c Td]
Seat 4: Fold Your Cats
Seat 1: NikoPale (big blind) folded on the Flop
Seat 2: fobot21 folded before Flop (didn't bet)
Seat 3: andymclean91 folded before Flop (didn't bet)
Seat 5: easy_sarcasm (button) folded before Flop (didn't bet)
Seat 6: ReVeu710 (small blind) collected ($5.70)



PokerStars Hand #254687143589:  Hold'em No Limit ($0.50/$1.00 USD) - 2025/02/03 14:50:30 WET [2025/02/03 9:50:30 ET]
Table 'Erigone II' 6-max Seat #6 is the button
Seat 4: Fold Your Cats ($100 in chips) is sitting out
Seat 1: NikoPale ($105.22 in chips) 
Seat 2: fobot21 ($138.20 in chips) 
Seat 3: andymclean91 ($6.52 in chips) 
Seat 5: easy_sarcasm ($104.77 in chips) 
Seat 6: ReVeu710 ($108.90 in chips) 
NikoPale: posts small blind $0.50
fobot21: posts big blind $1
Fold Your Cats: sits out 
*** HOLE CARDS ***
andymclean91: calls $1
easy_sarcasm: raises $3.50 to $4.50
ReVeu710: folds 
NikoPale: folds 
fobot21: folds 
andymclean91: calls $3.50
*** FLOP *** [Qs Ks 8d]
andymclean91: checks 
easy_sarcasm: bets $5.09
andymclean91: calls $2.02 and is all-in
Uncalled bet ($3.07) returned to easy_sarcasm
*** TURN *** [Qs Ks 8d] [Qh]
*** RIVER *** [Qs Ks 8d Qh] [Kc]
*** SHOW DOWN ***
andymclean91: shows [Qc 8h] (a full house, Queens full of Kings)
easy_sarcasm: shows [Jd Kh] (a full house, Kings full of Queens)
easy_sarcasm collected $13.81 from pot
*** SUMMARY ***
Total pot $14.54 | Rake $0.73 
Board [Qs Ks 8d Qh Kc]
Seat 4: Fold Your Cats
Seat 1: NikoPale (small blind) folded before Flop
Seat 2: fobot21 (big blind) folded before Flop
Seat 3: andymclean91 showed [Qc 8h] and lost with a full house, Queens full of Kings
Seat 5: easy_sarcasm showed [Jd Kh] and won ($13.81) with a full house, Kings full of Queens
Seat 6: ReVeu710 (button) folded before Flop (didn't bet)



PokerStars Hand #254687154613:  Hold'em No Limit ($0.50/$1.00 USD) - 2025/02/03 14:51:29 WET [2025/02/03 9:51:29 ET]
Table 'Erigone II' 6-max Seat #1 is the button
Seat 3: andymclean91 ($0 in chips) is sitting out
Seat 1: NikoPale ($104.72 in chips) 
Seat 2: fobot21 ($137.20 in chips) 
Seat 4: Fold Your Cats ($100 in chips) 
Seat 5: easy_sarcasm ($112.06 in chips) 
Seat 6: ReVeu710 ($108.90 in chips) 
fobot21: posts small blind $0.50
Fold Your Cats: posts big blind $1
*** HOLE CARDS ***
easy_sarcasm: folds 
ReVeu710: raises $1.30 to $2.30
NikoPale: folds 
fobot21: folds 
Fold Your Cats: calls $1.30
*** FLOP *** [9c 9h 2h]
Fold Your Cats: checks 
andymclean91 leaves the table
ReVeu710: bets $1.21
Fold Your Cats: raises $4.79 to $6
ReVeu710: folds 
Uncalled bet ($4.79) returned to Fold Your Cats
Fold Your Cats collected $7.14 from pot
Fold Your Cats: doesn't show hand 
*** SUMMARY ***
Total pot $7.52 | Rake $0.38 
Board [9c 9h 2h]
Seat 3: andymclean91
Seat 1: NikoPale (button) folded before Flop (didn't bet)
Seat 2: fobot21 (small blind) folded before Flop
Seat 4: Fold Your Cats (big blind) collected ($7.14)
Seat 5: easy_sarcasm folded before Flop (didn't bet)
Seat 6: ReVeu710 folded on the Flop



PokerStars Hand #254687162832:  Hold'em No Limit ($0.50/$1.00 USD) - 2025/02/03 14:52:14 WET [2025/02/03 9:52:14 ET]
Table 'Erigone II' 6-max Seat #2 is the button
Seat 5: easy_sarcasm ($112.06 in chips) is sitting out
Seat 1: NikoPale ($104.72 in chips) 
Seat 2: fobot21 ($136.70 in chips) 
Seat 4: Fold Your Cats ($103.63 in chips) 
Seat 6: ReVeu710 ($105.39 in chips) 
Fold Your Cats: posts small blind $0.50
easy_sarcasm: is sitting out 
ReVeu710: posts big blind $1
*** HOLE CARDS ***
NikoPale: raises $1.50 to $2.50
easy_sarcasm leaves the table
fobot21: folds 
Fold Your Cats: folds 
ReVeu710: calls $1.50
*** FLOP *** [6h Qs Tc]
ReVeu710: checks 
NikoPale: bets $1.72
ReVeu710: raises $6.67 to $8.39
NikoPale: raises $7.67 to $16.06
ReVeu710: calls $7.67
*** TURN *** [6h Qs Tc] [2d]
ReVeu710: checks 
NikoPale: checks 
*** RIVER *** [6h Qs Tc 2d] [Qd]
ReVeu710: bets $19.77
NikoPale: folds 
Uncalled bet ($19.77) returned to ReVeu710
ReVeu710 collected $36.62 from pot
ReVeu710: doesn't show hand 
*** SUMMARY ***
Total pot $37.62 | Rake $1 
Board [6h Qs Tc 2d Qd]
Seat 5: easy_sarcasm
Seat 1: NikoPale folded on the River
Seat 2: fobot21 (button) folded before Flop (didn't bet)
Seat 4: Fold Your Cats (small blind) folded before Flop
Seat 6: ReVeu710 (big blind) collected ($36.62)



PokerStars Hand #254687257254:  Hold'em No Limit ($0.50/$1.00 USD) - 2025/02/03 15:01:57 WET [2025/02/03 10:01:57 ET]
Table 'Erigone II' 6-max Seat #3 is the button
Seat 4: Tech12s ($100 in chips) is sitting out
Seat 1: ReVeu710 ($123.45 in chips) 
Seat 2: KarP93 ($100 in chips) 
Seat 3: whlzor ($100 in chips) 
Seat 5: magzi777 ($100 in chips) 
Seat 6: gudrozd ($100 in chips) 
magzi777: posts small blind $0.50
gudrozd: posts big blind $1
*** HOLE CARDS ***
ReVeu710: folds 
Tech12s leaves the table
KarP93: folds 
whlzor: folds 
magzi777: folds 
Uncalled bet ($0.50) returned to gudrozd
gudrozd collected $1 from pot
gudrozd: doesn't show hand 
*** SUMMARY ***
Total pot $1 | Rake $0 
Seat 4: Tech12s
Seat 1: ReVeu710 folded before Flop (didn't bet)
Seat 2: KarP93 folded before Flop (didn't bet)
Seat 3: whlzor (button) folded before Flop (didn't bet)
Seat 5: magzi777 (small blind) folded before Flop
Seat 6: gudrozd (big blind) collected ($1)



PokerStars Hand #254687259637:  Hold'em No Limit ($0.50/$1.00 USD) - 2025/02/03 15:02:10 WET [2025/02/03 10:02:10 ET]
Table 'Erigone II' 6-max Seat #5 is the button
Seat 1: ReVeu710 ($123.45 in chips) 
Seat 2: KarP93 ($100 in chips) 
Seat 3: whlzor ($100 in chips) 
Seat 5: magzi777 ($100 in chips) 
Seat 6: gudrozd ($100.50 in chips) 
gudrozd: posts small blind $0.50
ReVeu710: posts big blind $1
*** HOLE CARDS ***
KarP93: folds 
whlzor: folds 
magzi777: folds 
gudrozd: raises $2 to $3
ReVeu710: raises $7 to $10
gudrozd: folds 
Uncalled bet ($7) returned to ReVeu710
ReVeu710 collected $6 from pot
ReVeu710: doesn't show hand 
*** SUMMARY ***
Total pot $6 | Rake $0 
Seat 1: ReVeu710 (big blind) collected ($6)
Seat 2: KarP93 folded before Flop (didn't bet)
Seat 3: whlzor folded before Flop (didn't bet)
Seat 5: magzi777 (button) folded before Flop (didn't bet)
Seat 6: gudrozd (small blind) folded before Flop



PokerStars Hand #254687262561:  Hold'em No Limit ($0.50/$1.00 USD) - 2025/02/03 15:02:26 WET [2025/02/03 10:02:26 ET]
Table 'Erigone II' 6-max Seat #6 is the button
Seat 2: KarP93 ($100 in chips) is sitting out
Seat 1: ReVeu710 ($126.45 in chips) 
Seat 3: whlzor ($100 in chips) 
Seat 5: magzi777 ($100 in chips) 
Seat 6: gudrozd ($100 in chips) 
ReVeu710: posts small blind $0.50
KarP93: is sitting out 
whlzor: posts big blind $1
*** HOLE CARDS ***
magzi777: folds 
gudrozd: raises $1.50 to $2.50
ReVeu710: folds 
whlzor: folds 
Uncalled bet ($1.50) returned to gudrozd
gudrozd collected $2.50 from pot
gudrozd: doesn't show hand 
*** SUMMARY ***
Total pot $2.50 | Rake $0 
Seat 2: KarP93
Seat 1: ReVeu710 (small blind) folded before Flop
Seat 3: whlzor (big blind) folded before Flop
Seat 5: magzi777 folded before Flop (didn't bet)
Seat 6: gudrozd (button) collected ($2.50)



PokerStars Hand #254687265024:  Hold'em No Limit ($0.50/$1.00 USD) - 2025/02/03 15:02:40 WET [2025/02/03 10:02:40 ET]
Table 'Erigone II' 6-max Seat #1 is the button
Seat 2: KarP93 ($100 in chips) is sitting out
Seat 1: ReVeu710 ($125.95 in chips) 
Seat 3: whlzor ($100 in chips) 
Seat 5: magzi777 ($100 in chips) 
Seat 6: gudrozd ($101.50 in chips) 
whlzor: posts small blind $0.50
magzi777: posts big blind $1
*** HOLE CARDS ***
gudrozd: folds 
ReVeu710: folds 
whlzor: folds 
Uncalled bet ($0.50) returned to magzi777
magzi777 collected $1 from pot
*** SUMMARY ***
Total pot $1 | Rake $0 
Seat 2: KarP93
Seat 1: ReVeu710 (button) folded before Flop (didn't bet)
Seat 3: whlzor (small blind) folded before Flop
Seat 5: magzi777 (big blind) collected ($1)
Seat 6: gudrozd folded before Flop (didn't bet)



PokerStars Hand #254687266417:  Hold'em No Limit ($0.50/$1.00 USD) - 2025/02/03 15:02:47 WET [2025/02/03 10:02:47 ET]
Table 'Erigone II' 6-max Seat #3 is the button
Seat 2: KarP93 ($100 in chips) is sitting out
Seat 6: gudrozd ($101.50 in chips) is sitting out
Seat 1: ReVeu710 ($125.95 in chips) 
Seat 3: whlzor ($100 in chips) 
Seat 5: magzi777 ($100.50 in chips) 
magzi777: posts small blind $0.50
gudrozd: is sitting out 
ReVeu710: posts big blind $1
*** HOLE CARDS ***
whlzor: raises $2 to $3
magzi777: folds 
ReVeu710: folds 
Uncalled bet ($2) returned to whlzor
whlzor collected $2.50 from pot
whlzor: doesn't show hand 
*** SUMMARY ***
Total pot $2.50 | Rake $0 
Seat 2: KarP93
Seat 6: gudrozd
Seat 1: ReVeu710 (big blind) folded before Flop
Seat 3: whlzor (button) collected ($2.50)
Seat 5: magzi777 (small blind) folded before Flop



PokerStars Hand #254687312543:  Hold'em No Limit ($0.50/$1.00 USD) - 2025/02/03 15:06:55 WET [2025/02/03 10:06:55 ET]
Table 'Erigone II' 6-max Seat #5 is the button
Seat 3: habib beye ($100 in chips) 
Seat 5: AndreaBsAs ($100 in chips) 
Seat 6: sta$igk ($100 in chips) 
sta$igk: posts small blind $0.50
habib beye: posts big blind $1
*** HOLE CARDS ***
varo46.es joins the table at seat #4 
easy_sarcasm joins the table at seat #1 
AndreaBsAs: folds 
sta$igk: folds 
Uncalled bet ($0.50) returned to habib beye
ReVeu710 joins the table at seat #2 
habib beye collected $1 from pot
*** SUMMARY ***
Total pot $1 | Rake $0 
Seat 3: habib beye (big blind) collected ($1)
Seat 5: AndreaBsAs (button) folded before Flop (didn't bet)
Seat 6: sta$igk (small blind) folded before Flop



PokerStars Hand #254687313967:  Hold'em No Limit ($0.50/$1.00 USD) - 2025/02/03 15:07:03 WET [2025/02/03 10:07:03 ET]
Table 'Erigone II' 6-max Seat #6 is the button
Seat 1: easy_sarcasm ($112.06 in chips) is sitting out
Seat 2: ReVeu710 ($124.95 in chips) is sitting out
Seat 3: habib beye ($100.50 in chips) 
Seat 4: varo46.es ($100 in chips) 
Seat 5: AndreaBsAs ($100 in chips) 
Seat 6: sta$igk ($100 in chips) 
habib beye: posts small blind $0.50
varo46.es: posts big blind $1
*** HOLE CARDS ***
AndreaBsAs: folds 
sta$igk: folds 
habib beye: folds 
Uncalled bet ($0.50) returned to varo46.es
varo46.es collected $1 from pot
varo46.es: doesn't show hand 
*** SUMMARY ***
Total pot $1 | Rake $0 
Seat 1: easy_sarcasm
Seat 2: ReVeu710
Seat 3: habib beye (small blind) folded before Flop
Seat 4: varo46.es (big blind) collected ($1)
Seat 5: AndreaBsAs folded before Flop (didn't bet)
Seat 6: sta$igk (button) folded before Flop (didn't bet)



PokerStars Hand #254687316909:  Hold'em No Limit ($0.50/$1.00 USD) - 2025/02/03 15:07:19 WET [2025/02/03 10:07:19 ET]
Table 'Erigone II' 6-max Seat #3 is the button
Seat 1: easy_sarcasm ($112.06 in chips) is sitting out
Seat 2: ReVeu710 ($124.95 in chips) is sitting out
Seat 3: habib beye ($100 in chips) 
Seat 4: varo46.es ($100.50 in chips) 
Seat 5: AndreaBsAs ($100 in chips) 
Seat 6: sta$igk ($100 in chips) 
varo46.es: posts small blind $0.50
AndreaBsAs: posts big blind $1
easy_sarcasm: sits out 
ReVeu710: sits out 
*** HOLE CARDS ***
sta$igk: folds 
habib beye: raises $1.50 to $2.50
varo46.es: folds 
AndreaBsAs: folds 
Uncalled bet ($1.50) returned to habib beye
habib beye collected $2.50 from pot
*** SUMMARY ***
Total pot $2.50 | Rake $0 
Seat 1: easy_sarcasm
Seat 2: ReVeu710
Seat 3: habib beye (button) collected ($2.50)
Seat 4: varo46.es (small blind) folded before Flop
Seat 5: AndreaBsAs (big blind) folded before Flop
Seat 6: sta$igk folded before Flop (didn't bet)



PokerStars Hand #254687345912:  Hold'em No Limit ($0.50/$1.00 USD) - 2025/02/03 15:09:57 WET [2025/02/03 10:09:57 ET]
Table 'Erigone II' 6-max Seat #6 is the button
Seat 1: easy_sarcasm ($111.06 in chips) 
Seat 2: ReVeu710 ($124.95 in chips) 
Seat 3: habib beye ($100 in chips) 
Seat 4: varo46.es ($199.50 in chips) 
Seat 5: AndreaBsAs ($100 in chips) 
Seat 6: sta$igk ($103.25 in chips) 
easy_sarcasm: posts small blind $0.50
ReVeu710: posts big blind $1
*** HOLE CARDS ***
habib beye: folds 
varo46.es: folds 
AndreaBsAs: folds 
sta$igk: raises $1.50 to $2.50
easy_sarcasm: raises $8.50 to $11
ReVeu710: folds 
sta$igk: raises $13 to $24
easy_sarcasm: folds 
Uncalled bet ($13) returned to sta$igk
sta$igk collected $23 from pot
sta$igk: doesn't show hand 
*** SUMMARY ***
Total pot $23 | Rake $0 
Seat 1: easy_sarcasm (small blind) folded before Flop
Seat 2: ReVeu710 (big blind) folded before Flop
Seat 3: habib beye folded before Flop (didn't bet)
Seat 4: varo46.es folded before Flop (didn't bet)
Seat 5: AndreaBsAs folded before Flop (didn't bet)
Seat 6: sta$igk (button) collected ($23)



PokerStars Hand #254687352505:  Hold'em No Limit ($0.50/$1.00 USD) - 2025/02/03 15:10:32 WET [2025/02/03 10:10:32 ET]
Table 'Erigone II' 6-max Seat #1 is the button
Seat 1: easy_sarcasm ($100.06 in chips) 
Seat 2: ReVeu710 ($123.95 in chips) 
Seat 3: habib beye ($100 in chips) 
Seat 4: varo46.es ($199.50 in chips) 
Seat 5: AndreaBsAs ($100 in chips) 
Seat 6: sta$igk ($115.25 in chips) 
ReVeu710: posts small blind $0.50
habib beye: posts big blind $1
*** HOLE CARDS ***
varo46.es: raises $1 to $2
AndreaBsAs: folds 
sta$igk: folds 
easy_sarcasm: folds 
ReVeu710: raises $8 to $10
habib beye: folds 
varo46.es: folds 
Uncalled bet ($8) returned to ReVeu710
ReVeu710 collected $5 from pot
ReVeu710: doesn't show hand 
*** SUMMARY ***
Total pot $5 | Rake $0 
Seat 1: easy_sarcasm (button) folded before Flop (didn't bet)
Seat 2: ReVeu710 (small blind) collected ($5)
Seat 3: habib beye (big blind) folded before Flop
Seat 4: varo46.es folded before Flop
Seat 5: AndreaBsAs folded before Flop (didn't bet)
Seat 6: sta$igk folded before Flop (didn't bet)



PokerStars Hand #254687358337:  Hold'em No Limit ($0.50/$1.00 USD) - 2025/02/03 15:11:03 WET [2025/02/03 10:11:03 ET]
Table 'Erigone II' 6-max Seat #2 is the button
Seat 1: easy_sarcasm ($100.06 in chips) 
Seat 2: ReVeu710 ($126.95 in chips) 
Seat 3: habib beye ($100 in chips) 
Seat 4: varo46.es ($197.50 in chips) 
Seat 5: AndreaBsAs ($100 in chips) 
Seat 6: sta$igk ($115.25 in chips) 
habib beye: posts small blind $0.50
varo46.es: posts big blind $1
*** HOLE CARDS ***
AndreaBsAs: folds 
sta$igk: folds 
easy_sarcasm: folds 
ReVeu710: raises $1.50 to $2.50
habib beye: folds 
varo46.es: folds 
Uncalled bet ($1.50) returned to ReVeu710
ReVeu710 collected $2.50 from pot
ReVeu710: doesn't show hand 
*** SUMMARY ***
Total pot $2.50 | Rake $0 
Seat 1: easy_sarcasm folded before Flop (didn't bet)
Seat 2: ReVeu710 (button) collected ($2.50)
Seat 3: habib beye (small blind) folded before Flop
Seat 4: varo46.es (big blind) folded before Flop
Seat 5: AndreaBsAs folded before Flop (didn't bet)
Seat 6: sta$igk folded before Flop (didn't bet)



PokerStars Hand #254687361163:  Hold'em No Limit ($0.50/$1.00 USD) - 2025/02/03 15:11:19 WET [2025/02/03 10:11:19 ET]
Table 'Erigone II' 6-max Seat #3 is the button
Seat 5: AndreaBsAs ($100 in chips) is sitting out
Seat 1: easy_sarcasm ($100.06 in chips) 
Seat 2: ReVeu710 ($128.45 in chips) 
Seat 3: habib beye ($100 in chips) 
Seat 4: varo46.es ($196.50 in chips) 
Seat 6: sta$igk ($115.25 in chips) 
varo46.es: posts small blind $0.50
AndreaBsAs: is sitting out 
sta$igk: posts big blind $1
*** HOLE CARDS ***
easy_sarcasm: folds 
ReVeu710: folds 
habib beye: folds 
varo46.es: folds 
Uncalled bet ($0.50) returned to sta$igk
sta$igk collected $1 from pot
sta$igk: doesn't show hand 
*** SUMMARY ***
Total pot $1 | Rake $0 
Seat 5: AndreaBsAs
Seat 1: easy_sarcasm folded before Flop (didn't bet)
Seat 2: ReVeu710 folded before Flop (didn't bet)
Seat 3: habib beye (button) folded before Flop (didn't bet)
Seat 4: varo46.es (small blind) folded before Flop
Seat 6: sta$igk (big blind) collected ($1)



PokerStars Hand #254687363100:  Hold'em No Limit ($0.50/$1.00 USD) - 2025/02/03 15:11:29 WET [2025/02/03 10:11:29 ET]
Table 'Erigone II' 6-max Seat #4 is the button
Seat 5: AndreaBsAs ($100 in chips) is sitting out
Seat 1: easy_sarcasm ($100.06 in chips) 
Seat 2: ReVeu710 ($128.45 in chips) 
Seat 3: habib beye ($100 in chips) 
Seat 4: varo46.es ($196 in chips) 
Seat 6: sta$igk ($115.75 in chips) 
sta$igk: posts small blind $0.50
easy_sarcasm: posts big blind $1
*** HOLE CARDS ***
ReVeu710: folds 
habib beye: folds 
varo46.es: raises $1.50 to $2.50
sta$igk: folds 
easy_sarcasm: folds 
Uncalled bet ($1.50) returned to varo46.es
varo46.es collected $2.50 from pot
varo46.es: doesn't show hand 
*** SUMMARY ***
Total pot $2.50 | Rake $0 
Seat 5: AndreaBsAs
Seat 1: easy_sarcasm (big blind) folded before Flop
Seat 2: ReVeu710 folded before Flop (didn't bet)
Seat 3: habib beye folded before Flop (didn't bet)
Seat 4: varo46.es (button) collected ($2.50)
Seat 6: sta$igk (small blind) folded before Flop



PokerStars Hand #254687365383:  Hold'em No Limit ($0.50/$1.00 USD) - 2025/02/03 15:11:41 WET [2025/02/03 10:11:41 ET]
Table 'Erigone II' 6-max Seat #6 is the button
Seat 2: ReVeu710 ($128.45 in chips) is sitting out
Seat 5: AndreaBsAs ($100 in chips) is sitting out
Seat 1: easy_sarcasm ($100 in chips) 
Seat 3: habib beye ($100 in chips) 
Seat 4: varo46.es ($197.50 in chips) 
Seat 6: sta$igk ($115.25 in chips) 
easy_sarcasm: posts small blind $0.50
ReVeu710: is sitting out 
habib beye: posts big blind $1
*** HOLE CARDS ***
varo46.es: raises $1.30 to $2.30
sta$igk: folds 
easy_sarcasm: folds 
habib beye: calls $1.30
*** FLOP *** [5h 2d 4c]
ReVeu710 leaves the table
habib beye: checks 
xxxZeka joins the table at seat #2 
varo46.es: bets $1.36
habib beye: raises $3.75 to $5.11
varo46.es: raises $9.89 to $15
habib beye: calls $9.89
*** TURN *** [5h 2d 4c] [3c]
habib beye: checks 
varo46.es: checks 
*** RIVER *** [5h 2d 4c 3c] [7s]
habib beye: bets $82.70 and is all-in
AndreaBsAs leaves the table
EAroca joins the table at seat #5 
varo46.es: folds 
Uncalled bet ($82.70) returned to habib beye
habib beye collected $34.10 from pot
*** SUMMARY ***
Total pot $35.10 | Rake $1 
Board [5h 2d 4c 3c 7s]
Seat 2: ReVeu710
Seat 5: AndreaBsAs
Seat 1: easy_sarcasm (small blind) folded before Flop
Seat 3: habib beye (big blind) collected ($34.10)
Seat 4: varo46.es folded on the River
Seat 6: sta$igk (button) folded before Flop (didn't bet)



PokerStars Hand #254687384828:  Hold'em No Limit ($0.50/$1.00 USD) - 2025/02/03 15:13:25 WET [2025/02/03 10:13:25 ET]
Table 'Erigone II' 6-max Seat #1 is the button
Seat 2: xxxZeka ($100 in chips) is sitting out
Seat 4: varo46.es ($180.20 in chips) is sitting out
Seat 1: easy_sarcasm ($100 in chips) 
Seat 3: habib beye ($116.80 in chips) 
Seat 5: EAroca ($100 in chips) 
Seat 6: sta$igk ($115.25 in chips) 
habib beye: posts small blind $0.50
varo46.es: is sitting out 
EAroca: posts big blind $1
*** HOLE CARDS ***
sta$igk: folds 
easy_sarcasm: folds 
habib beye: folds 
Uncalled bet ($0.50) returned to EAroca
varo46.es leaves the table
EAroca collected $1 from pot
EAroca: doesn't show hand 
*** SUMMARY ***
Total pot $1 | Rake $0 
Seat 2: xxxZeka
Seat 4: varo46.es
Seat 1: easy_sarcasm (button) folded before Flop (didn't bet)
Seat 3: habib beye (small blind) folded before Flop
Seat 5: EAroca (big blind) collected ($1)
Seat 6: sta$igk folded before Flop (didn't bet)



PokerStars Hand #254687386234:  Hold'em No Limit ($0.50/$1.00 USD) - 2025/02/03 15:13:32 WET [2025/02/03 10:13:32 ET]
Table 'Erigone II' 6-max Seat #3 is the button
Seat 2: xxxZeka ($100 in chips) is sitting out
Seat 1: easy_sarcasm ($100 in chips) 
Seat 3: habib beye ($116.30 in chips) 
Seat 5: EAroca ($100.50 in chips) 
Seat 6: sta$igk ($115.25 in chips) 
EAroca: posts small blind $0.50
sta$igk: posts big blind $1
xxxZeka: sits out 
*** HOLE CARDS ***
easy_sarcasm: folds 
habib beye: raises $1.50 to $2.50
EAroca: folds 
sta$igk: calls $1.50
*** FLOP *** [3d 8c As]
sta$igk: checks 
habib beye: bets $1.50
sta$igk: folds 
Uncalled bet ($1.50) returned to habib beye
habib beye collected $5.22 from pot
habib beye: doesn't show hand 
xxxZeka leaves the table
*** SUMMARY ***
Total pot $5.50 | Rake $0.28 
Board [3d 8c As]
Seat 2: xxxZeka
Seat 1: easy_sarcasm folded before Flop (didn't bet)
Seat 3: habib beye (button) collected ($5.22)
Seat 5: EAroca (small blind) folded before Flop
Seat 6: sta$igk (big blind) folded on the Flop



PokerStars Hand #254687392836:  Hold'em No Limit ($0.50/$1.00 USD) - 2025/02/03 15:14:08 WET [2025/02/03 10:14:08 ET]
Table 'Erigone II' 6-max Seat #5 is the button
Seat 1: easy_sarcasm ($100 in chips) is sitting out
Seat 3: habib beye ($119.02 in chips) 
Seat 5: EAroca ($100 in chips) 
Seat 6: sta$igk ($112.75 in chips) 
sta$igk: posts small blind $0.50
easy_sarcasm: is sitting out 
habib beye: posts big blind $1
*** HOLE CARDS ***
easy_sarcasm leaves the table
EAroca: raises $1.50 to $2.50
sta$igk: folds 
habib beye: folds 
Uncalled bet ($1.50) returned to EAroca
EAroca collected $2.50 from pot
EAroca: doesn't show hand 
*** SUMMARY ***
Total pot $2.50 | Rake $0 
Seat 1: easy_sarcasm
Seat 3: habib beye (big blind) folded before Flop
Seat 5: EAroca (button) collected ($2.50)
Seat 6: sta$igk (small blind) folded before Flop



PokerStars Hand #254687396014:  Hold'em No Limit ($0.50/$1.00 USD) - 2025/02/03 15:14:25 WET [2025/02/03 10:14:25 ET]
Table 'Erigone II' 6-max Seat #3 is the button
Seat 5: EAroca ($101.50 in chips) is sitting out
Seat 3: habib beye ($118.02 in chips) 
Seat 6: sta$igk ($112.25 in chips) 
habib beye: posts small blind $0.50
EAroca: is sitting out 
sta$igk: posts big blind $1
*** HOLE CARDS ***
habib beye: folds 
Uncalled bet ($0.50) returned to sta$igk
EAroca leaves the table
sta$igk collected $1 from pot
sta$igk: doesn't show hand 
*** SUMMARY ***
Total pot $1 | Rake $0 
Seat 5: EAroca
Seat 3: habib beye (button) (small blind) folded before Flop
Seat 6: sta$igk (big blind) collected ($1)



PokerStars Hand #254687397088:  Hold'em No Limit ($0.50/$1.00 USD) - 2025/02/03 15:14:30 WET [2025/02/03 10:14:30 ET]
Table 'Erigone II' 6-max Seat #6 is the button
Seat 3: habib beye ($117.52 in chips) 
Seat 6: sta$igk ($112.75 in chips) 
sta$igk: posts small blind $0.50
habib beye: posts big blind $1
*** HOLE CARDS ***
sta$igk: folds 
Uncalled bet ($0.50) returned to habib beye
habib beye collected $1 from pot
*** SUMMARY ***
Total pot $1 | Rake $0 
Seat 3: habib beye (big blind) collected ($1)
Seat 6: sta$igk (button) (small blind) folded before Flop



