PokerStars Hand #254684522355:  Hold'em No Limit ($0.50/$1.00 USD) - 2025/02/03 9:19:22 WET [2025/02/03 4:19:22 ET]
Table 'Helewalda' 6-max Seat #5 is the button
Seat 2: TheAveiro ($12.50 in chips) 
Seat 3: stojanac26 ($20.49 in chips) 
Seat 4: Consig|iori ($100 in chips) 
Seat 5: grooveshark5 ($98.50 in chips) 
Seat 6: Supermegopro ($100.50 in chips) 
Supermegopro: posts small blind $0.50
TheAveiro: posts big blind $1
*** HOLE CARDS ***
stojanac26: folds 
Pon4uk.ua joins the table at seat #1 
Consig|iori: folds 
grooveshark5: folds 
Supermegopro: raises $12 to $13
TheAveiro: folds 
Uncalled bet ($12) returned to Supermegopro
Supermegopro collected $2 from pot
Supermegopro: doesn't show hand 
*** SUMMARY ***
Total pot $2 | Rake $0 
Seat 2: TheAveiro (big blind) folded before Flop
Seat 3: stojanac26 folded before Flop (didn't bet)
Seat 4: Consig|iori folded before Flop (didn't bet)
Seat 5: grooveshark5 (button) folded before Flop (didn't bet)
Seat 6: Supermegopro (small blind) collected ($2)



PokerStars Hand #254684523666:  Hold'em No Limit ($0.50/$1.00 USD) - 2025/02/03 9:19:37 WET [2025/02/03 4:19:37 ET]
Table 'Helewalda' 6-max Seat #6 is the button
Seat 1: Pon4uk.ua ($100 in chips) is sitting out
Seat 2: TheAveiro ($11.50 in chips) 
Seat 3: stojanac26 ($20.49 in chips) 
Seat 4: Consig|iori ($100 in chips) 
Seat 5: grooveshark5 ($98.50 in chips) 
Seat 6: Supermegopro ($101.50 in chips) 
TheAveiro: posts small blind $0.50
stojanac26: posts big blind $1
*** HOLE CARDS ***
Consig|iori: folds 
grooveshark5: raises $1 to $2
Supermegopro: folds 
TheAveiro: folds 
stojanac26: raises $18.49 to $20.49 and is all-in
grooveshark5: folds 
Uncalled bet ($18.49) returned to stojanac26
stojanac26 collected $4.50 from pot
*** SUMMARY ***
Total pot $4.50 | Rake $0 
Seat 1: Pon4uk.ua
Seat 2: TheAveiro (small blind) folded before Flop
Seat 3: stojanac26 (big blind) collected ($4.50)
Seat 4: Consig|iori folded before Flop (didn't bet)
Seat 5: grooveshark5 folded before Flop
Seat 6: Supermegopro (button) folded before Flop (didn't bet)



PokerStars Hand #254684525625:  Hold'em No Limit ($0.50/$1.00 USD) - 2025/02/03 9:19:59 WET [2025/02/03 4:19:59 ET]
Table 'Helewalda' 6-max Seat #2 is the button
Seat 1: Pon4uk.ua ($100 in chips) is sitting out
Seat 2: TheAveiro ($11 in chips) 
Seat 3: stojanac26 ($22.99 in chips) 
Seat 4: Consig|iori ($100 in chips) 
Seat 5: grooveshark5 ($96.50 in chips) 
Seat 6: Supermegopro ($101.50 in chips) 
stojanac26: posts small blind $0.50
Consig|iori: posts big blind $1
Pon4uk.ua: sits out 
*** HOLE CARDS ***
grooveshark5: folds 
Supermegopro: folds 
TheAveiro: folds 
stojanac26: raises $2 to $3
Consig|iori: folds 
Uncalled bet ($2) returned to stojanac26
stojanac26 collected $2 from pot
*** SUMMARY ***
Total pot $2 | Rake $0 
Seat 1: Pon4uk.ua
Seat 2: TheAveiro (button) folded before Flop (didn't bet)
Seat 3: stojanac26 (small blind) collected ($2)
Seat 4: Consig|iori (big blind) folded before Flop
Seat 5: grooveshark5 folded before Flop (didn't bet)
Seat 6: Supermegopro folded before Flop (didn't bet)



PokerStars Hand #254684526780:  Hold'em No Limit ($0.50/$1.00 USD) - 2025/02/03 9:20:13 WET [2025/02/03 4:20:13 ET]
Table 'Helewalda' 6-max Seat #3 is the button
Seat 1: Pon4uk.ua ($100 in chips) is sitting out
Seat 2: TheAveiro ($11 in chips) 
Seat 3: stojanac26 ($23.99 in chips) 
Seat 4: Consig|iori ($100 in chips) 
Seat 5: grooveshark5 ($96.50 in chips) 
Seat 6: Supermegopro ($101.50 in chips) 
Consig|iori: posts small blind $0.50
grooveshark5: posts big blind $1
Pon4uk.ua: sits out 
*** HOLE CARDS ***
Supermegopro: folds 
TheAveiro: raises $10 to $11 and is all-in
stojanac26: raises $12.99 to $23.99 and is all-in
Consig|iori: folds 
grooveshark5: folds 
Uncalled bet ($12.99) returned to stojanac26
*** FLOP *** [Ts 8c 2h]
*** TURN *** [Ts 8c 2h] [3d]
*** RIVER *** [Ts 8c 2h 3d] [9c]
*** SHOW DOWN ***
TheAveiro: shows [6h Ac] (high card Ace)
stojanac26: shows [As Jc] (high card Ace - Jack kicker)
stojanac26 collected $22.32 from pot
TheAveiro cashed out the hand for $6.05 | Cash Out Fee $0.12
*** SUMMARY ***
Total pot $23.50 | Rake $1.18 
Board [Ts 8c 2h 3d 9c]
Seat 1: Pon4uk.ua
Seat 2: TheAveiro showed [6h Ac] and lost with high card Ace (cashed out).
Seat 3: stojanac26 (button) showed [As Jc] and won ($22.32) with high card Ace
Seat 4: Consig|iori (small blind) folded before Flop
Seat 5: grooveshark5 (big blind) folded before Flop
Seat 6: Supermegopro folded before Flop (didn't bet)



PokerStars Hand #254684528999:  Hold'em No Limit ($0.50/$1.00 USD) - 2025/02/03 9:20:40 WET [2025/02/03 4:20:40 ET]
Table 'Helewalda' 6-max Seat #4 is the button
Seat 1: Pon4uk.ua ($100 in chips) is sitting out
Seat 2: TheAveiro ($10 in chips) 
Seat 3: stojanac26 ($35.31 in chips) 
Seat 4: Consig|iori ($100 in chips) 
Seat 5: grooveshark5 ($95.50 in chips) 
Seat 6: Supermegopro ($101.50 in chips) 
grooveshark5: posts small blind $0.50
Supermegopro: posts big blind $1
Pon4uk.ua: sits out 
*** HOLE CARDS ***
TheAveiro: folds 
stojanac26: folds 
Consig|iori: raises $1.40 to $2.40
grooveshark5: folds 
Supermegopro: calls $1.40
*** FLOP *** [4h 2d Qh]
Supermegopro: checks 
Consig|iori: bets $1.66
Supermegopro: calls $1.66
*** TURN *** [4h 2d Qh] [9c]
Supermegopro: checks 
Consig|iori: bets $2.70
Supermegopro: folds 
Uncalled bet ($2.70) returned to Consig|iori
Consig|iori collected $8.19 from pot
Consig|iori: doesn't show hand 
*** SUMMARY ***
Total pot $8.62 | Rake $0.43 
Board [4h 2d Qh 9c]
Seat 1: Pon4uk.ua
Seat 2: TheAveiro folded before Flop (didn't bet)
Seat 3: stojanac26 folded before Flop (didn't bet)
Seat 4: Consig|iori (button) collected ($8.19)
Seat 5: grooveshark5 (small blind) folded before Flop
Seat 6: Supermegopro (big blind) folded on the Turn



PokerStars Hand #254684532557:  Hold'em No Limit ($0.50/$1.00 USD) - 2025/02/03 9:21:21 WET [2025/02/03 4:21:21 ET]
Table 'Helewalda' 6-max Seat #5 is the button
Seat 1: Pon4uk.ua ($100 in chips) 
Seat 2: TheAveiro ($10 in chips) 
Seat 3: stojanac26 ($35.31 in chips) 
Seat 4: Consig|iori ($104.13 in chips) 
Seat 5: grooveshark5 ($95 in chips) 
Seat 6: Supermegopro ($100 in chips) 
Supermegopro: posts small blind $0.50
Pon4uk.ua: posts big blind $1
*** HOLE CARDS ***
TheAveiro: folds 
stojanac26: folds 
Consig|iori: folds 
grooveshark5: folds 
Supermegopro: folds 
Uncalled bet ($0.50) returned to Pon4uk.ua
Pon4uk.ua collected $1 from pot
Pon4uk.ua: doesn't show hand 
*** SUMMARY ***
Total pot $1 | Rake $0 
Seat 1: Pon4uk.ua (big blind) collected ($1)
Seat 2: TheAveiro folded before Flop (didn't bet)
Seat 3: stojanac26 folded before Flop (didn't bet)
Seat 4: Consig|iori folded before Flop (didn't bet)
Seat 5: grooveshark5 (button) folded before Flop (didn't bet)
Seat 6: Supermegopro (small blind) folded before Flop



PokerStars Hand #254684533940:  Hold'em No Limit ($0.50/$1.00 USD) - 2025/02/03 9:21:37 WET [2025/02/03 4:21:37 ET]
Table 'Helewalda' 6-max Seat #6 is the button
Seat 1: Pon4uk.ua ($100.50 in chips) 
Seat 2: TheAveiro ($10 in chips) 
Seat 3: stojanac26 ($35.31 in chips) 
Seat 4: Consig|iori ($104.13 in chips) 
Seat 5: grooveshark5 ($95 in chips) 
Seat 6: Supermegopro ($100 in chips) 
Pon4uk.ua: posts small blind $0.50
TheAveiro: posts big blind $1
*** HOLE CARDS ***
stojanac26: raises $2 to $3
Consig|iori: folds 
grooveshark5: calls $3
Supermegopro: folds 
Pon4uk.ua: folds 
TheAveiro: folds 
*** FLOP *** [6h 8s 7d]
stojanac26: bets $3.56
grooveshark5: folds 
Uncalled bet ($3.56) returned to stojanac26
stojanac26 collected $7.12 from pot
*** SUMMARY ***
Total pot $7.50 | Rake $0.38 
Board [6h 8s 7d]
Seat 1: Pon4uk.ua (small blind) folded before Flop
Seat 2: TheAveiro (big blind) folded before Flop
Seat 3: stojanac26 collected ($7.12)
Seat 4: Consig|iori folded before Flop (didn't bet)
Seat 5: grooveshark5 folded on the Flop
Seat 6: Supermegopro (button) folded before Flop (didn't bet)



PokerStars Hand #254684536663:  Hold'em No Limit ($0.50/$1.00 USD) - 2025/02/03 9:22:09 WET [2025/02/03 4:22:09 ET]
Table 'Helewalda' 6-max Seat #1 is the button
Seat 1: Pon4uk.ua ($100 in chips) 
Seat 2: TheAveiro ($10 in chips) 
Seat 3: stojanac26 ($39.43 in chips) 
Seat 4: Consig|iori ($104.13 in chips) 
Seat 5: grooveshark5 ($92 in chips) 
Seat 6: Supermegopro ($100 in chips) 
TheAveiro: posts small blind $0.50
stojanac26: posts big blind $1
*** HOLE CARDS ***
Consig|iori: folds 
grooveshark5: folds 
Supermegopro: raises $1.50 to $2.50
Pon4uk.ua: folds 
TheAveiro: folds 
stojanac26: raises $5.50 to $8
Supermegopro: calls $5.50
*** FLOP *** [3c 4d 8s]
stojanac26: bets $7.84
Supermegopro: folds 
Uncalled bet ($7.84) returned to stojanac26
stojanac26 collected $15.68 from pot
*** SUMMARY ***
Total pot $16.50 | Rake $0.82 
Board [3c 4d 8s]
Seat 1: Pon4uk.ua (button) folded before Flop (didn't bet)
Seat 2: TheAveiro (small blind) folded before Flop
Seat 3: stojanac26 (big blind) collected ($15.68)
Seat 4: Consig|iori folded before Flop (didn't bet)
Seat 5: grooveshark5 folded before Flop (didn't bet)
Seat 6: Supermegopro folded on the Flop



PokerStars Hand #254684538938:  Hold'em No Limit ($0.50/$1.00 USD) - 2025/02/03 9:22:37 WET [2025/02/03 4:22:37 ET]
Table 'Helewalda' 6-max Seat #2 is the button
Seat 1: Pon4uk.ua ($100 in chips) 
Seat 2: TheAveiro ($10 in chips) 
Seat 3: stojanac26 ($47.11 in chips) 
Seat 4: Consig|iori ($104.13 in chips) 
Seat 5: grooveshark5 ($92 in chips) 
Seat 6: Supermegopro ($100 in chips) 
stojanac26: posts small blind $0.50
Consig|iori: posts big blind $1
*** HOLE CARDS ***
grooveshark5: folds 
Supermegopro: folds 
Pon4uk.ua: folds 
TheAveiro: folds 
stojanac26: raises $2 to $3
Consig|iori: folds 
Uncalled bet ($2) returned to stojanac26
stojanac26 collected $2 from pot
*** SUMMARY ***
Total pot $2 | Rake $0 
Seat 1: Pon4uk.ua folded before Flop (didn't bet)
Seat 2: TheAveiro (button) folded before Flop (didn't bet)
Seat 3: stojanac26 (small blind) collected ($2)
Seat 4: Consig|iori (big blind) folded before Flop
Seat 5: grooveshark5 folded before Flop (didn't bet)
Seat 6: Supermegopro folded before Flop (didn't bet)



PokerStars Hand #254684540935:  Hold'em No Limit ($0.50/$1.00 USD) - 2025/02/03 9:23:01 WET [2025/02/03 4:23:01 ET]
Table 'Helewalda' 6-max Seat #3 is the button
Seat 1: Pon4uk.ua ($100 in chips) 
Seat 2: TheAveiro ($10 in chips) 
Seat 3: stojanac26 ($48.11 in chips) 
Seat 4: Consig|iori ($103.13 in chips) 
Seat 5: grooveshark5 ($92 in chips) 
Seat 6: Supermegopro ($100 in chips) 
Consig|iori: posts small blind $0.50
grooveshark5: posts big blind $1
*** HOLE CARDS ***
Supermegopro: folds 
Pon4uk.ua: folds 
TheAveiro: raises $9 to $10 and is all-in
stojanac26: folds 
Consig|iori: folds 
grooveshark5: folds 
Uncalled bet ($9) returned to TheAveiro
TheAveiro collected $2.50 from pot
TheAveiro: doesn't show hand 
*** SUMMARY ***
Total pot $2.50 | Rake $0 
Seat 1: Pon4uk.ua folded before Flop (didn't bet)
Seat 2: TheAveiro collected ($2.50)
Seat 3: stojanac26 (button) folded before Flop (didn't bet)
Seat 4: Consig|iori (small blind) folded before Flop
Seat 5: grooveshark5 (big blind) folded before Flop
Seat 6: Supermegopro folded before Flop (didn't bet)



PokerStars Hand #254684541993:  Hold'em No Limit ($0.50/$1.00 USD) - 2025/02/03 9:23:13 WET [2025/02/03 4:23:13 ET]
Table 'Helewalda' 6-max Seat #4 is the button
Seat 1: Pon4uk.ua ($100 in chips) 
Seat 2: TheAveiro ($11.50 in chips) 
Seat 3: stojanac26 ($48.11 in chips) 
Seat 4: Consig|iori ($102.63 in chips) 
Seat 5: grooveshark5 ($91 in chips) 
Seat 6: Supermegopro ($100 in chips) 
grooveshark5: posts small blind $0.50
Supermegopro: posts big blind $1
*** HOLE CARDS ***
Pon4uk.ua: folds 
TheAveiro: raises $10.50 to $11.50 and is all-in
stojanac26: folds 
Consig|iori: folds 
grooveshark5: folds 
Supermegopro: folds 
Uncalled bet ($10.50) returned to TheAveiro
TheAveiro collected $2.50 from pot
TheAveiro: doesn't show hand 
*** SUMMARY ***
Total pot $2.50 | Rake $0 
Seat 1: Pon4uk.ua folded before Flop (didn't bet)
Seat 2: TheAveiro collected ($2.50)
Seat 3: stojanac26 folded before Flop (didn't bet)
Seat 4: Consig|iori (button) folded before Flop (didn't bet)
Seat 5: grooveshark5 (small blind) folded before Flop
Seat 6: Supermegopro (big blind) folded before Flop



PokerStars Hand #254684543474:  Hold'em No Limit ($0.50/$1.00 USD) - 2025/02/03 9:23:31 WET [2025/02/03 4:23:31 ET]
Table 'Helewalda' 6-max Seat #5 is the button
Seat 1: Pon4uk.ua ($100 in chips) 
Seat 2: TheAveiro ($13 in chips) 
Seat 3: stojanac26 ($48.11 in chips) 
Seat 4: Consig|iori ($102.63 in chips) 
Seat 5: grooveshark5 ($90.50 in chips) 
Seat 6: Supermegopro ($100 in chips) 
Supermegopro: posts small blind $0.50
Pon4uk.ua: posts big blind $1
*** HOLE CARDS ***
TheAveiro: folds 
stojanac26: raises $2 to $3
Consig|iori: raises $6 to $9
grooveshark5: folds 
Supermegopro: folds 
Pon4uk.ua: folds 
stojanac26: calls $6
*** FLOP *** [7h Ah Qc]
stojanac26: bets $9.26
Consig|iori: folds 
Uncalled bet ($9.26) returned to stojanac26
stojanac26 collected $18.52 from pot
*** SUMMARY ***
Total pot $19.50 | Rake $0.98 
Board [7h Ah Qc]
Seat 1: Pon4uk.ua (big blind) folded before Flop
Seat 2: TheAveiro folded before Flop (didn't bet)
Seat 3: stojanac26 collected ($18.52)
Seat 4: Consig|iori folded on the Flop
Seat 5: grooveshark5 (button) folded before Flop (didn't bet)
Seat 6: Supermegopro (small blind) folded before Flop



PokerStars Hand #254684547095:  Hold'em No Limit ($0.50/$1.00 USD) - 2025/02/03 9:24:12 WET [2025/02/03 4:24:12 ET]
Table 'Helewalda' 6-max Seat #6 is the button
Seat 1: Pon4uk.ua ($100 in chips) 
Seat 2: TheAveiro ($13 in chips) 
Seat 3: stojanac26 ($57.63 in chips) 
Seat 4: Consig|iori ($100 in chips) 
Seat 5: grooveshark5 ($90.50 in chips) 
Seat 6: Supermegopro ($100 in chips) 
Pon4uk.ua: posts small blind $0.50
TheAveiro: posts big blind $1
*** HOLE CARDS ***
stojanac26: raises $2 to $3
Consig|iori: folds 
grooveshark5: folds 
Supermegopro: folds 
Pon4uk.ua: folds 
TheAveiro: folds 
Uncalled bet ($2) returned to stojanac26
stojanac26 collected $2.50 from pot
*** SUMMARY ***
Total pot $2.50 | Rake $0 
Seat 1: Pon4uk.ua (small blind) folded before Flop
Seat 2: TheAveiro (big blind) folded before Flop
Seat 3: stojanac26 collected ($2.50)
Seat 4: Consig|iori folded before Flop (didn't bet)
Seat 5: grooveshark5 folded before Flop (didn't bet)
Seat 6: Supermegopro (button) folded before Flop (didn't bet)



PokerStars Hand #254684548348:  Hold'em No Limit ($0.50/$1.00 USD) - 2025/02/03 9:24:26 WET [2025/02/03 4:24:26 ET]
Table 'Helewalda' 6-max Seat #1 is the button
Seat 1: Pon4uk.ua ($100 in chips) 
Seat 2: TheAveiro ($12 in chips) 
Seat 3: stojanac26 ($59.13 in chips) 
Seat 4: Consig|iori ($100 in chips) 
Seat 5: grooveshark5 ($90.50 in chips) 
Seat 6: Supermegopro ($100 in chips) 
TheAveiro: posts small blind $0.50
stojanac26: posts big blind $1
*** HOLE CARDS ***
Consig|iori: folds 
grooveshark5: folds 
Supermegopro: folds 
Pon4uk.ua: raises $1 to $2
TheAveiro: folds 
stojanac26: raises $4.50 to $6.50
Pon4uk.ua: calls $4.50
*** FLOP *** [8c Kc Ks]
stojanac26: bets $6.41
Pon4uk.ua: folds 
Uncalled bet ($6.41) returned to stojanac26
stojanac26 collected $12.82 from pot
*** SUMMARY ***
Total pot $13.50 | Rake $0.68 
Board [8c Kc Ks]
Seat 1: Pon4uk.ua (button) folded on the Flop
Seat 2: TheAveiro (small blind) folded before Flop
Seat 3: stojanac26 (big blind) collected ($12.82)
Seat 4: Consig|iori folded before Flop (didn't bet)
Seat 5: grooveshark5 folded before Flop (didn't bet)
Seat 6: Supermegopro folded before Flop (didn't bet)



PokerStars Hand #254684551630:  Hold'em No Limit ($0.50/$1.00 USD) - 2025/02/03 9:25:03 WET [2025/02/03 4:25:03 ET]
Table 'Helewalda' 6-max Seat #2 is the button
Seat 1: Pon4uk.ua ($100 in chips) 
Seat 2: TheAveiro ($11.50 in chips) 
Seat 3: stojanac26 ($65.45 in chips) 
Seat 4: Consig|iori ($100 in chips) 
Seat 5: grooveshark5 ($90.50 in chips) 
Seat 6: Supermegopro ($100 in chips) 
stojanac26: posts small blind $0.50
Consig|iori: posts big blind $1
*** HOLE CARDS ***
grooveshark5: folds 
Supermegopro: folds 
Pon4uk.ua: raises $1 to $2
TheAveiro: folds 
stojanac26: raises $5 to $7
Consig|iori: folds 
Pon4uk.ua: calls $5
*** FLOP *** [Qs 3s 2c]
stojanac26: bets $7.13
Pon4uk.ua: calls $7.13
*** TURN *** [Qs 3s 2c] [3d]
stojanac26: bets $13.90
Pon4uk.ua: calls $13.90
*** RIVER *** [Qs 3s 2c 3d] [6c]
stojanac26: checks 
Pon4uk.ua: bets $40.92
stojanac26: calls $37.42 and is all-in
Uncalled bet ($3.50) returned to Pon4uk.ua
*** SHOW DOWN ***
Pon4uk.ua: shows [3h Kh] (three of a kind, Threes)
stojanac26: shows [Qh Ts] (two pair, Queens and Threes)
Pon4uk.ua collected $129.40 from pot
*** SUMMARY ***
Total pot $131.90 | Rake $2.50 
Board [Qs 3s 2c 3d 6c]
Seat 1: Pon4uk.ua showed [3h Kh] and won ($129.40) with three of a kind, Threes
Seat 2: TheAveiro (button) folded before Flop (didn't bet)
Seat 3: stojanac26 (small blind) showed [Qh Ts] and lost with two pair, Queens and Threes
Seat 4: Consig|iori (big blind) folded before Flop
Seat 5: grooveshark5 folded before Flop (didn't bet)
Seat 6: Supermegopro folded before Flop (didn't bet)



PokerStars Hand #254684557449:  Hold'em No Limit ($0.50/$1.00 USD) - 2025/02/03 9:26:09 WET [2025/02/03 4:26:09 ET]
Table 'Helewalda' 6-max Seat #4 is the button
Seat 3: stojanac26 ($0 in chips) is sitting out
Seat 1: Pon4uk.ua ($163.95 in chips) 
Seat 2: TheAveiro ($11.50 in chips) 
Seat 4: Consig|iori ($100 in chips) 
Seat 5: grooveshark5 ($90.50 in chips) 
Seat 6: Supermegopro ($100 in chips) 
grooveshark5: posts small blind $0.50
Supermegopro: posts big blind $1
*** HOLE CARDS ***
Pon4uk.ua: folds 
TheAveiro: folds 
stojanac26 is disconnected 
Consig|iori: raises $1.40 to $2.40
grooveshark5: folds 
Supermegopro: folds 
Uncalled bet ($1.40) returned to Consig|iori
Consig|iori collected $2.50 from pot
Consig|iori: doesn't show hand 
*** SUMMARY ***
Total pot $2.50 | Rake $0 
Seat 3: stojanac26
Seat 1: Pon4uk.ua folded before Flop (didn't bet)
Seat 2: TheAveiro folded before Flop (didn't bet)
Seat 4: Consig|iori (button) collected ($2.50)
Seat 5: grooveshark5 (small blind) folded before Flop
Seat 6: Supermegopro (big blind) folded before Flop



PokerStars Hand #254684559629:  Hold'em No Limit ($0.50/$1.00 USD) - 2025/02/03 9:26:35 WET [2025/02/03 4:26:35 ET]
Table 'Helewalda' 6-max Seat #5 is the button
Seat 3: stojanac26 ($0 in chips) is sitting out
Seat 1: Pon4uk.ua ($163.95 in chips) 
Seat 2: TheAveiro ($11.50 in chips) 
Seat 4: Consig|iori ($101.50 in chips) 
Seat 5: grooveshark5 ($90 in chips) 
Seat 6: Supermegopro ($100 in chips) 
Supermegopro: posts small blind $0.50
Pon4uk.ua: posts big blind $1
*** HOLE CARDS ***
TheAveiro: raises $10.50 to $11.50 and is all-in
Consig|iori: folds 
grooveshark5: folds 
Supermegopro: folds 
Pon4uk.ua: calls $10.50
*** FLOP *** [Tc 6d As]
*** TURN *** [Tc 6d As] [Kh]
*** RIVER *** [Tc 6d As Kh] [Td]
*** SHOW DOWN ***
Pon4uk.ua: shows [Ad Qs] (two pair, Aces and Tens)
TheAveiro: shows [Th Ah] (a full house, Tens full of Aces)
TheAveiro collected $22.32 from pot
*** SUMMARY ***
Total pot $23.50 | Rake $1.18 
Board [Tc 6d As Kh Td]
Seat 3: stojanac26
Seat 1: Pon4uk.ua (big blind) showed [Ad Qs] and lost with two pair, Aces and Tens
Seat 2: TheAveiro showed [Th Ah] and won ($22.32) with a full house, Tens full of Aces
Seat 4: Consig|iori folded before Flop (didn't bet)
Seat 5: grooveshark5 (button) folded before Flop (didn't bet)
Seat 6: Supermegopro (small blind) folded before Flop



PokerStars Hand #254684561643:  Hold'em No Limit ($0.50/$1.00 USD) - 2025/02/03 9:26:58 WET [2025/02/03 4:26:58 ET]
Table 'Helewalda' 6-max Seat #6 is the button
Seat 2: TheAveiro ($22.32 in chips) is sitting out
Seat 3: stojanac26 ($0 in chips) is sitting out
Seat 1: Pon4uk.ua ($152.45 in chips) 
Seat 4: Consig|iori ($101.50 in chips) 
Seat 5: grooveshark5 ($90 in chips) 
Seat 6: Supermegopro ($100 in chips) 
Pon4uk.ua: posts small blind $0.50
TheAveiro: is sitting out 
Consig|iori: posts big blind $1
*** HOLE CARDS ***
TheAveiro leaves the table
grooveshark5: folds 
Supermegopro: raises $2 to $3
grooveshark5 leaves the table
Pon4uk.ua: folds 
Consig|iori: raises $7 to $10
Supermegopro: calls $7
*** FLOP *** [7d 7c 8s]
Consig|iori: checks 
Supermegopro: bets $13
Consig|iori: folds 
Uncalled bet ($13) returned to Supermegopro
Supermegopro collected $19.50 from pot
Supermegopro: doesn't show hand 
*** SUMMARY ***
Total pot $20.50 | Rake $1 
Board [7d 7c 8s]
Seat 2: TheAveiro
Seat 3: stojanac26
Seat 1: Pon4uk.ua (small blind) folded before Flop
Seat 4: Consig|iori (big blind) folded on the Flop
Seat 5: grooveshark5 folded before Flop (didn't bet)
Seat 6: Supermegopro (button) collected ($19.50)



PokerStars Hand #254684566258:  Hold'em No Limit ($0.50/$1.00 USD) - 2025/02/03 9:27:51 WET [2025/02/03 4:27:51 ET]
Table 'Helewalda' 6-max Seat #1 is the button
Seat 3: stojanac26 ($0 in chips) is sitting out
Seat 1: Pon4uk.ua ($151.95 in chips) 
Seat 4: Consig|iori ($100 in chips) 
Seat 6: Supermegopro ($109.50 in chips) 
Consig|iori: posts small blind $0.50
Supermegopro: posts big blind $1
*** HOLE CARDS ***
Pon4uk.ua: folds 
Consig|iori: raises $2.10 to $3.10
Supermegopro: folds 
Uncalled bet ($2.10) returned to Consig|iori
Consig|iori collected $2 from pot
Consig|iori: doesn't show hand 
*** SUMMARY ***
Total pot $2 | Rake $0 
Seat 3: stojanac26
Seat 1: Pon4uk.ua (button) folded before Flop (didn't bet)
Seat 4: Consig|iori (small blind) collected ($2)
Seat 6: Supermegopro (big blind) folded before Flop



PokerStars Hand #254684567144:  Hold'em No Limit ($0.50/$1.00 USD) - 2025/02/03 9:28:02 WET [2025/02/03 4:28:02 ET]
Table 'Helewalda' 6-max Seat #4 is the button
Seat 3: stojanac26 ($0 in chips) is sitting out
Seat 1: Pon4uk.ua ($151.95 in chips) 
Seat 4: Consig|iori ($101 in chips) 
Seat 6: Supermegopro ($108.50 in chips) 
Supermegopro: posts small blind $0.50
Pon4uk.ua: posts big blind $1
*** HOLE CARDS ***
Consig|iori: folds 
Supermegopro: folds 
Uncalled bet ($0.50) returned to Pon4uk.ua
Pon4uk.ua collected $1 from pot
Pon4uk.ua: doesn't show hand 
*** SUMMARY ***
Total pot $1 | Rake $0 
Seat 3: stojanac26
Seat 1: Pon4uk.ua (big blind) collected ($1)
Seat 4: Consig|iori (button) folded before Flop (didn't bet)
Seat 6: Supermegopro (small blind) folded before Flop



PokerStars Hand #254684609476:  Hold'em No Limit ($0.50/$1.00 USD) - 2025/02/03 9:35:56 WET [2025/02/03 4:35:56 ET]
Table 'Helewalda' 6-max Seat #5 is the button
Seat 3: stojanac26 ($0 in chips) is sitting out
Seat 4: ConstiC ($22.09 in chips) 
Seat 5: avlee1 ($100 in chips) 
avlee1: posts small blind $0.50
ConstiC: posts big blind $1
*** HOLE CARDS ***
avlee1: raises $1.50 to $2.50
janarr5 joins the table at seat #6 
ConstiC: calls $1.50
*** FLOP *** [Kd 2s 5c]
ConstiC: checks 
avlee1: bets $1.33
stojanac26 leaves the table
ConstiC: calls $1.33
*** TURN *** [Kd 2s 5c] [4h]
ConstiC: checks 
avlee1: checks 
*** RIVER *** [Kd 2s 5c 4h] [Ts]
ConstiC: checks 
avlee1: checks 
*** SHOW DOWN ***
ConstiC: shows [Ks 3s] (a pair of Kings)
7bekon7 joins the table at seat #1 
avlee1: mucks hand 
ConstiC collected $7.18 from pot
*** SUMMARY ***
Total pot $7.66 | Rake $0.48 
Board [Kd 2s 5c 4h Ts]
Seat 3: stojanac26
Seat 4: ConstiC (big blind) showed [Ks 3s] and won ($7.18) with a pair of Kings
Seat 5: avlee1 (button) (small blind) mucked



PokerStars Hand #254684616168:  Hold'em No Limit ($0.50/$1.00 USD) - 2025/02/03 9:37:10 WET [2025/02/03 4:37:10 ET]
Table 'Helewalda' 6-max Seat #4 is the button
Seat 1: 7bekon7 ($100 in chips) is sitting out
Seat 4: ConstiC ($25.44 in chips) 
Seat 5: avlee1 ($100 in chips) 
Seat 6: janarr5 ($100 in chips) 
avlee1: posts small blind $0.50
janarr5: posts big blind $1
7bekon7: sits out 
*** HOLE CARDS ***
ConstiC: calls $1
avlee1: folds 
janarr5: raises $3 to $4
ConstiC: calls $3
*** FLOP *** [Qs 5h 7s]
7bekon7 leaves the table
janarr5: checks 
RaysJourney joins the table at seat #1 
ConstiC: checks 
*** TURN *** [Qs 5h 7s] [8h]
janarr5: bets $4.04
ConstiC: calls $4.04
*** RIVER *** [Qs 5h 7s 8h] [9c]
janarr5: checks 
ConstiC: bets $17.40 and is all-in
janarr5: folds 
Uncalled bet ($17.40) returned to ConstiC
ConstiC collected $15.54 from pot
*** SUMMARY ***
Total pot $16.58 | Rake $1.04 
Board [Qs 5h 7s 8h 9c]
Seat 1: 7bekon7
Seat 4: ConstiC (button) collected ($15.54)
Seat 5: avlee1 (small blind) folded before Flop
Seat 6: janarr5 (big blind) folded on the River



PokerStars Hand #254684620954:  Hold'em No Limit ($0.50/$1.00 USD) - 2025/02/03 9:38:03 WET [2025/02/03 4:38:03 ET]
Table 'Helewalda' 6-max Seat #5 is the button
Seat 1: RaysJourney ($100 in chips) 
Seat 4: ConstiC ($32.94 in chips) 
Seat 5: avlee1 ($100 in chips) 
Seat 6: janarr5 ($100 in chips) 
janarr5: posts small blind $0.50
RaysJourney: posts big blind $1
*** HOLE CARDS ***
ConstiC: folds 
avlee1: folds 
janarr5: folds 
Uncalled bet ($0.50) returned to RaysJourney
RaysJourney collected $1 from pot
RaysJourney: doesn't show hand 
*** SUMMARY ***
Total pot $1 | Rake $0 
Seat 1: RaysJourney (big blind) collected ($1)
Seat 4: ConstiC folded before Flop (didn't bet)
Seat 5: avlee1 (button) folded before Flop (didn't bet)
Seat 6: janarr5 (small blind) folded before Flop



PokerStars Hand #254684621737:  Hold'em No Limit ($0.50/$1.00 USD) - 2025/02/03 9:38:12 WET [2025/02/03 4:38:12 ET]
Table 'Helewalda' 6-max Seat #6 is the button
Seat 1: RaysJourney ($100.50 in chips) 
Seat 4: ConstiC ($32.94 in chips) 
Seat 5: avlee1 ($100 in chips) 
Seat 6: janarr5 ($100 in chips) 
RaysJourney: posts small blind $0.50
ConstiC: posts big blind $1
*** HOLE CARDS ***
avlee1: folds 
janarr5: raises $1.50 to $2.50
avlee1 leaves the table
RaysJourney: folds 
ConstiC: calls $1.50
*** FLOP *** [7s Jc Ac]
ConstiC: checks 
janarr5: bets $1.31
ConstiC: calls $1.31
*** TURN *** [7s Jc Ac] [5d]
ConstiC: checks 
janarr5: checks 
*** RIVER *** [7s Jc Ac 5d] [8c]
ConstiC: bets $5
janarr5: folds 
Uncalled bet ($5) returned to ConstiC
ConstiC collected $7.61 from pot
*** SUMMARY ***
Total pot $8.12 | Rake $0.51 
Board [7s Jc Ac 5d 8c]
Seat 1: RaysJourney (small blind) folded before Flop
Seat 4: ConstiC (big blind) collected ($7.61)
Seat 5: avlee1 folded before Flop (didn't bet)
Seat 6: janarr5 (button) folded on the River



PokerStars Hand #254684625059:  Hold'em No Limit ($0.50/$1.00 USD) - 2025/02/03 9:38:48 WET [2025/02/03 4:38:48 ET]
Table 'Helewalda' 6-max Seat #1 is the button
Seat 1: RaysJourney ($100 in chips) 
Seat 4: ConstiC ($36.74 in chips) 
Seat 6: janarr5 ($100 in chips) 
ConstiC: posts small blind $0.50
janarr5: posts big blind $1
*** HOLE CARDS ***
RaysJourney: folds 
ConstiC: calls $0.50
janarr5: raises $2.50 to $3.50
Pon4uk.ua joins the table at seat #5 
ConstiC: calls $2.50
*** FLOP *** [3d 5s 4h]
ConstiC: checks 
janarr5: bets $3.33
ConstiC: calls $3.33
*** TURN *** [3d 5s 4h] [Ad]
ConstiC: checks 
janarr5: bets $8.57
ConstiC: calls $8.57
*** RIVER *** [3d 5s 4h Ad] [Ts]
ConstiC: checks 
janarr5: bets $40.23
ConstiC: folds 
Uncalled bet ($40.23) returned to janarr5
janarr5 collected $29.80 from pot
janarr5: doesn't show hand 
*** SUMMARY ***
Total pot $30.80 | Rake $1 
Board [3d 5s 4h Ad Ts]
Seat 1: RaysJourney (button) folded before Flop (didn't bet)
Seat 4: ConstiC (small blind) folded on the River
Seat 6: janarr5 (big blind) collected ($29.80)



PokerStars Hand #254684631735:  Hold'em No Limit ($0.50/$1.00 USD) - 2025/02/03 9:40:03 WET [2025/02/03 4:40:03 ET]
Table 'Helewalda' 6-max Seat #4 is the button
Seat 5: Pon4uk.ua ($152.45 in chips) is sitting out
Seat 1: RaysJourney ($100 in chips) 
Seat 4: ConstiC ($21.34 in chips) 
Seat 6: janarr5 ($114.40 in chips) 
janarr5: posts small blind $0.50
RaysJourney: posts big blind $1
*** HOLE CARDS ***
ConstiC: folds 
janarr5: folds 
Uncalled bet ($0.50) returned to RaysJourney
RaysJourney collected $1 from pot
RaysJourney: doesn't show hand 
*** SUMMARY ***
Total pot $1 | Rake $0 
Seat 5: Pon4uk.ua
Seat 1: RaysJourney (big blind) collected ($1)
Seat 4: ConstiC (button) folded before Flop (didn't bet)
Seat 6: janarr5 (small blind) folded before Flop



PokerStars Hand #254684632367:  Hold'em No Limit ($0.50/$1.00 USD) - 2025/02/03 9:40:09 WET [2025/02/03 4:40:09 ET]
Table 'Helewalda' 6-max Seat #6 is the button
Seat 5: Pon4uk.ua ($152.45 in chips) is sitting out
Seat 1: RaysJourney ($100.50 in chips) 
Seat 4: ConstiC ($21.34 in chips) 
Seat 6: janarr5 ($113.90 in chips) 
RaysJourney: posts small blind $0.50
ConstiC: posts big blind $1
Pon4uk.ua: sits out 
*** HOLE CARDS ***
janarr5: folds 
RaysJourney: raises $1 to $2
ConstiC: calls $1
*** FLOP *** [6s 4c Jd]
RaysJourney: bets $1.90
ConstiC: calls $1.90
*** TURN *** [6s 4c Jd] [7s]
RaysJourney: bets $5.56
janarr5 leaves the table
ConstiC: calls $5.56
*** RIVER *** [6s 4c Jd 7s] [5h]
RaysJourney: bets $13.48
ConstiC: calls $11.88 and is all-in
Uncalled bet ($1.60) returned to RaysJourney
*** SHOW DOWN ***
RaysJourney: shows [Tc 8d] (a straight, Four to Eight)
ConstiC: shows [Js 9h] (a pair of Jacks)
RaysJourney collected $41.68 from pot
*** SUMMARY ***
Total pot $42.68 | Rake $1 
Board [6s 4c Jd 7s 5h]
Seat 5: Pon4uk.ua
Seat 1: RaysJourney (small blind) showed [Tc 8d] and won ($41.68) with a straight, Four to Eight
Seat 4: ConstiC (big blind) showed [Js 9h] and lost with a pair of Jacks
Seat 6: janarr5 (button) folded before Flop (didn't bet)



PokerStars Hand #254684635116:  Hold'em No Limit ($0.50/$1.00 USD) - 2025/02/03 9:40:38 WET [2025/02/03 4:40:38 ET]
Table 'Helewalda' 6-max Seat #1 is the button
Seat 4: ConstiC ($0 in chips) is sitting out
Seat 1: RaysJourney ($120.84 in chips) 
Seat 5: Pon4uk.ua ($152.45 in chips) 
RaysJourney: posts small blind $0.50
Pon4uk.ua: posts big blind $1
*** HOLE CARDS ***
RaysJourney: raises $1.50 to $2.50
ConstiC leaves the table
Pon4uk.ua: folds 
Uncalled bet ($1.50) returned to RaysJourney
RaysJourney collected $2 from pot
RaysJourney: doesn't show hand 
*** SUMMARY ***
Total pot $2 | Rake $0 
Seat 4: ConstiC
Seat 1: RaysJourney (button) (small blind) collected ($2)
Seat 5: Pon4uk.ua (big blind) folded before Flop



