PokerStars Hand #254689671919:  Hold'em No Limit ($0.50/$1.00 USD) - 2025/02/03 18:03:15 WET [2025/02/03 13:03:15 ET]
Table 'Pales II' 6-max Seat #3 is the button
Seat 1: payoguirii ($100 in chips) 
Seat 2: antey89 ($80 in chips) 
Seat 3: worker0k ($100 in chips) 
Seat 5: imhungarian8 ($100 in chips) 
imhungarian8: posts small blind $0.50
payoguirii: posts big blind $1
*** HOLE CARDS ***
antey89: folds 
worker0k: folds 
imhungarian8: folds 
Uncalled bet ($0.50) returned to payoguirii
payoguirii collected $1 from pot
*** SUMMARY ***
Total pot $1 | Rake $0 
Seat 1: payoguirii (big blind) collected ($1)
Seat 2: antey89 folded before Flop (didn't bet)
Seat 3: worker0k (button) folded before Flop (didn't bet)
Seat 5: imhungarian8 (small blind) folded before Flop



PokerStars Hand #254689676198:  Hold'em No Limit ($0.50/$1.00 USD) - 2025/02/03 18:03:32 WET [2025/02/03 13:03:32 ET]
Table 'Pales II' 6-max Seat #5 is the button
Seat 1: payoguirii ($100.50 in chips) 
Seat 2: antey89 ($100 in chips) 
Seat 3: worker0k ($100 in chips) 
Seat 5: imhungarian8 ($100 in chips) 
payoguirii: posts small blind $0.50
antey89: posts big blind $1
*** HOLE CARDS ***
worker0k: folds 
imhungarian8: folds 
michasia joins the table at seat #6 
payoguirii: raises $1.50 to $2.50
antey89: folds 
Uncalled bet ($1.50) returned to payoguirii
payoguirii collected $2 from pot
*** SUMMARY ***
Total pot $2 | Rake $0 
Seat 1: payoguirii (small blind) collected ($2)
Seat 2: antey89 (big blind) folded before Flop
Seat 3: worker0k folded before Flop (didn't bet)
Seat 5: imhungarian8 (button) folded before Flop (didn't bet)



PokerStars Hand #254689682236:  Hold'em No Limit ($0.50/$1.00 USD) - 2025/02/03 18:03:53 WET [2025/02/03 13:03:53 ET]
Table 'Pales II' 6-max Seat #1 is the button
Seat 6: michasia ($100 in chips) is sitting out
Seat 1: payoguirii ($101.50 in chips) 
Seat 2: antey89 ($100 in chips) 
Seat 3: worker0k ($100 in chips) 
Seat 5: imhungarian8 ($100 in chips) 
antey89: posts small blind $0.50
worker0k: posts big blind $1
michasia: sits out 
*** HOLE CARDS ***
imhungarian8: folds 
payoguirii: folds 
antey89: folds 
Uncalled bet ($0.50) returned to worker0k
worker0k collected $1 from pot
fobot21 joins the table at seat #4 
*** SUMMARY ***
Total pot $1 | Rake $0 
Seat 6: michasia
Seat 1: payoguirii (button) folded before Flop (didn't bet)
Seat 2: antey89 (small blind) folded before Flop
Seat 3: worker0k (big blind) collected ($1)
Seat 5: imhungarian8 folded before Flop (didn't bet)



PokerStars Hand #254689685942:  Hold'em No Limit ($0.50/$1.00 USD) - 2025/02/03 18:04:07 WET [2025/02/03 13:04:07 ET]
Table 'Pales II' 6-max Seat #2 is the button
Seat 6: michasia ($100 in chips) is sitting out
Seat 1: payoguirii ($101.50 in chips) 
Seat 2: antey89 ($100 in chips) 
Seat 3: worker0k ($100.50 in chips) 
Seat 4: fobot21 ($100 in chips) 
Seat 5: imhungarian8 ($100 in chips) 
worker0k: posts small blind $0.50
fobot21 is connected 
fobot21: posts big blind $1
michasia: sits out 
*** HOLE CARDS ***
imhungarian8: raises $1 to $2
payoguirii: calls $2
antey89: folds 
worker0k: folds 
fobot21: folds 
*** FLOP *** [Jh 2d 4c]
imhungarian8: bets $1.57
payoguirii: raises $4.18 to $5.75
worker0k leaves the table
imhungarian8: folds 
Uncalled bet ($4.18) returned to payoguirii
payoguirii collected $8.21 from pot
*** SUMMARY ***
Total pot $8.64 | Rake $0.43 
Board [Jh 2d 4c]
Seat 6: michasia
Seat 1: payoguirii collected ($8.21)
Seat 2: antey89 (button) folded before Flop (didn't bet)
Seat 3: worker0k (small blind) folded before Flop
Seat 4: fobot21 (big blind) folded before Flop
Seat 5: imhungarian8 folded on the Flop



PokerStars Hand #254689697535:  Hold'em No Limit ($0.50/$1.00 USD) - 2025/02/03 18:04:50 WET [2025/02/03 13:04:50 ET]
Table 'Pales II' 6-max Seat #4 is the button
Seat 1: payoguirii ($106.14 in chips) 
Seat 2: antey89 ($100 in chips) 
Seat 4: fobot21 ($100 in chips) 
Seat 5: imhungarian8 ($100 in chips) 
Seat 6: michasia ($100 in chips) 
imhungarian8: posts small blind $0.50
michasia: posts big blind $1
*** HOLE CARDS ***
payoguirii: folds 
antey89: folds 
fobot21: folds 
imhungarian8: raises $2 to $3
michasia: folds 
Uncalled bet ($2) returned to imhungarian8
imhungarian8 collected $2 from pot
imhungarian8: doesn't show hand 
*** SUMMARY ***
Total pot $2 | Rake $0 
Seat 1: payoguirii folded before Flop (didn't bet)
Seat 2: antey89 folded before Flop (didn't bet)
Seat 4: fobot21 (button) folded before Flop (didn't bet)
Seat 5: imhungarian8 (small blind) collected ($2)
Seat 6: michasia (big blind) folded before Flop



PokerStars Hand #254689703161:  Hold'em No Limit ($0.50/$1.00 USD) - 2025/02/03 18:05:11 WET [2025/02/03 13:05:11 ET]
Table 'Pales II' 6-max Seat #5 is the button
Seat 1: payoguirii ($106.14 in chips) 
Seat 2: antey89 ($100 in chips) 
Seat 4: fobot21 ($100 in chips) 
Seat 5: imhungarian8 ($101 in chips) 
Seat 6: michasia ($100 in chips) 
michasia: posts small blind $0.50
payoguirii: posts big blind $1
*** HOLE CARDS ***
antey89: folds 
fobot21: folds 
imhungarian8: folds 
michasia: folds 
Uncalled bet ($0.50) returned to payoguirii
payoguirii collected $1 from pot
*** SUMMARY ***
Total pot $1 | Rake $0 
Seat 1: payoguirii (big blind) collected ($1)
Seat 2: antey89 folded before Flop (didn't bet)
Seat 4: fobot21 folded before Flop (didn't bet)
Seat 5: imhungarian8 (button) folded before Flop (didn't bet)
Seat 6: michasia (small blind) folded before Flop



PokerStars Hand #254689706421:  Hold'em No Limit ($0.50/$1.00 USD) - 2025/02/03 18:05:23 WET [2025/02/03 13:05:23 ET]
Table 'Pales II' 6-max Seat #6 is the button
Seat 1: payoguirii ($106.64 in chips) 
Seat 2: antey89 ($100 in chips) 
Seat 4: fobot21 ($100 in chips) 
Seat 5: imhungarian8 ($101 in chips) 
Seat 6: michasia ($100 in chips) 
payoguirii: posts small blind $0.50
antey89: posts big blind $1
*** HOLE CARDS ***
fobot21: folds 
imhungarian8: folds 
michasia: folds 
imhungarian8 leaves the table
payoguirii: raises $1.50 to $2.50
antey89: calls $1.50
*** FLOP *** [2c Jc Ac]
Bejondeiala joins the table at seat #5 
payoguirii: bets $1.57
Bejondeiala leaves the table
Bejondeiala joins the table at seat #3 
antey89: calls $1.57
*** TURN *** [2c Jc Ac] [8s]
payoguirii: bets $5.80
antey89: folds 
Uncalled bet ($5.80) returned to payoguirii
payoguirii collected $7.73 from pot
*** SUMMARY ***
Total pot $8.14 | Rake $0.41 
Board [2c Jc Ac 8s]
Seat 1: payoguirii (small blind) collected ($7.73)
Seat 2: antey89 (big blind) folded on the Turn
Seat 4: fobot21 folded before Flop (didn't bet)
Seat 5: imhungarian8 folded before Flop (didn't bet)
Seat 6: michasia (button) folded before Flop (didn't bet)



PokerStars Hand #254689719310:  Hold'em No Limit ($0.50/$1.00 USD) - 2025/02/03 18:06:10 WET [2025/02/03 13:06:10 ET]
Table 'Pales II' 6-max Seat #1 is the button
Seat 1: payoguirii ($110.30 in chips) 
Seat 2: antey89 ($100 in chips) 
Seat 3: Bejondeiala ($100 in chips) 
Seat 4: fobot21 ($100 in chips) 
Seat 6: michasia ($100 in chips) 
antey89: posts small blind $0.50
Bejondeiala: posts big blind $1
*** HOLE CARDS ***
fobot21: folds 
michasia: raises $1.80 to $2.80
payoguirii: folds 
antey89: raises $8.20 to $11
fataleggs13 joins the table at seat #5 
fobot21 leaves the table
Bejondeiala: folds 
michasia: calls $8.20
*** FLOP *** [6h 3s Ac]
BoyLoc0 joins the table at seat #4 
antey89: checks 
michasia: checks 
*** TURN *** [6h 3s Ac] [Kc]
antey89: bets $14.20
michasia: folds 
Uncalled bet ($14.20) returned to antey89
antey89 collected $21.85 from pot
antey89: doesn't show hand 
*** SUMMARY ***
Total pot $23 | Rake $1.15 
Board [6h 3s Ac Kc]
Seat 1: payoguirii (button) folded before Flop (didn't bet)
Seat 2: antey89 (small blind) collected ($21.85)
Seat 3: Bejondeiala (big blind) folded before Flop
Seat 4: fobot21 folded before Flop (didn't bet)
Seat 6: michasia folded on the Turn



PokerStars Hand #254689737329:  Hold'em No Limit ($0.50/$1.00 USD) - 2025/02/03 18:07:17 WET [2025/02/03 13:07:17 ET]
Table 'Pales II' 6-max Seat #2 is the button
Seat 5: fataleggs13 ($75 in chips) is sitting out
Seat 1: payoguirii ($110.30 in chips) 
Seat 2: antey89 ($110.85 in chips) 
Seat 3: Bejondeiala ($100 in chips) 
Seat 4: BoyLoc0 ($100 in chips) 
Seat 6: michasia ($100 in chips) 
Bejondeiala: posts small blind $0.50
BoyLoc0: posts big blind $1
fataleggs13: sits out 
*** HOLE CARDS ***
michasia: folds 
payoguirii: raises $1 to $2
antey89: folds 
Bejondeiala: folds 
BoyLoc0: calls $1
*** FLOP *** [8c Kd 4h]
BoyLoc0: checks 
payoguirii: bets $1.41
BoyLoc0: raises $5.33 to $6.74
payoguirii: calls $5.33
*** TURN *** [8c Kd 4h] [As]
BoyLoc0: bets $21
payoguirii: folds 
Uncalled bet ($21) returned to BoyLoc0
BoyLoc0 collected $17.08 from pot
BoyLoc0: doesn't show hand 
*** SUMMARY ***
Total pot $17.98 | Rake $0.90 
Board [8c Kd 4h As]
Seat 5: fataleggs13
Seat 1: payoguirii folded on the Turn
Seat 2: antey89 (button) folded before Flop (didn't bet)
Seat 3: Bejondeiala (small blind) folded before Flop
Seat 4: BoyLoc0 (big blind) collected ($17.08)
Seat 6: michasia folded before Flop (didn't bet)



PokerStars Hand #254689877804:  Hold'em No Limit ($0.50/$1.00 USD) - 2025/02/03 18:15:50 WET [2025/02/03 13:15:50 ET]
Table 'Pales II' 6-max Seat #2 is the button
Seat 1: payoguirii ($111.44 in chips) 
Seat 2: reiyser ($100 in chips) 
Seat 3: EyzRED ($100 in chips) 
Seat 4: BoyLoc0 ($148.66 in chips) 
Seat 5: fataleggs13 ($75 in chips) 
Seat 6: Cle0patr4 ($102.50 in chips) 
EyzRED: posts small blind $0.50
BoyLoc0: posts big blind $1
*** HOLE CARDS ***
fataleggs13: folds 
Cle0patr4: folds 
payoguirii: folds 
reiyser: folds 
EyzRED: raises $2 to $3
BoyLoc0: folds 
Uncalled bet ($2) returned to EyzRED
EyzRED collected $2 from pot
EyzRED: doesn't show hand 
*** SUMMARY ***
Total pot $2 | Rake $0 
Seat 1: payoguirii folded before Flop (didn't bet)
Seat 2: reiyser (button) folded before Flop (didn't bet)
Seat 3: EyzRED (small blind) collected ($2)
Seat 4: BoyLoc0 (big blind) folded before Flop
Seat 5: fataleggs13 folded before Flop (didn't bet)
Seat 6: Cle0patr4 folded before Flop (didn't bet)



PokerStars Hand #254689881707:  Hold'em No Limit ($0.50/$1.00 USD) - 2025/02/03 18:16:04 WET [2025/02/03 13:16:04 ET]
Table 'Pales II' 6-max Seat #3 is the button
Seat 1: payoguirii ($111.44 in chips) 
Seat 2: reiyser ($100 in chips) 
Seat 3: EyzRED ($101 in chips) 
Seat 4: BoyLoc0 ($147.66 in chips) 
Seat 5: fataleggs13 ($75 in chips) 
Seat 6: Cle0patr4 ($102.50 in chips) 
BoyLoc0: posts small blind $0.50
fataleggs13: posts big blind $1
*** HOLE CARDS ***
Cle0patr4: folds 
payoguirii: folds 
reiyser: raises $1.23 to $2.23
EyzRED: folds 
BoyLoc0: folds 
fataleggs13: folds 
Uncalled bet ($1.23) returned to reiyser
reiyser collected $2.50 from pot
reiyser: doesn't show hand 
*** SUMMARY ***
Total pot $2.50 | Rake $0 
Seat 1: payoguirii folded before Flop (didn't bet)
Seat 2: reiyser collected ($2.50)
Seat 3: EyzRED (button) folded before Flop (didn't bet)
Seat 4: BoyLoc0 (small blind) folded before Flop
Seat 5: fataleggs13 (big blind) folded before Flop
Seat 6: Cle0patr4 folded before Flop (didn't bet)



PokerStars Hand #254689885984:  Hold'em No Limit ($0.50/$1.00 USD) - 2025/02/03 18:16:19 WET [2025/02/03 13:16:19 ET]
Table 'Pales II' 6-max Seat #4 is the button
Seat 1: payoguirii ($111.44 in chips) 
Seat 2: reiyser ($101.50 in chips) 
Seat 3: EyzRED ($101 in chips) 
Seat 4: BoyLoc0 ($147.16 in chips) 
Seat 5: fataleggs13 ($75 in chips) 
Seat 6: Cle0patr4 ($102.50 in chips) 
fataleggs13: posts small blind $0.50
Cle0patr4: posts big blind $1
*** HOLE CARDS ***
payoguirii: raises $1 to $2
reiyser: folds 
EyzRED: folds 
BoyLoc0: raises $5.50 to $7.50
fataleggs13: folds 
Cle0patr4: folds 
payoguirii: raises $16.50 to $24
BoyLoc0: raises $123.16 to $147.16 and is all-in
payoguirii: folds 
Uncalled bet ($123.16) returned to BoyLoc0
BoyLoc0 collected $49.50 from pot
BoyLoc0: doesn't show hand 
*** SUMMARY ***
Total pot $49.50 | Rake $0 
Seat 1: payoguirii folded before Flop
Seat 2: reiyser folded before Flop (didn't bet)
Seat 3: EyzRED folded before Flop (didn't bet)
Seat 4: BoyLoc0 (button) collected ($49.50)
Seat 5: fataleggs13 (small blind) folded before Flop
Seat 6: Cle0patr4 (big blind) folded before Flop



PokerStars Hand #254689896198:  Hold'em No Limit ($0.50/$1.00 USD) - 2025/02/03 18:16:55 WET [2025/02/03 13:16:55 ET]
Table 'Pales II' 6-max Seat #5 is the button
Seat 1: payoguirii ($87.44 in chips) 
Seat 2: reiyser ($101.50 in chips) 
Seat 3: EyzRED ($101 in chips) 
Seat 4: BoyLoc0 ($172.66 in chips) 
Seat 5: fataleggs13 ($75 in chips) 
Seat 6: Cle0patr4 ($101.50 in chips) 
Cle0patr4: posts small blind $0.50
payoguirii: posts big blind $1
*** HOLE CARDS ***
reiyser: folds 
EyzRED: folds 
BoyLoc0: folds 
fataleggs13: raises $1.50 to $2.50
Cle0patr4: folds 
payoguirii: calls $1.50
*** FLOP *** [Th Jd 4s]
payoguirii: checks 
fataleggs13: checks 
*** TURN *** [Th Jd 4s] [8s]
payoguirii: checks 
fataleggs13: bets $3.92
payoguirii: folds 
Uncalled bet ($3.92) returned to fataleggs13
fataleggs13 collected $5.22 from pot
fataleggs13: doesn't show hand 
*** SUMMARY ***
Total pot $5.50 | Rake $0.28 
Board [Th Jd 4s 8s]
Seat 1: payoguirii (big blind) folded on the Turn
Seat 2: reiyser folded before Flop (didn't bet)
Seat 3: EyzRED folded before Flop (didn't bet)
Seat 4: BoyLoc0 folded before Flop (didn't bet)
Seat 5: fataleggs13 (button) collected ($5.22)
Seat 6: Cle0patr4 (small blind) folded before Flop



PokerStars Hand #254689758849:  Hold'em No Limit ($0.50/$1.00 USD) - 2025/02/03 18:08:36 WET [2025/02/03 13:08:36 ET]
Table 'Pales II' 6-max Seat #3 is the button
Seat 1: payoguirii ($101.56 in chips) 
Seat 2: antey89 ($110.85 in chips) 
Seat 3: Bejondeiala ($100 in chips) 
Seat 4: BoyLoc0 ($108.34 in chips) 
Seat 5: fataleggs13 ($75 in chips) 
Seat 6: michasia ($100 in chips) 
BoyLoc0: posts small blind $0.50
fataleggs13: posts big blind $1
*** HOLE CARDS ***
michasia: folds 
payoguirii: folds 
michasia leaves the table
antey89: folds 
Bejondeiala: folds 
BoyLoc0: folds 
Uncalled bet ($0.50) returned to fataleggs13
fataleggs13 collected $1 from pot
fataleggs13: doesn't show hand 
*** SUMMARY ***
Total pot $1 | Rake $0 
Seat 1: payoguirii folded before Flop (didn't bet)
Seat 2: antey89 folded before Flop (didn't bet)
Seat 3: Bejondeiala (button) folded before Flop (didn't bet)
Seat 4: BoyLoc0 (small blind) folded before Flop
Seat 5: fataleggs13 (big blind) collected ($1)
Seat 6: michasia folded before Flop (didn't bet)



PokerStars Hand #254689763100:  Hold'em No Limit ($0.50/$1.00 USD) - 2025/02/03 18:08:52 WET [2025/02/03 13:08:52 ET]
Table 'Pales II' 6-max Seat #4 is the button
Seat 1: payoguirii ($101.56 in chips) 
Seat 2: antey89 ($110.85 in chips) 
Seat 3: Bejondeiala ($100 in chips) 
Seat 4: BoyLoc0 ($107.84 in chips) 
Seat 5: fataleggs13 ($75.50 in chips) 
fataleggs13: posts small blind $0.50
payoguirii: posts big blind $1
*** HOLE CARDS ***
antey89: folds 
Bejondeiala: folds 
BoyLoc0: raises $1.50 to $2.50
fataleggs13: folds 
payoguirii: folds 
Uncalled bet ($1.50) returned to BoyLoc0
BoyLoc0 collected $2.50 from pot
BoyLoc0: doesn't show hand 
*** SUMMARY ***
Total pot $2.50 | Rake $0 
Seat 1: payoguirii (big blind) folded before Flop
Seat 2: antey89 folded before Flop (didn't bet)
Seat 3: Bejondeiala folded before Flop (didn't bet)
Seat 4: BoyLoc0 (button) collected ($2.50)
Seat 5: fataleggs13 (small blind) folded before Flop



PokerStars Hand #254689767879:  Hold'em No Limit ($0.50/$1.00 USD) - 2025/02/03 18:09:10 WET [2025/02/03 13:09:10 ET]
Table 'Pales II' 6-max Seat #5 is the button
Seat 1: payoguirii ($100.56 in chips) 
Seat 2: antey89 ($110.85 in chips) 
Seat 3: Bejondeiala ($100 in chips) 
Seat 4: BoyLoc0 ($109.34 in chips) 
Seat 5: fataleggs13 ($75 in chips) 
payoguirii: posts small blind $0.50
antey89: posts big blind $1
*** HOLE CARDS ***
Bejondeiala: raises $1.10 to $2.10
BoyLoc0: folds 
fataleggs13: raises $3.90 to $6
payoguirii: folds 
antey89: folds 
Bejondeiala: folds 
Uncalled bet ($3.90) returned to fataleggs13
fataleggs13 collected $5.70 from pot
fataleggs13: doesn't show hand 
*** SUMMARY ***
Total pot $5.70 | Rake $0 
Seat 1: payoguirii (small blind) folded before Flop
Seat 2: antey89 (big blind) folded before Flop
Seat 3: Bejondeiala folded before Flop
Seat 4: BoyLoc0 folded before Flop (didn't bet)
Seat 5: fataleggs13 (button) collected ($5.70)



PokerStars Hand #254689778975:  Hold'em No Limit ($0.50/$1.00 USD) - 2025/02/03 18:09:51 WET [2025/02/03 13:09:51 ET]
Table 'Pales II' 6-max Seat #1 is the button
Seat 1: payoguirii ($100.06 in chips) 
Seat 2: antey89 ($109.85 in chips) 
Seat 3: Bejondeiala ($100 in chips) 
Seat 4: BoyLoc0 ($109.34 in chips) 
Seat 5: fataleggs13 ($78.60 in chips) 
antey89: posts small blind $0.50
Bejondeiala: posts big blind $1
*** HOLE CARDS ***
BoyLoc0: folds 
fataleggs13: raises $1.20 to $2.20
payoguirii: raises $4.90 to $7.10
antey89: folds 
Bejondeiala: folds 
fataleggs13: folds 
Uncalled bet ($4.90) returned to payoguirii
payoguirii collected $5.90 from pot
*** SUMMARY ***
Total pot $5.90 | Rake $0 
Seat 1: payoguirii (button) collected ($5.90)
Seat 2: antey89 (small blind) folded before Flop
Seat 3: Bejondeiala (big blind) folded before Flop
Seat 4: BoyLoc0 folded before Flop (didn't bet)
Seat 5: fataleggs13 folded before Flop



PokerStars Hand #254689786727:  Hold'em No Limit ($0.50/$1.00 USD) - 2025/02/03 18:10:20 WET [2025/02/03 13:10:20 ET]
Table 'Pales II' 6-max Seat #2 is the button
Seat 1: payoguirii ($103.76 in chips) 
Seat 2: antey89 ($109.35 in chips) 
Seat 3: Bejondeiala ($100 in chips) 
Seat 4: BoyLoc0 ($109.34 in chips) 
Seat 5: fataleggs13 ($76.40 in chips) 
Bejondeiala: posts small blind $0.50
BoyLoc0: posts big blind $1
*** HOLE CARDS ***
Cle0patr4 joins the table at seat #6 
fataleggs13: folds 
payoguirii: folds 
antey89: raises $1.50 to $2.50
Bejondeiala: folds 
BoyLoc0: calls $1.50
*** FLOP *** [2h 8d 6c]
BoyLoc0: checks 
antey89: bets $3.92
BoyLoc0: folds 
Uncalled bet ($3.92) returned to antey89
antey89 collected $5.22 from pot
antey89: doesn't show hand 
*** SUMMARY ***
Total pot $5.50 | Rake $0.28 
Board [2h 8d 6c]
Seat 1: payoguirii folded before Flop (didn't bet)
Seat 2: antey89 (button) collected ($5.22)
Seat 3: Bejondeiala (small blind) folded before Flop
Seat 4: BoyLoc0 (big blind) folded on the Flop
Seat 5: fataleggs13 folded before Flop (didn't bet)



PokerStars Hand #254689799673:  Hold'em No Limit ($0.50/$1.00 USD) - 2025/02/03 18:11:07 WET [2025/02/03 13:11:07 ET]
Table 'Pales II' 6-max Seat #3 is the button
Seat 6: Cle0patr4 ($100 in chips) is sitting out
Seat 1: payoguirii ($103.76 in chips) 
Seat 2: antey89 ($112.07 in chips) 
Seat 3: Bejondeiala ($100 in chips) 
Seat 4: BoyLoc0 ($106.84 in chips) 
Seat 5: fataleggs13 ($76.40 in chips) 
BoyLoc0: posts small blind $0.50
fataleggs13: posts big blind $1
Cle0patr4: sits out 
*** HOLE CARDS ***
payoguirii: raises $1 to $2
antey89: folds 
Bejondeiala: raises $4.50 to $6.50
BoyLoc0: folds 
fataleggs13: raises $17.50 to $24
payoguirii: folds 
Bejondeiala: folds 
Uncalled bet ($17.50) returned to fataleggs13
fataleggs13 collected $15.50 from pot
fataleggs13: doesn't show hand 
*** SUMMARY ***
Total pot $15.50 | Rake $0 
Seat 6: Cle0patr4
Seat 1: payoguirii folded before Flop
Seat 2: antey89 folded before Flop (didn't bet)
Seat 3: Bejondeiala (button) folded before Flop
Seat 4: BoyLoc0 (small blind) folded before Flop
Seat 5: fataleggs13 (big blind) collected ($15.50)



PokerStars Hand #254689809998:  Hold'em No Limit ($0.50/$1.00 USD) - 2025/02/03 18:11:45 WET [2025/02/03 13:11:45 ET]
Table 'Pales II' 6-max Seat #4 is the button
Seat 1: payoguirii ($101.76 in chips) 
Seat 2: antey89 ($112.07 in chips) 
Seat 3: Bejondeiala ($100 in chips) 
Seat 4: BoyLoc0 ($106.34 in chips) 
Seat 5: fataleggs13 ($85.40 in chips) 
Seat 6: Cle0patr4 ($100 in chips) 
fataleggs13: posts small blind $0.50
Cle0patr4: posts big blind $1
*** HOLE CARDS ***
payoguirii: raises $1 to $2
antey89: folds 
Bejondeiala: folds 
BoyLoc0: raises $5.50 to $7.50
fataleggs13: folds 
Cle0patr4: folds 
payoguirii: calls $5.50
*** FLOP *** [6h 2s 6d]
payoguirii: checks 
BoyLoc0: bets $10
payoguirii: raises $11.77 to $21.77
BoyLoc0: folds 
Uncalled bet ($11.77) returned to payoguirii
payoguirii collected $34.68 from pot
*** SUMMARY ***
Total pot $36.50 | Rake $1.82 
Board [6h 2s 6d]
Seat 1: payoguirii collected ($34.68)
Seat 2: antey89 folded before Flop (didn't bet)
Seat 3: Bejondeiala folded before Flop (didn't bet)
Seat 4: BoyLoc0 (button) folded on the Flop
Seat 5: fataleggs13 (small blind) folded before Flop
Seat 6: Cle0patr4 (big blind) folded before Flop



PokerStars Hand #254689821320:  Hold'em No Limit ($0.50/$1.00 USD) - 2025/02/03 18:12:26 WET [2025/02/03 13:12:26 ET]
Table 'Pales II' 6-max Seat #5 is the button
Seat 1: payoguirii ($118.94 in chips) 
Seat 2: antey89 ($112.07 in chips) 
Seat 3: Bejondeiala ($100 in chips) 
Seat 4: BoyLoc0 ($100 in chips) 
Seat 5: fataleggs13 ($84.90 in chips) 
Seat 6: Cle0patr4 ($100 in chips) 
Cle0patr4: posts small blind $0.50
payoguirii: posts big blind $1
*** HOLE CARDS ***
antey89: folds 
Bejondeiala: folds 
BoyLoc0: raises $1.50 to $2.50
fataleggs13: folds 
Cle0patr4: folds 
payoguirii: folds 
Uncalled bet ($1.50) returned to BoyLoc0
BoyLoc0 collected $2.50 from pot
BoyLoc0: doesn't show hand 
*** SUMMARY ***
Total pot $2.50 | Rake $0 
Seat 1: payoguirii (big blind) folded before Flop
Seat 2: antey89 folded before Flop (didn't bet)
Seat 3: Bejondeiala folded before Flop (didn't bet)
Seat 4: BoyLoc0 collected ($2.50)
Seat 5: fataleggs13 (button) folded before Flop (didn't bet)
Seat 6: Cle0patr4 (small blind) folded before Flop



PokerStars Hand #254689826053:  Hold'em No Limit ($0.50/$1.00 USD) - 2025/02/03 18:12:43 WET [2025/02/03 13:12:43 ET]
Table 'Pales II' 6-max Seat #6 is the button
Seat 1: payoguirii ($117.94 in chips) 
Seat 2: antey89 ($112.07 in chips) 
Seat 3: Bejondeiala ($100 in chips) 
Seat 4: BoyLoc0 ($101.50 in chips) 
Seat 5: fataleggs13 ($84.90 in chips) 
Seat 6: Cle0patr4 ($100 in chips) 
payoguirii: posts small blind $0.50
antey89: posts big blind $1
*** HOLE CARDS ***
Bejondeiala: folds 
BoyLoc0: raises $1.50 to $2.50
fataleggs13: folds 
Cle0patr4: raises $5 to $7.50
payoguirii: folds 
antey89: folds 
BoyLoc0: folds 
Uncalled bet ($5) returned to Cle0patr4
Cle0patr4 collected $6.50 from pot
Cle0patr4: doesn't show hand 
*** SUMMARY ***
Total pot $6.50 | Rake $0 
Seat 1: payoguirii (small blind) folded before Flop
Seat 2: antey89 (big blind) folded before Flop
Seat 3: Bejondeiala folded before Flop (didn't bet)
Seat 4: BoyLoc0 folded before Flop
Seat 5: fataleggs13 folded before Flop (didn't bet)
Seat 6: Cle0patr4 (button) collected ($6.50)



PokerStars Hand #254689832898:  Hold'em No Limit ($0.50/$1.00 USD) - 2025/02/03 18:13:08 WET [2025/02/03 13:13:08 ET]
Table 'Pales II' 6-max Seat #1 is the button
Seat 3: Bejondeiala ($100 in chips) is sitting out
Seat 1: payoguirii ($117.44 in chips) 
Seat 2: antey89 ($111.07 in chips) 
Seat 4: BoyLoc0 ($100 in chips) 
Seat 5: fataleggs13 ($84.90 in chips) 
Seat 6: Cle0patr4 ($104 in chips) 
antey89: posts small blind $0.50
Bejondeiala: is sitting out 
BoyLoc0: posts big blind $1
*** HOLE CARDS ***
fataleggs13: raises $1.20 to $2.20
Cle0patr4: folds 
payoguirii: folds 
Bejondeiala leaves the table
antey89: folds 
BoyLoc0: calls $1.20
*** FLOP *** [5s 8s Td]
BoyLoc0: checks 
antey89 leaves the table
fataleggs13: checks 
*** TURN *** [5s 8s Td] [5d]
BoyLoc0: checks 
fataleggs13: checks 
*** RIVER *** [5s 8s Td 5d] [2s]
EyzRED joins the table at seat #3 
BoyLoc0: bets $5.99
fataleggs13: folds 
Uncalled bet ($5.99) returned to BoyLoc0
BoyLoc0 collected $4.66 from pot
BoyLoc0: doesn't show hand 
*** SUMMARY ***
Total pot $4.90 | Rake $0.24 
Board [5s 8s Td 5d 2s]
Seat 3: Bejondeiala
Seat 1: payoguirii (button) folded before Flop (didn't bet)
Seat 2: antey89 (small blind) folded before Flop
Seat 4: BoyLoc0 (big blind) collected ($4.66)
Seat 5: fataleggs13 folded on the River
Seat 6: Cle0patr4 folded before Flop (didn't bet)



PokerStars Hand #254689845001:  Hold'em No Limit ($0.50/$1.00 USD) - 2025/02/03 18:13:52 WET [2025/02/03 13:13:52 ET]
Table 'Pales II' 6-max Seat #4 is the button
Seat 3: EyzRED ($100 in chips) is sitting out
Seat 1: payoguirii ($117.44 in chips) 
Seat 4: BoyLoc0 ($102.46 in chips) 
Seat 5: fataleggs13 ($82.70 in chips) 
Seat 6: Cle0patr4 ($104 in chips) 
fataleggs13: posts small blind $0.50
Cle0patr4: posts big blind $1
EyzRED: sits out 
*** HOLE CARDS ***
reiyser joins the table at seat #2 
payoguirii: raises $1 to $2
BoyLoc0: raises $5.50 to $7.50
fataleggs13: folds 
Cle0patr4: folds 
payoguirii: calls $5.50
*** FLOP *** [Jh 2c Th]
payoguirii: checks 
BoyLoc0: bets $5.17
payoguirii: folds 
Uncalled bet ($5.17) returned to BoyLoc0
BoyLoc0 collected $15.68 from pot
BoyLoc0: doesn't show hand 
*** SUMMARY ***
Total pot $16.50 | Rake $0.82 
Board [Jh 2c Th]
Seat 3: EyzRED
Seat 1: payoguirii folded on the Flop
Seat 4: BoyLoc0 (button) collected ($15.68)
Seat 5: fataleggs13 (small blind) folded before Flop
Seat 6: Cle0patr4 (big blind) folded before Flop



PokerStars Hand #254689852035:  Hold'em No Limit ($0.50/$1.00 USD) - 2025/02/03 18:14:17 WET [2025/02/03 13:14:17 ET]
Table 'Pales II' 6-max Seat #5 is the button
Seat 2: reiyser ($100 in chips) is sitting out
Seat 3: EyzRED ($100 in chips) is sitting out
Seat 1: payoguirii ($109.94 in chips) 
Seat 4: BoyLoc0 ($110.64 in chips) 
Seat 5: fataleggs13 ($82.20 in chips) 
Seat 6: Cle0patr4 ($103 in chips) 
Cle0patr4: posts small blind $0.50
payoguirii: posts big blind $1
reiyser: sits out 
EyzRED: sits out 
*** HOLE CARDS ***
BoyLoc0: folds 
fataleggs13: folds 
Cle0patr4: folds 
Uncalled bet ($0.50) returned to payoguirii
payoguirii collected $1 from pot
*** SUMMARY ***
Total pot $1 | Rake $0 
Seat 2: reiyser
Seat 3: EyzRED
Seat 1: payoguirii (big blind) collected ($1)
Seat 4: BoyLoc0 folded before Flop (didn't bet)
Seat 5: fataleggs13 (button) folded before Flop (didn't bet)
Seat 6: Cle0patr4 (small blind) folded before Flop



PokerStars Hand #254689856768:  Hold'em No Limit ($0.50/$1.00 USD) - 2025/02/03 18:14:34 WET [2025/02/03 13:14:34 ET]
Table 'Pales II' 6-max Seat #6 is the button
Seat 3: EyzRED ($100 in chips) is sitting out
Seat 1: payoguirii ($110.44 in chips) 
Seat 2: reiyser ($100 in chips) 
Seat 4: BoyLoc0 ($110.64 in chips) 
Seat 5: fataleggs13 ($82.20 in chips) 
Seat 6: Cle0patr4 ($102.50 in chips) 
payoguirii: posts small blind $0.50
reiyser: posts big blind $1
EyzRED: sits out 
*** HOLE CARDS ***
BoyLoc0: raises $1.50 to $2.50
fataleggs13: raises $5 to $7.50
Cle0patr4: folds 
payoguirii: folds 
reiyser: folds 
BoyLoc0: calls $5
*** FLOP *** [4d Jd As]
BoyLoc0: checks 
fataleggs13: bets $8.15
BoyLoc0: calls $8.15
*** TURN *** [4d Jd As] [2d]
BoyLoc0: checks 
fataleggs13: checks 
*** RIVER *** [4d Jd As 2d] [Jh]
BoyLoc0: bets $23.37
fataleggs13: calls $23.37
*** SHOW DOWN ***
BoyLoc0: shows [Qs Js] (three of a kind, Jacks)
fataleggs13: mucks hand 
BoyLoc0 collected $77.04 from pot
*** SUMMARY ***
Total pot $79.54 | Rake $2.50 
Board [4d Jd As 2d Jh]
Seat 3: EyzRED
Seat 1: payoguirii (small blind) folded before Flop
Seat 2: reiyser (big blind) folded before Flop
Seat 4: BoyLoc0 showed [Qs Js] and won ($77.04) with three of a kind, Jacks
Seat 5: fataleggs13 mucked
Seat 6: Cle0patr4 (button) folded before Flop (didn't bet)



PokerStars Hand #254689871986:  Hold'em No Limit ($0.50/$1.00 USD) - 2025/02/03 18:15:29 WET [2025/02/03 13:15:29 ET]
Table 'Pales II' 6-max Seat #1 is the button
Seat 1: payoguirii ($109.94 in chips) 
Seat 2: reiyser ($100 in chips) 
Seat 3: EyzRED ($100 in chips) 
Seat 4: BoyLoc0 ($148.66 in chips) 
Seat 5: fataleggs13 ($75 in chips) 
Seat 6: Cle0patr4 ($102.50 in chips) 
reiyser: posts small blind $0.50
EyzRED: posts big blind $1
*** HOLE CARDS ***
BoyLoc0: folds 
fataleggs13: folds 
Cle0patr4: folds 
payoguirii: raises $1 to $2
reiyser: folds 
EyzRED: folds 
Uncalled bet ($1) returned to payoguirii
payoguirii collected $2.50 from pot
*** SUMMARY ***
Total pot $2.50 | Rake $0 
Seat 1: payoguirii (button) collected ($2.50)
Seat 2: reiyser (small blind) folded before Flop
Seat 3: EyzRED (big blind) folded before Flop
Seat 4: BoyLoc0 folded before Flop (didn't bet)
Seat 5: fataleggs13 folded before Flop (didn't bet)
Seat 6: Cle0patr4 folded before Flop (didn't bet)



PokerStars Hand #254689905371:  Hold'em No Limit ($0.50/$1.00 USD) - 2025/02/03 18:17:28 WET [2025/02/03 13:17:28 ET]
Table 'Pales II' 6-max Seat #6 is the button
Seat 1: payoguirii ($84.94 in chips) 
Seat 2: reiyser ($101.50 in chips) 
Seat 3: EyzRED ($101 in chips) 
Seat 4: BoyLoc0 ($172.66 in chips) 
Seat 5: fataleggs13 ($77.72 in chips) 
Seat 6: Cle0patr4 ($101 in chips) 
payoguirii: posts small blind $0.50
reiyser: posts big blind $1
*** HOLE CARDS ***
EyzRED: folds 
BoyLoc0: folds 
fataleggs13: folds 
Cle0patr4: folds 
payoguirii: raises $1.50 to $2.50
reiyser: calls $1.50
*** FLOP *** [8c Qd Tc]
payoguirii: bets $1.57
reiyser: folds 
Uncalled bet ($1.57) returned to payoguirii
payoguirii collected $4.75 from pot
*** SUMMARY ***
Total pot $5 | Rake $0.25 
Board [8c Qd Tc]
Seat 1: payoguirii (small blind) collected ($4.75)
Seat 2: reiyser (big blind) folded on the Flop
Seat 3: EyzRED folded before Flop (didn't bet)
Seat 4: BoyLoc0 folded before Flop (didn't bet)
Seat 5: fataleggs13 folded before Flop (didn't bet)
Seat 6: Cle0patr4 (button) folded before Flop (didn't bet)



PokerStars Hand #254689913816:  Hold'em No Limit ($0.50/$1.00 USD) - 2025/02/03 18:17:59 WET [2025/02/03 13:17:59 ET]
Table 'Pales II' 6-max Seat #1 is the button
Seat 1: payoguirii ($87.19 in chips) 
Seat 2: reiyser ($100 in chips) 
Seat 3: EyzRED ($101 in chips) 
Seat 4: BoyLoc0 ($172.66 in chips) 
Seat 5: fataleggs13 ($77.72 in chips) 
Seat 6: Cle0patr4 ($101 in chips) 
reiyser: posts small blind $0.50
EyzRED: posts big blind $1
*** HOLE CARDS ***
BoyLoc0: folds 
fataleggs13: folds 
Cle0patr4: folds 
payoguirii: folds 
reiyser: folds 
Uncalled bet ($0.50) returned to EyzRED
EyzRED collected $1 from pot
EyzRED: doesn't show hand 
*** SUMMARY ***
Total pot $1 | Rake $0 
Seat 1: payoguirii (button) folded before Flop (didn't bet)
Seat 2: reiyser (small blind) folded before Flop
Seat 3: EyzRED (big blind) collected ($1)
Seat 4: BoyLoc0 folded before Flop (didn't bet)
Seat 5: fataleggs13 folded before Flop (didn't bet)
Seat 6: Cle0patr4 folded before Flop (didn't bet)



PokerStars Hand #254689916656:  Hold'em No Limit ($0.50/$1.00 USD) - 2025/02/03 18:18:09 WET [2025/02/03 13:18:09 ET]
Table 'Pales II' 6-max Seat #2 is the button
Seat 1: payoguirii ($87.19 in chips) 
Seat 2: reiyser ($100 in chips) 
Seat 3: EyzRED ($101.50 in chips) 
Seat 4: BoyLoc0 ($172.66 in chips) 
Seat 5: fataleggs13 ($77.72 in chips) 
Seat 6: Cle0patr4 ($101 in chips) 
EyzRED: posts small blind $0.50
BoyLoc0: posts big blind $1
*** HOLE CARDS ***
fataleggs13: folds 
Cle0patr4: folds 
payoguirii: folds 
reiyser: folds 
EyzRED: folds 
Uncalled bet ($0.50) returned to BoyLoc0
BoyLoc0 collected $1 from pot
BoyLoc0: doesn't show hand 
*** SUMMARY ***
Total pot $1 | Rake $0 
Seat 1: payoguirii folded before Flop (didn't bet)
Seat 2: reiyser (button) folded before Flop (didn't bet)
Seat 3: EyzRED (small blind) folded before Flop
Seat 4: BoyLoc0 (big blind) collected ($1)
Seat 5: fataleggs13 folded before Flop (didn't bet)
Seat 6: Cle0patr4 folded before Flop (didn't bet)



PokerStars Hand #254689920707:  Hold'em No Limit ($0.50/$1.00 USD) - 2025/02/03 18:18:23 WET [2025/02/03 13:18:23 ET]
Table 'Pales II' 6-max Seat #3 is the button
Seat 1: payoguirii ($87.19 in chips) 
Seat 2: reiyser ($100 in chips) 
Seat 3: EyzRED ($101 in chips) 
Seat 4: BoyLoc0 ($173.16 in chips) 
Seat 5: fataleggs13 ($77.72 in chips) 
Seat 6: Cle0patr4 ($101 in chips) 
BoyLoc0: posts small blind $0.50
fataleggs13: posts big blind $1
*** HOLE CARDS ***
Cle0patr4: folds 
payoguirii: raises $1 to $2
reiyser: folds 
EyzRED: folds 
BoyLoc0: folds 
fataleggs13: calls $1
*** FLOP *** [8d Th 5h]
fataleggs13: checks 
payoguirii: checks 
*** TURN *** [8d Th 5h] [Kh]
fataleggs13: checks 
payoguirii: bets $1.41
fataleggs13: calls $1.41
*** RIVER *** [8d Th 5h Kh] [Qh]
fataleggs13: checks 
payoguirii: checks 
*** SHOW DOWN ***
fataleggs13: shows [2d 2h] (a flush, King high)
payoguirii: mucks hand 
fataleggs13 collected $6.95 from pot
*** SUMMARY ***
Total pot $7.32 | Rake $0.37 
Board [8d Th 5h Kh Qh]
Seat 1: payoguirii mucked
Seat 2: reiyser folded before Flop (didn't bet)
Seat 3: EyzRED (button) folded before Flop (didn't bet)
Seat 4: BoyLoc0 (small blind) folded before Flop
Seat 5: fataleggs13 (big blind) showed [2d 2h] and won ($6.95) with a flush, King high
Seat 6: Cle0patr4 folded before Flop (didn't bet)



PokerStars Hand #254689929400:  Hold'em No Limit ($0.50/$1.00 USD) - 2025/02/03 18:18:55 WET [2025/02/03 13:18:55 ET]
Table 'Pales II' 6-max Seat #4 is the button
Seat 1: payoguirii ($83.78 in chips) 
Seat 2: reiyser ($100 in chips) 
Seat 3: EyzRED ($101 in chips) 
Seat 4: BoyLoc0 ($172.66 in chips) 
Seat 5: fataleggs13 ($81.26 in chips) 
Seat 6: Cle0patr4 ($101 in chips) 
fataleggs13: posts small blind $0.50
Cle0patr4: posts big blind $1
*** HOLE CARDS ***
payoguirii: folds 
payoguirii leaves the table
reiyser: folds 
EyzRED: folds 
BoyLoc0: raises $1.50 to $2.50
fataleggs13: folds 
Cle0patr4: calls $1.50
*** FLOP *** [As Qd 8h]
Cle0patr4: checks 
BoyLoc0: bets $7.83
Cle0patr4: folds 
Uncalled bet ($7.83) returned to BoyLoc0
BoyLoc0 collected $5.22 from pot
BoyLoc0: doesn't show hand 
*** SUMMARY ***
Total pot $5.50 | Rake $0.28 
Board [As Qd 8h]
Seat 1: payoguirii folded before Flop (didn't bet)
Seat 2: reiyser folded before Flop (didn't bet)
Seat 3: EyzRED folded before Flop (didn't bet)
Seat 4: BoyLoc0 (button) collected ($5.22)
Seat 5: fataleggs13 (small blind) folded before Flop
Seat 6: Cle0patr4 (big blind) folded on the Flop



PokerStars Hand #254689938140:  Hold'em No Limit ($0.50/$1.00 USD) - 2025/02/03 18:19:25 WET [2025/02/03 13:19:25 ET]
Table 'Pales II' 6-max Seat #5 is the button
Seat 2: reiyser ($100 in chips) 
Seat 3: EyzRED ($101 in chips) 
Seat 4: BoyLoc0 ($175.38 in chips) 
Seat 5: fataleggs13 ($80.76 in chips) 
Seat 6: Cle0patr4 ($100 in chips) 
Cle0patr4: posts small blind $0.50
reiyser: posts big blind $1
*** HOLE CARDS ***
EyzRED: raises $1.20 to $2.20
BoyLoc0: folds 
fataleggs13: folds 
Cle0patr4: calls $1.70
reiyser: folds 
*** FLOP *** [5s Js Ad]
Cle0patr4: checks 
EyzRED: bets $1.49
JUANS2 joins the table at seat #1 
Cle0patr4: folds 
Uncalled bet ($1.49) returned to EyzRED
EyzRED collected $5.13 from pot
EyzRED: doesn't show hand 
*** SUMMARY ***
Total pot $5.40 | Rake $0.27 
Board [5s Js Ad]
Seat 2: reiyser (big blind) folded before Flop
Seat 3: EyzRED collected ($5.13)
Seat 4: BoyLoc0 folded before Flop (didn't bet)
Seat 5: fataleggs13 (button) folded before Flop (didn't bet)
Seat 6: Cle0patr4 (small blind) folded on the Flop



PokerStars Hand #254689948753:  Hold'em No Limit ($0.50/$1.00 USD) - 2025/02/03 18:20:03 WET [2025/02/03 13:20:03 ET]
Table 'Pales II' 6-max Seat #6 is the button
Seat 1: JUANS2 ($100 in chips) is sitting out
Seat 2: reiyser ($100 in chips) 
Seat 3: EyzRED ($103.93 in chips) 
Seat 4: BoyLoc0 ($175.38 in chips) 
Seat 5: fataleggs13 ($80.76 in chips) 
Seat 6: Cle0patr4 ($100 in chips) 
reiyser: posts small blind $0.50
EyzRED: posts big blind $1
*** HOLE CARDS ***
BoyLoc0: folds 
fataleggs13: folds 
Cle0patr4: folds 
reiyser: raises $1.80 to $2.80
EyzRED: calls $1.80
*** FLOP *** [6d 6s 5h]
reiyser: checks 
EyzRED: checks 
*** TURN *** [6d 6s 5h] [Kh]
reiyser: checks 
EyzRED: checks 
*** RIVER *** [6d 6s 5h Kh] [Ks]
reiyser: checks 
EyzRED: checks 
*** SHOW DOWN ***
reiyser: shows [Jc Ts] (two pair, Kings and Sixes)
EyzRED: shows [Th Ac] (two pair, Kings and Sixes - Ace kicker)
EyzRED collected $5.32 from pot
*** SUMMARY ***
Total pot $5.60 | Rake $0.28 
Board [6d 6s 5h Kh Ks]
Seat 1: JUANS2
Seat 2: reiyser (small blind) showed [Jc Ts] and lost with two pair, Kings and Sixes
Seat 3: EyzRED (big blind) showed [Th Ac] and won ($5.32) with two pair, Kings and Sixes
Seat 4: BoyLoc0 folded before Flop (didn't bet)
Seat 5: fataleggs13 folded before Flop (didn't bet)
Seat 6: Cle0patr4 (button) folded before Flop (didn't bet)



PokerStars Hand #254689968632:  Hold'em No Limit ($0.50/$1.00 USD) - 2025/02/03 18:21:14 WET [2025/02/03 13:21:14 ET]
Table 'Pales II' 6-max Seat #2 is the button
Seat 1: JUANS2 ($100 in chips) is sitting out
Seat 2: reiyser ($100 in chips) 
Seat 3: EyzRED ($106.45 in chips) 
Seat 4: BoyLoc0 ($175.38 in chips) 
Seat 5: fataleggs13 ($80.76 in chips) 
Seat 6: Cle0patr4 ($100 in chips) 
EyzRED: posts small blind $0.50
BoyLoc0: posts big blind $1
JUANS2: sits out 
*** HOLE CARDS ***
fataleggs13: raises $1.20 to $2.20
Cle0patr4: folds 
reiyser: folds 
EyzRED: folds 
BoyLoc0: folds 
Uncalled bet ($1.20) returned to fataleggs13
fataleggs13 collected $2.50 from pot
fataleggs13: doesn't show hand 
*** SUMMARY ***
Total pot $2.50 | Rake $0 
Seat 1: JUANS2
Seat 2: reiyser (button) folded before Flop (didn't bet)
Seat 3: EyzRED (small blind) folded before Flop
Seat 4: BoyLoc0 (big blind) folded before Flop
Seat 5: fataleggs13 collected ($2.50)
Seat 6: Cle0patr4 folded before Flop (didn't bet)



PokerStars Hand #254689973348:  Hold'em No Limit ($0.50/$1.00 USD) - 2025/02/03 18:21:31 WET [2025/02/03 13:21:31 ET]
Table 'Pales II' 6-max Seat #3 is the button
Seat 1: JUANS2 ($100 in chips) is sitting out
Seat 2: reiyser ($100 in chips) 
Seat 3: EyzRED ($105.95 in chips) 
Seat 4: BoyLoc0 ($174.38 in chips) 
Seat 5: fataleggs13 ($82.26 in chips) 
Seat 6: Cle0patr4 ($100 in chips) 
BoyLoc0: posts small blind $0.50
fataleggs13: posts big blind $1
JUANS2: sits out 
*** HOLE CARDS ***
Cle0patr4: folds 
reiyser: folds 
EyzRED: folds 
BoyLoc0: folds 
Uncalled bet ($0.50) returned to fataleggs13
fataleggs13 collected $1 from pot
fataleggs13: doesn't show hand 
*** SUMMARY ***
Total pot $1 | Rake $0 
Seat 1: JUANS2
Seat 2: reiyser folded before Flop (didn't bet)
Seat 3: EyzRED (button) folded before Flop (didn't bet)
Seat 4: BoyLoc0 (small blind) folded before Flop
Seat 5: fataleggs13 (big blind) collected ($1)
Seat 6: Cle0patr4 folded before Flop (didn't bet)



PokerStars Hand #254689977650:  Hold'em No Limit ($0.50/$1.00 USD) - 2025/02/03 18:21:46 WET [2025/02/03 13:21:46 ET]
Table 'Pales II' 6-max Seat #4 is the button
Seat 1: JUANS2 ($100 in chips) is sitting out
Seat 2: reiyser ($100 in chips) 
Seat 3: EyzRED ($105.95 in chips) 
Seat 4: BoyLoc0 ($173.88 in chips) 
Seat 5: fataleggs13 ($82.76 in chips) 
Seat 6: Cle0patr4 ($100 in chips) 
fataleggs13: posts small blind $0.50
Cle0patr4: posts big blind $1
JUANS2: sits out 
*** HOLE CARDS ***
reiyser: folds 
EyzRED: raises $1.20 to $2.20
BoyLoc0: raises $5.30 to $7.50
fataleggs13: folds 
Cle0patr4: folds 
EyzRED: raises $14.50 to $22
BoyLoc0: folds 
Uncalled bet ($14.50) returned to EyzRED
EyzRED collected $16.50 from pot
EyzRED: doesn't show hand 
*** SUMMARY ***
Total pot $16.50 | Rake $0 
Seat 1: JUANS2
Seat 2: reiyser folded before Flop (didn't bet)
Seat 3: EyzRED collected ($16.50)
Seat 4: BoyLoc0 (button) folded before Flop
Seat 5: fataleggs13 (small blind) folded before Flop
Seat 6: Cle0patr4 (big blind) folded before Flop



PokerStars Hand #254689985364:  Hold'em No Limit ($0.50/$1.00 USD) - 2025/02/03 18:22:14 WET [2025/02/03 13:22:14 ET]
Table 'Pales II' 6-max Seat #5 is the button
Seat 1: JUANS2 ($100 in chips) 
Seat 2: reiyser ($100 in chips) 
Seat 3: EyzRED ($114.95 in chips) 
Seat 4: BoyLoc0 ($166.38 in chips) 
Seat 5: fataleggs13 ($82.26 in chips) 
Seat 6: Cle0patr4 ($100 in chips) 
Cle0patr4: posts small blind $0.50
JUANS2: posts big blind $1
*** HOLE CARDS ***
reiyser: folds 
EyzRED: folds 
BoyLoc0: folds 
fataleggs13: raises $1.50 to $2.50
Cle0patr4: folds 
JUANS2: folds 
Uncalled bet ($1.50) returned to fataleggs13
fataleggs13 collected $2.50 from pot
fataleggs13: doesn't show hand 
*** SUMMARY ***
Total pot $2.50 | Rake $0 
Seat 1: JUANS2 (big blind) folded before Flop
Seat 2: reiyser folded before Flop (didn't bet)
Seat 3: EyzRED folded before Flop (didn't bet)
Seat 4: BoyLoc0 folded before Flop (didn't bet)
Seat 5: fataleggs13 (button) collected ($2.50)
Seat 6: Cle0patr4 (small blind) folded before Flop



PokerStars Hand #254689995030:  Hold'em No Limit ($0.50/$1.00 USD) - 2025/02/03 18:22:48 WET [2025/02/03 13:22:48 ET]
Table 'Pales II' 6-max Seat #6 is the button
Seat 1: JUANS2 ($100 in chips) 
Seat 2: reiyser ($100 in chips) 
Seat 3: EyzRED ($114.95 in chips) 
Seat 4: BoyLoc0 ($166.38 in chips) 
Seat 5: fataleggs13 ($83.76 in chips) 
Seat 6: Cle0patr4 ($100 in chips) 
JUANS2: posts small blind $0.50
reiyser: posts big blind $1
*** HOLE CARDS ***
EyzRED: folds 
BoyLoc0: folds 
fataleggs13: folds 
Cle0patr4: raises $1.50 to $2.50
JUANS2: folds 
reiyser: folds 
Uncalled bet ($1.50) returned to Cle0patr4
Cle0patr4 collected $2.50 from pot
Cle0patr4: doesn't show hand 
*** SUMMARY ***
Total pot $2.50 | Rake $0 
Seat 1: JUANS2 (small blind) folded before Flop
Seat 2: reiyser (big blind) folded before Flop
Seat 3: EyzRED folded before Flop (didn't bet)
Seat 4: BoyLoc0 folded before Flop (didn't bet)
Seat 5: fataleggs13 folded before Flop (didn't bet)
Seat 6: Cle0patr4 (button) collected ($2.50)



PokerStars Hand #254690000909:  Hold'em No Limit ($0.50/$1.00 USD) - 2025/02/03 18:23:09 WET [2025/02/03 13:23:09 ET]
Table 'Pales II' 6-max Seat #1 is the button
Seat 1: JUANS2 ($100 in chips) 
Seat 2: reiyser ($100 in chips) 
Seat 3: EyzRED ($114.95 in chips) 
Seat 4: BoyLoc0 ($166.38 in chips) 
Seat 5: fataleggs13 ($83.76 in chips) 
Seat 6: Cle0patr4 ($101.50 in chips) 
reiyser: posts small blind $0.50
EyzRED: posts big blind $1
*** HOLE CARDS ***
BoyLoc0: folds 
fataleggs13: folds 
Cle0patr4: folds 
JUANS2: raises $1.50 to $2.50
reiyser: folds 
EyzRED: calls $1.50
*** FLOP *** [2h Ts 5d]
EyzRED: checks 
JUANS2: bets $3.92
EyzRED: raises $8.08 to $12
JUANS2: folds 
Uncalled bet ($8.08) returned to EyzRED
EyzRED collected $12.67 from pot
EyzRED: doesn't show hand 
*** SUMMARY ***
Total pot $13.34 | Rake $0.67 
Board [2h Ts 5d]
Seat 1: JUANS2 (button) folded on the Flop
Seat 2: reiyser (small blind) folded before Flop
Seat 3: EyzRED (big blind) collected ($12.67)
Seat 4: BoyLoc0 folded before Flop (didn't bet)
Seat 5: fataleggs13 folded before Flop (didn't bet)
Seat 6: Cle0patr4 folded before Flop (didn't bet)



PokerStars Hand #254690018314:  Hold'em No Limit ($0.50/$1.00 USD) - 2025/02/03 18:24:10 WET [2025/02/03 13:24:10 ET]
Table 'Pales II' 6-max Seat #2 is the button
Seat 1: JUANS2 ($100 in chips) 
Seat 2: reiyser ($100 in chips) 
Seat 3: EyzRED ($121.20 in chips) 
Seat 4: BoyLoc0 ($166.38 in chips) 
Seat 5: fataleggs13 ($83.76 in chips) 
Seat 6: Cle0patr4 ($101.50 in chips) 
EyzRED: posts small blind $0.50
BoyLoc0: posts big blind $1
*** HOLE CARDS ***
fataleggs13: folds 
Cle0patr4: folds 
JUANS2: folds 
reiyser: folds 
EyzRED: raises $2 to $3
BoyLoc0: folds 
Uncalled bet ($2) returned to EyzRED
EyzRED collected $2 from pot
EyzRED: doesn't show hand 
*** SUMMARY ***
Total pot $2 | Rake $0 
Seat 1: JUANS2 folded before Flop (didn't bet)
Seat 2: reiyser (button) folded before Flop (didn't bet)
Seat 3: EyzRED (small blind) collected ($2)
Seat 4: BoyLoc0 (big blind) folded before Flop
Seat 5: fataleggs13 folded before Flop (didn't bet)
Seat 6: Cle0patr4 folded before Flop (didn't bet)



PokerStars Hand #254690023170:  Hold'em No Limit ($0.50/$1.00 USD) - 2025/02/03 18:24:28 WET [2025/02/03 13:24:28 ET]
Table 'Pales II' 6-max Seat #3 is the button
Seat 5: fataleggs13 ($83.76 in chips) is sitting out
Seat 1: JUANS2 ($100 in chips) 
Seat 2: reiyser ($100 in chips) 
Seat 3: EyzRED ($122.20 in chips) 
Seat 4: BoyLoc0 ($165.38 in chips) 
Seat 6: Cle0patr4 ($101.50 in chips) 
BoyLoc0: posts small blind $0.50
fataleggs13: is sitting out 
Cle0patr4: posts big blind $1
*** HOLE CARDS ***
JUANS2: folds 
reiyser: raises $1.23 to $2.23
EyzRED: folds 
BoyLoc0: raises $7.77 to $10
fataleggs13 leaves the table
Cle0patr4: folds 
reiyser: raises $13 to $23
xxxZeka joins the table at seat #5 
BoyLoc0: raises $142.38 to $165.38 and is all-in
reiyser: calls $77 and is all-in
Uncalled bet ($65.38) returned to BoyLoc0
xxxZeka leaves the table
*** FLOP *** [3s 5h 8d]
*** TURN *** [3s 5h 8d] [Qs]
*** RIVER *** [3s 5h 8d Qs] [4c]
*** SHOW DOWN ***
BoyLoc0: shows [Jh Jd] (a pair of Jacks)
reiyser: shows [Kd Ad] (high card Ace)
BoyLoc0 collected $198.50 from pot
*** SUMMARY ***
Total pot $201 | Rake $2.50 
Board [3s 5h 8d Qs 4c]
Seat 5: fataleggs13
Seat 1: JUANS2 folded before Flop (didn't bet)
Seat 2: reiyser showed [Kd Ad] and lost with high card Ace
Seat 3: EyzRED (button) folded before Flop (didn't bet)
Seat 4: BoyLoc0 (small blind) showed [Jh Jd] and won ($198.50) with a pair of Jacks
Seat 6: Cle0patr4 (big blind) folded before Flop



PokerStars Hand #254690035793:  Hold'em No Limit ($0.50/$1.00 USD) - 2025/02/03 18:25:12 WET [2025/02/03 13:25:12 ET]
Table 'Pales II' 6-max Seat #4 is the button
Seat 1: JUANS2 ($100 in chips) is sitting out
Seat 2: reiyser ($100 in chips) 
Seat 3: EyzRED ($122.20 in chips) 
Seat 4: BoyLoc0 ($263.88 in chips) 
Seat 6: Cle0patr4 ($100.50 in chips) 
Cle0patr4: posts small blind $0.50
JUANS2: is sitting out 
reiyser: posts big blind $1
*** HOLE CARDS ***
EyzRED: folds 
BoyLoc0: folds 
JUANS2 leaves the table
Cle0patr4: folds 
Uncalled bet ($0.50) returned to reiyser
reiyser collected $1 from pot
reiyser: doesn't show hand 
*** SUMMARY ***
Total pot $1 | Rake $0 
Seat 1: JUANS2
Seat 2: reiyser (big blind) collected ($1)
Seat 3: EyzRED folded before Flop (didn't bet)
Seat 4: BoyLoc0 (button) folded before Flop (didn't bet)
Seat 6: Cle0patr4 (small blind) folded before Flop



PokerStars Hand #254690038626:  Hold'em No Limit ($0.50/$1.00 USD) - 2025/02/03 18:25:22 WET [2025/02/03 13:25:22 ET]
Table 'Pales II' 6-max Seat #6 is the button
Seat 2: reiyser ($100.50 in chips) 
Seat 3: EyzRED ($122.20 in chips) 
Seat 4: BoyLoc0 ($263.88 in chips) 
Seat 6: Cle0patr4 ($100 in chips) 
reiyser: posts small blind $0.50
EyzRED: posts big blind $1
*** HOLE CARDS ***
BoyLoc0: raises $1.50 to $2.50
lisanulgayb joins the table at seat #5 
lisanulgayb is disconnected 
Cle0patr4: folds 
whlzor joins the table at seat #1 
reiyser: folds 
EyzRED: folds 
Uncalled bet ($1.50) returned to BoyLoc0
BoyLoc0 collected $2.50 from pot
BoyLoc0: doesn't show hand 
*** SUMMARY ***
Total pot $2.50 | Rake $0 
Seat 2: reiyser (small blind) folded before Flop
Seat 3: EyzRED (big blind) folded before Flop
Seat 4: BoyLoc0 collected ($2.50)
Seat 6: Cle0patr4 (button) folded before Flop (didn't bet)



PokerStars Hand #254690043035:  Hold'em No Limit ($0.50/$1.00 USD) - 2025/02/03 18:25:37 WET [2025/02/03 13:25:37 ET]
Table 'Pales II' 6-max Seat #2 is the button
Seat 1: whlzor ($100 in chips) is sitting out
Seat 2: reiyser ($100 in chips) 
Seat 3: EyzRED ($121.20 in chips) 
Seat 4: BoyLoc0 ($265.38 in chips) 
Seat 5: lisanulgayb ($100 in chips) 
Seat 6: Cle0patr4 ($100 in chips) 
EyzRED: posts small blind $0.50
BoyLoc0: posts big blind $1
lisanulgayb: posts big blind $1
whlzor: sits out 
*** HOLE CARDS ***
lisanulgayb: checks 
Cle0patr4: raises $2.50 to $3.50
reiyser: folds 
EyzRED: folds 
BoyLoc0: folds 
lisanulgayb: calls $2.50
*** FLOP *** [2d 7h 9s]
lisanulgayb: checks 
Cle0patr4: bets $1.78
lisanulgayb: calls $1.78
*** TURN *** [2d 7h 9s] [9d]
lisanulgayb: checks 
Cle0patr4: checks 
*** RIVER *** [2d 7h 9s 9d] [Th]
lisanulgayb: checks 
Cle0patr4: bets $15.47
lisanulgayb: calls $15.47
*** SHOW DOWN ***
Cle0patr4: shows [4h 4c] (two pair, Nines and Fours)
lisanulgayb: mucks hand 
Cle0patr4 collected $40.85 from pot
*** SUMMARY ***
Total pot $43 | Rake $2.15 
Board [2d 7h 9s 9d Th]
Seat 1: whlzor
Seat 2: reiyser (button) folded before Flop (didn't bet)
Seat 3: EyzRED (small blind) folded before Flop
Seat 4: BoyLoc0 (big blind) folded before Flop
Seat 5: lisanulgayb mucked
Seat 6: Cle0patr4 showed [4h 4c] and won ($40.85) with two pair, Nines and Fours



PokerStars Hand #254690056242:  Hold'em No Limit ($0.50/$1.00 USD) - 2025/02/03 18:26:24 WET [2025/02/03 13:26:24 ET]
Table 'Pales II' 6-max Seat #3 is the button
Seat 1: whlzor ($100 in chips) is sitting out
Seat 2: reiyser ($100 in chips) 
Seat 3: EyzRED ($120.70 in chips) 
Seat 4: BoyLoc0 ($264.38 in chips) 
Seat 5: lisanulgayb ($79.25 in chips) 
Seat 6: Cle0patr4 ($120.10 in chips) 
BoyLoc0: posts small blind $0.50
lisanulgayb: posts big blind $1
whlzor: sits out 
*** HOLE CARDS ***
Cle0patr4: raises $1 to $2
reiyser: folds 
EyzRED: calls $2
BoyLoc0: folds 
lisanulgayb: calls $1
*** FLOP *** [3d 6c 5d]
lisanulgayb: checks 
Cle0patr4: checks 
EyzRED: checks 
*** TURN *** [3d 6c 5d] [5s]
lisanulgayb: checks 
Cle0patr4: bets $3.28
EyzRED: folds 
lisanulgayb: raises $7.28 to $10.56
Cle0patr4: folds 
Uncalled bet ($7.28) returned to lisanulgayb
lisanulgayb collected $12.41 from pot
*** SUMMARY ***
Total pot $13.06 | Rake $0.65 
Board [3d 6c 5d 5s]
Seat 1: whlzor
Seat 2: reiyser folded before Flop (didn't bet)
Seat 3: EyzRED (button) folded on the Turn
Seat 4: BoyLoc0 (small blind) folded before Flop
Seat 5: lisanulgayb (big blind) collected ($12.41)
Seat 6: Cle0patr4 folded on the Turn



PokerStars Hand #254690068412:  Hold'em No Limit ($0.50/$1.00 USD) - 2025/02/03 18:27:07 WET [2025/02/03 13:27:07 ET]
Table 'Pales II' 6-max Seat #4 is the button
Seat 1: whlzor ($100 in chips) is sitting out
Seat 2: reiyser ($100 in chips) 
Seat 3: EyzRED ($118.70 in chips) 
Seat 4: BoyLoc0 ($263.88 in chips) 
Seat 5: lisanulgayb ($86.38 in chips) 
Seat 6: Cle0patr4 ($114.82 in chips) 
lisanulgayb: posts small blind $0.50
Cle0patr4: posts big blind $1
whlzor: sits out 
*** HOLE CARDS ***
reiyser: folds 
EyzRED: folds 
BoyLoc0: folds 
lisanulgayb: raises $2 to $3
Cle0patr4: raises $8.50 to $11.50
lisanulgayb: raises $22 to $33.50
Cle0patr4: raises $81.32 to $114.82 and is all-in
lisanulgayb: calls $52.88 and is all-in
Uncalled bet ($28.44) returned to Cle0patr4
*** FLOP *** [5c 7d Kh]
*** TURN *** [5c 7d Kh] [4d]
*** RIVER *** [5c 7d Kh 4d] [9c]
*** SHOW DOWN ***
lisanulgayb: shows [Ad Kc] (a pair of Kings)
Cle0patr4: shows [Qs Ah] (high card Ace)
lisanulgayb collected $170.26 from pot
*** SUMMARY ***
Total pot $172.76 | Rake $2.50 
Board [5c 7d Kh 4d 9c]
Seat 1: whlzor
Seat 2: reiyser folded before Flop (didn't bet)
Seat 3: EyzRED folded before Flop (didn't bet)
Seat 4: BoyLoc0 (button) folded before Flop (didn't bet)
Seat 5: lisanulgayb (small blind) showed [Ad Kc] and won ($170.26) with a pair of Kings
Seat 6: Cle0patr4 (big blind) showed [Qs Ah] and lost with high card Ace



PokerStars Hand #254690078218:  Hold'em No Limit ($0.50/$1.00 USD) - 2025/02/03 18:27:41 WET [2025/02/03 13:27:41 ET]
Table 'Pales II' 6-max Seat #5 is the button
Seat 1: whlzor ($100 in chips) 
Seat 2: reiyser ($100 in chips) 
Seat 3: EyzRED ($118.70 in chips) 
Seat 4: BoyLoc0 ($263.88 in chips) 
Seat 5: lisanulgayb ($170.26 in chips) 
Seat 6: Cle0patr4 ($79.31 in chips) 
Cle0patr4: posts small blind $0.50
whlzor: posts big blind $1
*** HOLE CARDS ***
reiyser: folds 
EyzRED: folds 
BoyLoc0: folds 
lisanulgayb: folds 
Cle0patr4: folds 
Uncalled bet ($0.50) returned to whlzor
whlzor collected $1 from pot
whlzor: doesn't show hand 
*** SUMMARY ***
Total pot $1 | Rake $0 
Seat 1: whlzor (big blind) collected ($1)
Seat 2: reiyser folded before Flop (didn't bet)
Seat 3: EyzRED folded before Flop (didn't bet)
Seat 4: BoyLoc0 folded before Flop (didn't bet)
Seat 5: lisanulgayb (button) folded before Flop (didn't bet)
Seat 6: Cle0patr4 (small blind) folded before Flop



PokerStars Hand #254690083881:  Hold'em No Limit ($0.50/$1.00 USD) - 2025/02/03 18:28:01 WET [2025/02/03 13:28:01 ET]
Table 'Pales II' 6-max Seat #6 is the button
Seat 1: whlzor ($100.50 in chips) 
Seat 2: reiyser ($100 in chips) 
Seat 3: EyzRED ($118.70 in chips) 
Seat 4: BoyLoc0 ($263.88 in chips) 
Seat 5: lisanulgayb ($170.26 in chips) 
Seat 6: Cle0patr4 ($78.81 in chips) 
whlzor: posts small blind $0.50
reiyser: posts big blind $1
*** HOLE CARDS ***
EyzRED: folds 
BoyLoc0: raises $1.50 to $2.50
lisanulgayb: folds 
Cle0patr4: raises $5 to $7.50
whlzor: folds 
reiyser: folds 
BoyLoc0: folds 
Uncalled bet ($5) returned to Cle0patr4
Cle0patr4 collected $6.50 from pot
Cle0patr4: doesn't show hand 
*** SUMMARY ***
Total pot $6.50 | Rake $0 
Seat 1: whlzor (small blind) folded before Flop
Seat 2: reiyser (big blind) folded before Flop
Seat 3: EyzRED folded before Flop (didn't bet)
Seat 4: BoyLoc0 folded before Flop
Seat 5: lisanulgayb folded before Flop (didn't bet)
Seat 6: Cle0patr4 (button) collected ($6.50)



PokerStars Hand #254690088560:  Hold'em No Limit ($0.50/$1.00 USD) - 2025/02/03 18:28:17 WET [2025/02/03 13:28:17 ET]
Table 'Pales II' 6-max Seat #1 is the button
Seat 3: EyzRED ($118.70 in chips) is sitting out
Seat 1: whlzor ($100 in chips) 
Seat 2: reiyser ($100 in chips) 
Seat 4: BoyLoc0 ($261.38 in chips) 
Seat 5: lisanulgayb ($170.26 in chips) 
Seat 6: Cle0patr4 ($82.81 in chips) 
reiyser: posts small blind $0.50
EyzRED: is sitting out 
BoyLoc0: posts big blind $1
*** HOLE CARDS ***
lisanulgayb: raises $2 to $3
Cle0patr4: folds 
whlzor: folds 
reiyser: folds 
BoyLoc0: folds 
Uncalled bet ($2) returned to lisanulgayb
lisanulgayb collected $2.50 from pot
*** SUMMARY ***
Total pot $2.50 | Rake $0 
Seat 3: EyzRED
Seat 1: whlzor (button) folded before Flop (didn't bet)
Seat 2: reiyser (small blind) folded before Flop
Seat 4: BoyLoc0 (big blind) folded before Flop
Seat 5: lisanulgayb collected ($2.50)
Seat 6: Cle0patr4 folded before Flop (didn't bet)



PokerStars Hand #254690093545:  Hold'em No Limit ($0.50/$1.00 USD) - 2025/02/03 18:28:35 WET [2025/02/03 13:28:35 ET]
Table 'Pales II' 6-max Seat #2 is the button
Seat 3: EyzRED ($118.70 in chips) is sitting out
Seat 1: whlzor ($100 in chips) 
Seat 2: reiyser ($100 in chips) 
Seat 4: BoyLoc0 ($260.38 in chips) 
Seat 5: lisanulgayb ($171.76 in chips) 
Seat 6: Cle0patr4 ($82.81 in chips) 
BoyLoc0: posts small blind $0.50
lisanulgayb: posts big blind $1
*** HOLE CARDS ***
Cle0patr4: folds 
whlzor: raises $2 to $3
reiyser: folds 
BoyLoc0: folds 
lisanulgayb: calls $2
*** FLOP *** [Ac 3d Qh]
lisanulgayb: checks 
whlzor: checks 
*** TURN *** [Ac 3d Qh] [7h]
lisanulgayb: checks 
whlzor: bets $3.09
lisanulgayb: calls $3.09
*** RIVER *** [Ac 3d Qh 7h] [8d]
lisanulgayb: bets $12.05
whlzor: folds 
Uncalled bet ($12.05) returned to lisanulgayb
lisanulgayb collected $12.05 from pot
*** SUMMARY ***
Total pot $12.68 | Rake $0.63 
Board [Ac 3d Qh 7h 8d]
Seat 3: EyzRED
Seat 1: whlzor folded on the River
Seat 2: reiyser (button) folded before Flop (didn't bet)
Seat 4: BoyLoc0 (small blind) folded before Flop
Seat 5: lisanulgayb (big blind) collected ($12.05)
Seat 6: Cle0patr4 folded before Flop (didn't bet)



PokerStars Hand #254690103686:  Hold'em No Limit ($0.50/$1.00 USD) - 2025/02/03 18:29:11 WET [2025/02/03 13:29:11 ET]
Table 'Pales II' 6-max Seat #4 is the button
Seat 3: EyzRED ($118.70 in chips) is sitting out
Seat 1: whlzor ($100 in chips) 
Seat 2: reiyser ($100 in chips) 
Seat 4: BoyLoc0 ($259.88 in chips) 
Seat 5: lisanulgayb ($177.72 in chips) 
Seat 6: Cle0patr4 ($82.81 in chips) 
lisanulgayb: posts small blind $0.50
Cle0patr4: posts big blind $1
*** HOLE CARDS ***
whlzor: folds 
reiyser: folds 
BoyLoc0: raises $1.50 to $2.50
lisanulgayb: folds 
Cle0patr4: raises $9 to $11.50
BoyLoc0: folds 
Uncalled bet ($9) returned to Cle0patr4
Cle0patr4 collected $5.50 from pot
Cle0patr4: doesn't show hand 
*** SUMMARY ***
Total pot $5.50 | Rake $0 
Seat 3: EyzRED
Seat 1: whlzor folded before Flop (didn't bet)
Seat 2: reiyser folded before Flop (didn't bet)
Seat 4: BoyLoc0 (button) folded before Flop
Seat 5: lisanulgayb (small blind) folded before Flop
Seat 6: Cle0patr4 (big blind) collected ($5.50)



PokerStars Hand #254690107933:  Hold'em No Limit ($0.50/$1.00 USD) - 2025/02/03 18:29:27 WET [2025/02/03 13:29:27 ET]
Table 'Pales II' 6-max Seat #5 is the button
Seat 1: whlzor ($100 in chips) is sitting out
Seat 3: EyzRED ($118.70 in chips) is sitting out
Seat 2: reiyser ($100 in chips) 
Seat 4: BoyLoc0 ($257.38 in chips) 
Seat 5: lisanulgayb ($177.22 in chips) 
Seat 6: Cle0patr4 ($85.81 in chips) 
Cle0patr4: posts small blind $0.50
whlzor: is sitting out 
reiyser: posts big blind $1
*** HOLE CARDS ***
BoyLoc0: folds 
whlzor leaves the table
lisanulgayb: folds 
Cle0patr4: folds 
Uncalled bet ($0.50) returned to reiyser
reiyser collected $1 from pot
reiyser: doesn't show hand 
*** SUMMARY ***
Total pot $1 | Rake $0 
Seat 1: whlzor
Seat 3: EyzRED
Seat 2: reiyser (big blind) collected ($1)
Seat 4: BoyLoc0 folded before Flop (didn't bet)
Seat 5: lisanulgayb (button) folded before Flop (didn't bet)
Seat 6: Cle0patr4 (small blind) folded before Flop



PokerStars Hand #254690111940:  Hold'em No Limit ($0.50/$1.00 USD) - 2025/02/03 18:29:41 WET [2025/02/03 13:29:41 ET]
Table 'Pales II' 6-max Seat #6 is the button
Seat 3: EyzRED ($118.70 in chips) is sitting out
Seat 2: reiyser ($100.50 in chips) 
Seat 4: BoyLoc0 ($257.38 in chips) 
Seat 5: lisanulgayb ($177.22 in chips) 
Seat 6: Cle0patr4 ($85.31 in chips) 
reiyser: posts small blind $0.50
BoyLoc0: posts big blind $1
*** HOLE CARDS ***
lisanulgayb: folds 
Cle0patr4: folds 
reiyser: folds 
Uncalled bet ($0.50) returned to BoyLoc0
BoyLoc0 collected $1 from pot
BoyLoc0: doesn't show hand 
*** SUMMARY ***
Total pot $1 | Rake $0 
Seat 3: EyzRED
Seat 2: reiyser (small blind) folded before Flop
Seat 4: BoyLoc0 (big blind) collected ($1)
Seat 5: lisanulgayb folded before Flop (didn't bet)
Seat 6: Cle0patr4 (button) folded before Flop (didn't bet)



PokerStars Hand #254690114778:  Hold'em No Limit ($0.50/$1.00 USD) - 2025/02/03 18:29:51 WET [2025/02/03 13:29:51 ET]
Table 'Pales II' 6-max Seat #2 is the button
Seat 3: EyzRED ($118.70 in chips) is sitting out
Seat 2: reiyser ($100 in chips) 
Seat 4: BoyLoc0 ($257.88 in chips) 
Seat 5: lisanulgayb ($177.22 in chips) 
Seat 6: Cle0patr4 ($85.31 in chips) 
BoyLoc0: posts small blind $0.50
lisanulgayb: posts big blind $1
*** HOLE CARDS ***
Cle0patr4: folds 
reiyser: folds 
BoyLoc0: folds 
Uncalled bet ($0.50) returned to lisanulgayb
AndreaBsAs joins the table at seat #1 
lisanulgayb collected $1 from pot
*** SUMMARY ***
Total pot $1 | Rake $0 
Seat 3: EyzRED
Seat 2: reiyser (button) folded before Flop (didn't bet)
Seat 4: BoyLoc0 (small blind) folded before Flop
Seat 5: lisanulgayb (big blind) collected ($1)
Seat 6: Cle0patr4 folded before Flop (didn't bet)



PokerStars Hand #254690117213:  Hold'em No Limit ($0.50/$1.00 USD) - 2025/02/03 18:29:59 WET [2025/02/03 13:29:59 ET]
Table 'Pales II' 6-max Seat #4 is the button
Seat 1: AndreaBsAs ($100 in chips) is sitting out
Seat 3: EyzRED ($118.70 in chips) is sitting out
Seat 2: reiyser ($100 in chips) 
Seat 4: BoyLoc0 ($257.38 in chips) 
Seat 5: lisanulgayb ($177.72 in chips) 
Seat 6: Cle0patr4 ($85.31 in chips) 
lisanulgayb: posts small blind $0.50
Cle0patr4: posts big blind $1
AndreaBsAs: sits out 
*** HOLE CARDS ***
reiyser: folds 
BoyLoc0: folds 
lisanulgayb: calls $0.50
Cle0patr4: raises $2.50 to $3.50
lisanulgayb: calls $2.50
*** FLOP *** [4c Tc 5c]
lisanulgayb: checks 
Cle0patr4: checks 
*** TURN *** [4c Tc 5c] [7h]
lisanulgayb: bets $4.33
Cle0patr4: calls $4.33
*** RIVER *** [4c Tc 5c 7h] [Ts]
lisanulgayb: bets $12.44
Cle0patr4: calls $12.44
*** SHOW DOWN ***
lisanulgayb: shows [8s 9c] (a pair of Tens)
Cle0patr4: shows [Ks Ah] (a pair of Tens - Ace kicker)
Cle0patr4 collected $39.54 from pot
*** SUMMARY ***
Total pot $40.54 | Rake $1 
Board [4c Tc 5c 7h Ts]
Seat 1: AndreaBsAs
Seat 3: EyzRED
Seat 2: reiyser folded before Flop (didn't bet)
Seat 4: BoyLoc0 (button) folded before Flop (didn't bet)
Seat 5: lisanulgayb (small blind) showed [8s 9c] and lost with a pair of Tens
Seat 6: Cle0patr4 (big blind) showed [Ks Ah] and won ($39.54) with a pair of Tens



PokerStars Hand #254690128810:  Hold'em No Limit ($0.50/$1.00 USD) - 2025/02/03 18:30:39 WET [2025/02/03 13:30:39 ET]
Table 'Pales II' 6-max Seat #5 is the button
Seat 3: EyzRED ($118.70 in chips) is sitting out
Seat 1: AndreaBsAs ($100 in chips) 
Seat 2: reiyser ($100 in chips) 
Seat 4: BoyLoc0 ($257.38 in chips) 
Seat 5: lisanulgayb ($157.45 in chips) 
Seat 6: Cle0patr4 ($104.58 in chips) 
Cle0patr4: posts small blind $0.50
AndreaBsAs: posts big blind $1
*** HOLE CARDS ***
reiyser: folds 
BoyLoc0: folds 
lisanulgayb: raises $2 to $3
Cle0patr4: folds 
AndreaBsAs: folds 
Uncalled bet ($2) returned to lisanulgayb
lisanulgayb collected $2.50 from pot
*** SUMMARY ***
Total pot $2.50 | Rake $0 
Seat 3: EyzRED
Seat 1: AndreaBsAs (big blind) folded before Flop
Seat 2: reiyser folded before Flop (didn't bet)
Seat 4: BoyLoc0 folded before Flop (didn't bet)
Seat 5: lisanulgayb (button) collected ($2.50)
Seat 6: Cle0patr4 (small blind) folded before Flop



PokerStars Hand #254690132833:  Hold'em No Limit ($0.50/$1.00 USD) - 2025/02/03 18:30:53 WET [2025/02/03 13:30:53 ET]
Table 'Pales II' 6-max Seat #6 is the button
Seat 3: EyzRED ($118.70 in chips) is sitting out
Seat 1: AndreaBsAs ($100 in chips) 
Seat 2: reiyser ($100 in chips) 
Seat 4: BoyLoc0 ($257.38 in chips) 
Seat 5: lisanulgayb ($158.95 in chips) 
Seat 6: Cle0patr4 ($104.08 in chips) 
AndreaBsAs: posts small blind $0.50
reiyser: posts big blind $1
*** HOLE CARDS ***
BoyLoc0: raises $1.50 to $2.50
lisanulgayb: calls $2.50
Cle0patr4: folds 
AndreaBsAs: folds 
reiyser: folds 
*** FLOP *** [Qh Qc 3h]
BoyLoc0: bets $4.64
lisanulgayb: folds 
Uncalled bet ($4.64) returned to BoyLoc0
BoyLoc0 collected $6.18 from pot
BoyLoc0: doesn't show hand 
*** SUMMARY ***
Total pot $6.50 | Rake $0.32 
Board [Qh Qc 3h]
Seat 3: EyzRED
Seat 1: AndreaBsAs (small blind) folded before Flop
Seat 2: reiyser (big blind) folded before Flop
Seat 4: BoyLoc0 collected ($6.18)
Seat 5: lisanulgayb folded on the Flop
Seat 6: Cle0patr4 (button) folded before Flop (didn't bet)



PokerStars Hand #254690138146:  Hold'em No Limit ($0.50/$1.00 USD) - 2025/02/03 18:31:11 WET [2025/02/03 13:31:11 ET]
Table 'Pales II' 6-max Seat #1 is the button
Seat 3: EyzRED ($118.70 in chips) is sitting out
Seat 1: AndreaBsAs ($100 in chips) 
Seat 2: reiyser ($100 in chips) 
Seat 4: BoyLoc0 ($261.06 in chips) 
Seat 5: lisanulgayb ($156.45 in chips) 
Seat 6: Cle0patr4 ($104.08 in chips) 
reiyser: posts small blind $0.50
BoyLoc0: posts big blind $1
*** HOLE CARDS ***
lisanulgayb: folds 
Cle0patr4: folds 
AndreaBsAs: raises $1.50 to $2.50
reiyser: folds 
BoyLoc0: calls $1.50
*** FLOP *** [4h 3h 8d]
BoyLoc0: checks 
AndreaBsAs: bets $4.02
BoyLoc0: folds 
Uncalled bet ($4.02) returned to AndreaBsAs
AndreaBsAs collected $5.22 from pot
*** SUMMARY ***
Total pot $5.50 | Rake $0.28 
Board [4h 3h 8d]
Seat 3: EyzRED
Seat 1: AndreaBsAs (button) collected ($5.22)
Seat 2: reiyser (small blind) folded before Flop
Seat 4: BoyLoc0 (big blind) folded on the Flop
Seat 5: lisanulgayb folded before Flop (didn't bet)
Seat 6: Cle0patr4 folded before Flop (didn't bet)



PokerStars Hand #254690148346:  Hold'em No Limit ($0.50/$1.00 USD) - 2025/02/03 18:31:46 WET [2025/02/03 13:31:46 ET]
Table 'Pales II' 6-max Seat #2 is the button
Seat 3: EyzRED ($118.70 in chips) is sitting out
Seat 1: AndreaBsAs ($102.72 in chips) 
Seat 2: reiyser ($100 in chips) 
Seat 4: BoyLoc0 ($258.56 in chips) 
Seat 5: lisanulgayb ($156.45 in chips) 
Seat 6: Cle0patr4 ($104.08 in chips) 
BoyLoc0: posts small blind $0.50
lisanulgayb: posts big blind $1
*** HOLE CARDS ***
Cle0patr4: raises $1 to $2
AndreaBsAs: folds 
reiyser: folds 
BoyLoc0: folds 
lisanulgayb: calls $1
*** FLOP *** [5s Td Qs]
lisanulgayb: checks 
Cle0patr4: bets $1.50
lisanulgayb: calls $1.50
*** TURN *** [5s Td Qs] [3c]
lisanulgayb: checks 
Cle0patr4: checks 
*** RIVER *** [5s Td Qs 3c] [3s]
lisanulgayb: checks 
Cle0patr4: checks 
*** SHOW DOWN ***
lisanulgayb: shows [9s Jh] (a pair of Threes)
Cle0patr4: shows [2s 2c] (two pair, Threes and Deuces)
Cle0patr4 collected $7.12 from pot
*** SUMMARY ***
Total pot $7.50 | Rake $0.38 
Board [5s Td Qs 3c 3s]
Seat 3: EyzRED
Seat 1: AndreaBsAs folded before Flop (didn't bet)
Seat 2: reiyser (button) folded before Flop (didn't bet)
Seat 4: BoyLoc0 (small blind) folded before Flop
Seat 5: lisanulgayb (big blind) showed [9s Jh] and lost with a pair of Threes
Seat 6: Cle0patr4 showed [2s 2c] and won ($7.12) with two pair, Threes and Deuces



PokerStars Hand #254690159129:  Hold'em No Limit ($0.50/$1.00 USD) - 2025/02/03 18:32:24 WET [2025/02/03 13:32:24 ET]
Table 'Pales II' 6-max Seat #4 is the button
Seat 3: EyzRED ($118.70 in chips) is sitting out
Seat 1: AndreaBsAs ($102.72 in chips) 
Seat 2: reiyser ($100 in chips) 
Seat 4: BoyLoc0 ($258.06 in chips) 
Seat 5: lisanulgayb ($152.95 in chips) 
Seat 6: Cle0patr4 ($107.70 in chips) 
lisanulgayb: posts small blind $0.50
Cle0patr4: posts big blind $1
*** HOLE CARDS ***
AndreaBsAs: folds 
reiyser: folds 
BoyLoc0: folds 
lisanulgayb: calls $0.50
Cle0patr4: checks 
*** FLOP *** [6h Th Ks]
lisanulgayb: checks 
Cle0patr4: checks 
*** TURN *** [6h Th Ks] [3c]
lisanulgayb: checks 
Cle0patr4: bets $1.43
lisanulgayb: calls $1.43
*** RIVER *** [6h Th Ks 3c] [As]
lisanulgayb: checks 
Cle0patr4: checks 
*** SHOW DOWN ***
lisanulgayb: shows [Qs Ts] (a pair of Tens)
Cle0patr4: mucks hand 
lisanulgayb collected $4.62 from pot
*** SUMMARY ***
Total pot $4.86 | Rake $0.24 
Board [6h Th Ks 3c As]
Seat 3: EyzRED
Seat 1: AndreaBsAs folded before Flop (didn't bet)
Seat 2: reiyser folded before Flop (didn't bet)
Seat 4: BoyLoc0 (button) folded before Flop (didn't bet)
Seat 5: lisanulgayb (small blind) showed [Qs Ts] and won ($4.62) with a pair of Tens
Seat 6: Cle0patr4 (big blind) mucked



PokerStars Hand #254690171120:  Hold'em No Limit ($0.50/$1.00 USD) - 2025/02/03 18:33:05 WET [2025/02/03 13:33:05 ET]
Table 'Pales II' 6-max Seat #5 is the button
Seat 3: EyzRED ($118.70 in chips) is sitting out
Seat 1: AndreaBsAs ($102.72 in chips) 
Seat 2: reiyser ($100 in chips) 
Seat 4: BoyLoc0 ($258.06 in chips) 
Seat 5: lisanulgayb ($155.14 in chips) 
Seat 6: Cle0patr4 ($105.27 in chips) 
Cle0patr4: posts small blind $0.50
AndreaBsAs: posts big blind $1
*** HOLE CARDS ***
reiyser: folds 
BoyLoc0: folds 
lisanulgayb: raises $2 to $3
Cle0patr4: raises $8.50 to $11.50
AndreaBsAs: folds 
lisanulgayb: folds 
Uncalled bet ($8.50) returned to Cle0patr4
Cle0patr4 collected $7 from pot
Cle0patr4: doesn't show hand 
*** SUMMARY ***
Total pot $7 | Rake $0 
Seat 3: EyzRED
Seat 1: AndreaBsAs (big blind) folded before Flop
Seat 2: reiyser folded before Flop (didn't bet)
Seat 4: BoyLoc0 folded before Flop (didn't bet)
Seat 5: lisanulgayb (button) folded before Flop
Seat 6: Cle0patr4 (small blind) collected ($7)



PokerStars Hand #254690176144:  Hold'em No Limit ($0.50/$1.00 USD) - 2025/02/03 18:33:22 WET [2025/02/03 13:33:22 ET]
Table 'Pales II' 6-max Seat #6 is the button
Seat 3: EyzRED ($118.70 in chips) is sitting out
Seat 1: AndreaBsAs ($101.72 in chips) 
Seat 2: reiyser ($100 in chips) 
Seat 4: BoyLoc0 ($258.06 in chips) 
Seat 5: lisanulgayb ($152.14 in chips) 
Seat 6: Cle0patr4 ($109.27 in chips) 
AndreaBsAs: posts small blind $0.50
reiyser: posts big blind $1
*** HOLE CARDS ***
BoyLoc0: raises $1.50 to $2.50
lisanulgayb: calls $2.50
Cle0patr4: folds 
AndreaBsAs: folds 
reiyser: raises $11.50 to $14
BoyLoc0: calls $11.50
lisanulgayb: calls $11.50
*** FLOP *** [5h 8h 4s]
reiyser: checks 
BoyLoc0: checks 
lisanulgayb: bets $21.19
reiyser: folds 
BoyLoc0: calls $21.19
*** TURN *** [5h 8h 4s] [7d]
BoyLoc0: checks 
lisanulgayb: bets $41.19
BoyLoc0: folds 
Uncalled bet ($41.19) returned to lisanulgayb
lisanulgayb collected $82.38 from pot
*** SUMMARY ***
Total pot $84.88 | Rake $2.50 
Board [5h 8h 4s 7d]
Seat 3: EyzRED
Seat 1: AndreaBsAs (small blind) folded before Flop
Seat 2: reiyser (big blind) folded on the Flop
Seat 4: BoyLoc0 folded on the Turn
Seat 5: lisanulgayb collected ($82.38)
Seat 6: Cle0patr4 (button) folded before Flop (didn't bet)



PokerStars Hand #254690194015:  Hold'em No Limit ($0.50/$1.00 USD) - 2025/02/03 18:34:23 WET [2025/02/03 13:34:23 ET]
Table 'Pales II' 6-max Seat #1 is the button
Seat 1: AndreaBsAs ($101.22 in chips) 
Seat 2: reiyser ($100 in chips) 
Seat 3: EyzRED ($118.70 in chips) 
Seat 4: BoyLoc0 ($222.87 in chips) 
Seat 5: lisanulgayb ($199.33 in chips) 
Seat 6: Cle0patr4 ($109.27 in chips) 
reiyser: posts small blind $0.50
EyzRED: posts big blind $1
*** HOLE CARDS ***
BoyLoc0: folds 
lisanulgayb: folds 
Cle0patr4: folds 
AndreaBsAs: folds 
reiyser: folds 
Uncalled bet ($0.50) returned to EyzRED
EyzRED collected $1 from pot
EyzRED: doesn't show hand 
*** SUMMARY ***
Total pot $1 | Rake $0 
Seat 1: AndreaBsAs (button) folded before Flop (didn't bet)
Seat 2: reiyser (small blind) folded before Flop
Seat 3: EyzRED (big blind) collected ($1)
Seat 4: BoyLoc0 folded before Flop (didn't bet)
Seat 5: lisanulgayb folded before Flop (didn't bet)
Seat 6: Cle0patr4 folded before Flop (didn't bet)



PokerStars Hand #254690197620:  Hold'em No Limit ($0.50/$1.00 USD) - 2025/02/03 18:34:36 WET [2025/02/03 13:34:36 ET]
Table 'Pales II' 6-max Seat #2 is the button
Seat 1: AndreaBsAs ($101.22 in chips) 
Seat 2: reiyser ($100 in chips) 
Seat 3: EyzRED ($119.20 in chips) 
Seat 4: BoyLoc0 ($222.87 in chips) 
Seat 5: lisanulgayb ($199.33 in chips) 
Seat 6: Cle0patr4 ($109.27 in chips) 
EyzRED: posts small blind $0.50
BoyLoc0: posts big blind $1
*** HOLE CARDS ***
lisanulgayb: raises $1 to $2
Cle0patr4: folds 
AndreaBsAs: folds 
reiyser: folds 
EyzRED: folds 
BoyLoc0: folds 
Uncalled bet ($1) returned to lisanulgayb
lisanulgayb collected $2.50 from pot
*** SUMMARY ***
Total pot $2.50 | Rake $0 
Seat 1: AndreaBsAs folded before Flop (didn't bet)
Seat 2: reiyser (button) folded before Flop (didn't bet)
Seat 3: EyzRED (small blind) folded before Flop
Seat 4: BoyLoc0 (big blind) folded before Flop
Seat 5: lisanulgayb collected ($2.50)
Seat 6: Cle0patr4 folded before Flop (didn't bet)



PokerStars Hand #254690203075:  Hold'em No Limit ($0.50/$1.00 USD) - 2025/02/03 18:34:54 WET [2025/02/03 13:34:54 ET]
Table 'Pales II' 6-max Seat #3 is the button
Seat 1: AndreaBsAs ($101.22 in chips) 
Seat 2: reiyser ($100 in chips) 
Seat 3: EyzRED ($118.70 in chips) 
Seat 4: BoyLoc0 ($221.87 in chips) 
Seat 5: lisanulgayb ($200.83 in chips) 
Seat 6: Cle0patr4 ($109.27 in chips) 
BoyLoc0: posts small blind $0.50
lisanulgayb: posts big blind $1
*** HOLE CARDS ***
Cle0patr4: raises $1 to $2
AndreaBsAs: folds 
reiyser: folds 
EyzRED: folds 
BoyLoc0: folds 
lisanulgayb: calls $1
*** FLOP *** [8h 7s Kc]
lisanulgayb: checks 
Cle0patr4: bets $1.16
lisanulgayb: calls $1.16
*** TURN *** [8h 7s Kc] [Kd]
lisanulgayb: checks 
Cle0patr4: checks 
*** RIVER *** [8h 7s Kc Kd] [Jd]
lisanulgayb: checks 
Cle0patr4: checks 
*** SHOW DOWN ***
lisanulgayb: shows [6d 9c] (a pair of Kings)
Cle0patr4: shows [Ad Th] (a pair of Kings - Ace kicker)
Cle0patr4 collected $6.48 from pot
*** SUMMARY ***
Total pot $6.82 | Rake $0.34 
Board [8h 7s Kc Kd Jd]
Seat 1: AndreaBsAs folded before Flop (didn't bet)
Seat 2: reiyser folded before Flop (didn't bet)
Seat 3: EyzRED (button) folded before Flop (didn't bet)
Seat 4: BoyLoc0 (small blind) folded before Flop
Seat 5: lisanulgayb (big blind) showed [6d 9c] and lost with a pair of Kings
Seat 6: Cle0patr4 showed [Ad Th] and won ($6.48) with a pair of Kings



PokerStars Hand #254690217412:  Hold'em No Limit ($0.50/$1.00 USD) - 2025/02/03 18:35:43 WET [2025/02/03 13:35:43 ET]
Table 'Pales II' 6-max Seat #4 is the button
Seat 1: AndreaBsAs ($101.22 in chips) 
Seat 2: reiyser ($100 in chips) 
Seat 3: EyzRED ($118.70 in chips) 
Seat 4: BoyLoc0 ($221.37 in chips) 
Seat 5: lisanulgayb ($197.67 in chips) 
Seat 6: Cle0patr4 ($112.59 in chips) 
lisanulgayb: posts small blind $0.50
Cle0patr4: posts big blind $1
*** HOLE CARDS ***
AndreaBsAs: raises $1.20 to $2.20
reiyser: folds 
EyzRED: folds 
BoyLoc0: folds 
lisanulgayb: folds 
Cle0patr4: folds 
Uncalled bet ($1.20) returned to AndreaBsAs
AndreaBsAs collected $2.50 from pot
*** SUMMARY ***
Total pot $2.50 | Rake $0 
Seat 1: AndreaBsAs collected ($2.50)
Seat 2: reiyser folded before Flop (didn't bet)
Seat 3: EyzRED folded before Flop (didn't bet)
Seat 4: BoyLoc0 (button) folded before Flop (didn't bet)
Seat 5: lisanulgayb (small blind) folded before Flop
Seat 6: Cle0patr4 (big blind) folded before Flop



PokerStars Hand #254690222522:  Hold'em No Limit ($0.50/$1.00 USD) - 2025/02/03 18:36:01 WET [2025/02/03 13:36:01 ET]
Table 'Pales II' 6-max Seat #5 is the button
Seat 1: AndreaBsAs ($102.72 in chips) 
Seat 2: reiyser ($100 in chips) 
Seat 3: EyzRED ($118.70 in chips) 
Seat 4: BoyLoc0 ($221.37 in chips) 
Seat 5: lisanulgayb ($197.17 in chips) 
Seat 6: Cle0patr4 ($111.59 in chips) 
Cle0patr4: posts small blind $0.50
AndreaBsAs: posts big blind $1
*** HOLE CARDS ***
reiyser: folds 
EyzRED: folds 
BoyLoc0: raises $1.50 to $2.50
lisanulgayb: folds 
Cle0patr4: folds 
AndreaBsAs: folds 
Uncalled bet ($1.50) returned to BoyLoc0
BoyLoc0 collected $2.50 from pot
BoyLoc0: doesn't show hand 
*** SUMMARY ***
Total pot $2.50 | Rake $0 
Seat 1: AndreaBsAs (big blind) folded before Flop
Seat 2: reiyser folded before Flop (didn't bet)
Seat 3: EyzRED folded before Flop (didn't bet)
Seat 4: BoyLoc0 collected ($2.50)
Seat 5: lisanulgayb (button) folded before Flop (didn't bet)
Seat 6: Cle0patr4 (small blind) folded before Flop



PokerStars Hand #254690229079:  Hold'em No Limit ($0.50/$1.00 USD) - 2025/02/03 18:36:24 WET [2025/02/03 13:36:24 ET]
Table 'Pales II' 6-max Seat #6 is the button
Seat 1: AndreaBsAs ($101.72 in chips) 
Seat 2: reiyser ($100 in chips) 
Seat 3: EyzRED ($118.70 in chips) 
Seat 4: BoyLoc0 ($222.87 in chips) 
Seat 5: lisanulgayb ($197.17 in chips) 
Seat 6: Cle0patr4 ($111.09 in chips) 
AndreaBsAs: posts small blind $0.50
reiyser: posts big blind $1
*** HOLE CARDS ***
EyzRED: folds 
BoyLoc0: raises $1.50 to $2.50
lisanulgayb: folds 
Cle0patr4 has timed out
Cle0patr4: folds 
AndreaBsAs: folds 
reiyser: folds 
Uncalled bet ($1.50) returned to BoyLoc0
BoyLoc0 collected $2.50 from pot
BoyLoc0: doesn't show hand 
*** SUMMARY ***
Total pot $2.50 | Rake $0 
Seat 1: AndreaBsAs (small blind) folded before Flop
Seat 2: reiyser (big blind) folded before Flop
Seat 3: EyzRED folded before Flop (didn't bet)
Seat 4: BoyLoc0 collected ($2.50)
Seat 5: lisanulgayb folded before Flop (didn't bet)
Seat 6: Cle0patr4 (button) folded before Flop (didn't bet)



PokerStars Hand #254690247045:  Hold'em No Limit ($0.50/$1.00 USD) - 2025/02/03 18:37:25 WET [2025/02/03 13:37:25 ET]
Table 'Pales II' 6-max Seat #1 is the button
Seat 6: Cle0patr4 ($111.09 in chips) is sitting out
Seat 1: AndreaBsAs ($101.22 in chips) 
Seat 2: reiyser ($100 in chips) 
Seat 3: EyzRED ($118.70 in chips) 
Seat 4: BoyLoc0 ($224.37 in chips) 
Seat 5: lisanulgayb ($197.17 in chips) 
reiyser: posts small blind $0.50
EyzRED: posts big blind $1
*** HOLE CARDS ***
BoyLoc0: folds 
lisanulgayb: raises $1 to $2
AndreaBsAs: raises $4 to $6
reiyser: folds 
EyzRED: folds 
lisanulgayb: folds 
Uncalled bet ($4) returned to AndreaBsAs
AndreaBsAs collected $5.50 from pot
*** SUMMARY ***
Total pot $5.50 | Rake $0 
Seat 6: Cle0patr4
Seat 1: AndreaBsAs (button) collected ($5.50)
Seat 2: reiyser (small blind) folded before Flop
Seat 3: EyzRED (big blind) folded before Flop
Seat 4: BoyLoc0 folded before Flop (didn't bet)
Seat 5: lisanulgayb folded before Flop



PokerStars Hand #254690290617:  Hold'em No Limit ($0.50/$1.00 USD) - 2025/02/03 18:39:52 WET [2025/02/03 13:39:52 ET]
Table 'Pales II' 6-max Seat #4 is the button
Seat 6: Cle0patr4 ($111.09 in chips) is sitting out
Seat 1: AndreaBsAs ($104.72 in chips) 
Seat 2: reiyser ($100 in chips) 
Seat 3: EyzRED ($117.20 in chips) 
Seat 4: BoyLoc0 ($203.54 in chips) 
Seat 5: lisanulgayb ($213.56 in chips) 
lisanulgayb: posts small blind $0.50
AndreaBsAs: posts big blind $1
*** HOLE CARDS ***
reiyser: raises $1.23 to $2.23
EyzRED: folds 
BoyLoc0: folds 
lisanulgayb: calls $1.73
AndreaBsAs: folds 
*** FLOP *** [7s Kc 4h]
lisanulgayb: checks 
reiyser: bets $1.51
lisanulgayb: folds 
Uncalled bet ($1.51) returned to reiyser
reiyser collected $5.19 from pot
reiyser: doesn't show hand 
*** SUMMARY ***
Total pot $5.46 | Rake $0.27 
Board [7s Kc 4h]
Seat 6: Cle0patr4
Seat 1: AndreaBsAs (big blind) folded before Flop
Seat 2: reiyser collected ($5.19)
Seat 3: EyzRED folded before Flop (didn't bet)
Seat 4: BoyLoc0 (button) folded before Flop (didn't bet)
Seat 5: lisanulgayb (small blind) folded on the Flop



PokerStars Hand #254690303998:  Hold'em No Limit ($0.50/$1.00 USD) - 2025/02/03 18:40:37 WET [2025/02/03 13:40:37 ET]
Table 'Pales II' 6-max Seat #5 is the button
Seat 6: Cle0patr4 ($111.09 in chips) is sitting out
Seat 1: AndreaBsAs ($103.72 in chips) 
Seat 2: reiyser ($102.96 in chips) 
Seat 3: EyzRED ($117.20 in chips) 
Seat 4: BoyLoc0 ($203.54 in chips) 
Seat 5: lisanulgayb ($211.33 in chips) 
AndreaBsAs: posts small blind $0.50
reiyser: posts big blind $1
*** HOLE CARDS ***
EyzRED: folds 
BoyLoc0: folds 
lisanulgayb: raises $1 to $2
AndreaBsAs: folds 
reiyser: calls $1
*** FLOP *** [6c Jc 7c]
reiyser: checks 
lisanulgayb: bets $2.14
reiyser: folds 
Uncalled bet ($2.14) returned to lisanulgayb
lisanulgayb collected $4.28 from pot
*** SUMMARY ***
Total pot $4.50 | Rake $0.22 
Board [6c Jc 7c]
Seat 6: Cle0patr4
Seat 1: AndreaBsAs (small blind) folded before Flop
Seat 2: reiyser (big blind) folded on the Flop
Seat 3: EyzRED folded before Flop (didn't bet)
Seat 4: BoyLoc0 folded before Flop (didn't bet)
Seat 5: lisanulgayb (button) collected ($4.28)



PokerStars Hand #254690312063:  Hold'em No Limit ($0.50/$1.00 USD) - 2025/02/03 18:41:04 WET [2025/02/03 13:41:04 ET]
Table 'Pales II' 6-max Seat #1 is the button
Seat 6: Cle0patr4 ($111.09 in chips) is sitting out
Seat 1: AndreaBsAs ($103.22 in chips) 
Seat 2: reiyser ($100.96 in chips) 
Seat 3: EyzRED ($117.20 in chips) 
Seat 4: BoyLoc0 ($203.54 in chips) 
Seat 5: lisanulgayb ($213.61 in chips) 
reiyser: posts small blind $0.50
EyzRED: posts big blind $1
*** HOLE CARDS ***
BoyLoc0: raises $1.50 to $2.50
lisanulgayb: raises $5.50 to $8
AndreaBsAs: folds 
reiyser: folds 
EyzRED: folds 
BoyLoc0: calls $5.50
*** FLOP *** [Kd 9h 4h]
BoyLoc0: checks 
lisanulgayb: bets $8.31
BoyLoc0: raises $16.62 to $24.93
lisanulgayb: raises $33.24 to $58.17
BoyLoc0: raises $137.37 to $195.54 and is all-in
lisanulgayb: calls $137.37
*** TURN *** [Kd 9h 4h] [Kh]
*** RIVER *** [Kd 9h 4h Kh] [Ks]
*** SHOW DOWN ***
BoyLoc0: shows [9d 9s] (a full house, Kings full of Nines)
lisanulgayb: shows [As Ad] (a full house, Kings full of Aces)
lisanulgayb collected $406.08 from pot
*** SUMMARY ***
Total pot $408.58 | Rake $2.50 
Board [Kd 9h 4h Kh Ks]
Seat 6: Cle0patr4
Seat 1: AndreaBsAs (button) folded before Flop (didn't bet)
Seat 2: reiyser (small blind) folded before Flop
Seat 3: EyzRED (big blind) folded before Flop
Seat 4: BoyLoc0 showed [9d 9s] and lost with a full house, Kings full of Nines
Seat 5: lisanulgayb showed [As Ad] and won ($406.08) with a full house, Kings full of Aces



PokerStars Hand #254690330958:  Hold'em No Limit ($0.50/$1.00 USD) - 2025/02/03 18:42:08 WET [2025/02/03 13:42:08 ET]
Table 'Pales II' 6-max Seat #2 is the button
Seat 6: Cle0patr4 ($111.09 in chips) is sitting out
Seat 1: AndreaBsAs ($103.22 in chips) 
Seat 2: reiyser ($100.46 in chips) 
Seat 3: EyzRED ($116.20 in chips) 
Seat 4: BoyLoc0 ($100 in chips) 
Seat 5: lisanulgayb ($416.15 in chips) 
EyzRED: posts small blind $0.50
BoyLoc0: posts big blind $1
Cle0patr4: sits out 
*** HOLE CARDS ***
lisanulgayb: folds 
AndreaBsAs: folds 
reiyser: folds 
EyzRED: raises $2 to $3
BoyLoc0: raises $7 to $10
EyzRED: raises $12 to $22
BoyLoc0: raises $78 to $100 and is all-in
EyzRED: calls $78
*** FLOP *** [3c Ts 2c]
*** TURN *** [3c Ts 2c] [9c]
*** RIVER *** [3c Ts 2c 9c] [Jh]
*** SHOW DOWN ***
EyzRED: shows [Ks Ac] (high card Ace)
BoyLoc0: shows [Td Th] (three of a kind, Tens)
BoyLoc0 collected $197.50 from pot
*** SUMMARY ***
Total pot $200 | Rake $2.50 
Board [3c Ts 2c 9c Jh]
Seat 6: Cle0patr4
Seat 1: AndreaBsAs folded before Flop (didn't bet)
Seat 2: reiyser (button) folded before Flop (didn't bet)
Seat 3: EyzRED (small blind) showed [Ks Ac] and lost with high card Ace
Seat 4: BoyLoc0 (big blind) showed [Td Th] and won ($197.50) with three of a kind, Tens
Seat 5: lisanulgayb folded before Flop (didn't bet)



PokerStars Hand #254690349675:  Hold'em No Limit ($0.50/$1.00 USD) - 2025/02/03 18:43:11 WET [2025/02/03 13:43:11 ET]
Table 'Pales II' 6-max Seat #3 is the button
Seat 6: Cle0patr4 ($111.09 in chips) is sitting out
Seat 1: AndreaBsAs ($103.22 in chips) 
Seat 2: reiyser ($100.46 in chips) 
Seat 3: EyzRED ($100 in chips) 
Seat 4: BoyLoc0 ($197.50 in chips) 
Seat 5: lisanulgayb ($416.15 in chips) 
BoyLoc0: posts small blind $0.50
lisanulgayb: posts big blind $1
Cle0patr4: sits out 
*** HOLE CARDS ***
AndreaBsAs: folds 
reiyser: folds 
EyzRED: folds 
BoyLoc0: folds 
Uncalled bet ($0.50) returned to lisanulgayb
lisanulgayb collected $1 from pot
*** SUMMARY ***
Total pot $1 | Rake $0 
Seat 6: Cle0patr4
Seat 1: AndreaBsAs folded before Flop (didn't bet)
Seat 2: reiyser folded before Flop (didn't bet)
Seat 3: EyzRED (button) folded before Flop (didn't bet)
Seat 4: BoyLoc0 (small blind) folded before Flop
Seat 5: lisanulgayb (big blind) collected ($1)



PokerStars Hand #254690352598:  Hold'em No Limit ($0.50/$1.00 USD) - 2025/02/03 18:43:21 WET [2025/02/03 13:43:21 ET]
Table 'Pales II' 6-max Seat #4 is the button
Seat 1: AndreaBsAs ($103.22 in chips) 
Seat 2: reiyser ($100.46 in chips) 
Seat 3: EyzRED ($100 in chips) 
Seat 4: BoyLoc0 ($197 in chips) 
Seat 5: lisanulgayb ($416.65 in chips) 
Seat 6: Cle0patr4 ($111.09 in chips) 
lisanulgayb: posts small blind $0.50
Cle0patr4: posts big blind $1
*** HOLE CARDS ***
AndreaBsAs: folds 
reiyser: raises $1.23 to $2.23
EyzRED: folds 
BoyLoc0: folds 
lisanulgayb: folds 
Cle0patr4: folds 
Uncalled bet ($1.23) returned to reiyser
reiyser collected $2.50 from pot
reiyser: doesn't show hand 
*** SUMMARY ***
Total pot $2.50 | Rake $0 
Seat 1: AndreaBsAs folded before Flop (didn't bet)
Seat 2: reiyser collected ($2.50)
Seat 3: EyzRED folded before Flop (didn't bet)
Seat 4: BoyLoc0 (button) folded before Flop (didn't bet)
Seat 5: lisanulgayb (small blind) folded before Flop
Seat 6: Cle0patr4 (big blind) folded before Flop



PokerStars Hand #254690358154:  Hold'em No Limit ($0.50/$1.00 USD) - 2025/02/03 18:43:39 WET [2025/02/03 13:43:39 ET]
Table 'Pales II' 6-max Seat #5 is the button
Seat 1: AndreaBsAs ($103.22 in chips) 
Seat 2: reiyser ($101.96 in chips) 
Seat 3: EyzRED ($100 in chips) 
Seat 4: BoyLoc0 ($197 in chips) 
Seat 5: lisanulgayb ($416.15 in chips) 
Seat 6: Cle0patr4 ($110.09 in chips) 
Cle0patr4: posts small blind $0.50
AndreaBsAs: posts big blind $1
*** HOLE CARDS ***
reiyser: folds 
EyzRED: folds 
BoyLoc0: folds 
lisanulgayb: folds 
Cle0patr4: folds 
Uncalled bet ($0.50) returned to AndreaBsAs
AndreaBsAs collected $1 from pot
*** SUMMARY ***
Total pot $1 | Rake $0 
Seat 1: AndreaBsAs (big blind) collected ($1)
Seat 2: reiyser folded before Flop (didn't bet)
Seat 3: EyzRED folded before Flop (didn't bet)
Seat 4: BoyLoc0 folded before Flop (didn't bet)
Seat 5: lisanulgayb (button) folded before Flop (didn't bet)
Seat 6: Cle0patr4 (small blind) folded before Flop



PokerStars Hand #254690362683:  Hold'em No Limit ($0.50/$1.00 USD) - 2025/02/03 18:43:55 WET [2025/02/03 13:43:55 ET]
Table 'Pales II' 6-max Seat #6 is the button
Seat 1: AndreaBsAs ($103.72 in chips) 
Seat 2: reiyser ($101.96 in chips) 
Seat 3: EyzRED ($100 in chips) 
Seat 4: BoyLoc0 ($197 in chips) 
Seat 5: lisanulgayb ($416.15 in chips) 
Seat 6: Cle0patr4 ($109.59 in chips) 
AndreaBsAs: posts small blind $0.50
reiyser: posts big blind $1
*** HOLE CARDS ***
EyzRED: folds 
BoyLoc0: raises $1.50 to $2.50
lisanulgayb: folds 
Cle0patr4: raises $5 to $7.50
AndreaBsAs: folds 
reiyser: folds 
BoyLoc0: folds 
Uncalled bet ($5) returned to Cle0patr4
Cle0patr4 collected $6.50 from pot
Cle0patr4: doesn't show hand 
*** SUMMARY ***
Total pot $6.50 | Rake $0 
Seat 1: AndreaBsAs (small blind) folded before Flop
Seat 2: reiyser (big blind) folded before Flop
Seat 3: EyzRED folded before Flop (didn't bet)
Seat 4: BoyLoc0 folded before Flop
Seat 5: lisanulgayb folded before Flop (didn't bet)
Seat 6: Cle0patr4 (button) collected ($6.50)



PokerStars Hand #254690369754:  Hold'em No Limit ($0.50/$1.00 USD) - 2025/02/03 18:44:19 WET [2025/02/03 13:44:19 ET]
Table 'Pales II' 6-max Seat #1 is the button
Seat 1: AndreaBsAs ($103.22 in chips) 
Seat 2: reiyser ($100.96 in chips) 
Seat 3: EyzRED ($100 in chips) 
Seat 4: BoyLoc0 ($194.50 in chips) 
Seat 5: lisanulgayb ($416.15 in chips) 
Seat 6: Cle0patr4 ($113.59 in chips) 
reiyser: posts small blind $0.50
EyzRED: posts big blind $1
*** HOLE CARDS ***
BoyLoc0: folds 
lisanulgayb: raises $1 to $2
Cle0patr4: folds 
AndreaBsAs: folds 
reiyser: folds 
EyzRED: folds 
Uncalled bet ($1) returned to lisanulgayb
lisanulgayb collected $2.50 from pot
*** SUMMARY ***
Total pot $2.50 | Rake $0 
Seat 1: AndreaBsAs (button) folded before Flop (didn't bet)
Seat 2: reiyser (small blind) folded before Flop
Seat 3: EyzRED (big blind) folded before Flop
Seat 4: BoyLoc0 folded before Flop (didn't bet)
Seat 5: lisanulgayb collected ($2.50)
Seat 6: Cle0patr4 folded before Flop (didn't bet)



PokerStars Hand #254690376804:  Hold'em No Limit ($0.50/$1.00 USD) - 2025/02/03 18:44:42 WET [2025/02/03 13:44:42 ET]
Table 'Pales II' 6-max Seat #2 is the button
Seat 1: AndreaBsAs ($103.22 in chips) 
Seat 2: reiyser ($100.46 in chips) 
Seat 3: EyzRED ($100 in chips) 
Seat 4: BoyLoc0 ($194.50 in chips) 
Seat 5: lisanulgayb ($417.65 in chips) 
Seat 6: Cle0patr4 ($113.59 in chips) 
EyzRED: posts small blind $0.50
BoyLoc0: posts big blind $1
*** HOLE CARDS ***
lisanulgayb: folds 
Cle0patr4: folds 
AndreaBsAs: raises $1.50 to $2.50
reiyser: folds 
EyzRED: folds 
BoyLoc0: folds 
Uncalled bet ($1.50) returned to AndreaBsAs
AndreaBsAs collected $2.50 from pot
*** SUMMARY ***
Total pot $2.50 | Rake $0 
Seat 1: AndreaBsAs collected ($2.50)
Seat 2: reiyser (button) folded before Flop (didn't bet)
Seat 3: EyzRED (small blind) folded before Flop
Seat 4: BoyLoc0 (big blind) folded before Flop
Seat 5: lisanulgayb folded before Flop (didn't bet)
Seat 6: Cle0patr4 folded before Flop (didn't bet)



PokerStars Hand #254690383366:  Hold'em No Limit ($0.50/$1.00 USD) - 2025/02/03 18:45:05 WET [2025/02/03 13:45:05 ET]
Table 'Pales II' 6-max Seat #3 is the button
Seat 1: AndreaBsAs ($104.72 in chips) 
Seat 2: reiyser ($100.46 in chips) 
Seat 3: EyzRED ($100 in chips) 
Seat 4: BoyLoc0 ($193.50 in chips) 
Seat 5: lisanulgayb ($417.65 in chips) 
Seat 6: Cle0patr4 ($113.59 in chips) 
BoyLoc0: posts small blind $0.50
lisanulgayb: posts big blind $1
*** HOLE CARDS ***
Cle0patr4: folds 
AndreaBsAs: folds 
reiyser: folds 
EyzRED: folds 
BoyLoc0: raises $2 to $3
lisanulgayb: folds 
Uncalled bet ($2) returned to BoyLoc0
BoyLoc0 collected $2 from pot
BoyLoc0: doesn't show hand 
*** SUMMARY ***
Total pot $2 | Rake $0 
Seat 1: AndreaBsAs folded before Flop (didn't bet)
Seat 2: reiyser folded before Flop (didn't bet)
Seat 3: EyzRED (button) folded before Flop (didn't bet)
Seat 4: BoyLoc0 (small blind) collected ($2)
Seat 5: lisanulgayb (big blind) folded before Flop
Seat 6: Cle0patr4 folded before Flop (didn't bet)



PokerStars Hand #254690387458:  Hold'em No Limit ($0.50/$1.00 USD) - 2025/02/03 18:45:19 WET [2025/02/03 13:45:19 ET]
Table 'Pales II' 6-max Seat #4 is the button
Seat 1: AndreaBsAs ($104.72 in chips) 
Seat 2: reiyser ($100.46 in chips) 
Seat 3: EyzRED ($100 in chips) 
Seat 4: BoyLoc0 ($194.50 in chips) 
Seat 5: lisanulgayb ($416.65 in chips) 
Seat 6: Cle0patr4 ($113.59 in chips) 
lisanulgayb: posts small blind $0.50
Cle0patr4: posts big blind $1
*** HOLE CARDS ***
AndreaBsAs: folds 
reiyser: folds 
EyzRED: raises $1.20 to $2.20
BoyLoc0: folds 
lisanulgayb: folds 
Cle0patr4: calls $1.20
*** FLOP *** [9h Kd 4d]
Cle0patr4: checks 
EyzRED: checks 
*** TURN *** [9h Kd 4d] [4s]
Cle0patr4: bets $2.47
EyzRED: calls $2.47
*** RIVER *** [9h Kd 4d 4s] [2s]
Cle0patr4: checks 
EyzRED: checks 
*** SHOW DOWN ***
Cle0patr4: shows [9d Td] (two pair, Nines and Fours)
EyzRED: mucks hand 
Cle0patr4 collected $9.35 from pot
*** SUMMARY ***
Total pot $9.84 | Rake $0.49 
Board [9h Kd 4d 4s 2s]
Seat 1: AndreaBsAs folded before Flop (didn't bet)
Seat 2: reiyser folded before Flop (didn't bet)
Seat 3: EyzRED mucked
Seat 4: BoyLoc0 (button) folded before Flop (didn't bet)
Seat 5: lisanulgayb (small blind) folded before Flop
Seat 6: Cle0patr4 (big blind) showed [9d Td] and won ($9.35) with two pair, Nines and Fours



PokerStars Hand #254690401965:  Hold'em No Limit ($0.50/$1.00 USD) - 2025/02/03 18:46:08 WET [2025/02/03 13:46:08 ET]
Table 'Pales II' 6-max Seat #5 is the button
Seat 1: AndreaBsAs ($104.72 in chips) 
Seat 2: reiyser ($100.46 in chips) 
Seat 3: EyzRED ($100 in chips) 
Seat 4: BoyLoc0 ($194.50 in chips) 
Seat 5: lisanulgayb ($416.15 in chips) 
Seat 6: Cle0patr4 ($118.27 in chips) 
Cle0patr4: posts small blind $0.50
AndreaBsAs: posts big blind $1
*** HOLE CARDS ***
reiyser: folds 
EyzRED: folds 
BoyLoc0: folds 
lisanulgayb: folds 
Cle0patr4: raises $1.50 to $2.50
AndreaBsAs: folds 
Uncalled bet ($1.50) returned to Cle0patr4
Cle0patr4 collected $2 from pot
Cle0patr4: doesn't show hand 
*** SUMMARY ***
Total pot $2 | Rake $0 
Seat 1: AndreaBsAs (big blind) folded before Flop
Seat 2: reiyser folded before Flop (didn't bet)
Seat 3: EyzRED folded before Flop (didn't bet)
Seat 4: BoyLoc0 folded before Flop (didn't bet)
Seat 5: lisanulgayb (button) folded before Flop (didn't bet)
Seat 6: Cle0patr4 (small blind) collected ($2)



PokerStars Hand #254690407847:  Hold'em No Limit ($0.50/$1.00 USD) - 2025/02/03 18:46:27 WET [2025/02/03 13:46:27 ET]
Table 'Pales II' 6-max Seat #6 is the button
Seat 1: AndreaBsAs ($103.72 in chips) 
Seat 2: reiyser ($100.46 in chips) 
Seat 3: EyzRED ($100 in chips) 
Seat 4: BoyLoc0 ($194.50 in chips) 
Seat 5: lisanulgayb ($416.15 in chips) 
Seat 6: Cle0patr4 ($119.27 in chips) 
AndreaBsAs: posts small blind $0.50
reiyser: posts big blind $1
*** HOLE CARDS ***
EyzRED: folds 
BoyLoc0: folds 
lisanulgayb: raises $1 to $2
Cle0patr4: folds 
AndreaBsAs: raises $9 to $11
reiyser: folds 
lisanulgayb: calls $9
*** FLOP *** [Ks 8h Qs]
AndreaBsAs: bets $10.93
lisanulgayb: folds 
Uncalled bet ($10.93) returned to AndreaBsAs
AndreaBsAs collected $21.85 from pot
*** SUMMARY ***
Total pot $23 | Rake $1.15 
Board [Ks 8h Qs]
Seat 1: AndreaBsAs (small blind) collected ($21.85)
Seat 2: reiyser (big blind) folded before Flop
Seat 3: EyzRED folded before Flop (didn't bet)
Seat 4: BoyLoc0 folded before Flop (didn't bet)
Seat 5: lisanulgayb folded on the Flop
Seat 6: Cle0patr4 (button) folded before Flop (didn't bet)



PokerStars Hand #254690421653:  Hold'em No Limit ($0.50/$1.00 USD) - 2025/02/03 18:47:14 WET [2025/02/03 13:47:14 ET]
Table 'Pales II' 6-max Seat #1 is the button
Seat 1: AndreaBsAs ($114.57 in chips) 
Seat 2: reiyser ($100 in chips) 
Seat 3: EyzRED ($100 in chips) 
Seat 4: BoyLoc0 ($194.50 in chips) 
Seat 5: lisanulgayb ($405.15 in chips) 
Seat 6: Cle0patr4 ($119.27 in chips) 
reiyser: posts small blind $0.50
EyzRED: posts big blind $1
*** HOLE CARDS ***
BoyLoc0: folds 
lisanulgayb: folds 
lisanulgayb leaves the table
Cle0patr4: folds 
AndreaBsAs: folds 
JUANS2 joins the table at seat #5 
reiyser: raises $1.80 to $2.80
Cle0patr4 leaves the table
EyzRED: calls $1.80
*** FLOP *** [3h 8d 3d]
reiyser: checks 
EyzRED: bets $2.66
reiyser: raises $5.53 to $8.19
EyzRED: calls $5.53
*** TURN *** [3h 8d 3d] [Jc]
reiyser: checks 
EyzRED: checks 
*** RIVER *** [3h 8d 3d Jc] [4h]
reiyser: bets $10.86
EyzRED: calls $10.86
*** SHOW DOWN ***
reiyser: shows [9h 9s] (two pair, Nines and Threes)
EyzRED: mucks hand 
reiyser collected $41.52 from pot
*** SUMMARY ***
Total pot $43.70 | Rake $2.18 
Board [3h 8d 3d Jc 4h]
Seat 1: AndreaBsAs (button) folded before Flop (didn't bet)
Seat 2: reiyser (small blind) showed [9h 9s] and won ($41.52) with two pair, Nines and Threes
Seat 3: EyzRED (big blind) mucked
Seat 4: BoyLoc0 folded before Flop (didn't bet)
Seat 5: lisanulgayb folded before Flop (didn't bet)
Seat 6: Cle0patr4 folded before Flop (didn't bet)



PokerStars Hand #254690448205:  Hold'em No Limit ($0.50/$1.00 USD) - 2025/02/03 18:48:44 WET [2025/02/03 13:48:44 ET]
Table 'Pales II' 6-max Seat #2 is the button
Seat 5: JUANS2 ($100 in chips) is sitting out
Seat 1: AndreaBsAs ($114.57 in chips) 
Seat 2: reiyser ($119.67 in chips) 
Seat 3: EyzRED ($100 in chips) 
Seat 4: BoyLoc0 ($194.50 in chips) 
EyzRED: posts small blind $0.50
BoyLoc0: posts big blind $1
JUANS2: sits out 
*** HOLE CARDS ***
JUANS2 leaves the table
AndreaBsAs: folds 
reiyser: folds 
EyzRED: folds 
Uncalled bet ($0.50) returned to BoyLoc0
BoyLoc0 collected $1 from pot
BoyLoc0: doesn't show hand 
*** SUMMARY ***
Total pot $1 | Rake $0 
Seat 5: JUANS2
Seat 1: AndreaBsAs folded before Flop (didn't bet)
Seat 2: reiyser (button) folded before Flop (didn't bet)
Seat 3: EyzRED (small blind) folded before Flop
Seat 4: BoyLoc0 (big blind) collected ($1)



PokerStars Hand #254690451930:  Hold'em No Limit ($0.50/$1.00 USD) - 2025/02/03 18:48:57 WET [2025/02/03 13:48:57 ET]
Table 'Pales II' 6-max Seat #3 is the button
Seat 1: AndreaBsAs ($114.57 in chips) 
Seat 2: reiyser ($119.67 in chips) 
Seat 3: EyzRED ($100 in chips) 
Seat 4: BoyLoc0 ($195 in chips) 
BoyLoc0: posts small blind $0.50
AndreaBsAs: posts big blind $1
*** HOLE CARDS ***
reiyser: folds 
EyzRED: folds 
BoyLoc0: raises $2 to $3
AndreaBsAs: folds 
Uncalled bet ($2) returned to BoyLoc0
BoyLoc0 collected $2 from pot
BoyLoc0: doesn't show hand 
*** SUMMARY ***
Total pot $2 | Rake $0 
Seat 1: AndreaBsAs (big blind) folded before Flop
Seat 2: reiyser folded before Flop (didn't bet)
Seat 3: EyzRED (button) folded before Flop (didn't bet)
Seat 4: BoyLoc0 (small blind) collected ($2)



