PokerStars Hand #254687398571:  Hold'em No Limit ($0.50/$1.00 USD) - 2025/02/03 15:14:38 WET [2025/02/03 10:14:38 ET]
Table 'Aludra II' 6-max Seat #3 is the button
Seat 1: easy_sarcasm ($100 in chips) 
Seat 2: Rysiff ($100 in chips) 
Seat 3: ReVeu710 ($100 in chips) 
Seat 4: Flix2204 ($103 in chips) 
Seat 5: Foxman1851 ($52.06 in chips) 
Seat 6: app1e_j@ck ($100 in chips) 
Flix2204: posts small blind $0.50
Foxman1851: posts big blind $1
*** HOLE CARDS ***
app1e_j@ck: folds 
easy_sarcasm: folds 
Rysiff: folds 
ReVeu710: folds 
Flix2204: raises $2 to $3
Foxman1851: folds 
Uncalled bet ($2) returned to Flix2204
Flix2204 collected $2 from pot
Flix2204: doesn't show hand 
*** SUMMARY ***
Total pot $2 | Rake $0 
Seat 1: easy_sarcasm folded before Flop (didn't bet)
Seat 2: Rysiff folded before Flop (didn't bet)
Seat 3: ReVeu710 (button) folded before Flop (didn't bet)
Seat 4: Flix2204 (small blind) collected ($2)
Seat 5: Foxman1851 (big blind) folded before Flop
Seat 6: app1e_j@ck folded before Flop (didn't bet)



PokerStars Hand #254687402306:  Hold'em No Limit ($0.50/$1.00 USD) - 2025/02/03 15:14:58 WET [2025/02/03 10:14:58 ET]
Table 'Aludra II' 6-max Seat #4 is the button
Seat 1: easy_sarcasm ($100 in chips) 
Seat 2: Rysiff ($100 in chips) 
Seat 3: ReVeu710 ($100 in chips) 
Seat 4: Flix2204 ($104 in chips) 
Seat 5: Foxman1851 ($51.06 in chips) 
Seat 6: app1e_j@ck ($100 in chips) 
Foxman1851: posts small blind $0.50
app1e_j@ck: posts big blind $1
*** HOLE CARDS ***
easy_sarcasm: folds 
Rysiff: folds 
ReVeu710: folds 
Flix2204: raises $1.50 to $2.50
Foxman1851: raises $6 to $8.50
app1e_j@ck: folds 
Flix2204: folds 
Uncalled bet ($6) returned to Foxman1851
Foxman1851 collected $6 from pot
*** SUMMARY ***
Total pot $6 | Rake $0 
Seat 1: easy_sarcasm folded before Flop (didn't bet)
Seat 2: Rysiff folded before Flop (didn't bet)
Seat 3: ReVeu710 folded before Flop (didn't bet)
Seat 4: Flix2204 (button) folded before Flop
Seat 5: Foxman1851 (small blind) collected ($6)
Seat 6: app1e_j@ck (big blind) folded before Flop



PokerStars Hand #254687405728:  Hold'em No Limit ($0.50/$1.00 USD) - 2025/02/03 15:15:15 WET [2025/02/03 10:15:15 ET]
Table 'Aludra II' 6-max Seat #5 is the button
Seat 1: easy_sarcasm ($100 in chips) 
Seat 2: Rysiff ($100 in chips) 
Seat 3: ReVeu710 ($100 in chips) 
Seat 4: Flix2204 ($101.50 in chips) 
Seat 5: Foxman1851 ($54.56 in chips) 
Seat 6: app1e_j@ck ($100 in chips) 
app1e_j@ck: posts small blind $0.50
easy_sarcasm: posts big blind $1
*** HOLE CARDS ***
Rysiff: raises $1.50 to $2.50
ReVeu710: folds 
Flix2204: folds 
Foxman1851: calls $2.50
app1e_j@ck: folds 
easy_sarcasm: folds 
*** FLOP *** [4d 7h 7d]
Rysiff: bets $4.94
Foxman1851: calls $4.94
*** TURN *** [4d 7h 7d] [2d]
Rysiff: checks 
Foxman1851: bets $15.56
Rysiff: raises $37.34 to $52.90
Foxman1851: calls $31.56 and is all-in
Uncalled bet ($5.78) returned to Rysiff
*** RIVER *** [4d 7h 7d 2d] [Ah]
*** SHOW DOWN ***
Rysiff: shows [9s 9h] (two pair, Nines and Sevens)
Foxman1851: shows [7s 8s] (three of a kind, Sevens)
Foxman1851 collected $108.12 from pot
*** SUMMARY ***
Total pot $110.62 | Rake $2.50 
Board [4d 7h 7d 2d Ah]
Seat 1: easy_sarcasm (big blind) folded before Flop
Seat 2: Rysiff showed [9s 9h] and lost with two pair, Nines and Sevens
Seat 3: ReVeu710 folded before Flop (didn't bet)
Seat 4: Flix2204 folded before Flop (didn't bet)
Seat 5: Foxman1851 (button) showed [7s 8s] and won ($108.12) with three of a kind, Sevens
Seat 6: app1e_j@ck (small blind) folded before Flop



PokerStars Hand #254687416730:  Hold'em No Limit ($0.50/$1.00 USD) - 2025/02/03 15:16:12 WET [2025/02/03 10:16:12 ET]
Table 'Aludra II' 6-max Seat #6 is the button
Seat 1: easy_sarcasm ($100 in chips) 
Seat 2: Rysiff ($100 in chips) 
Seat 3: ReVeu710 ($100 in chips) 
Seat 4: Flix2204 ($101.50 in chips) 
Seat 5: Foxman1851 ($108.12 in chips) 
Seat 6: app1e_j@ck ($100 in chips) 
easy_sarcasm: posts small blind $0.50
Rysiff: posts big blind $1
*** HOLE CARDS ***
ReVeu710: folds 
Flix2204: folds 
Foxman1851: raises $2.50 to $3.50
app1e_j@ck: raises $6 to $9.50
easy_sarcasm: folds 
Rysiff: folds 
Foxman1851: calls $6
*** FLOP *** [6h 2s 5s]
Foxman1851: bets $9.74
app1e_j@ck: folds 
Uncalled bet ($9.74) returned to Foxman1851
Foxman1851 collected $19.48 from pot
*** SUMMARY ***
Total pot $20.50 | Rake $1.02 
Board [6h 2s 5s]
Seat 1: easy_sarcasm (small blind) folded before Flop
Seat 2: Rysiff (big blind) folded before Flop
Seat 3: ReVeu710 folded before Flop (didn't bet)
Seat 4: Flix2204 folded before Flop (didn't bet)
Seat 5: Foxman1851 collected ($19.48)
Seat 6: app1e_j@ck (button) folded on the Flop



PokerStars Hand #254687425373:  Hold'em No Limit ($0.50/$1.00 USD) - 2025/02/03 15:16:56 WET [2025/02/03 10:16:56 ET]
Table 'Aludra II' 6-max Seat #1 is the button
Seat 1: easy_sarcasm ($100 in chips) 
Seat 2: Rysiff ($100 in chips) 
Seat 3: ReVeu710 ($100 in chips) 
Seat 4: Flix2204 ($101.50 in chips) 
Seat 5: Foxman1851 ($118.10 in chips) 
Seat 6: app1e_j@ck ($100 in chips) 
Rysiff: posts small blind $0.50
ReVeu710: posts big blind $1
*** HOLE CARDS ***
Flix2204: raises $1 to $2
Foxman1851: folds 
app1e_j@ck: folds 
easy_sarcasm: folds 
Rysiff: folds 
ReVeu710: folds 
Uncalled bet ($1) returned to Flix2204
Flix2204 collected $2.50 from pot
Flix2204: doesn't show hand 
*** SUMMARY ***
Total pot $2.50 | Rake $0 
Seat 1: easy_sarcasm (button) folded before Flop (didn't bet)
Seat 2: Rysiff (small blind) folded before Flop
Seat 3: ReVeu710 (big blind) folded before Flop
Seat 4: Flix2204 collected ($2.50)
Seat 5: Foxman1851 folded before Flop (didn't bet)
Seat 6: app1e_j@ck folded before Flop (didn't bet)



PokerStars Hand #254687428512:  Hold'em No Limit ($0.50/$1.00 USD) - 2025/02/03 15:17:12 WET [2025/02/03 10:17:12 ET]
Table 'Aludra II' 6-max Seat #2 is the button
Seat 1: easy_sarcasm ($100 in chips) 
Seat 2: Rysiff ($100 in chips) 
Seat 3: ReVeu710 ($100 in chips) 
Seat 4: Flix2204 ($103 in chips) 
Seat 5: Foxman1851 ($118.10 in chips) 
Seat 6: app1e_j@ck ($100 in chips) 
ReVeu710: posts small blind $0.50
Flix2204: posts big blind $1
*** HOLE CARDS ***
Foxman1851: folds 
app1e_j@ck: folds 
easy_sarcasm: folds 
Rysiff: raises $1.50 to $2.50
ReVeu710: folds 
Flix2204: calls $1.50
*** FLOP *** [9h 2h 2c]
Flix2204: checks 
Rysiff: bets $1.72
Flix2204: folds 
Uncalled bet ($1.72) returned to Rysiff
Rysiff collected $5.22 from pot
Rysiff: doesn't show hand 
*** SUMMARY ***
Total pot $5.50 | Rake $0.28 
Board [9h 2h 2c]
Seat 1: easy_sarcasm folded before Flop (didn't bet)
Seat 2: Rysiff (button) collected ($5.22)
Seat 3: ReVeu710 (small blind) folded before Flop
Seat 4: Flix2204 (big blind) folded on the Flop
Seat 5: Foxman1851 folded before Flop (didn't bet)
Seat 6: app1e_j@ck folded before Flop (didn't bet)



PokerStars Hand #254687437359:  Hold'em No Limit ($0.50/$1.00 USD) - 2025/02/03 15:17:57 WET [2025/02/03 10:17:57 ET]
Table 'Aludra II' 6-max Seat #3 is the button
Seat 1: easy_sarcasm ($100 in chips) 
Seat 2: Rysiff ($102.72 in chips) 
Seat 3: ReVeu710 ($100 in chips) 
Seat 4: Flix2204 ($100.50 in chips) 
Seat 5: Foxman1851 ($118.10 in chips) 
Seat 6: app1e_j@ck ($100 in chips) 
Flix2204: posts small blind $0.50
Foxman1851: posts big blind $1
*** HOLE CARDS ***
app1e_j@ck: raises $1.50 to $2.50
easy_sarcasm: folds 
Rysiff: folds 
ReVeu710: folds 
Flix2204: folds 
Foxman1851: folds 
Uncalled bet ($1.50) returned to app1e_j@ck
app1e_j@ck collected $2.50 from pot
app1e_j@ck: doesn't show hand 
*** SUMMARY ***
Total pot $2.50 | Rake $0 
Seat 1: easy_sarcasm folded before Flop (didn't bet)
Seat 2: Rysiff folded before Flop (didn't bet)
Seat 3: ReVeu710 (button) folded before Flop (didn't bet)
Seat 4: Flix2204 (small blind) folded before Flop
Seat 5: Foxman1851 (big blind) folded before Flop
Seat 6: app1e_j@ck collected ($2.50)



PokerStars Hand #254687440994:  Hold'em No Limit ($0.50/$1.00 USD) - 2025/02/03 15:18:15 WET [2025/02/03 10:18:15 ET]
Table 'Aludra II' 6-max Seat #4 is the button
Seat 1: easy_sarcasm ($100 in chips) 
Seat 2: Rysiff ($102.72 in chips) 
Seat 3: ReVeu710 ($100 in chips) 
Seat 4: Flix2204 ($100 in chips) 
Seat 5: Foxman1851 ($117.10 in chips) 
Seat 6: app1e_j@ck ($101.50 in chips) 
Foxman1851: posts small blind $0.50
app1e_j@ck: posts big blind $1
*** HOLE CARDS ***
easy_sarcasm: folds 
Rysiff: folds 
ReVeu710: folds 
Flix2204: raises $1.50 to $2.50
Foxman1851: calls $2
app1e_j@ck: folds 
*** FLOP *** [Th 3s 5c]
Foxman1851: bets $5.70
Flix2204: calls $5.70
*** TURN *** [Th 3s 5c] [4c]
Foxman1851: bets $16.53
Flix2204: calls $16.53
*** RIVER *** [Th 3s 5c 4c] [Ah]
Foxman1851: bets $92.37 and is all-in
Flix2204: calls $75.27 and is all-in
Uncalled bet ($17.10) returned to Foxman1851
*** SHOW DOWN ***
Foxman1851: shows [Ac 3d] (two pair, Aces and Threes)
Flix2204: shows [Ts 6s] (a pair of Tens)
Foxman1851 collected $198.50 from pot
*** SUMMARY ***
Total pot $201 | Rake $2.50 
Board [Th 3s 5c 4c Ah]
Seat 1: easy_sarcasm folded before Flop (didn't bet)
Seat 2: Rysiff folded before Flop (didn't bet)
Seat 3: ReVeu710 folded before Flop (didn't bet)
Seat 4: Flix2204 (button) showed [Ts 6s] and lost with a pair of Tens
Seat 5: Foxman1851 (small blind) showed [Ac 3d] and won ($198.50) with two pair, Aces and Threes
Seat 6: app1e_j@ck (big blind) folded before Flop



PokerStars Hand #254687457273:  Hold'em No Limit ($0.50/$1.00 USD) - 2025/02/03 15:19:37 WET [2025/02/03 10:19:37 ET]
Table 'Aludra II' 6-max Seat #5 is the button
Seat 1: easy_sarcasm ($100 in chips) 
Seat 2: Rysiff ($102.72 in chips) 
Seat 3: ReVeu710 ($100 in chips) 
Seat 4: Flix2204 ($100 in chips) 
Seat 5: Foxman1851 ($215.60 in chips) 
Seat 6: app1e_j@ck ($100.50 in chips) 
app1e_j@ck: posts small blind $0.50
easy_sarcasm: posts big blind $1
*** HOLE CARDS ***
Rysiff: folds 
ReVeu710: raises $1 to $2
Flix2204: folds 
Foxman1851: folds 
app1e_j@ck: raises $10 to $12
easy_sarcasm: folds 
ReVeu710: raises $13 to $25
app1e_j@ck: folds 
Uncalled bet ($13) returned to ReVeu710
ReVeu710 collected $25 from pot
ReVeu710: doesn't show hand 
*** SUMMARY ***
Total pot $25 | Rake $0 
Seat 1: easy_sarcasm (big blind) folded before Flop
Seat 2: Rysiff folded before Flop (didn't bet)
Seat 3: ReVeu710 collected ($25)
Seat 4: Flix2204 folded before Flop (didn't bet)
Seat 5: Foxman1851 (button) folded before Flop (didn't bet)
Seat 6: app1e_j@ck (small blind) folded before Flop



PokerStars Hand #254687470518:  Hold'em No Limit ($0.50/$1.00 USD) - 2025/02/03 15:20:44 WET [2025/02/03 10:20:44 ET]
Table 'Aludra II' 6-max Seat #6 is the button
Seat 1: easy_sarcasm ($100 in chips) 
Seat 2: Rysiff ($102.72 in chips) 
Seat 3: ReVeu710 ($113 in chips) 
Seat 4: Flix2204 ($100 in chips) 
Seat 5: Foxman1851 ($215.60 in chips) 
Seat 6: app1e_j@ck ($100 in chips) 
easy_sarcasm: posts small blind $0.50
Rysiff: posts big blind $1
*** HOLE CARDS ***
ReVeu710: folds 
Flix2204: raises $1 to $2
Foxman1851: folds 
app1e_j@ck: folds 
easy_sarcasm: folds 
Rysiff: folds 
Uncalled bet ($1) returned to Flix2204
Foxman1851 leaves the table
Flix2204 collected $2.50 from pot
Flix2204: doesn't show hand 
*** SUMMARY ***
Total pot $2.50 | Rake $0 
Seat 1: easy_sarcasm (small blind) folded before Flop
Seat 2: Rysiff (big blind) folded before Flop
Seat 3: ReVeu710 folded before Flop (didn't bet)
Seat 4: Flix2204 collected ($2.50)
Seat 5: Foxman1851 folded before Flop (didn't bet)
Seat 6: app1e_j@ck (button) folded before Flop (didn't bet)



PokerStars Hand #254687473458:  Hold'em No Limit ($0.50/$1.00 USD) - 2025/02/03 15:20:59 WET [2025/02/03 10:20:59 ET]
Table 'Aludra II' 6-max Seat #1 is the button
Seat 1: easy_sarcasm ($100 in chips) 
Seat 2: Rysiff ($101.72 in chips) 
Seat 3: ReVeu710 ($113 in chips) 
Seat 4: Flix2204 ($101.50 in chips) 
Seat 6: app1e_j@ck ($100 in chips) 
Rysiff: posts small blind $0.50
ReVeu710: posts big blind $1
*** HOLE CARDS ***
xxxZeka joins the table at seat #5 
xxxZeka leaves the table
Flix2204: folds 
app1e_j@ck: folds 
easy_sarcasm: raises $1.20 to $2.20
Rysiff: folds 
ReVeu710: folds 
Uncalled bet ($1.20) returned to easy_sarcasm
easy_sarcasm collected $2.50 from pot
*** SUMMARY ***
Total pot $2.50 | Rake $0 
Seat 1: easy_sarcasm (button) collected ($2.50)
Seat 2: Rysiff (small blind) folded before Flop
Seat 3: ReVeu710 (big blind) folded before Flop
Seat 4: Flix2204 folded before Flop (didn't bet)
Seat 6: app1e_j@ck folded before Flop (didn't bet)



PokerStars Hand #254687476117:  Hold'em No Limit ($0.50/$1.00 USD) - 2025/02/03 15:21:12 WET [2025/02/03 10:21:12 ET]
Table 'Aludra II' 6-max Seat #3 is the button
Seat 1: easy_sarcasm ($101.50 in chips) is sitting out
Seat 4: Flix2204 ($101.50 in chips) is sitting out
Seat 6: app1e_j@ck ($100 in chips) is sitting out
Seat 2: Rysiff ($101.22 in chips) 
Seat 3: ReVeu710 ($112 in chips) 
ReVeu710: posts small blind $0.50
Flix2204: is sitting out 
app1e_j@ck: is sitting out 
easy_sarcasm: is sitting out 
Rysiff: posts big blind $1
*** HOLE CARDS ***
Flix2204 leaves the table
ReVeu710: raises $2 to $3
easy_sarcasm leaves the table
Rysiff: calls $2
*** FLOP *** [2d Kd Ts]
Rysiff: checks 
ReVeu710: bets $3.48
Rysiff: calls $3.48
*** TURN *** [2d Kd Ts] [Jc]
app1e_j@ck leaves the table
Rysiff: checks 
ReVeu710: bets $12.43
Rysiff: folds 
Uncalled bet ($12.43) returned to ReVeu710
ReVeu710 collected $12.31 from pot
ReVeu710: doesn't show hand 
*** SUMMARY ***
Total pot $12.96 | Rake $0.65 
Board [2d Kd Ts Jc]
Seat 1: easy_sarcasm
Seat 4: Flix2204
Seat 6: app1e_j@ck
Seat 2: Rysiff (big blind) folded on the Turn
Seat 3: ReVeu710 (button) (small blind) collected ($12.31)



