PokerStars Hand #254684522159:  Hold'em No Limit ($0.50/$1.00 USD) - 2025/02/03 9:19:20 WET [2025/02/03 4:19:20 ET]
Table 'Posnania' 6-max Seat #5 is the button
Seat 1: Burlica2013 ($117.35 in chips) 
Seat 2: Flix2204 ($110 in chips) 
Seat 3: CashfishT ($100 in chips) 
Seat 4: OldLu83 ($7.50 in chips) 
Seat 5: value_ftw ($100 in chips) 
Seat 6: radu10101 ($43.17 in chips) 
radu10101: posts small blind $0.50
Burlica2013: posts big blind $1
*** HOLE CARDS ***
Flix2204: folds 
CashfishT: raises $1.20 to $2.20
OldLu83: calls $2.20
value_ftw: folds 
radu10101: folds 
Burlica2013: folds 
*** FLOP *** [6s Qs 4d]
CashfishT: bets $1.85
OldLu83: calls $1.85
*** TURN *** [6s Qs 4d] [9h]
CashfishT: checks 
OldLu83: checks 
*** RIVER *** [6s Qs 4d 9h] [5s]
CashfishT: bets $6.84
OldLu83: folds 
Uncalled bet ($6.84) returned to CashfishT
CashfishT collected $9.12 from pot
CashfishT: doesn't show hand 
*** SUMMARY ***
Total pot $9.60 | Rake $0.48 
Board [6s Qs 4d 9h 5s]
Seat 1: Burlica2013 (big blind) folded before Flop
Seat 2: Flix2204 folded before Flop (didn't bet)
Seat 3: CashfishT collected ($9.12)
Seat 4: OldLu83 folded on the River
Seat 5: value_ftw (button) folded before Flop (didn't bet)
Seat 6: radu10101 (small blind) folded before Flop



PokerStars Hand #254684525560:  Hold'em No Limit ($0.50/$1.00 USD) - 2025/02/03 9:19:58 WET [2025/02/03 4:19:58 ET]
Table 'Posnania' 6-max Seat #6 is the button
Seat 1: Burlica2013 ($116.35 in chips) 
Seat 2: Flix2204 ($110 in chips) 
Seat 3: CashfishT ($105.07 in chips) 
Seat 4: OldLu83 ($3.45 in chips) 
Seat 5: value_ftw ($100 in chips) 
Seat 6: radu10101 ($42.67 in chips) 
Burlica2013: posts small blind $0.50
Flix2204: posts big blind $1
*** HOLE CARDS ***
CashfishT: folds 
OldLu83: folds 
value_ftw: raises $1.20 to $2.20
radu10101: calls $2.20
Burlica2013: folds 
Flix2204: folds 
*** FLOP *** [7d Js Kh]
value_ftw: bets $1.85
radu10101: calls $1.85
*** TURN *** [7d Js Kh] [5h]
value_ftw: checks 
radu10101: checks 
*** RIVER *** [7d Js Kh 5h] [Ks]
value_ftw: checks 
radu10101: checks 
*** SHOW DOWN ***
value_ftw: shows [9c 9h] (two pair, Kings and Nines)
radu10101: mucks hand 
value_ftw collected $9.12 from pot
*** SUMMARY ***
Total pot $9.60 | Rake $0.48 
Board [7d Js Kh 5h Ks]
Seat 1: Burlica2013 (small blind) folded before Flop
Seat 2: Flix2204 (big blind) folded before Flop
Seat 3: CashfishT folded before Flop (didn't bet)
Seat 4: OldLu83 folded before Flop (didn't bet)
Seat 5: value_ftw showed [9c 9h] and won ($9.12) with two pair, Kings and Nines
Seat 6: radu10101 (button) mucked



PokerStars Hand #254684529966:  Hold'em No Limit ($0.50/$1.00 USD) - 2025/02/03 9:20:51 WET [2025/02/03 4:20:51 ET]
Table 'Posnania' 6-max Seat #1 is the button
Seat 1: Burlica2013 ($115.85 in chips) 
Seat 2: Flix2204 ($109 in chips) 
Seat 3: CashfishT ($105.07 in chips) 
Seat 4: OldLu83 ($3.45 in chips) 
Seat 5: value_ftw ($105.07 in chips) 
Seat 6: radu10101 ($38.62 in chips) 
Flix2204: posts small blind $0.50
CashfishT: posts big blind $1
*** HOLE CARDS ***
OldLu83: folds 
value_ftw: raises $1.20 to $2.20
radu10101: folds 
Burlica2013: folds 
Flix2204: folds 
CashfishT: calls $1.20
*** FLOP *** [3c Qd 4h]
CashfishT: checks 
value_ftw: bets $1.54
CashfishT: folds 
Uncalled bet ($1.54) returned to value_ftw
value_ftw collected $4.66 from pot
value_ftw: doesn't show hand 
*** SUMMARY ***
Total pot $4.90 | Rake $0.24 
Board [3c Qd 4h]
Seat 1: Burlica2013 (button) folded before Flop (didn't bet)
Seat 2: Flix2204 (small blind) folded before Flop
Seat 3: CashfishT (big blind) folded on the Flop
Seat 4: OldLu83 folded before Flop (didn't bet)
Seat 5: value_ftw collected ($4.66)
Seat 6: radu10101 folded before Flop (didn't bet)



PokerStars Hand #254684533631:  Hold'em No Limit ($0.50/$1.00 USD) - 2025/02/03 9:21:34 WET [2025/02/03 4:21:34 ET]
Table 'Posnania' 6-max Seat #2 is the button
Seat 1: Burlica2013 ($115.85 in chips) 
Seat 2: Flix2204 ($108.50 in chips) 
Seat 3: CashfishT ($102.87 in chips) 
Seat 4: OldLu83 ($3.45 in chips) 
Seat 5: value_ftw ($107.53 in chips) 
Seat 6: radu10101 ($38.62 in chips) 
CashfishT: posts small blind $0.50
OldLu83: posts big blind $1
*** HOLE CARDS ***
value_ftw: raises $1.20 to $2.20
radu10101: folds 
Burlica2013: raises $5.02 to $7.22
Flix2204: folds 
CashfishT: folds 
OldLu83: folds 
value_ftw: calls $5.02
*** FLOP *** [9c Qd 7s]
value_ftw: checks 
Burlica2013: checks 
*** TURN *** [9c Qd 7s] [Js]
value_ftw: checks 
Burlica2013: checks 
*** RIVER *** [9c Qd 7s Js] [9d]
value_ftw: checks 
Burlica2013: bets $11.36
value_ftw: folds 
Uncalled bet ($11.36) returned to Burlica2013
Burlica2013 collected $15.14 from pot
Burlica2013: doesn't show hand 
*** SUMMARY ***
Total pot $15.94 | Rake $0.80 
Board [9c Qd 7s Js 9d]
Seat 1: Burlica2013 collected ($15.14)
Seat 2: Flix2204 (button) folded before Flop (didn't bet)
Seat 3: CashfishT (small blind) folded before Flop
Seat 4: OldLu83 (big blind) folded before Flop
Seat 5: value_ftw folded on the River
Seat 6: radu10101 folded before Flop (didn't bet)



PokerStars Hand #254684537441:  Hold'em No Limit ($0.50/$1.00 USD) - 2025/02/03 9:22:19 WET [2025/02/03 4:22:19 ET]
Table 'Posnania' 6-max Seat #3 is the button
Seat 1: Burlica2013 ($123.77 in chips) 
Seat 2: Flix2204 ($108.50 in chips) 
Seat 3: CashfishT ($102.37 in chips) 
Seat 4: OldLu83 ($2.45 in chips) 
Seat 5: value_ftw ($100.31 in chips) 
Seat 6: radu10101 ($38.62 in chips) 
OldLu83: posts small blind $0.50
value_ftw: posts big blind $1
*** HOLE CARDS ***
radu10101: calls $1
Burlica2013: folds 
Flix2204: folds 
CashfishT: folds 
OldLu83: calls $0.50
value_ftw: checks 
*** FLOP *** [5c 4h Qd]
OldLu83: bets $1
value_ftw: folds 
radu10101: calls $1
*** TURN *** [5c 4h Qd] [7h]
OldLu83: bets $0.45 and is all-in
radu10101: calls $0.45
*** RIVER *** [5c 4h Qd 7h] [Kc]
*** SHOW DOWN ***
OldLu83: shows [2c Ac] (high card Ace)
radu10101: shows [8d Kd] (a pair of Kings)
radu10101 collected $5.60 from pot
OldLu83 cashed out the hand for $4.24 | Cash Out Fee $0.09
*** SUMMARY ***
Total pot $5.90 | Rake $0.30 
Board [5c 4h Qd 7h Kc]
Seat 1: Burlica2013 folded before Flop (didn't bet)
Seat 2: Flix2204 folded before Flop (didn't bet)
Seat 3: CashfishT (button) folded before Flop (didn't bet)
Seat 4: OldLu83 (small blind) showed [2c Ac] and lost with high card Ace (cashed out).
Seat 5: value_ftw (big blind) folded on the Flop
Seat 6: radu10101 showed [8d Kd] and won ($5.60) with a pair of Kings



PokerStars Hand #254684540391:  Hold'em No Limit ($0.50/$1.00 USD) - 2025/02/03 9:22:54 WET [2025/02/03 4:22:54 ET]
Table 'Posnania' 6-max Seat #4 is the button
Seat 1: Burlica2013 ($123.77 in chips) 
Seat 2: Flix2204 ($108.50 in chips) 
Seat 3: CashfishT ($102.37 in chips) 
Seat 4: OldLu83 ($4.24 in chips) 
Seat 5: value_ftw ($100 in chips) 
Seat 6: radu10101 ($41.77 in chips) 
value_ftw: posts small blind $0.50
radu10101: posts big blind $1
*** HOLE CARDS ***
Burlica2013: raises $1.20 to $2.20
Flix2204: folds 
CashfishT: folds 
OldLu83: folds 
value_ftw: folds 
radu10101: folds 
Uncalled bet ($1.20) returned to Burlica2013
Burlica2013 collected $2.50 from pot
Burlica2013: doesn't show hand 
*** SUMMARY ***
Total pot $2.50 | Rake $0 
Seat 1: Burlica2013 collected ($2.50)
Seat 2: Flix2204 folded before Flop (didn't bet)
Seat 3: CashfishT folded before Flop (didn't bet)
Seat 4: OldLu83 (button) folded before Flop (didn't bet)
Seat 5: value_ftw (small blind) folded before Flop
Seat 6: radu10101 (big blind) folded before Flop



PokerStars Hand #254684541913:  Hold'em No Limit ($0.50/$1.00 USD) - 2025/02/03 9:23:12 WET [2025/02/03 4:23:12 ET]
Table 'Posnania' 6-max Seat #5 is the button
Seat 1: Burlica2013 ($125.27 in chips) 
Seat 2: Flix2204 ($108.50 in chips) 
Seat 3: CashfishT ($102.37 in chips) 
Seat 4: OldLu83 ($4.24 in chips) 
Seat 5: value_ftw ($100 in chips) 
Seat 6: radu10101 ($40.77 in chips) 
radu10101: posts small blind $0.50
Burlica2013: posts big blind $1
*** HOLE CARDS ***
Flix2204: raises $1 to $2
CashfishT: folds 
OldLu83: folds 
value_ftw: folds 
radu10101: calls $1.50
Burlica2013: folds 
*** FLOP *** [9c 4s 3h]
radu10101: checks 
Flix2204: bets $1.57
radu10101: calls $1.57
*** TURN *** [9c 4s 3h] [Ac]
radu10101: checks 
Flix2204: bets $3.87
radu10101: folds 
Uncalled bet ($3.87) returned to Flix2204
Flix2204 collected $7.73 from pot
Flix2204: doesn't show hand 
*** SUMMARY ***
Total pot $8.14 | Rake $0.41 
Board [9c 4s 3h Ac]
Seat 1: Burlica2013 (big blind) folded before Flop
Seat 2: Flix2204 collected ($7.73)
Seat 3: CashfishT folded before Flop (didn't bet)
Seat 4: OldLu83 folded before Flop (didn't bet)
Seat 5: value_ftw (button) folded before Flop (didn't bet)
Seat 6: radu10101 (small blind) folded on the Turn



PokerStars Hand #254684546021:  Hold'em No Limit ($0.50/$1.00 USD) - 2025/02/03 9:24:00 WET [2025/02/03 4:24:00 ET]
Table 'Posnania' 6-max Seat #6 is the button
Seat 1: Burlica2013 ($124.27 in chips) 
Seat 2: Flix2204 ($112.66 in chips) 
Seat 3: CashfishT ($102.37 in chips) 
Seat 4: OldLu83 ($4.24 in chips) 
Seat 5: value_ftw ($100 in chips) 
Seat 6: radu10101 ($37.20 in chips) 
Burlica2013: posts small blind $0.50
Flix2204: posts big blind $1
*** HOLE CARDS ***
CashfishT: folds 
OldLu83: folds 
value_ftw: folds 
radu10101: folds 
Burlica2013: raises $2 to $3
Flix2204: folds 
Uncalled bet ($2) returned to Burlica2013
Burlica2013 collected $2 from pot
Burlica2013: doesn't show hand 
*** SUMMARY ***
Total pot $2 | Rake $0 
Seat 1: Burlica2013 (small blind) collected ($2)
Seat 2: Flix2204 (big blind) folded before Flop
Seat 3: CashfishT folded before Flop (didn't bet)
Seat 4: OldLu83 folded before Flop (didn't bet)
Seat 5: value_ftw folded before Flop (didn't bet)
Seat 6: radu10101 (button) folded before Flop (didn't bet)



PokerStars Hand #254684547843:  Hold'em No Limit ($0.50/$1.00 USD) - 2025/02/03 9:24:20 WET [2025/02/03 4:24:20 ET]
Table 'Posnania' 6-max Seat #1 is the button
Seat 1: Burlica2013 ($125.27 in chips) 
Seat 2: Flix2204 ($111.66 in chips) 
Seat 3: CashfishT ($102.37 in chips) 
Seat 4: OldLu83 ($4.24 in chips) 
Seat 5: value_ftw ($100 in chips) 
Seat 6: radu10101 ($37.20 in chips) 
Flix2204: posts small blind $0.50
CashfishT: posts big blind $1
*** HOLE CARDS ***
OldLu83: raises $1 to $2
value_ftw: folds 
radu10101: folds 
Burlica2013: folds 
Flix2204: raises $8 to $10
CashfishT: folds 
OldLu83: calls $2.24 and is all-in
Uncalled bet ($5.76) returned to Flix2204
*** FLOP *** [5s 7s Ac]
*** TURN *** [5s 7s Ac] [Td]
*** RIVER *** [5s 7s Ac Td] [3s]
*** SHOW DOWN ***
Flix2204: shows [Jh Jd] (a pair of Jacks)
OldLu83: shows [3d 3h] (three of a kind, Threes)
OldLu83 collected $8.89 from pot
*** SUMMARY ***
Total pot $9.48 | Rake $0.59 
Board [5s 7s Ac Td 3s]
Seat 1: Burlica2013 (button) folded before Flop (didn't bet)
Seat 2: Flix2204 (small blind) showed [Jh Jd] and lost with a pair of Jacks
Seat 3: CashfishT (big blind) folded before Flop
Seat 4: OldLu83 showed [3d 3h] and won ($8.89) with three of a kind, Threes
Seat 5: value_ftw folded before Flop (didn't bet)
Seat 6: radu10101 folded before Flop (didn't bet)



PokerStars Hand #254684550199:  Hold'em No Limit ($0.50/$1.00 USD) - 2025/02/03 9:24:47 WET [2025/02/03 4:24:47 ET]
Table 'Posnania' 6-max Seat #2 is the button
Seat 1: Burlica2013 ($125.27 in chips) 
Seat 2: Flix2204 ($107.42 in chips) 
Seat 3: CashfishT ($101.37 in chips) 
Seat 4: OldLu83 ($8.89 in chips) 
Seat 5: value_ftw ($100 in chips) 
Seat 6: radu10101 ($37.20 in chips) 
CashfishT: posts small blind $0.50
OldLu83: posts big blind $1
*** HOLE CARDS ***
value_ftw: folds 
radu10101: calls $1
Burlica2013: folds 
Flix2204: raises $3 to $4
CashfishT: folds 
OldLu83: folds 
radu10101: calls $3
*** FLOP *** [3s 2h Jd]
radu10101: bets $2
Flix2204: calls $2
*** TURN *** [3s 2h Jd] [Qd]
radu10101: checks 
Flix2204: checks 
*** RIVER *** [3s 2h Jd Qd] [8s]
radu10101: bets $3
Flix2204: raises $14.12 to $17.12
radu10101: folds 
Uncalled bet ($14.12) returned to Flix2204
Flix2204 collected $18.52 from pot
Flix2204: doesn't show hand 
*** SUMMARY ***
Total pot $19.50 | Rake $0.98 
Board [3s 2h Jd Qd 8s]
Seat 1: Burlica2013 folded before Flop (didn't bet)
Seat 2: Flix2204 (button) collected ($18.52)
Seat 3: CashfishT (small blind) folded before Flop
Seat 4: OldLu83 (big blind) folded before Flop
Seat 5: value_ftw folded before Flop (didn't bet)
Seat 6: radu10101 folded on the River



PokerStars Hand #254684557517:  Hold'em No Limit ($0.50/$1.00 USD) - 2025/02/03 9:26:10 WET [2025/02/03 4:26:10 ET]
Table 'Posnania' 6-max Seat #3 is the button
Seat 1: Burlica2013 ($125.27 in chips) 
Seat 2: Flix2204 ($116.94 in chips) 
Seat 3: CashfishT ($100.87 in chips) 
Seat 4: OldLu83 ($7.89 in chips) 
Seat 5: value_ftw ($100 in chips) 
Seat 6: radu10101 ($28.20 in chips) 
OldLu83: posts small blind $0.50
value_ftw: posts big blind $1
*** HOLE CARDS ***
radu10101: calls $1
Burlica2013: raises $2 to $3
Flix2204: folds 
CashfishT: folds 
OldLu83: folds 
value_ftw: folds 
radu10101: calls $2
*** FLOP *** [9h 6c 4c]
radu10101: checks 
Burlica2013: checks 
*** TURN *** [9h 6c 4c] [8c]
radu10101: bets $2
Burlica2013: folds 
Uncalled bet ($2) returned to radu10101
radu10101 collected $7.12 from pot
*** SUMMARY ***
Total pot $7.50 | Rake $0.38 
Board [9h 6c 4c 8c]
Seat 1: Burlica2013 folded on the Turn
Seat 2: Flix2204 folded before Flop (didn't bet)
Seat 3: CashfishT (button) folded before Flop (didn't bet)
Seat 4: OldLu83 (small blind) folded before Flop
Seat 5: value_ftw (big blind) folded before Flop
Seat 6: radu10101 collected ($7.12)



PokerStars Hand #254684560948:  Hold'em No Limit ($0.50/$1.00 USD) - 2025/02/03 9:26:50 WET [2025/02/03 4:26:50 ET]
Table 'Posnania' 6-max Seat #4 is the button
Seat 1: Burlica2013 ($122.27 in chips) 
Seat 2: Flix2204 ($116.94 in chips) 
Seat 3: CashfishT ($100.87 in chips) 
Seat 4: OldLu83 ($7.39 in chips) 
Seat 5: value_ftw ($100 in chips) 
Seat 6: radu10101 ($32.32 in chips) 
value_ftw: posts small blind $0.50
radu10101: posts big blind $1
*** HOLE CARDS ***
Burlica2013: raises $1.20 to $2.20
Flix2204: folds 
CashfishT: folds 
OldLu83: folds 
value_ftw: folds 
radu10101: folds 
Uncalled bet ($1.20) returned to Burlica2013
Burlica2013 collected $2.50 from pot
Burlica2013: doesn't show hand 
*** SUMMARY ***
Total pot $2.50 | Rake $0 
Seat 1: Burlica2013 collected ($2.50)
Seat 2: Flix2204 folded before Flop (didn't bet)
Seat 3: CashfishT folded before Flop (didn't bet)
Seat 4: OldLu83 (button) folded before Flop (didn't bet)
Seat 5: value_ftw (small blind) folded before Flop
Seat 6: radu10101 (big blind) folded before Flop



PokerStars Hand #254684561821:  Hold'em No Limit ($0.50/$1.00 USD) - 2025/02/03 9:27:00 WET [2025/02/03 4:27:00 ET]
Table 'Posnania' 6-max Seat #5 is the button
Seat 1: Burlica2013 ($123.77 in chips) 
Seat 2: Flix2204 ($116.94 in chips) 
Seat 3: CashfishT ($100.87 in chips) 
Seat 4: OldLu83 ($7.39 in chips) 
Seat 5: value_ftw ($100 in chips) 
Seat 6: radu10101 ($31.32 in chips) 
radu10101: posts small blind $0.50
Burlica2013: posts big blind $1
*** HOLE CARDS ***
Flix2204: folds 
CashfishT: folds 
OldLu83: calls $1
value_ftw: folds 
radu10101: calls $0.50
Burlica2013: checks 
*** FLOP *** [4h Th 2d]
radu10101: bets $2
Burlica2013: raises $3.43 to $5.43
OldLu83: folds 
radu10101: calls $3.43
*** TURN *** [4h Th 2d] [Kd]
radu10101: checks 
Burlica2013: checks 
*** RIVER *** [4h Th 2d Kd] [8c]
radu10101: bets $3
Burlica2013: calls $3
*** SHOW DOWN ***
radu10101: shows [Ts Qd] (a pair of Tens)
Burlica2013: mucks hand 
radu10101 collected $18.87 from pot
*** SUMMARY ***
Total pot $19.86 | Rake $0.99 
Board [4h Th 2d Kd 8c]
Seat 1: Burlica2013 (big blind) mucked
Seat 2: Flix2204 folded before Flop (didn't bet)
Seat 3: CashfishT folded before Flop (didn't bet)
Seat 4: OldLu83 folded on the Flop
Seat 5: value_ftw (button) folded before Flop (didn't bet)
Seat 6: radu10101 (small blind) showed [Ts Qd] and won ($18.87) with a pair of Tens



PokerStars Hand #254684566040:  Hold'em No Limit ($0.50/$1.00 USD) - 2025/02/03 9:27:49 WET [2025/02/03 4:27:49 ET]
Table 'Posnania' 6-max Seat #6 is the button
Seat 1: Burlica2013 ($114.34 in chips) 
Seat 2: Flix2204 ($116.94 in chips) 
Seat 3: CashfishT ($100.87 in chips) 
Seat 4: OldLu83 ($6.39 in chips) 
Seat 5: value_ftw ($100 in chips) 
Seat 6: radu10101 ($40.76 in chips) 
Burlica2013: posts small blind $0.50
Flix2204: posts big blind $1
*** HOLE CARDS ***
CashfishT: folds 
OldLu83: folds 
value_ftw: raises $1.20 to $2.20
radu10101: calls $2.20
Burlica2013: raises $11.02 to $13.22
Flix2204: folds 
value_ftw: raises $12.78 to $26
radu10101: folds 
Burlica2013: calls $12.78
*** FLOP *** [As 9c Th]
Burlica2013: checks 
value_ftw: bets $13.17
Burlica2013: calls $13.17
*** TURN *** [As 9c Th] [8c]
Burlica2013: checks 
value_ftw: checks 
*** RIVER *** [As 9c Th 8c] [Kh]
Burlica2013: bets $75.17 and is all-in
value_ftw: folds 
Uncalled bet ($75.17) returned to Burlica2013
Burlica2013 collected $79.04 from pot
Burlica2013: doesn't show hand 
*** SUMMARY ***
Total pot $81.54 | Rake $2.50 
Board [As 9c Th 8c Kh]
Seat 1: Burlica2013 (small blind) collected ($79.04)
Seat 2: Flix2204 (big blind) folded before Flop
Seat 3: CashfishT folded before Flop (didn't bet)
Seat 4: OldLu83 folded before Flop (didn't bet)
Seat 5: value_ftw folded on the River
Seat 6: radu10101 (button) folded before Flop



PokerStars Hand #254684576002:  Hold'em No Limit ($0.50/$1.00 USD) - 2025/02/03 9:29:43 WET [2025/02/03 4:29:43 ET]
Table 'Posnania' 6-max Seat #1 is the button
Seat 1: Burlica2013 ($154.21 in chips) 
Seat 2: Flix2204 ($115.94 in chips) 
Seat 3: CashfishT ($100.87 in chips) 
Seat 4: OldLu83 ($6.39 in chips) 
Seat 5: value_ftw ($100 in chips) 
Seat 6: radu10101 ($38.56 in chips) 
Flix2204: posts small blind $0.50
CashfishT: posts big blind $1
*** HOLE CARDS ***
OldLu83: folds 
value_ftw: raises $1.20 to $2.20
radu10101: folds 
Burlica2013: folds 
Flix2204: folds 
CashfishT: folds 
Uncalled bet ($1.20) returned to value_ftw
value_ftw collected $2.50 from pot
value_ftw: doesn't show hand 
*** SUMMARY ***
Total pot $2.50 | Rake $0 
Seat 1: Burlica2013 (button) folded before Flop (didn't bet)
Seat 2: Flix2204 (small blind) folded before Flop
Seat 3: CashfishT (big blind) folded before Flop
Seat 4: OldLu83 folded before Flop (didn't bet)
Seat 5: value_ftw collected ($2.50)
Seat 6: radu10101 folded before Flop (didn't bet)



PokerStars Hand #254684577289:  Hold'em No Limit ($0.50/$1.00 USD) - 2025/02/03 9:29:57 WET [2025/02/03 4:29:57 ET]
Table 'Posnania' 6-max Seat #2 is the button
Seat 1: Burlica2013 ($154.21 in chips) 
Seat 2: Flix2204 ($115.44 in chips) 
Seat 3: CashfishT ($100 in chips) 
Seat 4: OldLu83 ($6.39 in chips) 
Seat 5: value_ftw ($101.50 in chips) 
Seat 6: radu10101 ($38.56 in chips) 
CashfishT: posts small blind $0.50
OldLu83: posts big blind $1
*** HOLE CARDS ***
value_ftw: folds 
radu10101: raises $1 to $2
Burlica2013: calls $2
Flix2204: folds 
CashfishT: folds 
OldLu83: folds 
*** FLOP *** [Ts Qh 2c]
radu10101: bets $2
Burlica2013: raises $4.61 to $6.61
radu10101: calls $4.61
*** TURN *** [Ts Qh 2c] [6h]
radu10101: checks 
Burlica2013: checks 
*** RIVER *** [Ts Qh 2c 6h] [Tc]
radu10101: checks 
Burlica2013: checks 
*** SHOW DOWN ***
radu10101: shows [Ad Kh] (a pair of Tens)
Burlica2013: mucks hand 
radu10101 collected $17.78 from pot
*** SUMMARY ***
Total pot $18.72 | Rake $0.94 
Board [Ts Qh 2c 6h Tc]
Seat 1: Burlica2013 mucked
Seat 2: Flix2204 (button) folded before Flop (didn't bet)
Seat 3: CashfishT (small blind) folded before Flop
Seat 4: OldLu83 (big blind) folded before Flop
Seat 5: value_ftw folded before Flop (didn't bet)
Seat 6: radu10101 showed [Ad Kh] and won ($17.78) with a pair of Tens



PokerStars Hand #254684582962:  Hold'em No Limit ($0.50/$1.00 USD) - 2025/02/03 9:31:02 WET [2025/02/03 4:31:02 ET]
Table 'Posnania' 6-max Seat #3 is the button
Seat 1: Burlica2013 ($145.60 in chips) 
Seat 2: Flix2204 ($115.44 in chips) 
Seat 3: CashfishT ($100 in chips) 
Seat 4: OldLu83 ($5.39 in chips) 
Seat 5: value_ftw ($101.50 in chips) 
Seat 6: radu10101 ($47.73 in chips) 
OldLu83: posts small blind $0.50
value_ftw: posts big blind $1
*** HOLE CARDS ***
radu10101: folds 
Burlica2013: raises $1.20 to $2.20
Flix2204: folds 
CashfishT: folds 
OldLu83: folds 
value_ftw: folds 
Uncalled bet ($1.20) returned to Burlica2013
Burlica2013 collected $2.50 from pot
Burlica2013: doesn't show hand 
*** SUMMARY ***
Total pot $2.50 | Rake $0 
Seat 1: Burlica2013 collected ($2.50)
Seat 2: Flix2204 folded before Flop (didn't bet)
Seat 3: CashfishT (button) folded before Flop (didn't bet)
Seat 4: OldLu83 (small blind) folded before Flop
Seat 5: value_ftw (big blind) folded before Flop
Seat 6: radu10101 folded before Flop (didn't bet)



PokerStars Hand #254684586874:  Hold'em No Limit ($0.50/$1.00 USD) - 2025/02/03 9:31:47 WET [2025/02/03 4:31:47 ET]
Table 'Posnania' 6-max Seat #4 is the button
Seat 1: Burlica2013 ($147.10 in chips) 
Seat 2: Flix2204 ($115.44 in chips) 
Seat 3: CashfishT ($100 in chips) 
Seat 4: OldLu83 ($4.89 in chips) 
Seat 5: value_ftw ($100.50 in chips) 
Seat 6: radu10101 ($47.73 in chips) 
value_ftw: posts small blind $0.50
radu10101: posts big blind $1
*** HOLE CARDS ***
Burlica2013: folds 
Flix2204: folds 
CashfishT: raises $1.20 to $2.20
OldLu83: folds 
value_ftw: folds 
radu10101: calls $1.20
*** FLOP *** [4s 5h 7d]
radu10101: checks 
CashfishT: checks 
*** TURN *** [4s 5h 7d] [2c]
Flix2204 leaves the table
radu10101 has timed out
radu10101: checks 
CashfishT: checks 
*** RIVER *** [4s 5h 7d 2c] [9h]
janarr5 joins the table at seat #2 
radu10101 has timed out
radu10101: checks 
CashfishT: bets $3.50
radu10101 has timed out
radu10101: folds 
Uncalled bet ($3.50) returned to CashfishT
CashfishT collected $4.66 from pot
CashfishT: doesn't show hand 
*** SUMMARY ***
Total pot $4.90 | Rake $0.24 
Board [4s 5h 7d 2c 9h]
Seat 1: Burlica2013 folded before Flop (didn't bet)
Seat 2: Flix2204 folded before Flop (didn't bet)
Seat 3: CashfishT collected ($4.66)
Seat 4: OldLu83 (button) folded before Flop (didn't bet)
Seat 5: value_ftw (small blind) folded before Flop
Seat 6: radu10101 (big blind) folded on the River



PokerStars Hand #254684597833:  Hold'em No Limit ($0.50/$1.00 USD) - 2025/02/03 9:33:46 WET [2025/02/03 4:33:46 ET]
Table 'Posnania' 6-max Seat #5 is the button
Seat 6: radu10101 ($45.53 in chips) is sitting out
Seat 1: Burlica2013 ($147.10 in chips) 
Seat 2: janarr5 ($100 in chips) 
Seat 3: CashfishT ($102.46 in chips) 
Seat 4: OldLu83 ($4.89 in chips) 
Seat 5: value_ftw ($100 in chips) 
Burlica2013: posts small blind $0.50
janarr5: posts big blind $1
*** HOLE CARDS ***
CashfishT: raises $1.20 to $2.20
OldLu83: folds 
value_ftw: folds 
Burlica2013: folds 
janarr5: folds 
Uncalled bet ($1.20) returned to CashfishT
CashfishT collected $2.50 from pot
CashfishT: doesn't show hand 
*** SUMMARY ***
Total pot $2.50 | Rake $0 
Seat 6: radu10101
Seat 1: Burlica2013 (small blind) folded before Flop
Seat 2: janarr5 (big blind) folded before Flop
Seat 3: CashfishT collected ($2.50)
Seat 4: OldLu83 folded before Flop (didn't bet)
Seat 5: value_ftw (button) folded before Flop (didn't bet)



PokerStars Hand #254684599353:  Hold'em No Limit ($0.50/$1.00 USD) - 2025/02/03 9:34:03 WET [2025/02/03 4:34:03 ET]
Table 'Posnania' 6-max Seat #1 is the button
Seat 6: radu10101 ($45.53 in chips) is sitting out
Seat 1: Burlica2013 ($146.60 in chips) 
Seat 2: janarr5 ($100 in chips) 
Seat 3: CashfishT ($103.96 in chips) 
Seat 4: OldLu83 ($4.89 in chips) 
Seat 5: value_ftw ($100 in chips) 
janarr5: posts small blind $0.50
CashfishT: posts big blind $1
*** HOLE CARDS ***
OldLu83: folds 
value_ftw: raises $1.20 to $2.20
Burlica2013: folds 
janarr5: folds 
CashfishT: folds 
Uncalled bet ($1.20) returned to value_ftw
value_ftw collected $2.50 from pot
value_ftw: doesn't show hand 
*** SUMMARY ***
Total pot $2.50 | Rake $0 
Seat 6: radu10101
Seat 1: Burlica2013 (button) folded before Flop (didn't bet)
Seat 2: janarr5 (small blind) folded before Flop
Seat 3: CashfishT (big blind) folded before Flop
Seat 4: OldLu83 folded before Flop (didn't bet)
Seat 5: value_ftw collected ($2.50)



PokerStars Hand #254684600554:  Hold'em No Limit ($0.50/$1.00 USD) - 2025/02/03 9:34:16 WET [2025/02/03 4:34:16 ET]
Table 'Posnania' 6-max Seat #2 is the button
Seat 6: radu10101 ($45.53 in chips) is sitting out
Seat 1: Burlica2013 ($146.60 in chips) 
Seat 2: janarr5 ($100 in chips) 
Seat 3: CashfishT ($102.96 in chips) 
Seat 4: OldLu83 ($4.89 in chips) 
Seat 5: value_ftw ($101.50 in chips) 
CashfishT: posts small blind $0.50
OldLu83: posts big blind $1
*** HOLE CARDS ***
value_ftw: folds 
Burlica2013: folds 
janarr5: raises $1.50 to $2.50
CashfishT: folds 
OldLu83: folds 
Uncalled bet ($1.50) returned to janarr5
janarr5 collected $2.50 from pot
janarr5: doesn't show hand 
*** SUMMARY ***
Total pot $2.50 | Rake $0 
Seat 6: radu10101
Seat 1: Burlica2013 folded before Flop (didn't bet)
Seat 2: janarr5 (button) collected ($2.50)
Seat 3: CashfishT (small blind) folded before Flop
Seat 4: OldLu83 (big blind) folded before Flop
Seat 5: value_ftw folded before Flop (didn't bet)



PokerStars Hand #254684601720:  Hold'em No Limit ($0.50/$1.00 USD) - 2025/02/03 9:34:30 WET [2025/02/03 4:34:30 ET]
Table 'Posnania' 6-max Seat #3 is the button
Seat 6: radu10101 ($45.53 in chips) is sitting out
Seat 1: Burlica2013 ($146.60 in chips) 
Seat 2: janarr5 ($101.50 in chips) 
Seat 3: CashfishT ($102.46 in chips) 
Seat 4: OldLu83 ($3.89 in chips) 
Seat 5: value_ftw ($101.50 in chips) 
OldLu83: posts small blind $0.50
value_ftw: posts big blind $1
*** HOLE CARDS ***
Burlica2013: folds 
janarr5: folds 
CashfishT: folds 
OldLu83: folds 
Uncalled bet ($0.50) returned to value_ftw
value_ftw collected $1 from pot
value_ftw: doesn't show hand 
*** SUMMARY ***
Total pot $1 | Rake $0 
Seat 6: radu10101
Seat 1: Burlica2013 folded before Flop (didn't bet)
Seat 2: janarr5 folded before Flop (didn't bet)
Seat 3: CashfishT (button) folded before Flop (didn't bet)
Seat 4: OldLu83 (small blind) folded before Flop
Seat 5: value_ftw (big blind) collected ($1)



PokerStars Hand #254684604214:  Hold'em No Limit ($0.50/$1.00 USD) - 2025/02/03 9:34:57 WET [2025/02/03 4:34:57 ET]
Table 'Posnania' 6-max Seat #4 is the button
Seat 1: Burlica2013 ($146.60 in chips) 
Seat 2: janarr5 ($101.50 in chips) 
Seat 3: CashfishT ($102.46 in chips) 
Seat 4: OldLu83 ($3.39 in chips) 
Seat 5: value_ftw ($102 in chips) 
Seat 6: radu10101 ($45.53 in chips) 
value_ftw: posts small blind $0.50
radu10101: posts big blind $1
*** HOLE CARDS ***
Burlica2013: folds 
janarr5: folds 
CashfishT: folds 
OldLu83: calls $1
value_ftw: folds 
radu10101: checks 
*** FLOP *** [7h 2h Kc]
radu10101 has timed out
radu10101: checks 
OldLu83: bets $2.39 and is all-in
radu10101: folds 
Uncalled bet ($2.39) returned to OldLu83
OldLu83 collected $2.35 from pot
*** SUMMARY ***
Total pot $2.50 | Rake $0.15 
Board [7h 2h Kc]
Seat 1: Burlica2013 folded before Flop (didn't bet)
Seat 2: janarr5 folded before Flop (didn't bet)
Seat 3: CashfishT folded before Flop (didn't bet)
Seat 4: OldLu83 (button) collected ($2.35)
Seat 5: value_ftw (small blind) folded before Flop
Seat 6: radu10101 (big blind) folded on the Flop



PokerStars Hand #254684609034:  Hold'em No Limit ($0.50/$1.00 USD) - 2025/02/03 9:35:51 WET [2025/02/03 4:35:51 ET]
Table 'Posnania' 6-max Seat #5 is the button
Seat 1: Burlica2013 ($146.60 in chips) 
Seat 2: janarr5 ($101.50 in chips) 
Seat 3: CashfishT ($102.46 in chips) 
Seat 4: OldLu83 ($4.74 in chips) 
Seat 5: value_ftw ($101.50 in chips) 
Seat 6: radu10101 ($44.53 in chips) 
radu10101: posts small blind $0.50
Burlica2013: posts big blind $1
*** HOLE CARDS ***
janarr5: raises $1.25 to $2.25
CashfishT: folds 
OldLu83: folds 
value_ftw: folds 
radu10101: calls $1.75
Burlica2013: folds 
*** FLOP *** [7s 8h 2c]
radu10101: checks 
janarr5: bets $1.72
radu10101: folds 
Uncalled bet ($1.72) returned to janarr5
janarr5 collected $5.22 from pot
janarr5: doesn't show hand 
*** SUMMARY ***
Total pot $5.50 | Rake $0.28 
Board [7s 8h 2c]
Seat 1: Burlica2013 (big blind) folded before Flop
Seat 2: janarr5 collected ($5.22)
Seat 3: CashfishT folded before Flop (didn't bet)
Seat 4: OldLu83 folded before Flop (didn't bet)
Seat 5: value_ftw (button) folded before Flop (didn't bet)
Seat 6: radu10101 (small blind) folded on the Flop



PokerStars Hand #254684614363:  Hold'em No Limit ($0.50/$1.00 USD) - 2025/02/03 9:36:50 WET [2025/02/03 4:36:50 ET]
Table 'Posnania' 6-max Seat #6 is the button
Seat 1: Burlica2013 ($145.60 in chips) 
Seat 2: janarr5 ($104.47 in chips) 
Seat 3: CashfishT ($102.46 in chips) 
Seat 4: OldLu83 ($4.74 in chips) 
Seat 5: value_ftw ($101.50 in chips) 
Seat 6: radu10101 ($42.28 in chips) 
Burlica2013: posts small blind $0.50
janarr5: posts big blind $1
*** HOLE CARDS ***
CashfishT: folds 
OldLu83: folds 
value_ftw: folds 
radu10101: folds 
Burlica2013: raises $2 to $3
janarr5: folds 
Uncalled bet ($2) returned to Burlica2013
Burlica2013 collected $2 from pot
Burlica2013: doesn't show hand 
*** SUMMARY ***
Total pot $2 | Rake $0 
Seat 1: Burlica2013 (small blind) collected ($2)
Seat 2: janarr5 (big blind) folded before Flop
Seat 3: CashfishT folded before Flop (didn't bet)
Seat 4: OldLu83 folded before Flop (didn't bet)
Seat 5: value_ftw folded before Flop (didn't bet)
Seat 6: radu10101 (button) folded before Flop (didn't bet)



PokerStars Hand #254684616632:  Hold'em No Limit ($0.50/$1.00 USD) - 2025/02/03 9:37:15 WET [2025/02/03 4:37:15 ET]
Table 'Posnania' 6-max Seat #1 is the button
Seat 1: Burlica2013 ($146.60 in chips) 
Seat 2: janarr5 ($103.47 in chips) 
Seat 3: CashfishT ($102.46 in chips) 
Seat 4: OldLu83 ($4.74 in chips) 
Seat 5: value_ftw ($101.50 in chips) 
Seat 6: radu10101 ($42.28 in chips) 
janarr5: posts small blind $0.50
CashfishT: posts big blind $1
*** HOLE CARDS ***
OldLu83: folds 
value_ftw: folds 
radu10101: folds 
Burlica2013: raises $1.45 to $2.45
janarr5: folds 
CashfishT: calls $1.45
*** FLOP *** [Kh Tc 8c]
CashfishT: checks 
Burlica2013: bets $1.69
CashfishT: folds 
Uncalled bet ($1.69) returned to Burlica2013
Burlica2013 collected $5.13 from pot
Burlica2013: doesn't show hand 
*** SUMMARY ***
Total pot $5.40 | Rake $0.27 
Board [Kh Tc 8c]
Seat 1: Burlica2013 (button) collected ($5.13)
Seat 2: janarr5 (small blind) folded before Flop
Seat 3: CashfishT (big blind) folded on the Flop
Seat 4: OldLu83 folded before Flop (didn't bet)
Seat 5: value_ftw folded before Flop (didn't bet)
Seat 6: radu10101 folded before Flop (didn't bet)



PokerStars Hand #254684620824:  Hold'em No Limit ($0.50/$1.00 USD) - 2025/02/03 9:38:02 WET [2025/02/03 4:38:02 ET]
Table 'Posnania' 6-max Seat #2 is the button
Seat 1: Burlica2013 ($149.28 in chips) 
Seat 2: janarr5 ($102.97 in chips) 
Seat 3: CashfishT ($100.01 in chips) 
Seat 4: OldLu83 ($4.74 in chips) 
Seat 5: value_ftw ($101.50 in chips) 
Seat 6: radu10101 ($42.28 in chips) 
CashfishT: posts small blind $0.50
OldLu83: posts big blind $1
*** HOLE CARDS ***
value_ftw: folds 
radu10101: folds 
Burlica2013: folds 
janarr5: folds 
CashfishT: folds 
Uncalled bet ($0.50) returned to OldLu83
OldLu83 collected $1 from pot
*** SUMMARY ***
Total pot $1 | Rake $0 
Seat 1: Burlica2013 folded before Flop (didn't bet)
Seat 2: janarr5 (button) folded before Flop (didn't bet)
Seat 3: CashfishT (small blind) folded before Flop
Seat 4: OldLu83 (big blind) collected ($1)
Seat 5: value_ftw folded before Flop (didn't bet)
Seat 6: radu10101 folded before Flop (didn't bet)



PokerStars Hand #254684622366:  Hold'em No Limit ($0.50/$1.00 USD) - 2025/02/03 9:38:19 WET [2025/02/03 4:38:19 ET]
Table 'Posnania' 6-max Seat #3 is the button
Seat 1: Burlica2013 ($149.28 in chips) 
Seat 2: janarr5 ($102.97 in chips) 
Seat 3: CashfishT ($100 in chips) 
Seat 4: OldLu83 ($5.24 in chips) 
Seat 5: value_ftw ($101.50 in chips) 
Seat 6: radu10101 ($42.28 in chips) 
OldLu83: posts small blind $0.50
value_ftw: posts big blind $1
*** HOLE CARDS ***
radu10101: folds 
Burlica2013: folds 
janarr5: raises $1.25 to $2.25
CashfishT: folds 
OldLu83: folds 
value_ftw: calls $1.25
*** FLOP *** [7c 7d Ts]
value_ftw: checks 
janarr5: bets $1.57
value_ftw: folds 
Uncalled bet ($1.57) returned to janarr5
janarr5 collected $4.75 from pot
janarr5: doesn't show hand 
*** SUMMARY ***
Total pot $5 | Rake $0.25 
Board [7c 7d Ts]
Seat 1: Burlica2013 folded before Flop (didn't bet)
Seat 2: janarr5 collected ($4.75)
Seat 3: CashfishT (button) folded before Flop (didn't bet)
Seat 4: OldLu83 (small blind) folded before Flop
Seat 5: value_ftw (big blind) folded on the Flop
Seat 6: radu10101 folded before Flop (didn't bet)



PokerStars Hand #254684625856:  Hold'em No Limit ($0.50/$1.00 USD) - 2025/02/03 9:38:58 WET [2025/02/03 4:38:58 ET]
Table 'Posnania' 6-max Seat #4 is the button
Seat 1: Burlica2013 ($149.28 in chips) 
Seat 2: janarr5 ($105.47 in chips) 
Seat 3: CashfishT ($100 in chips) 
Seat 4: OldLu83 ($4.74 in chips) 
Seat 5: value_ftw ($100 in chips) 
Seat 6: radu10101 ($42.28 in chips) 
value_ftw: posts small blind $0.50
radu10101: posts big blind $1
*** HOLE CARDS ***
Burlica2013: folds 
janarr5: folds 
CashfishT: raises $1.20 to $2.20
OldLu83: calls $2.20
value_ftw: raises $9.80 to $12
radu10101: folds 
CashfishT: folds 
OldLu83: calls $2.54 and is all-in
Uncalled bet ($7.26) returned to value_ftw
*** FLOP *** [Jh Kh Ks]
*** TURN *** [Jh Kh Ks] [2d]
*** RIVER *** [Jh Kh Ks 2d] [2h]
*** SHOW DOWN ***
value_ftw: shows [4d Ad] (two pair, Kings and Deuces)
OldLu83: shows [Kc Tc] (a full house, Kings full of Deuces)
OldLu83 collected $11.89 from pot
*** SUMMARY ***
Total pot $12.68 | Rake $0.79 
Board [Jh Kh Ks 2d 2h]
Seat 1: Burlica2013 folded before Flop (didn't bet)
Seat 2: janarr5 folded before Flop (didn't bet)
Seat 3: CashfishT folded before Flop
Seat 4: OldLu83 (button) showed [Kc Tc] and won ($11.89) with a full house, Kings full of Deuces
Seat 5: value_ftw (small blind) showed [4d Ad] and lost with two pair, Kings and Deuces
Seat 6: radu10101 (big blind) folded before Flop



PokerStars Hand #254684629577:  Hold'em No Limit ($0.50/$1.00 USD) - 2025/02/03 9:39:39 WET [2025/02/03 4:39:39 ET]
Table 'Posnania' 6-max Seat #5 is the button
Seat 1: Burlica2013 ($149.28 in chips) 
Seat 2: janarr5 ($105.47 in chips) 
Seat 3: CashfishT ($100 in chips) 
Seat 4: OldLu83 ($11.89 in chips) 
Seat 5: value_ftw ($100 in chips) 
Seat 6: radu10101 ($41.28 in chips) 
radu10101: posts small blind $0.50
Burlica2013: posts big blind $1
*** HOLE CARDS ***
janarr5: folds 
CashfishT: raises $1.20 to $2.20
OldLu83: folds 
value_ftw: folds 
radu10101: calls $1.70
Burlica2013: calls $1.20
*** FLOP *** [Jh 9s 4c]
radu10101: checks 
Burlica2013: checks 
CashfishT: checks 
*** TURN *** [Jh 9s 4c] [2c]
radu10101: checks 
Burlica2013: bets $3.14
CashfishT: calls $3.14
radu10101: folds 
*** RIVER *** [Jh 9s 4c 2c] [Kc]
Burlica2013: bets $16.77
CashfishT: folds 
Uncalled bet ($16.77) returned to Burlica2013
Burlica2013 collected $12.24 from pot
Burlica2013: doesn't show hand 
*** SUMMARY ***
Total pot $12.88 | Rake $0.64 
Board [Jh 9s 4c 2c Kc]
Seat 1: Burlica2013 (big blind) collected ($12.24)
Seat 2: janarr5 folded before Flop (didn't bet)
Seat 3: CashfishT folded on the River
Seat 4: OldLu83 folded before Flop (didn't bet)
Seat 5: value_ftw (button) folded before Flop (didn't bet)
Seat 6: radu10101 (small blind) folded on the Turn



PokerStars Hand #254684638653:  Hold'em No Limit ($0.50/$1.00 USD) - 2025/02/03 9:41:15 WET [2025/02/03 4:41:15 ET]
Table 'Posnania' 6-max Seat #6 is the button
Seat 1: Burlica2013 ($156.18 in chips) 
Seat 2: janarr5 ($105.47 in chips) 
Seat 3: CashfishT ($100 in chips) 
Seat 4: OldLu83 ($11.89 in chips) 
Seat 5: value_ftw ($100 in chips) 
Seat 6: radu10101 ($39.08 in chips) 
Burlica2013: posts small blind $0.50
janarr5: posts big blind $1
*** HOLE CARDS ***
CashfishT: folds 
OldLu83: calls $1
value_ftw: folds 
radu10101: calls $1
Burlica2013: raises $10 to $11
janarr5: folds 
OldLu83: folds 
radu10101: folds 
Uncalled bet ($10) returned to Burlica2013
Burlica2013 collected $4 from pot
Burlica2013: doesn't show hand 
*** SUMMARY ***
Total pot $4 | Rake $0 
Seat 1: Burlica2013 (small blind) collected ($4)
Seat 2: janarr5 (big blind) folded before Flop
Seat 3: CashfishT folded before Flop (didn't bet)
Seat 4: OldLu83 folded before Flop
Seat 5: value_ftw folded before Flop (didn't bet)
Seat 6: radu10101 (button) folded before Flop



PokerStars Hand #254684643603:  Hold'em No Limit ($0.50/$1.00 USD) - 2025/02/03 9:42:07 WET [2025/02/03 4:42:07 ET]
Table 'Posnania' 6-max Seat #1 is the button
Seat 1: Burlica2013 ($159.18 in chips) 
Seat 2: janarr5 ($104.47 in chips) 
Seat 3: CashfishT ($100 in chips) 
Seat 4: OldLu83 ($10.89 in chips) 
Seat 5: value_ftw ($100 in chips) 
Seat 6: radu10101 ($38.08 in chips) 
janarr5: posts small blind $0.50
CashfishT: posts big blind $1
*** HOLE CARDS ***
OldLu83: folds 
value_ftw: folds 
radu10101: raises $1 to $2
Burlica2013: folds 
janarr5: folds 
CashfishT: calls $1
*** FLOP *** [6d Qs Jc]
CashfishT: checks 
radu10101: bets $2
CashfishT: calls $2
*** TURN *** [6d Qs Jc] [Ac]
CashfishT: checks 
radu10101: bets $2
CashfishT: folds 
Uncalled bet ($2) returned to radu10101
radu10101 collected $8.08 from pot
*** SUMMARY ***
Total pot $8.50 | Rake $0.42 
Board [6d Qs Jc Ac]
Seat 1: Burlica2013 (button) folded before Flop (didn't bet)
Seat 2: janarr5 (small blind) folded before Flop
Seat 3: CashfishT (big blind) folded on the Turn
Seat 4: OldLu83 folded before Flop (didn't bet)
Seat 5: value_ftw folded before Flop (didn't bet)
Seat 6: radu10101 collected ($8.08)



PokerStars Hand #254684649680:  Hold'em No Limit ($0.50/$1.00 USD) - 2025/02/03 9:43:12 WET [2025/02/03 4:43:12 ET]
Table 'Posnania' 6-max Seat #2 is the button
Seat 1: Burlica2013 ($159.18 in chips) 
Seat 2: janarr5 ($103.97 in chips) 
Seat 3: CashfishT ($100 in chips) 
Seat 4: OldLu83 ($10.89 in chips) 
Seat 5: value_ftw ($100 in chips) 
Seat 6: radu10101 ($42.16 in chips) 
CashfishT: posts small blind $0.50
OldLu83: posts big blind $1
*** HOLE CARDS ***
value_ftw: raises $1.20 to $2.20
radu10101: folds 
Burlica2013: folds 
janarr5: folds 
CashfishT: folds 
OldLu83: folds 
Uncalled bet ($1.20) returned to value_ftw
value_ftw collected $2.50 from pot
value_ftw: doesn't show hand 
*** SUMMARY ***
Total pot $2.50 | Rake $0 
Seat 1: Burlica2013 folded before Flop (didn't bet)
Seat 2: janarr5 (button) folded before Flop (didn't bet)
Seat 3: CashfishT (small blind) folded before Flop
Seat 4: OldLu83 (big blind) folded before Flop
Seat 5: value_ftw collected ($2.50)
Seat 6: radu10101 folded before Flop (didn't bet)



PokerStars Hand #254684651280:  Hold'em No Limit ($0.50/$1.00 USD) - 2025/02/03 9:43:30 WET [2025/02/03 4:43:30 ET]
Table 'Posnania' 6-max Seat #3 is the button
Seat 1: Burlica2013 ($159.18 in chips) 
Seat 2: janarr5 ($103.97 in chips) 
Seat 3: CashfishT ($100 in chips) 
Seat 4: OldLu83 ($9.89 in chips) 
Seat 5: value_ftw ($101.50 in chips) 
Seat 6: radu10101 ($42.16 in chips) 
OldLu83: posts small blind $0.50
value_ftw: posts big blind $1
*** HOLE CARDS ***
radu10101 has timed out
radu10101: folds 
Burlica2013: folds 
janarr5: folds 
CashfishT: folds 
OldLu83: folds 
Uncalled bet ($0.50) returned to value_ftw
value_ftw collected $1 from pot
value_ftw: doesn't show hand 
*** SUMMARY ***
Total pot $1 | Rake $0 
Seat 1: Burlica2013 folded before Flop (didn't bet)
Seat 2: janarr5 folded before Flop (didn't bet)
Seat 3: CashfishT (button) folded before Flop (didn't bet)
Seat 4: OldLu83 (small blind) folded before Flop
Seat 5: value_ftw (big blind) collected ($1)
Seat 6: radu10101 folded before Flop (didn't bet)



PokerStars Hand #254684653651:  Hold'em No Limit ($0.50/$1.00 USD) - 2025/02/03 9:43:55 WET [2025/02/03 4:43:55 ET]
Table 'Posnania' 6-max Seat #4 is the button
Seat 6: radu10101 ($42.16 in chips) is sitting out
Seat 1: Burlica2013 ($159.18 in chips) 
Seat 2: janarr5 ($103.97 in chips) 
Seat 3: CashfishT ($100 in chips) 
Seat 4: OldLu83 ($9.39 in chips) 
Seat 5: value_ftw ($102 in chips) 
value_ftw: posts small blind $0.50
Burlica2013: posts big blind $1
*** HOLE CARDS ***
janarr5: folds 
CashfishT: folds 
OldLu83: raises $1 to $2
value_ftw: folds 
Burlica2013: calls $1
*** FLOP *** [Ah 9s 7d]
Burlica2013: checks 
OldLu83: bets $1
Burlica2013: calls $1
*** TURN *** [Ah 9s 7d] [2c]
Burlica2013: checks 
OldLu83: bets $2
Burlica2013: folds 
Uncalled bet ($2) returned to OldLu83
OldLu83 collected $6.10 from pot
*** SUMMARY ***
Total pot $6.50 | Rake $0.40 
Board [Ah 9s 7d 2c]
Seat 6: radu10101
Seat 1: Burlica2013 (big blind) folded on the Turn
Seat 2: janarr5 folded before Flop (didn't bet)
Seat 3: CashfishT folded before Flop (didn't bet)
Seat 4: OldLu83 (button) collected ($6.10)
Seat 5: value_ftw (small blind) folded before Flop



PokerStars Hand #254684657846:  Hold'em No Limit ($0.50/$1.00 USD) - 2025/02/03 9:44:39 WET [2025/02/03 4:44:39 ET]
Table 'Posnania' 6-max Seat #5 is the button
Seat 6: radu10101 ($42.16 in chips) is sitting out
Seat 1: Burlica2013 ($156.18 in chips) 
Seat 2: janarr5 ($103.97 in chips) 
Seat 3: CashfishT ($100 in chips) 
Seat 4: OldLu83 ($12.49 in chips) 
Seat 5: value_ftw ($101.50 in chips) 
Burlica2013: posts small blind $0.50
janarr5: posts big blind $1
*** HOLE CARDS ***
CashfishT: raises $1.20 to $2.20
OldLu83: folds 
value_ftw: raises $5.30 to $7.50
Burlica2013: folds 
janarr5: folds 
CashfishT: folds 
Uncalled bet ($5.30) returned to value_ftw
value_ftw collected $5.90 from pot
value_ftw: doesn't show hand 
*** SUMMARY ***
Total pot $5.90 | Rake $0 
Seat 6: radu10101
Seat 1: Burlica2013 (small blind) folded before Flop
Seat 2: janarr5 (big blind) folded before Flop
Seat 3: CashfishT folded before Flop
Seat 4: OldLu83 folded before Flop (didn't bet)
Seat 5: value_ftw (button) collected ($5.90)



PokerStars Hand #254684662032:  Hold'em No Limit ($0.50/$1.00 USD) - 2025/02/03 9:45:23 WET [2025/02/03 4:45:23 ET]
Table 'Posnania' 6-max Seat #1 is the button
Seat 6: radu10101 ($42.16 in chips) is sitting out
Seat 1: Burlica2013 ($155.68 in chips) 
Seat 2: janarr5 ($102.97 in chips) 
Seat 3: CashfishT ($100 in chips) 
Seat 4: OldLu83 ($12.49 in chips) 
Seat 5: value_ftw ($105.20 in chips) 
janarr5: posts small blind $0.50
CashfishT: posts big blind $1
*** HOLE CARDS ***
OldLu83: calls $1
value_ftw: folds 
Burlica2013: folds 
janarr5: folds 
CashfishT: checks 
*** FLOP *** [Th 6d 9h]
CashfishT: checks 
OldLu83: bets $3
CashfishT: raises $11 to $14
OldLu83: folds 
Uncalled bet ($11) returned to CashfishT
CashfishT collected $8.08 from pot
CashfishT: doesn't show hand 
*** SUMMARY ***
Total pot $8.50 | Rake $0.42 
Board [Th 6d 9h]
Seat 6: radu10101
Seat 1: Burlica2013 (button) folded before Flop (didn't bet)
Seat 2: janarr5 (small blind) folded before Flop
Seat 3: CashfishT (big blind) collected ($8.08)
Seat 4: OldLu83 folded on the Flop
Seat 5: value_ftw folded before Flop (didn't bet)



PokerStars Hand #254684664953:  Hold'em No Limit ($0.50/$1.00 USD) - 2025/02/03 9:45:53 WET [2025/02/03 4:45:53 ET]
Table 'Posnania' 6-max Seat #2 is the button
Seat 6: radu10101 ($42.16 in chips) is sitting out
Seat 1: Burlica2013 ($155.68 in chips) 
Seat 2: janarr5 ($102.47 in chips) 
Seat 3: CashfishT ($104.08 in chips) 
Seat 4: OldLu83 ($8.49 in chips) 
Seat 5: value_ftw ($105.20 in chips) 
CashfishT: posts small blind $0.50
OldLu83: posts big blind $1
*** HOLE CARDS ***
value_ftw: raises $1.20 to $2.20
Burlica2013: folds 
janarr5: folds 
CashfishT: folds 
OldLu83: calls $1.20
*** FLOP *** [6h Qs 3d]
OldLu83: bets $6.29 and is all-in
value_ftw: calls $6.29
*** TURN *** [6h Qs 3d] [7s]
*** RIVER *** [6h Qs 3d 7s] [6s]
*** SHOW DOWN ***
OldLu83: shows [Qc 3c] (two pair, Queens and Sixes)
value_ftw: shows [Ks As] (a flush, Ace high)
value_ftw collected $16.61 from pot
*** SUMMARY ***
Total pot $17.48 | Rake $0.87 
Board [6h Qs 3d 7s 6s]
Seat 6: radu10101
Seat 1: Burlica2013 folded before Flop (didn't bet)
Seat 2: janarr5 (button) folded before Flop (didn't bet)
Seat 3: CashfishT (small blind) folded before Flop
Seat 4: OldLu83 (big blind) showed [Qc 3c] and lost with two pair, Queens and Sixes
Seat 5: value_ftw showed [Ks As] and won ($16.61) with a flush, Ace high



PokerStars Hand #254684668062:  Hold'em No Limit ($0.50/$1.00 USD) - 2025/02/03 9:46:25 WET [2025/02/03 4:46:25 ET]
Table 'Posnania' 6-max Seat #3 is the button
Seat 4: OldLu83 ($0 in chips) is sitting out
Seat 6: radu10101 ($42.16 in chips) is sitting out
Seat 1: Burlica2013 ($155.68 in chips) 
Seat 2: janarr5 ($102.47 in chips) 
Seat 3: CashfishT ($103.58 in chips) 
Seat 5: value_ftw ($113.32 in chips) 
value_ftw: posts small blind $0.50
Burlica2013: posts big blind $1
*** HOLE CARDS ***
janarr5: folds 
OldLu83 is disconnected 
CashfishT: folds 
value_ftw: raises $2 to $3
Burlica2013: folds 
Uncalled bet ($2) returned to value_ftw
value_ftw collected $2 from pot
value_ftw: doesn't show hand 
CashfishT leaves the table
*** SUMMARY ***
Total pot $2 | Rake $0 
Seat 4: OldLu83
Seat 6: radu10101
Seat 1: Burlica2013 (big blind) folded before Flop
Seat 2: janarr5 folded before Flop (didn't bet)
Seat 3: CashfishT (button) folded before Flop (didn't bet)
Seat 5: value_ftw (small blind) collected ($2)



PokerStars Hand #254684670194:  Hold'em No Limit ($0.50/$1.00 USD) - 2025/02/03 9:46:47 WET [2025/02/03 4:46:47 ET]
Table 'Posnania' 6-max Seat #5 is the button
Seat 4: OldLu83 ($0 in chips) is sitting out
Seat 6: radu10101 ($42.16 in chips) is sitting out
Seat 1: Burlica2013 ($154.68 in chips) 
Seat 2: janarr5 ($102.47 in chips) 
Seat 5: value_ftw ($114.32 in chips) 
Burlica2013: posts small blind $0.50
janarr5: posts big blind $1
*** HOLE CARDS ***
value_ftw: folds 
Burlica2013: raises $2 to $3
value_ftw leaves the table
janarr5: folds 
Uncalled bet ($2) returned to Burlica2013
Burlica2013 collected $2 from pot
Burlica2013: doesn't show hand 
*** SUMMARY ***
Total pot $2 | Rake $0 
Seat 4: OldLu83
Seat 6: radu10101
Seat 1: Burlica2013 (small blind) collected ($2)
Seat 2: janarr5 (big blind) folded before Flop
Seat 5: value_ftw (button) folded before Flop (didn't bet)



PokerStars Hand #254684671149:  Hold'em No Limit ($0.50/$1.00 USD) - 2025/02/03 9:46:57 WET [2025/02/03 4:46:57 ET]
Table 'Posnania' 6-max Seat #2 is the button
Seat 4: OldLu83 ($0 in chips) is sitting out
Seat 6: radu10101 ($42.16 in chips) is sitting out
Seat 1: Burlica2013 ($155.68 in chips) 
Seat 2: janarr5 ($101.47 in chips) 
janarr5: posts small blind $0.50
Burlica2013: posts big blind $1
*** HOLE CARDS ***
janarr5: raises $1.50 to $2.50
Burlica2013: folds 
Uncalled bet ($1.50) returned to janarr5
janarr5 collected $2 from pot
janarr5: doesn't show hand 
*** SUMMARY ***
Total pot $2 | Rake $0 
Seat 4: OldLu83
Seat 6: radu10101
Seat 1: Burlica2013 (big blind) folded before Flop
Seat 2: janarr5 (button) (small blind) collected ($2)



PokerStars Hand #254684671984:  Hold'em No Limit ($0.50/$1.00 USD) - 2025/02/03 9:47:06 WET [2025/02/03 4:47:06 ET]
Table 'Posnania' 6-max Seat #1 is the button
Seat 4: OldLu83 ($0 in chips) is sitting out
Seat 6: radu10101 ($42.16 in chips) is sitting out
Seat 1: Burlica2013 ($154.68 in chips) 
Seat 2: janarr5 ($102.47 in chips) 
Burlica2013: posts small blind $0.50
janarr5: posts big blind $1
*** HOLE CARDS ***
Burlica2013: raises $2 to $3
janarr5: folds 
Uncalled bet ($2) returned to Burlica2013
Burlica2013 collected $2 from pot
Burlica2013: doesn't show hand 
*** SUMMARY ***
Total pot $2 | Rake $0 
Seat 4: OldLu83
Seat 6: radu10101
Seat 1: Burlica2013 (button) (small blind) collected ($2)
Seat 2: janarr5 (big blind) folded before Flop



