PokerStars Hand #254683005950:  Hold'em No Limit ($0.50/$1.00 USD) - 2025/02/03 3:45:10 WET [2025/02/02 22:45:10 ET]
Table 'Jole' 6-max Seat #5 is the button
Seat 2: avlee1 ($100 in chips) is sitting out
Seat 1: Kreayshawn ($100 in chips) 
Seat 3: Tunaking77 ($103.88 in chips) 
Seat 4: m0nTTu ($100 in chips) 
Seat 5: SorinS28 ($100 in chips) 
Seat 6: G.Andrei95 ($100 in chips) 
G.Andrei95: posts small blind $0.50
Kreayshawn: posts big blind $1
avlee1: sits out 
*** HOLE CARDS ***
Tunaking77: folds 
m0nTTu: raises $1.50 to $2.50
SorinS28: folds 
G.Andrei95: folds 
Kreayshawn: folds 
Uncalled bet ($1.50) returned to m0nTTu
m0nTTu collected $2.50 from pot
m0nTTu: doesn't show hand 
*** SUMMARY ***
Total pot $2.50 | Rake $0 
Seat 2: avlee1
Seat 1: Kreayshawn (big blind) folded before Flop
Seat 3: Tunaking77 folded before Flop (didn't bet)
Seat 4: m0nTTu collected ($2.50)
Seat 5: SorinS28 (button) folded before Flop (didn't bet)
Seat 6: G.Andrei95 (small blind) folded before Flop



PokerStars Hand #254683008121:  Hold'em No Limit ($0.50/$1.00 USD) - 2025/02/03 3:45:31 WET [2025/02/02 22:45:31 ET]
Table 'Jole' 6-max Seat #6 is the button
Seat 1: Kreayshawn ($100 in chips) 
Seat 2: avlee1 ($100 in chips) 
Seat 3: Tunaking77 ($103.88 in chips) 
Seat 4: m0nTTu ($101.50 in chips) 
Seat 5: SorinS28 ($100 in chips) 
Seat 6: G.Andrei95 ($100 in chips) 
Kreayshawn: posts small blind $0.50
avlee1: posts big blind $1
*** HOLE CARDS ***
Tunaking77: raises $1 to $2
m0nTTu: folds 
SorinS28: folds 
G.Andrei95: folds 
Kreayshawn: folds 
avlee1: raises $7 to $9
Tunaking77: calls $7
*** FLOP *** [4h 6s 4d]
avlee1: bets $4.92
Tunaking77: raises $5.92 to $10.84
avlee1: calls $5.92
*** TURN *** [4h 6s 4d] [7s]
avlee1: checks 
Tunaking77: bets $21
avlee1: folds 
Uncalled bet ($21) returned to Tunaking77
Tunaking77 collected $38.17 from pot
*** SUMMARY ***
Total pot $40.18 | Rake $2.01 
Board [4h 6s 4d 7s]
Seat 1: Kreayshawn (small blind) folded before Flop
Seat 2: avlee1 (big blind) folded on the Turn
Seat 3: Tunaking77 collected ($38.17)
Seat 4: m0nTTu folded before Flop (didn't bet)
Seat 5: SorinS28 folded before Flop (didn't bet)
Seat 6: G.Andrei95 (button) folded before Flop (didn't bet)



PokerStars Hand #254683018308:  Hold'em No Limit ($0.50/$1.00 USD) - 2025/02/03 3:47:06 WET [2025/02/02 22:47:06 ET]
Table 'Jole' 6-max Seat #1 is the button
Seat 1: Kreayshawn ($100 in chips) 
Seat 2: avlee1 ($100 in chips) 
Seat 3: Tunaking77 ($122.21 in chips) 
Seat 4: m0nTTu ($101.50 in chips) 
Seat 5: SorinS28 ($100 in chips) 
Seat 6: G.Andrei95 ($100 in chips) 
avlee1: posts small blind $0.50
Tunaking77: posts big blind $1
*** HOLE CARDS ***
m0nTTu: folds 
SorinS28: raises $1.02 to $2.02
G.Andrei95: folds 
Kreayshawn: folds 
avlee1: folds 
Tunaking77: raises $1.02 to $3.04
SorinS28: calls $1.02
*** FLOP *** [5s Ah 4h]
Tunaking77: bets $2
SorinS28: calls $2
*** TURN *** [5s Ah 4h] [4s]
Tunaking77: bets $5
SorinS28: calls $5
*** RIVER *** [5s Ah 4h 4s] [As]
Tunaking77: checks 
SorinS28: checks 
*** SHOW DOWN ***
Tunaking77: shows [8s 8h] (two pair, Aces and Eights)
SorinS28: mucks hand 
Tunaking77 collected $19.55 from pot
*** SUMMARY ***
Total pot $20.58 | Rake $1.03 
Board [5s Ah 4h 4s As]
Seat 1: Kreayshawn (button) folded before Flop (didn't bet)
Seat 2: avlee1 (small blind) folded before Flop
Seat 3: Tunaking77 (big blind) showed [8s 8h] and won ($19.55) with two pair, Aces and Eights
Seat 4: m0nTTu folded before Flop (didn't bet)
Seat 5: SorinS28 mucked
Seat 6: G.Andrei95 folded before Flop (didn't bet)



PokerStars Hand #254683026432:  Hold'em No Limit ($0.50/$1.00 USD) - 2025/02/03 3:48:22 WET [2025/02/02 22:48:22 ET]
Table 'Jole' 6-max Seat #2 is the button
Seat 1: Kreayshawn ($100 in chips) 
Seat 2: avlee1 ($100 in chips) 
Seat 3: Tunaking77 ($131.72 in chips) 
Seat 4: m0nTTu ($101.50 in chips) 
Seat 5: SorinS28 ($100 in chips) 
Seat 6: G.Andrei95 ($100 in chips) 
Tunaking77: posts small blind $0.50
m0nTTu: posts big blind $1
*** HOLE CARDS ***
SorinS28: folds 
G.Andrei95: folds 
Kreayshawn: folds 
avlee1: folds 
Tunaking77: raises $1 to $2
m0nTTu: raises $7 to $9
Tunaking77: folds 
Uncalled bet ($7) returned to m0nTTu
m0nTTu collected $4 from pot
m0nTTu: doesn't show hand 
*** SUMMARY ***
Total pot $4 | Rake $0 
Seat 1: Kreayshawn folded before Flop (didn't bet)
Seat 2: avlee1 (button) folded before Flop (didn't bet)
Seat 3: Tunaking77 (small blind) folded before Flop
Seat 4: m0nTTu (big blind) collected ($4)
Seat 5: SorinS28 folded before Flop (didn't bet)
Seat 6: G.Andrei95 folded before Flop (didn't bet)



PokerStars Hand #254683029701:  Hold'em No Limit ($0.50/$1.00 USD) - 2025/02/03 3:48:53 WET [2025/02/02 22:48:53 ET]
Table 'Jole' 6-max Seat #3 is the button
Seat 1: Kreayshawn ($100 in chips) 
Seat 2: avlee1 ($100 in chips) 
Seat 3: Tunaking77 ($129.72 in chips) 
Seat 4: m0nTTu ($103.50 in chips) 
Seat 5: SorinS28 ($100 in chips) 
Seat 6: G.Andrei95 ($100 in chips) 
m0nTTu: posts small blind $0.50
SorinS28: posts big blind $1
*** HOLE CARDS ***
G.Andrei95: folds 
Kreayshawn: folds 
avlee1: folds 
Tunaking77: raises $1 to $2
m0nTTu: folds 
SorinS28: folds 
Uncalled bet ($1) returned to Tunaking77
Tunaking77 collected $2.50 from pot
*** SUMMARY ***
Total pot $2.50 | Rake $0 
Seat 1: Kreayshawn folded before Flop (didn't bet)
Seat 2: avlee1 folded before Flop (didn't bet)
Seat 3: Tunaking77 (button) collected ($2.50)
Seat 4: m0nTTu (small blind) folded before Flop
Seat 5: SorinS28 (big blind) folded before Flop
Seat 6: G.Andrei95 folded before Flop (didn't bet)



PokerStars Hand #254683031292:  Hold'em No Limit ($0.50/$1.00 USD) - 2025/02/03 3:49:09 WET [2025/02/02 22:49:09 ET]
Table 'Jole' 6-max Seat #4 is the button
Seat 1: Kreayshawn ($100 in chips) 
Seat 2: avlee1 ($100 in chips) 
Seat 3: Tunaking77 ($131.22 in chips) 
Seat 4: m0nTTu ($103 in chips) 
Seat 5: SorinS28 ($100 in chips) 
Seat 6: G.Andrei95 ($100 in chips) 
SorinS28: posts small blind $0.50
G.Andrei95: posts big blind $1
*** HOLE CARDS ***
Kreayshawn: folds 
avlee1: raises $1.50 to $2.50
Tunaking77: folds 
m0nTTu: folds 
SorinS28: folds 
G.Andrei95: folds 
Uncalled bet ($1.50) returned to avlee1
avlee1 collected $2.50 from pot
avlee1: doesn't show hand 
*** SUMMARY ***
Total pot $2.50 | Rake $0 
Seat 1: Kreayshawn folded before Flop (didn't bet)
Seat 2: avlee1 collected ($2.50)
Seat 3: Tunaking77 folded before Flop (didn't bet)
Seat 4: m0nTTu (button) folded before Flop (didn't bet)
Seat 5: SorinS28 (small blind) folded before Flop
Seat 6: G.Andrei95 (big blind) folded before Flop



PokerStars Hand #254683033570:  Hold'em No Limit ($0.50/$1.00 USD) - 2025/02/03 3:49:30 WET [2025/02/02 22:49:30 ET]
Table 'Jole' 6-max Seat #5 is the button
Seat 1: Kreayshawn ($100 in chips) 
Seat 2: avlee1 ($101.50 in chips) 
Seat 3: Tunaking77 ($131.22 in chips) 
Seat 4: m0nTTu ($103 in chips) 
Seat 5: SorinS28 ($100 in chips) 
Seat 6: G.Andrei95 ($100 in chips) 
G.Andrei95: posts small blind $0.50
Kreayshawn: posts big blind $1
*** HOLE CARDS ***
avlee1: folds 
Tunaking77: folds 
m0nTTu: raises $1.50 to $2.50
SorinS28: folds 
G.Andrei95: folds 
Kreayshawn: folds 
Uncalled bet ($1.50) returned to m0nTTu
m0nTTu collected $2.50 from pot
m0nTTu: doesn't show hand 
*** SUMMARY ***
Total pot $2.50 | Rake $0 
Seat 1: Kreayshawn (big blind) folded before Flop
Seat 2: avlee1 folded before Flop (didn't bet)
Seat 3: Tunaking77 folded before Flop (didn't bet)
Seat 4: m0nTTu collected ($2.50)
Seat 5: SorinS28 (button) folded before Flop (didn't bet)
Seat 6: G.Andrei95 (small blind) folded before Flop



PokerStars Hand #254683036673:  Hold'em No Limit ($0.50/$1.00 USD) - 2025/02/03 3:50:01 WET [2025/02/02 22:50:01 ET]
Table 'Jole' 6-max Seat #6 is the button
Seat 1: Kreayshawn ($100 in chips) 
Seat 2: avlee1 ($101.50 in chips) 
Seat 3: Tunaking77 ($131.22 in chips) 
Seat 4: m0nTTu ($104.50 in chips) 
Seat 5: SorinS28 ($100 in chips) 
Seat 6: G.Andrei95 ($100 in chips) 
Kreayshawn: posts small blind $0.50
avlee1: posts big blind $1
*** HOLE CARDS ***
Tunaking77: raises $1 to $2
m0nTTu: folds 
SorinS28: folds 
G.Andrei95: folds 
Kreayshawn: folds 
avlee1: calls $1
*** FLOP *** [3c 6d Th]
avlee1: checks 
Tunaking77: bets $2
avlee1: folds 
Uncalled bet ($2) returned to Tunaking77
Tunaking77 collected $4.28 from pot
*** SUMMARY ***
Total pot $4.50 | Rake $0.22 
Board [3c 6d Th]
Seat 1: Kreayshawn (small blind) folded before Flop
Seat 2: avlee1 (big blind) folded on the Flop
Seat 3: Tunaking77 collected ($4.28)
Seat 4: m0nTTu folded before Flop (didn't bet)
Seat 5: SorinS28 folded before Flop (didn't bet)
Seat 6: G.Andrei95 (button) folded before Flop (didn't bet)



PokerStars Hand #254683040677:  Hold'em No Limit ($0.50/$1.00 USD) - 2025/02/03 3:50:40 WET [2025/02/02 22:50:40 ET]
Table 'Jole' 6-max Seat #1 is the button
Seat 1: Kreayshawn ($100 in chips) 
Seat 2: avlee1 ($100 in chips) 
Seat 3: Tunaking77 ($133.50 in chips) 
Seat 4: m0nTTu ($104.50 in chips) 
Seat 5: SorinS28 ($100 in chips) 
Seat 6: G.Andrei95 ($100 in chips) 
avlee1: posts small blind $0.50
Tunaking77: posts big blind $1
*** HOLE CARDS ***
m0nTTu: folds 
SorinS28: folds 
G.Andrei95: folds 
Kreayshawn: raises $1.50 to $2.50
avlee1: folds 
Tunaking77: calls $1.50
*** FLOP *** [Tc Jc 7h]
Tunaking77: checks 
Kreayshawn: checks 
*** TURN *** [Tc Jc 7h] [5s]
Tunaking77: checks 
Kreayshawn: checks 
*** RIVER *** [Tc Jc 7h 5s] [Ad]
Tunaking77: checks 
Kreayshawn: bets $4.02
Tunaking77: folds 
Uncalled bet ($4.02) returned to Kreayshawn
Kreayshawn collected $5.22 from pot
*** SUMMARY ***
Total pot $5.50 | Rake $0.28 
Board [Tc Jc 7h 5s Ad]
Seat 1: Kreayshawn (button) collected ($5.22)
Seat 2: avlee1 (small blind) folded before Flop
Seat 3: Tunaking77 (big blind) folded on the River
Seat 4: m0nTTu folded before Flop (didn't bet)
Seat 5: SorinS28 folded before Flop (didn't bet)
Seat 6: G.Andrei95 folded before Flop (didn't bet)



PokerStars Hand #254683044822:  Hold'em No Limit ($0.50/$1.00 USD) - 2025/02/03 3:51:21 WET [2025/02/02 22:51:21 ET]
Table 'Jole' 6-max Seat #2 is the button
Seat 1: Kreayshawn ($102.72 in chips) 
Seat 2: avlee1 ($100 in chips) 
Seat 3: Tunaking77 ($131 in chips) 
Seat 4: m0nTTu ($104.50 in chips) 
Seat 5: SorinS28 ($100 in chips) 
Seat 6: G.Andrei95 ($100 in chips) 
Tunaking77: posts small blind $0.50
m0nTTu: posts big blind $1
*** HOLE CARDS ***
SorinS28: folds 
G.Andrei95: folds 
Kreayshawn: folds 
avlee1: folds 
Tunaking77: raises $1 to $2
m0nTTu: raises $7 to $9
Tunaking77: calls $7
*** FLOP *** [3c 2d Jh]
Tunaking77: bets $9
m0nTTu: raises $11.58 to $20.58
Tunaking77: folds 
Uncalled bet ($11.58) returned to m0nTTu
m0nTTu collected $34.20 from pot
m0nTTu: doesn't show hand 
*** SUMMARY ***
Total pot $36 | Rake $1.80 
Board [3c 2d Jh]
Seat 1: Kreayshawn folded before Flop (didn't bet)
Seat 2: avlee1 (button) folded before Flop (didn't bet)
Seat 3: Tunaking77 (small blind) folded on the Flop
Seat 4: m0nTTu (big blind) collected ($34.20)
Seat 5: SorinS28 folded before Flop (didn't bet)
Seat 6: G.Andrei95 folded before Flop (didn't bet)



PokerStars Hand #254683050698:  Hold'em No Limit ($0.50/$1.00 USD) - 2025/02/03 3:52:18 WET [2025/02/02 22:52:18 ET]
Table 'Jole' 6-max Seat #3 is the button
Seat 1: Kreayshawn ($102.72 in chips) 
Seat 2: avlee1 ($100 in chips) 
Seat 3: Tunaking77 ($113 in chips) 
Seat 4: m0nTTu ($120.70 in chips) 
Seat 5: SorinS28 ($100 in chips) 
Seat 6: G.Andrei95 ($100 in chips) 
m0nTTu: posts small blind $0.50
SorinS28: posts big blind $1
*** HOLE CARDS ***
G.Andrei95: folds 
Kreayshawn: folds 
avlee1: folds 
Tunaking77: raises $2 to $3
m0nTTu: raises $7 to $10
SorinS28: folds 
Tunaking77: calls $7
*** FLOP *** [6h Ad 7h]
m0nTTu: checks 
Tunaking77: bets $83
m0nTTu: folds 
Uncalled bet ($83) returned to Tunaking77
Tunaking77 collected $19.95 from pot
*** SUMMARY ***
Total pot $21 | Rake $1.05 
Board [6h Ad 7h]
Seat 1: Kreayshawn folded before Flop (didn't bet)
Seat 2: avlee1 folded before Flop (didn't bet)
Seat 3: Tunaking77 (button) collected ($19.95)
Seat 4: m0nTTu (small blind) folded on the Flop
Seat 5: SorinS28 (big blind) folded before Flop
Seat 6: G.Andrei95 folded before Flop (didn't bet)



