PokerStars Hand #254688499735:  Hold'em No Limit ($0.50/$1.00 USD) - 2025/02/03 16:42:40 WET [2025/02/03 11:42:40 ET]
Table 'Hilda II' 6-max Seat #2 is the button
Seat 6: blistein ($100 in chips) is sitting out
Seat 2: Dima_Olen ($73.36 in chips) 
Seat 3: raketkasix ($100 in chips) 
Seat 4: Mr_Dick666 ($100 in chips) 
raketkasix: posts small blind $0.50
Mr_Dick666: posts big blind $1
blistein: sits out 
*** HOLE CARDS ***
Dima_Olen: calls $1
raketkasix: folds 
Mr_Dick666: raises $4 to $5
Dima_Olen: folds 
Uncalled bet ($4) returned to Mr_Dick666
Mr_Dick666 collected $2.50 from pot
Mr_Dick666: doesn't show hand 
*** SUMMARY ***
Total pot $2.50 | Rake $0 
Seat 6: blistein
Seat 2: Dima_Olen (button) folded before Flop
Seat 3: raketkasix (small blind) folded before Flop
Seat 4: Mr_Dick666 (big blind) collected ($2.50)



PokerStars Hand #254688503731:  Hold'em No Limit ($0.50/$1.00 USD) - 2025/02/03 16:42:58 WET [2025/02/03 11:42:58 ET]
Table 'Hilda II' 6-max Seat #3 is the button
Seat 2: Dima_Olen ($72.36 in chips) 
Seat 3: raketkasix ($100 in chips) 
Seat 4: Mr_Dick666 ($101.50 in chips) 
Seat 6: blistein ($100 in chips) 
Mr_Dick666: posts small blind $0.50
blistein: posts big blind $1
*** HOLE CARDS ***
Dima_Olen: folds 
raketkasix: folds 
Mr_Dick666: folds 
Uncalled bet ($0.50) returned to blistein
blistein collected $1 from pot
blistein: doesn't show hand 
*** SUMMARY ***
Total pot $1 | Rake $0 
Seat 2: Dima_Olen folded before Flop (didn't bet)
Seat 3: raketkasix (button) folded before Flop (didn't bet)
Seat 4: Mr_Dick666 (small blind) folded before Flop
Seat 6: blistein (big blind) collected ($1)



PokerStars Hand #254688505922:  Hold'em No Limit ($0.50/$1.00 USD) - 2025/02/03 16:43:07 WET [2025/02/03 11:43:07 ET]
Table 'Hilda II' 6-max Seat #4 is the button
Seat 2: Dima_Olen ($72.36 in chips) 
Seat 3: raketkasix ($100 in chips) 
Seat 4: Mr_Dick666 ($101 in chips) 
Seat 6: blistein ($100.50 in chips) 
blistein: posts small blind $0.50
Dima_Olen: posts big blind $1
*** HOLE CARDS ***
raketkasix: raises $1.50 to $2.50
Mr_Dick666: folds 
blistein: calls $2
Dima_Olen: calls $1.50
*** FLOP *** [Ac 4s 4h]
blistein: checks 
Dima_Olen: checks 
paramourx joins the table at seat #5 
raketkasix: checks 
*** TURN *** [Ac 4s 4h] [Kc]
CichiChanMarian joins the table at seat #1 
blistein: checks 
Dima_Olen: checks 
raketkasix: bets $14
blistein: folds 
Dima_Olen: folds 
Uncalled bet ($14) returned to raketkasix
raketkasix collected $7.12 from pot
raketkasix: doesn't show hand 
*** SUMMARY ***
Total pot $7.50 | Rake $0.38 
Board [Ac 4s 4h Kc]
Seat 2: Dima_Olen (big blind) folded on the Turn
Seat 3: raketkasix collected ($7.12)
Seat 4: Mr_Dick666 (button) folded before Flop (didn't bet)
Seat 6: blistein (small blind) folded on the Turn



PokerStars Hand #254688521209:  Hold'em No Limit ($0.50/$1.00 USD) - 2025/02/03 16:44:14 WET [2025/02/03 11:44:14 ET]
Table 'Hilda II' 6-max Seat #6 is the button
Seat 1: CichiChanMarian ($100 in chips) is sitting out
Seat 5: paramourx ($100 in chips) is sitting out
Seat 2: Dima_Olen ($69.86 in chips) 
Seat 3: raketkasix ($104.62 in chips) 
Seat 4: Mr_Dick666 ($101 in chips) 
Seat 6: blistein ($100 in chips) 
Dima_Olen: posts small blind $0.50
raketkasix: posts big blind $1
paramourx: sits out 
*** HOLE CARDS ***
Mr_Dick666: folds 
blistein: raises $1.50 to $2.50
Dima_Olen: folds 
raketkasix: calls $1.50
*** FLOP *** [Tc Jd 8c]
raketkasix: checks 
blistein: checks 
*** TURN *** [Tc Jd 8c] [Th]
raketkasix: bets $1.72
blistein: folds 
Uncalled bet ($1.72) returned to raketkasix
raketkasix collected $5.22 from pot
raketkasix: doesn't show hand 
*** SUMMARY ***
Total pot $5.50 | Rake $0.28 
Board [Tc Jd 8c Th]
Seat 1: CichiChanMarian
Seat 5: paramourx
Seat 2: Dima_Olen (small blind) folded before Flop
Seat 3: raketkasix (big blind) collected ($5.22)
Seat 4: Mr_Dick666 folded before Flop (didn't bet)
Seat 6: blistein (button) folded on the Turn



PokerStars Hand #254688536171:  Hold'em No Limit ($0.50/$1.00 USD) - 2025/02/03 16:45:19 WET [2025/02/03 11:45:19 ET]
Table 'Hilda II' 6-max Seat #2 is the button
Seat 1: CichiChanMarian ($100 in chips) is sitting out
Seat 5: paramourx ($100 in chips) is sitting out
Seat 2: Dima_Olen ($69.36 in chips) 
Seat 3: raketkasix ($107.34 in chips) 
Seat 4: Mr_Dick666 ($101 in chips) 
Seat 6: blistein ($100 in chips) 
raketkasix: posts small blind $0.50
Mr_Dick666: posts big blind $1
paramourx: sits out 
CichiChanMarian: sits out 
*** HOLE CARDS ***
blistein: folds 
Dima_Olen: calls $1
raketkasix: raises $4 to $5
Mr_Dick666: folds 
Dima_Olen: calls $4
*** FLOP *** [3d Qs 4h]
raketkasix: checks 
Dima_Olen: checks 
*** TURN *** [3d Qs 4h] [7d]
raketkasix: checks 
Dima_Olen: checks 
*** RIVER *** [3d Qs 4h 7d] [Kd]
CichiChanMarian is disconnected 
raketkasix: checks 
Dima_Olen: checks 
*** SHOW DOWN ***
raketkasix: shows [Ah Td] (high card Ace)
Dima_Olen: mucks hand 
raketkasix collected $10.45 from pot
*** SUMMARY ***
Total pot $11 | Rake $0.55 
Board [3d Qs 4h 7d Kd]
Seat 1: CichiChanMarian
Seat 5: paramourx
Seat 2: Dima_Olen (button) mucked
Seat 3: raketkasix (small blind) showed [Ah Td] and won ($10.45) with high card Ace
Seat 4: Mr_Dick666 (big blind) folded before Flop
Seat 6: blistein folded before Flop (didn't bet)



PokerStars Hand #254688556166:  Hold'em No Limit ($0.50/$1.00 USD) - 2025/02/03 16:46:46 WET [2025/02/03 11:46:46 ET]
Table 'Hilda II' 6-max Seat #3 is the button
Seat 1: CichiChanMarian ($100 in chips) is sitting out
Seat 2: Dima_Olen ($64.36 in chips) 
Seat 3: raketkasix ($112.79 in chips) 
Seat 4: Mr_Dick666 ($100 in chips) 
Seat 5: paramourx ($100 in chips) 
Seat 6: blistein ($100 in chips) 
Mr_Dick666: posts small blind $0.50
paramourx: posts big blind $1
CichiChanMarian has timed out while disconnected
CichiChanMarian: is sitting out 
*** HOLE CARDS ***
blistein: folds 
Dima_Olen: calls $1
raketkasix: raises $4 to $5
Mr_Dick666: folds 
paramourx: folds 
Dima_Olen: folds 
Uncalled bet ($4) returned to raketkasix
raketkasix collected $3.50 from pot
raketkasix: doesn't show hand 
*** SUMMARY ***
Total pot $3.50 | Rake $0 
Seat 1: CichiChanMarian
Seat 2: Dima_Olen folded before Flop
Seat 3: raketkasix (button) collected ($3.50)
Seat 4: Mr_Dick666 (small blind) folded before Flop
Seat 5: paramourx (big blind) folded before Flop
Seat 6: blistein folded before Flop (didn't bet)



PokerStars Hand #254688562542:  Hold'em No Limit ($0.50/$1.00 USD) - 2025/02/03 16:47:13 WET [2025/02/03 11:47:13 ET]
Table 'Hilda II' 6-max Seat #4 is the button
Seat 1: CichiChanMarian ($100 in chips) is sitting out
Seat 2: Dima_Olen ($63.36 in chips) 
Seat 3: raketkasix ($115.29 in chips) 
Seat 4: Mr_Dick666 ($100 in chips) 
Seat 5: paramourx ($100 in chips) 
Seat 6: blistein ($100 in chips) 
paramourx: posts small blind $0.50
blistein: posts big blind $1
CichiChanMarian: sits out 
*** HOLE CARDS ***
Dima_Olen: calls $1
raketkasix: folds 
Mr_Dick666: folds 
paramourx: folds 
blistein: checks 
*** FLOP *** [8s 8h 5c]
blistein: checks 
Dima_Olen: checks 
*** TURN *** [8s 8h 5c] [7s]
blistein: bets $1
Dima_Olen: calls $1
*** RIVER *** [8s 8h 5c 7s] [9h]
blistein: bets $1
Dima_Olen: calls $1
*** SHOW DOWN ***
blistein: shows [3c 7c] (two pair, Eights and Sevens)
Dima_Olen: mucks hand 
blistein collected $6.18 from pot
*** SUMMARY ***
Total pot $6.50 | Rake $0.32 
Board [8s 8h 5c 7s 9h]
Seat 1: CichiChanMarian
Seat 2: Dima_Olen mucked
Seat 3: raketkasix folded before Flop (didn't bet)
Seat 4: Mr_Dick666 (button) folded before Flop (didn't bet)
Seat 5: paramourx (small blind) folded before Flop
Seat 6: blistein (big blind) showed [3c 7c] and won ($6.18) with two pair, Eights and Sevens



PokerStars Hand #254688575595:  Hold'em No Limit ($0.50/$1.00 USD) - 2025/02/03 16:48:10 WET [2025/02/03 11:48:10 ET]
Table 'Hilda II' 6-max Seat #5 is the button
Seat 1: CichiChanMarian ($100 in chips) is sitting out
Seat 2: Dima_Olen ($60.36 in chips) 
Seat 3: raketkasix ($115.29 in chips) 
Seat 4: Mr_Dick666 ($100 in chips) 
Seat 5: paramourx ($100 in chips) 
Seat 6: blistein ($103.18 in chips) 
blistein: posts small blind $0.50
CichiChanMarian has timed out
CichiChanMarian: is sitting out 
Dima_Olen: posts big blind $1
*** HOLE CARDS ***
raketkasix: folds 
Mr_Dick666: folds 
paramourx: raises $2 to $3
blistein: calls $2.50
Dima_Olen: calls $2
*** FLOP *** [3h Qh Tc]
blistein: checks 
Dima_Olen: checks 
paramourx: checks 
*** TURN *** [3h Qh Tc] [9s]
blistein: checks 
Dima_Olen: bets $1
paramourx: raises $5.28 to $6.28
blistein: folds 
Dima_Olen: calls $5.28
*** RIVER *** [3h Qh Tc 9s] [2d]
Dima_Olen: checks 
paramourx: bets $15.97
Dima_Olen: folds 
Uncalled bet ($15.97) returned to paramourx
paramourx collected $20.48 from pot
paramourx: doesn't show hand 
*** SUMMARY ***
Total pot $21.56 | Rake $1.08 
Board [3h Qh Tc 9s 2d]
Seat 1: CichiChanMarian
Seat 2: Dima_Olen (big blind) folded on the River
Seat 3: raketkasix folded before Flop (didn't bet)
Seat 4: Mr_Dick666 folded before Flop (didn't bet)
Seat 5: paramourx (button) collected ($20.48)
Seat 6: blistein (small blind) folded on the Turn



PokerStars Hand #254688592125:  Hold'em No Limit ($0.50/$1.00 USD) - 2025/02/03 16:49:22 WET [2025/02/03 11:49:22 ET]
Table 'Hilda II' 6-max Seat #6 is the button
Seat 1: CichiChanMarian ($100 in chips) is sitting out
Seat 2: Dima_Olen ($51.08 in chips) 
Seat 3: raketkasix ($115.29 in chips) 
Seat 4: Mr_Dick666 ($100 in chips) 
Seat 5: paramourx ($111.20 in chips) 
Seat 6: blistein ($100.18 in chips) 
Dima_Olen: posts small blind $0.50
raketkasix: posts big blind $1
*** HOLE CARDS ***
Mr_Dick666: folds 
paramourx: folds 
blistein: raises $1.50 to $2.50
Dima_Olen: calls $2
raketkasix: folds 
*** FLOP *** [7h 7c 3s]
Dima_Olen: checks 
blistein: bets $2
Dima_Olen: calls $2
*** TURN *** [7h 7c 3s] [Ad]
Dima_Olen: checks 
blistein: checks 
*** RIVER *** [7h 7c 3s Ad] [2d]
Dima_Olen: checks 
blistein: bets $5
Dima_Olen: folds 
Uncalled bet ($5) returned to blistein
blistein collected $9.50 from pot
blistein: doesn't show hand 
*** SUMMARY ***
Total pot $10 | Rake $0.50 
Board [7h 7c 3s Ad 2d]
Seat 1: CichiChanMarian
Seat 2: Dima_Olen (small blind) folded on the River
Seat 3: raketkasix (big blind) folded before Flop
Seat 4: Mr_Dick666 folded before Flop (didn't bet)
Seat 5: paramourx folded before Flop (didn't bet)
Seat 6: blistein (button) collected ($9.50)



PokerStars Hand #254688604016:  Hold'em No Limit ($0.50/$1.00 USD) - 2025/02/03 16:50:13 WET [2025/02/03 11:50:13 ET]
Table 'Hilda II' 6-max Seat #2 is the button
Seat 1: CichiChanMarian ($100 in chips) is sitting out
Seat 2: Dima_Olen ($46.58 in chips) 
Seat 3: raketkasix ($114.29 in chips) 
Seat 4: Mr_Dick666 ($100 in chips) 
Seat 5: paramourx ($111.20 in chips) 
Seat 6: blistein ($105.18 in chips) 
raketkasix: posts small blind $0.50
Mr_Dick666: posts big blind $1
CichiChanMarian: sits out 
*** HOLE CARDS ***
paramourx: folds 
blistein: folds 
Dima_Olen: folds 
raketkasix: raises $2 to $3
Mr_Dick666: raises $6 to $9
raketkasix: calls $6
*** FLOP *** [5c 7d Ad]
raketkasix: checks 
Mr_Dick666: bets $5.64
raketkasix: folds 
Uncalled bet ($5.64) returned to Mr_Dick666
Mr_Dick666 collected $17.10 from pot
Mr_Dick666: doesn't show hand 
*** SUMMARY ***
Total pot $18 | Rake $0.90 
Board [5c 7d Ad]
Seat 1: CichiChanMarian
Seat 2: Dima_Olen (button) folded before Flop (didn't bet)
Seat 3: raketkasix (small blind) folded on the Flop
Seat 4: Mr_Dick666 (big blind) collected ($17.10)
Seat 5: paramourx folded before Flop (didn't bet)
Seat 6: blistein folded before Flop (didn't bet)



PokerStars Hand #254688613808:  Hold'em No Limit ($0.50/$1.00 USD) - 2025/02/03 16:50:55 WET [2025/02/03 11:50:55 ET]
Table 'Hilda II' 6-max Seat #3 is the button
Seat 1: CichiChanMarian ($100 in chips) is sitting out
Seat 2: Dima_Olen ($46.58 in chips) 
Seat 3: raketkasix ($105.29 in chips) 
Seat 4: Mr_Dick666 ($108.10 in chips) 
Seat 5: paramourx ($111.20 in chips) 
Seat 6: blistein ($105.18 in chips) 
Mr_Dick666: posts small blind $0.50
paramourx: posts big blind $1
CichiChanMarian: sits out 
*** HOLE CARDS ***
blistein: folds 
Dima_Olen: calls $1
raketkasix: folds 
Mr_Dick666: folds 
paramourx: checks 
*** FLOP *** [Ts 3s Jd]
paramourx: checks 
Dima_Olen: checks 
*** TURN *** [Ts 3s Jd] [8c]
paramourx: checks 
Dima_Olen: checks 
*** RIVER *** [Ts 3s Jd 8c] [9h]
paramourx: checks 
Dima_Olen: checks 
*** SHOW DOWN ***
paramourx: shows [4c Th] (a pair of Tens)
Dima_Olen: mucks hand 
paramourx collected $2.38 from pot
*** SUMMARY ***
Total pot $2.50 | Rake $0.12 
Board [Ts 3s Jd 8c 9h]
Seat 1: CichiChanMarian
Seat 2: Dima_Olen mucked
Seat 3: raketkasix (button) folded before Flop (didn't bet)
Seat 4: Mr_Dick666 (small blind) folded before Flop
Seat 5: paramourx (big blind) showed [4c Th] and won ($2.38) with a pair of Tens
Seat 6: blistein folded before Flop (didn't bet)



PokerStars Hand #254688620398:  Hold'em No Limit ($0.50/$1.00 USD) - 2025/02/03 16:51:23 WET [2025/02/03 11:51:23 ET]
Table 'Hilda II' 6-max Seat #4 is the button
Seat 1: CichiChanMarian ($100 in chips) is sitting out
Seat 2: Dima_Olen ($45.58 in chips) 
Seat 3: raketkasix ($105.29 in chips) 
Seat 4: Mr_Dick666 ($107.60 in chips) 
Seat 5: paramourx ($112.58 in chips) 
Seat 6: blistein ($105.18 in chips) 
paramourx: posts small blind $0.50
blistein: posts big blind $1
CichiChanMarian: sits out 
*** HOLE CARDS ***
Dima_Olen: folds 
raketkasix: folds 
Mr_Dick666: folds 
paramourx: raises $2 to $3
blistein: calls $2
*** FLOP *** [2s 3d Kc]
paramourx: checks 
blistein: checks 
*** TURN *** [2s 3d Kc] [3c]
paramourx: bets $1.77
blistein: calls $1.77
*** RIVER *** [2s 3d Kc 3c] [Ac]
paramourx: checks 
blistein: checks 
*** SHOW DOWN ***
paramourx: shows [7h 7c] (two pair, Sevens and Threes)
blistein: shows [Kd Jh] (two pair, Kings and Threes)
blistein collected $9.06 from pot
*** SUMMARY ***
Total pot $9.54 | Rake $0.48 
Board [2s 3d Kc 3c Ac]
Seat 1: CichiChanMarian
Seat 2: Dima_Olen folded before Flop (didn't bet)
Seat 3: raketkasix folded before Flop (didn't bet)
Seat 4: Mr_Dick666 (button) folded before Flop (didn't bet)
Seat 5: paramourx (small blind) showed [7h 7c] and lost with two pair, Sevens and Threes
Seat 6: blistein (big blind) showed [Kd Jh] and won ($9.06) with two pair, Kings and Threes



PokerStars Hand #254688633671:  Hold'em No Limit ($0.50/$1.00 USD) - 2025/02/03 16:52:20 WET [2025/02/03 11:52:20 ET]
Table 'Hilda II' 6-max Seat #5 is the button
Seat 1: CichiChanMarian ($100 in chips) 
Seat 2: Dima_Olen ($45.58 in chips) 
Seat 3: raketkasix ($105.29 in chips) 
Seat 4: Mr_Dick666 ($107.60 in chips) 
Seat 5: paramourx ($107.81 in chips) 
Seat 6: blistein ($109.47 in chips) 
blistein: posts small blind $0.50
CichiChanMarian: posts big blind $1
*** HOLE CARDS ***
Dima_Olen: calls $1
raketkasix: raises $4 to $5
Mr_Dick666: folds 
paramourx: folds 
blistein: folds 
CichiChanMarian: folds 
Dima_Olen: calls $4
*** FLOP *** [4d 2d Kh]
Dima_Olen: checks 
raketkasix: checks 
*** TURN *** [4d 2d Kh] [Js]
Dima_Olen: checks 
raketkasix: bets $5.46
Dima_Olen: folds 
Uncalled bet ($5.46) returned to raketkasix
raketkasix collected $10.92 from pot
raketkasix: doesn't show hand 
*** SUMMARY ***
Total pot $11.50 | Rake $0.58 
Board [4d 2d Kh Js]
Seat 1: CichiChanMarian (big blind) folded before Flop
Seat 2: Dima_Olen folded on the Turn
Seat 3: raketkasix collected ($10.92)
Seat 4: Mr_Dick666 folded before Flop (didn't bet)
Seat 5: paramourx (button) folded before Flop (didn't bet)
Seat 6: blistein (small blind) folded before Flop



PokerStars Hand #254688698122:  Hold'em No Limit ($0.50/$1.00 USD) - 2025/02/03 16:57:29 WET [2025/02/03 11:57:29 ET]
Table 'Hilda II' 6-max Seat #3 is the button
Seat 2: Dima_Olen ($0 in chips) is sitting out
Seat 1: CichiChanMarian ($100 in chips) 
Seat 3: raketkasix ($116.21 in chips) 
Seat 4: Mr_Dick666 ($132.12 in chips) 
Seat 5: paramourx ($114.74 in chips) 
Seat 6: blistein ($110.47 in chips) 
Mr_Dick666: posts small blind $0.50
paramourx: posts big blind $1
*** HOLE CARDS ***
blistein: folds 
CichiChanMarian: folds 
Dima_Olen leaves the table
raketkasix: folds 
blistein leaves the table
Mr_Dick666: raises $2 to $3
paramourx: calls $2
*** FLOP *** [6c 9c 3c]
Mr_Dick666: checks 
paramourx: bets $1
Mr_Dick666: calls $1
*** TURN *** [6c 9c 3c] [4c]
Mr_Dick666: checks 
paramourx: checks 
*** RIVER *** [6c 9c 3c 4c] [7h]
Mr_Dick666: checks 
paramourx: bets $10.50
Mr_Dick666: folds 
Uncalled bet ($10.50) returned to paramourx
paramourx collected $7.60 from pot
paramourx: doesn't show hand 
*** SUMMARY ***
Total pot $8 | Rake $0.40 
Board [6c 9c 3c 4c 7h]
Seat 2: Dima_Olen
Seat 1: CichiChanMarian folded before Flop (didn't bet)
Seat 3: raketkasix (button) folded before Flop (didn't bet)
Seat 4: Mr_Dick666 (small blind) folded on the River
Seat 5: paramourx (big blind) collected ($7.60)
Seat 6: blistein folded before Flop (didn't bet)



PokerStars Hand #254688716762:  Hold'em No Limit ($0.50/$1.00 USD) - 2025/02/03 16:59:13 WET [2025/02/03 11:59:13 ET]
Table 'Hilda II' 6-max Seat #4 is the button
Seat 1: CichiChanMarian ($100 in chips) 
Seat 3: raketkasix ($116.21 in chips) 
Seat 4: Mr_Dick666 ($128.12 in chips) 
Seat 5: paramourx ($118.34 in chips) 
paramourx: posts small blind $0.50
CichiChanMarian: posts big blind $1
*** HOLE CARDS ***
raketkasix: folds 
Mr_Dick666: folds 
paramourx: raises $2 to $3
CichiChanMarian: calls $2
*** FLOP *** [Jh 5s 7c]
paramourx: checks 
CichiChanMarian: bets $1.88
paramourx: calls $1.88
*** TURN *** [Jh 5s 7c] [Js]
paramourx: checks 
CichiChanMarian: checks 
*** RIVER *** [Jh 5s 7c Js] [Jd]
Mr_Dick666 leaves the table
paramourx: checks 
CichiChanMarian: bets $15.76
paramourx: calls $15.76
*** SHOW DOWN ***
CichiChanMarian: shows [9d Qs] (three of a kind, Jacks)
paramourx: shows [Tc Td] (a full house, Jacks full of Tens)
paramourx collected $40.28 from pot
*** SUMMARY ***
Total pot $41.28 | Rake $1 
Board [Jh 5s 7c Js Jd]
Seat 1: CichiChanMarian (big blind) showed [9d Qs] and lost with three of a kind, Jacks
Seat 3: raketkasix folded before Flop (didn't bet)
Seat 4: Mr_Dick666 (button) folded before Flop (didn't bet)
Seat 5: paramourx (small blind) showed [Tc Td] and won ($40.28) with a full house, Jacks full of Tens



