PokerStars Hand #254687052760:  Hold'em No Limit ($0.50/$1.00 USD) - 2025/02/03 14:42:16 WET [2025/02/03 9:42:16 ET]
Table 'Dactyl II' 6-max Seat #6 is the button
Seat 1: magzi777 ($100 in chips) 
Seat 6: hag111 ($199 in chips) 
hag111: posts small blind $0.50
magzi777: posts big blind $1
*** HOLE CARDS ***
hag111: folds 
Uncalled bet ($0.50) returned to magzi777
magzi777 collected $1 from pot
*** SUMMARY ***
Total pot $1 | Rake $0 
Seat 1: magzi777 (big blind) collected ($1)
Seat 6: hag111 (button) (small blind) folded before Flop



PokerStars Hand #254687054169:  Hold'em No Limit ($0.50/$1.00 USD) - 2025/02/03 14:42:24 WET [2025/02/03 9:42:24 ET]
Table 'Dactyl II' 6-max Seat #1 is the button
Seat 1: magzi777 ($100.50 in chips) 
Seat 6: hag111 ($198.50 in chips) 
magzi777: posts small blind $0.50
hag111: posts big blind $1
*** HOLE CARDS ***
magzi777: raises $1.50 to $2.50
hag111: folds 
Uncalled bet ($1.50) returned to magzi777
magzi777 collected $2 from pot
*** SUMMARY ***
Total pot $2 | Rake $0 
Seat 1: magzi777 (button) (small blind) collected ($2)
Seat 6: hag111 (big blind) folded before Flop



PokerStars Hand #254687055865:  Hold'em No Limit ($0.50/$1.00 USD) - 2025/02/03 14:42:34 WET [2025/02/03 9:42:34 ET]
Table 'Dactyl II' 6-max Seat #6 is the button
Seat 1: magzi777 ($101.50 in chips) 
Seat 6: hag111 ($197.50 in chips) 
hag111: posts small blind $0.50
magzi777: posts big blind $1
*** HOLE CARDS ***
hag111: raises $1 to $2
magzi777: calls $1
*** FLOP *** [Qh Tc 5d]
magzi777: checks 
hag111: checks 
*** TURN *** [Qh Tc 5d] [Ac]
magzi777: checks 
hag111: checks 
*** RIVER *** [Qh Tc 5d Ac] [Ks]
magzi777: checks 
hag111: checks 
*** SHOW DOWN ***
magzi777: shows [2s 2h] (a pair of Deuces)
hag111: mucks hand 
magzi777 collected $3.80 from pot
*** SUMMARY ***
Total pot $4 | Rake $0.20 
Board [Qh Tc 5d Ac Ks]
Seat 1: magzi777 (big blind) showed [2s 2h] and won ($3.80) with a pair of Deuces
Seat 6: hag111 (button) (small blind) mucked



PokerStars Hand #254687060956:  Hold'em No Limit ($0.50/$1.00 USD) - 2025/02/03 14:43:01 WET [2025/02/03 9:43:01 ET]
Table 'Dactyl II' 6-max Seat #1 is the button
Seat 1: magzi777 ($103.30 in chips) 
Seat 6: hag111 ($195.50 in chips) 
magzi777: posts small blind $0.50
hag111: posts big blind $1
*** HOLE CARDS ***
magzi777: raises $1.50 to $2.50
hag111: calls $1.50
*** FLOP *** [Jc 3h 9h]
hag111: bets $3
magzi777: calls $3
*** TURN *** [Jc 3h 9h] [Jd]
hag111: bets $5.23
magzi777: folds 
Uncalled bet ($5.23) returned to hag111
hag111 collected $10.45 from pot
hag111: doesn't show hand 
*** SUMMARY ***
Total pot $11 | Rake $0.55 
Board [Jc 3h 9h Jd]
Seat 1: magzi777 (button) (small blind) folded on the Turn
Seat 6: hag111 (big blind) collected ($10.45)



PokerStars Hand #254687065831:  Hold'em No Limit ($0.50/$1.00 USD) - 2025/02/03 14:43:27 WET [2025/02/03 9:43:27 ET]
Table 'Dactyl II' 6-max Seat #6 is the button
Seat 1: magzi777 ($100 in chips) 
Seat 6: hag111 ($200.45 in chips) 
hag111: posts small blind $0.50
magzi777: posts big blind $1
*** HOLE CARDS ***
hag111: folds 
Uncalled bet ($0.50) returned to magzi777
magzi777 collected $1 from pot
*** SUMMARY ***
Total pot $1 | Rake $0 
Seat 1: magzi777 (big blind) collected ($1)
Seat 6: hag111 (button) (small blind) folded before Flop



PokerStars Hand #254687067930:  Hold'em No Limit ($0.50/$1.00 USD) - 2025/02/03 14:43:39 WET [2025/02/03 9:43:39 ET]
Table 'Dactyl II' 6-max Seat #1 is the button
Seat 1: magzi777 ($100.50 in chips) 
Seat 6: hag111 ($199.95 in chips) 
magzi777: posts small blind $0.50
hag111: posts big blind $1
*** HOLE CARDS ***
magzi777: raises $1.50 to $2.50
hag111: folds 
Uncalled bet ($1.50) returned to magzi777
magzi777 collected $2 from pot
*** SUMMARY ***
Total pot $2 | Rake $0 
Seat 1: magzi777 (button) (small blind) collected ($2)
Seat 6: hag111 (big blind) folded before Flop



PokerStars Hand #254687069537:  Hold'em No Limit ($0.50/$1.00 USD) - 2025/02/03 14:43:47 WET [2025/02/03 9:43:47 ET]
Table 'Dactyl II' 6-max Seat #6 is the button
Seat 1: magzi777 ($101.50 in chips) 
Seat 6: hag111 ($198.95 in chips) 
hag111: posts small blind $0.50
magzi777: posts big blind $1
*** HOLE CARDS ***
hag111: folds 
Uncalled bet ($0.50) returned to magzi777
magzi777 collected $1 from pot
*** SUMMARY ***
Total pot $1 | Rake $0 
Seat 1: magzi777 (big blind) collected ($1)
Seat 6: hag111 (button) (small blind) folded before Flop



PokerStars Hand #254687071093:  Hold'em No Limit ($0.50/$1.00 USD) - 2025/02/03 14:43:56 WET [2025/02/03 9:43:56 ET]
Table 'Dactyl II' 6-max Seat #1 is the button
Seat 1: magzi777 ($102 in chips) 
Seat 6: hag111 ($198.45 in chips) 
magzi777: posts small blind $0.50
hag111: posts big blind $1
*** HOLE CARDS ***
magzi777: raises $1.50 to $2.50
hag111: folds 
Uncalled bet ($1.50) returned to magzi777
magzi777 collected $2 from pot
*** SUMMARY ***
Total pot $2 | Rake $0 
Seat 1: magzi777 (button) (small blind) collected ($2)
Seat 6: hag111 (big blind) folded before Flop



PokerStars Hand #254687072404:  Hold'em No Limit ($0.50/$1.00 USD) - 2025/02/03 14:44:03 WET [2025/02/03 9:44:03 ET]
Table 'Dactyl II' 6-max Seat #6 is the button
Seat 1: magzi777 ($103 in chips) 
Seat 6: hag111 ($197.45 in chips) 
hag111: posts small blind $0.50
magzi777: posts big blind $1
*** HOLE CARDS ***
hag111: folds 
Uncalled bet ($0.50) returned to magzi777
magzi777 collected $1 from pot
*** SUMMARY ***
Total pot $1 | Rake $0 
Seat 1: magzi777 (big blind) collected ($1)
Seat 6: hag111 (button) (small blind) folded before Flop



PokerStars Hand #254687075533:  Hold'em No Limit ($0.50/$1.00 USD) - 2025/02/03 14:44:20 WET [2025/02/03 9:44:20 ET]
Table 'Dactyl II' 6-max Seat #1 is the button
Seat 1: magzi777 ($103.50 in chips) 
Seat 6: hag111 ($196.95 in chips) 
magzi777: posts small blind $0.50
hag111: posts big blind $1
*** HOLE CARDS ***
magzi777: raises $1.50 to $2.50
hag111: folds 
Uncalled bet ($1.50) returned to magzi777
magzi777 collected $2 from pot
*** SUMMARY ***
Total pot $2 | Rake $0 
Seat 1: magzi777 (button) (small blind) collected ($2)
Seat 6: hag111 (big blind) folded before Flop



PokerStars Hand #254687077328:  Hold'em No Limit ($0.50/$1.00 USD) - 2025/02/03 14:44:29 WET [2025/02/03 9:44:29 ET]
Table 'Dactyl II' 6-max Seat #6 is the button
Seat 1: magzi777 ($104.50 in chips) 
Seat 6: hag111 ($195.95 in chips) 
hag111: posts small blind $0.50
magzi777: posts big blind $1
*** HOLE CARDS ***
hag111: raises $2 to $3
magzi777: folds 
Uncalled bet ($2) returned to hag111
hag111 collected $2 from pot
hag111: doesn't show hand 
*** SUMMARY ***
Total pot $2 | Rake $0 
Seat 1: magzi777 (big blind) folded before Flop
Seat 6: hag111 (button) (small blind) collected ($2)



PokerStars Hand #254687079857:  Hold'em No Limit ($0.50/$1.00 USD) - 2025/02/03 14:44:43 WET [2025/02/03 9:44:43 ET]
Table 'Dactyl II' 6-max Seat #1 is the button
Seat 1: magzi777 ($103.50 in chips) 
Seat 6: hag111 ($196.95 in chips) 
magzi777: posts small blind $0.50
hag111: posts big blind $1
*** HOLE CARDS ***
magzi777: raises $1.50 to $2.50
hag111: folds 
Uncalled bet ($1.50) returned to magzi777
magzi777 collected $2 from pot
*** SUMMARY ***
Total pot $2 | Rake $0 
Seat 1: magzi777 (button) (small blind) collected ($2)
Seat 6: hag111 (big blind) folded before Flop



PokerStars Hand #254687081997:  Hold'em No Limit ($0.50/$1.00 USD) - 2025/02/03 14:44:54 WET [2025/02/03 9:44:54 ET]
Table 'Dactyl II' 6-max Seat #6 is the button
Seat 1: magzi777 ($104.50 in chips) 
Seat 6: hag111 ($195.95 in chips) 
hag111: posts small blind $0.50
magzi777: posts big blind $1
*** HOLE CARDS ***
hag111: folds 
Uncalled bet ($0.50) returned to magzi777
magzi777 collected $1 from pot
*** SUMMARY ***
Total pot $1 | Rake $0 
Seat 1: magzi777 (big blind) collected ($1)
Seat 6: hag111 (button) (small blind) folded before Flop



PokerStars Hand #254687084157:  Hold'em No Limit ($0.50/$1.00 USD) - 2025/02/03 14:45:06 WET [2025/02/03 9:45:06 ET]
Table 'Dactyl II' 6-max Seat #1 is the button
Seat 1: magzi777 ($105 in chips) 
Seat 6: hag111 ($195.45 in chips) 
magzi777: posts small blind $0.50
hag111: posts big blind $1
*** HOLE CARDS ***
magzi777: raises $1.50 to $2.50
hag111: calls $1.50
*** FLOP *** [Js 4h 2s]
hag111: checks 
magzi777: bets $2.38
hag111: folds 
Uncalled bet ($2.38) returned to magzi777
magzi777 collected $4.75 from pot
*** SUMMARY ***
Total pot $5 | Rake $0.25 
Board [Js 4h 2s]
Seat 1: magzi777 (button) (small blind) collected ($4.75)
Seat 6: hag111 (big blind) folded on the Flop



PokerStars Hand #254687087255:  Hold'em No Limit ($0.50/$1.00 USD) - 2025/02/03 14:45:23 WET [2025/02/03 9:45:23 ET]
Table 'Dactyl II' 6-max Seat #6 is the button
Seat 1: magzi777 ($107.25 in chips) 
Seat 6: hag111 ($192.95 in chips) 
hag111: posts small blind $0.50
magzi777: posts big blind $1
*** HOLE CARDS ***
hag111: raises $2 to $3
magzi777: folds 
Uncalled bet ($2) returned to hag111
hag111 collected $2 from pot
hag111: doesn't show hand 
*** SUMMARY ***
Total pot $2 | Rake $0 
Seat 1: magzi777 (big blind) folded before Flop
Seat 6: hag111 (button) (small blind) collected ($2)



PokerStars Hand #254687089203:  Hold'em No Limit ($0.50/$1.00 USD) - 2025/02/03 14:45:33 WET [2025/02/03 9:45:33 ET]
Table 'Dactyl II' 6-max Seat #1 is the button
Seat 1: magzi777 ($106.25 in chips) 
Seat 6: hag111 ($193.95 in chips) 
magzi777: posts small blind $0.50
hag111: posts big blind $1
*** HOLE CARDS ***
magzi777: raises $1.50 to $2.50
hag111: folds 
Uncalled bet ($1.50) returned to magzi777
magzi777 collected $2 from pot
*** SUMMARY ***
Total pot $2 | Rake $0 
Seat 1: magzi777 (button) (small blind) collected ($2)
Seat 6: hag111 (big blind) folded before Flop



PokerStars Hand #254687090704:  Hold'em No Limit ($0.50/$1.00 USD) - 2025/02/03 14:45:42 WET [2025/02/03 9:45:42 ET]
Table 'Dactyl II' 6-max Seat #6 is the button
Seat 1: magzi777 ($107.25 in chips) 
Seat 6: hag111 ($192.95 in chips) 
hag111: posts small blind $0.50
magzi777: posts big blind $1
*** HOLE CARDS ***
hag111: raises $2 to $3
magzi777: raises $10 to $13
hag111: calls $10
*** FLOP *** [Kc 5s 9h]
magzi777: checks 
hag111: checks 
*** TURN *** [Kc 5s 9h] [6h]
magzi777: bets $12.50
hag111: folds 
Uncalled bet ($12.50) returned to magzi777
magzi777 collected $25 from pot
*** SUMMARY ***
Total pot $26 | Rake $1 
Board [Kc 5s 9h 6h]
Seat 1: magzi777 (big blind) collected ($25)
Seat 6: hag111 (button) (small blind) folded on the Turn



PokerStars Hand #254687096205:  Hold'em No Limit ($0.50/$1.00 USD) - 2025/02/03 14:46:12 WET [2025/02/03 9:46:12 ET]
Table 'Dactyl II' 6-max Seat #1 is the button
Seat 1: magzi777 ($119.25 in chips) 
Seat 6: hag111 ($179.95 in chips) 
magzi777: posts small blind $0.50
hag111: posts big blind $1
*** HOLE CARDS ***
magzi777: folds 
Uncalled bet ($0.50) returned to hag111
hag111 collected $1 from pot
hag111: doesn't show hand 
*** SUMMARY ***
Total pot $1 | Rake $0 
Seat 1: magzi777 (button) (small blind) folded before Flop
Seat 6: hag111 (big blind) collected ($1)



PokerStars Hand #254687097238:  Hold'em No Limit ($0.50/$1.00 USD) - 2025/02/03 14:46:17 WET [2025/02/03 9:46:17 ET]
Table 'Dactyl II' 6-max Seat #6 is the button
Seat 1: magzi777 ($118.75 in chips) 
Seat 6: hag111 ($180.45 in chips) 
hag111: posts small blind $0.50
magzi777: posts big blind $1
*** HOLE CARDS ***
hag111: folds 
Uncalled bet ($0.50) returned to magzi777
magzi777 collected $1 from pot
*** SUMMARY ***
Total pot $1 | Rake $0 
Seat 1: magzi777 (big blind) collected ($1)
Seat 6: hag111 (button) (small blind) folded before Flop



PokerStars Hand #254687098396:  Hold'em No Limit ($0.50/$1.00 USD) - 2025/02/03 14:46:23 WET [2025/02/03 9:46:23 ET]
Table 'Dactyl II' 6-max Seat #1 is the button
Seat 1: magzi777 ($119.25 in chips) 
Seat 6: hag111 ($179.95 in chips) 
magzi777: posts small blind $0.50
hag111: posts big blind $1
*** HOLE CARDS ***
magzi777: raises $1.50 to $2.50
hag111: raises $8 to $10.50
magzi777: raises $14 to $24.50
hag111: calls $14
*** FLOP *** [Td Qs 9c]
hag111: checks 
magzi777: bets $12
hag111: calls $12
*** TURN *** [Td Qs 9c] [9h]
hag111: checks 
magzi777: checks 
*** RIVER *** [Td Qs 9c 9h] [6s]
hag111: checks 
magzi777: bets $36
hag111: calls $36
*** SHOW DOWN ***
magzi777: shows [Jd Js] (two pair, Jacks and Nines)
hag111: mucks hand 
magzi777 collected $144 from pot
*** SUMMARY ***
Total pot $145 | Rake $1 
Board [Td Qs 9c 9h 6s]
Seat 1: magzi777 (button) (small blind) showed [Jd Js] and won ($144) with two pair, Jacks and Nines
Seat 6: hag111 (big blind) mucked



PokerStars Hand #254687124201:  Hold'em No Limit ($0.50/$1.00 USD) - 2025/02/03 14:48:44 WET [2025/02/03 9:48:44 ET]
Table 'Dactyl II' 6-max Seat #2 is the button
Seat 1: andutu34 ($100 in chips) 
Seat 2: ReVeu710 ($100 in chips) 
Seat 3: Rysiff ($100 in chips) 
Seat 5: whlzor ($100 in chips) 
Seat 6: RedEyeJedi444 ($74.15 in chips) 
Rysiff: posts small blind $0.50
whlzor: posts big blind $1
*** HOLE CARDS ***
RedEyeJedi444: folds 
andutu34: folds 
ReVeu710: folds 
Rysiff: folds 
Uncalled bet ($0.50) returned to whlzor
whlzor collected $1 from pot
whlzor: doesn't show hand 
*** SUMMARY ***
Total pot $1 | Rake $0 
Seat 1: andutu34 folded before Flop (didn't bet)
Seat 2: ReVeu710 (button) folded before Flop (didn't bet)
Seat 3: Rysiff (small blind) folded before Flop
Seat 5: whlzor (big blind) collected ($1)
Seat 6: RedEyeJedi444 folded before Flop (didn't bet)



PokerStars Hand #254687125850:  Hold'em No Limit ($0.50/$1.00 USD) - 2025/02/03 14:48:53 WET [2025/02/03 9:48:53 ET]
Table 'Dactyl II' 6-max Seat #3 is the button
Seat 1: andutu34 ($100 in chips) 
Seat 2: ReVeu710 ($100 in chips) 
Seat 3: Rysiff ($100 in chips) 
Seat 5: whlzor ($100.50 in chips) 
Seat 6: RedEyeJedi444 ($74.15 in chips) 
whlzor: posts small blind $0.50
RedEyeJedi444: posts big blind $1
*** HOLE CARDS ***
andutu34: raises $1 to $2
ReVeu710: folds 
Joe_Li7 joins the table at seat #4 
Rysiff: folds 
whlzor: folds 
RedEyeJedi444: folds 
Uncalled bet ($1) returned to andutu34
andutu34 collected $2.50 from pot
andutu34: doesn't show hand 
*** SUMMARY ***
Total pot $2.50 | Rake $0 
Seat 1: andutu34 collected ($2.50)
Seat 2: ReVeu710 folded before Flop (didn't bet)
Seat 3: Rysiff (button) folded before Flop (didn't bet)
Seat 5: whlzor (small blind) folded before Flop
Seat 6: RedEyeJedi444 (big blind) folded before Flop



PokerStars Hand #254687127981:  Hold'em No Limit ($0.50/$1.00 USD) - 2025/02/03 14:49:05 WET [2025/02/03 9:49:05 ET]
Table 'Dactyl II' 6-max Seat #5 is the button
Seat 4: Joe_Li7 ($100 in chips) is sitting out
Seat 1: andutu34 ($101.50 in chips) 
Seat 2: ReVeu710 ($100 in chips) 
Seat 3: Rysiff ($100 in chips) 
Seat 5: whlzor ($100 in chips) 
Seat 6: RedEyeJedi444 ($73.15 in chips) 
RedEyeJedi444: posts small blind $0.50
andutu34: posts big blind $1
Joe_Li7: sits out 
*** HOLE CARDS ***
ReVeu710: raises $1 to $2
Rysiff: folds 
whlzor: raises $6 to $8
RedEyeJedi444: folds 
andutu34: folds 
ReVeu710: folds 
Uncalled bet ($6) returned to whlzor
whlzor collected $5.50 from pot
whlzor: doesn't show hand 
*** SUMMARY ***
Total pot $5.50 | Rake $0 
Seat 4: Joe_Li7
Seat 1: andutu34 (big blind) folded before Flop
Seat 2: ReVeu710 folded before Flop
Seat 3: Rysiff folded before Flop (didn't bet)
Seat 5: whlzor (button) collected ($5.50)
Seat 6: RedEyeJedi444 (small blind) folded before Flop



PokerStars Hand #254687131967:  Hold'em No Limit ($0.50/$1.00 USD) - 2025/02/03 14:49:27 WET [2025/02/03 9:49:27 ET]
Table 'Dactyl II' 6-max Seat #6 is the button
Seat 4: Joe_Li7 ($100 in chips) is sitting out
Seat 1: andutu34 ($100.50 in chips) 
Seat 2: ReVeu710 ($100 in chips) 
Seat 3: Rysiff ($100 in chips) 
Seat 5: whlzor ($103.50 in chips) 
Seat 6: RedEyeJedi444 ($72.65 in chips) 
andutu34: posts small blind $0.50
ReVeu710: posts big blind $1
Joe_Li7: sits out 
*** HOLE CARDS ***
Rysiff: folds 
whlzor: folds 
RedEyeJedi444: folds 
andutu34: folds 
Uncalled bet ($0.50) returned to ReVeu710
ReVeu710 collected $1 from pot
ReVeu710: doesn't show hand 
*** SUMMARY ***
Total pot $1 | Rake $0 
Seat 4: Joe_Li7
Seat 1: andutu34 (small blind) folded before Flop
Seat 2: ReVeu710 (big blind) collected ($1)
Seat 3: Rysiff folded before Flop (didn't bet)
Seat 5: whlzor folded before Flop (didn't bet)
Seat 6: RedEyeJedi444 (button) folded before Flop (didn't bet)



PokerStars Hand #254687133398:  Hold'em No Limit ($0.50/$1.00 USD) - 2025/02/03 14:49:34 WET [2025/02/03 9:49:34 ET]
Table 'Dactyl II' 6-max Seat #1 is the button
Seat 4: Joe_Li7 ($100 in chips) is sitting out
Seat 1: andutu34 ($100 in chips) 
Seat 2: ReVeu710 ($100.50 in chips) 
Seat 3: Rysiff ($100 in chips) 
Seat 5: whlzor ($103.50 in chips) 
Seat 6: RedEyeJedi444 ($72.65 in chips) 
ReVeu710: posts small blind $0.50
Rysiff: posts big blind $1
Joe_Li7: sits out 
*** HOLE CARDS ***
whlzor: folds 
RedEyeJedi444: folds 
andutu34: folds 
ReVeu710: raises $2 to $3
Rysiff: calls $2
*** FLOP *** [9d Jh Qd]
ReVeu710: bets $3.48
Rysiff: calls $3.48
*** TURN *** [9d Jh Qd] [Kd]
ReVeu710: checks 
Rysiff: checks 
*** RIVER *** [9d Jh Qd Kd] [3s]
ReVeu710: bets $9.48
Rysiff: folds 
Uncalled bet ($9.48) returned to ReVeu710
ReVeu710 collected $12.31 from pot
ReVeu710: doesn't show hand 
*** SUMMARY ***
Total pot $12.96 | Rake $0.65 
Board [9d Jh Qd Kd 3s]
Seat 4: Joe_Li7
Seat 1: andutu34 (button) folded before Flop (didn't bet)
Seat 2: ReVeu710 (small blind) collected ($12.31)
Seat 3: Rysiff (big blind) folded on the River
Seat 5: whlzor folded before Flop (didn't bet)
Seat 6: RedEyeJedi444 folded before Flop (didn't bet)



PokerStars Hand #254687147778:  Hold'em No Limit ($0.50/$1.00 USD) - 2025/02/03 14:50:53 WET [2025/02/03 9:50:53 ET]
Table 'Dactyl II' 6-max Seat #2 is the button
Seat 1: andutu34 ($100 in chips) 
Seat 2: ReVeu710 ($106.33 in chips) 
Seat 3: Rysiff ($100 in chips) 
Seat 4: Joe_Li7 ($100 in chips) 
Seat 5: whlzor ($103.50 in chips) 
Seat 6: RedEyeJedi444 ($72.65 in chips) 
Rysiff: posts small blind $0.50
Joe_Li7: posts big blind $1
*** HOLE CARDS ***
whlzor: folds 
whlzor leaves the table
RedEyeJedi444: folds 
andutu34: folds 
ReVeu710: folds 
Rysiff: raises $2 to $3
Joe_Li7: folds 
Uncalled bet ($2) returned to Rysiff
Rysiff collected $2 from pot
Rysiff: doesn't show hand 
*** SUMMARY ***
Total pot $2 | Rake $0 
Seat 1: andutu34 folded before Flop (didn't bet)
Seat 2: ReVeu710 (button) folded before Flop (didn't bet)
Seat 3: Rysiff (small blind) collected ($2)
Seat 4: Joe_Li7 (big blind) folded before Flop
Seat 5: whlzor folded before Flop (didn't bet)
Seat 6: RedEyeJedi444 folded before Flop (didn't bet)



PokerStars Hand #254687150315:  Hold'em No Limit ($0.50/$1.00 USD) - 2025/02/03 14:51:06 WET [2025/02/03 9:51:06 ET]
Table 'Dactyl II' 6-max Seat #3 is the button
Seat 1: andutu34 ($100 in chips) 
Seat 2: ReVeu710 ($106.33 in chips) 
Seat 3: Rysiff ($101 in chips) 
Seat 4: Joe_Li7 ($100 in chips) 
Seat 6: RedEyeJedi444 ($72.65 in chips) 
Joe_Li7: posts small blind $0.50
RedEyeJedi444: posts big blind $1
*** HOLE CARDS ***
andutu34: raises $1 to $2
ReVeu710: raises $4.50 to $6.50
value_ftw joins the table at seat #5 
Rysiff: folds 
Joe_Li7: folds 
RedEyeJedi444: folds 
andutu34: folds 
Uncalled bet ($4.50) returned to ReVeu710
ReVeu710 collected $5.50 from pot
ReVeu710: doesn't show hand 
*** SUMMARY ***
Total pot $5.50 | Rake $0 
Seat 1: andutu34 folded before Flop
Seat 2: ReVeu710 collected ($5.50)
Seat 3: Rysiff (button) folded before Flop (didn't bet)
Seat 4: Joe_Li7 (small blind) folded before Flop
Seat 6: RedEyeJedi444 (big blind) folded before Flop



PokerStars Hand #254687154988:  Hold'em No Limit ($0.50/$1.00 USD) - 2025/02/03 14:51:31 WET [2025/02/03 9:51:31 ET]
Table 'Dactyl II' 6-max Seat #4 is the button
Seat 1: andutu34 ($100 in chips) is sitting out
Seat 2: ReVeu710 ($109.83 in chips) is sitting out
Seat 5: value_ftw ($100 in chips) is sitting out
Seat 3: Rysiff ($101 in chips) 
Seat 4: Joe_Li7 ($100 in chips) 
Seat 6: RedEyeJedi444 ($71.65 in chips) 
RedEyeJedi444: posts small blind $0.50
andutu34: is sitting out 
ReVeu710: is sitting out 
Rysiff: posts big blind $1
*** HOLE CARDS ***
andutu34 leaves the table
ReVeu710 leaves the table
Joe_Li7: raises $1.50 to $2.50
value_ftw leaves the table
RedEyeJedi444: calls $2
Rysiff: folds 
*** FLOP *** [7d 4s 3h]
value_ftw joins the table at seat #1 
RedEyeJedi444: bets $3
Joe_Li7: folds 
Uncalled bet ($3) returned to RedEyeJedi444
RedEyeJedi444 collected $5.70 from pot
*** SUMMARY ***
Total pot $6 | Rake $0.30 
Board [7d 4s 3h]
Seat 1: andutu34
Seat 2: ReVeu710
Seat 5: value_ftw
Seat 3: Rysiff (big blind) folded before Flop
Seat 4: Joe_Li7 (button) folded on the Flop
Seat 6: RedEyeJedi444 (small blind) collected ($5.70)



PokerStars Hand #254687160042:  Hold'em No Limit ($0.50/$1.00 USD) - 2025/02/03 14:51:59 WET [2025/02/03 9:51:59 ET]
Table 'Dactyl II' 6-max Seat #6 is the button
Seat 1: value_ftw ($100 in chips) is sitting out
Seat 3: Rysiff ($100 in chips) 
Seat 4: Joe_Li7 ($100 in chips) 
Seat 6: RedEyeJedi444 ($74.85 in chips) 
Rysiff: posts small blind $0.50
Joe_Li7: posts big blind $1
*** HOLE CARDS ***
ru_ruu_ru joins the table at seat #2 
RedEyeJedi444: calls $1
Rysiff: folds 
Joe_Li7: raises $4.50 to $5.50
RedEyeJedi444: folds 
Uncalled bet ($4.50) returned to Joe_Li7
Joe_Li7 collected $2.50 from pot
*** SUMMARY ***
Total pot $2.50 | Rake $0 
Seat 1: value_ftw
Seat 3: Rysiff (small blind) folded before Flop
Seat 4: Joe_Li7 (big blind) collected ($2.50)
Seat 6: RedEyeJedi444 (button) folded before Flop



PokerStars Hand #254687164972:  Hold'em No Limit ($0.50/$1.00 USD) - 2025/02/03 14:52:26 WET [2025/02/03 9:52:26 ET]
Table 'Dactyl II' 6-max Seat #3 is the button
Seat 1: value_ftw ($100 in chips) is sitting out
Seat 2: ru_ruu_ru ($100 in chips) is sitting out
Seat 3: Rysiff ($100 in chips) 
Seat 4: Joe_Li7 ($101.50 in chips) 
Seat 6: RedEyeJedi444 ($73.85 in chips) 
Joe_Li7: posts small blind $0.50
RedEyeJedi444: posts big blind $1
value_ftw: sits out 
ru_ruu_ru: sits out 
*** HOLE CARDS ***
Rysiff: folds 
Joe_Li7: folds 
Uncalled bet ($0.50) returned to RedEyeJedi444
RedEyeJedi444 collected $1 from pot
*** SUMMARY ***
Total pot $1 | Rake $0 
Seat 1: value_ftw
Seat 2: ru_ruu_ru
Seat 3: Rysiff (button) folded before Flop (didn't bet)
Seat 4: Joe_Li7 (small blind) folded before Flop
Seat 6: RedEyeJedi444 (big blind) collected ($1)



PokerStars Hand #254687166044:  Hold'em No Limit ($0.50/$1.00 USD) - 2025/02/03 14:52:32 WET [2025/02/03 9:52:32 ET]
Table 'Dactyl II' 6-max Seat #4 is the button
Seat 2: ru_ruu_ru ($100 in chips) is sitting out
Seat 1: value_ftw ($100 in chips) 
Seat 3: Rysiff ($100 in chips) 
Seat 4: Joe_Li7 ($101 in chips) 
Seat 6: RedEyeJedi444 ($74.35 in chips) 
RedEyeJedi444: posts small blind $0.50
value_ftw: posts big blind $1
ru_ruu_ru: sits out 
*** HOLE CARDS ***
Rysiff: raises $1.50 to $2.50
Joe_Li7: raises $5 to $7.50
RedEyeJedi444: folds 
value_ftw: folds 
Rysiff: raises $13.50 to $21
AndreaBsAs joins the table at seat #5 
Joe_Li7: raises $80 to $101 and is all-in
Rysiff: folds 
Uncalled bet ($80) returned to Joe_Li7
RedEyeJedi444 leaves the table
Joe_Li7 collected $43.50 from pot
*** SUMMARY ***
Total pot $43.50 | Rake $0 
Seat 2: ru_ruu_ru
Seat 1: value_ftw (big blind) folded before Flop
Seat 3: Rysiff folded before Flop
Seat 4: Joe_Li7 (button) collected ($43.50)
Seat 6: RedEyeJedi444 (small blind) folded before Flop



PokerStars Hand #254687174805:  Hold'em No Limit ($0.50/$1.00 USD) - 2025/02/03 14:53:19 WET [2025/02/03 9:53:19 ET]
Table 'Dactyl II' 6-max Seat #1 is the button
Seat 2: ru_ruu_ru ($100 in chips) is sitting out
Seat 5: AndreaBsAs ($100 in chips) is sitting out
Seat 1: value_ftw ($100 in chips) 
Seat 3: Rysiff ($100 in chips) 
Seat 4: Joe_Li7 ($123.50 in chips) 
Rysiff: posts small blind $0.50
Joe_Li7: posts big blind $1
AndreaBsAs: sits out 
*** HOLE CARDS ***
AndreaBsAs leaves the table
value_ftw: raises $1.50 to $2.50
Rysiff: folds 
AndreaBsAs joins the table at seat #6 
Joe_Li7: calls $1.50
*** FLOP *** [Jc 2s 9d]
Joe_Li7: checks 
ru_ruu_ru leaves the table
value_ftw: bets $1.72
Joe_Li7: calls $1.72
*** TURN *** [Jc 2s 9d] [Kd]
Joe_Li7: checks 
value_ftw: bets $6.37
Joe_Li7: folds 
Uncalled bet ($6.37) returned to value_ftw
value_ftw collected $8.49 from pot
value_ftw: doesn't show hand 
*** SUMMARY ***
Total pot $8.94 | Rake $0.45 
Board [Jc 2s 9d Kd]
Seat 2: ru_ruu_ru
Seat 5: AndreaBsAs
Seat 1: value_ftw (button) collected ($8.49)
Seat 3: Rysiff (small blind) folded before Flop
Seat 4: Joe_Li7 (big blind) folded on the Turn



PokerStars Hand #254687187170:  Hold'em No Limit ($0.50/$1.00 USD) - 2025/02/03 14:54:27 WET [2025/02/03 9:54:27 ET]
Table 'Dactyl II' 6-max Seat #3 is the button
Seat 1: value_ftw ($104.27 in chips) 
Seat 3: Rysiff ($100 in chips) 
Seat 4: Joe_Li7 ($119.28 in chips) 
Seat 6: AndreaBsAs ($100 in chips) 
Joe_Li7: posts small blind $0.50
AndreaBsAs: posts big blind $1
*** HOLE CARDS ***
value_ftw: folds 
Rysiff: folds 
Joe_Li7: folds 
Uncalled bet ($0.50) returned to AndreaBsAs
AndreaBsAs collected $1 from pot
*** SUMMARY ***
Total pot $1 | Rake $0 
Seat 1: value_ftw folded before Flop (didn't bet)
Seat 3: Rysiff (button) folded before Flop (didn't bet)
Seat 4: Joe_Li7 (small blind) folded before Flop
Seat 6: AndreaBsAs (big blind) collected ($1)



