PokerStars Hand #254691245736:  Hold'em No Limit ($0.50/$1.00 USD) - 2025/02/03 19:34:55 WET [2025/02/03 14:34:55 ET]
Table 'Homam' 6-max Seat #5 is the button
Seat 3: habib beye ($100 in chips) 
Seat 5: kuca86 ($100 in chips) 
kuca86: posts small blind $0.50
habib beye: posts big blind $1
*** HOLE CARDS ***
kuca86: folds 
Uncalled bet ($0.50) returned to habib beye
habib beye collected $1 from pot
*** SUMMARY ***
Total pot $1 | Rake $0 
Seat 3: habib beye (big blind) collected ($1)
Seat 5: kuca86 (button) (small blind) folded before Flop



PokerStars Hand #254691248645:  Hold'em No Limit ($0.50/$1.00 USD) - 2025/02/03 19:35:04 WET [2025/02/03 14:35:04 ET]
Table 'Homam' 6-max Seat #3 is the button
Seat 3: habib beye ($100.50 in chips) 
Seat 5: kuca86 ($100 in chips) 
habib beye: posts small blind $0.50
kuca86: posts big blind $1
*** HOLE CARDS ***
habib beye: raises $1.50 to $2.50
kuca86: calls $1.50
*** FLOP *** [Jd Kh 4d]
kuca86: checks 
habib beye: checks 
*** TURN *** [Jd Kh 4d] [Kc]
kuca86: bets $3.32
habib beye: folds 
Uncalled bet ($3.32) returned to kuca86
kuca86 collected $4.75 from pot
kuca86: doesn't show hand 
*** SUMMARY ***
Total pot $5 | Rake $0.25 
Board [Jd Kh 4d Kc]
Seat 3: habib beye (button) (small blind) folded on the Turn
Seat 5: kuca86 (big blind) collected ($4.75)



PokerStars Hand #254691260438:  Hold'em No Limit ($0.50/$1.00 USD) - 2025/02/03 19:35:42 WET [2025/02/03 14:35:42 ET]
Table 'Homam' 6-max Seat #5 is the button
Seat 3: habib beye ($100 in chips) 
Seat 5: kuca86 ($102.25 in chips) 
kuca86: posts small blind $0.50
habib beye: posts big blind $1
*** HOLE CARDS ***
kuca86: raises $1.50 to $2.50
habib beye: folds 
Uncalled bet ($1.50) returned to kuca86
kuca86 collected $2 from pot
kuca86: doesn't show hand 
*** SUMMARY ***
Total pot $2 | Rake $0 
Seat 3: habib beye (big blind) folded before Flop
Seat 5: kuca86 (button) (small blind) collected ($2)



PokerStars Hand #254691263355:  Hold'em No Limit ($0.50/$1.00 USD) - 2025/02/03 19:35:51 WET [2025/02/03 14:35:51 ET]
Table 'Homam' 6-max Seat #3 is the button
Seat 3: habib beye ($100 in chips) 
Seat 5: kuca86 ($103.25 in chips) 
habib beye: posts small blind $0.50
kuca86: posts big blind $1
*** HOLE CARDS ***
habib beye: raises $1.50 to $2.50
kuca86: calls $1.50
*** FLOP *** [Kd 7d 8s]
kuca86: checks 
habib beye: bets $2.09
kuca86: calls $2.09
*** TURN *** [Kd 7d 8s] [7c]
kuca86: checks 
habib beye: checks 
*** RIVER *** [Kd 7d 8s 7c] [Ks]
kuca86: bets $10.03
habib beye: folds 
Uncalled bet ($10.03) returned to kuca86
kuca86 collected $8.72 from pot
kuca86: doesn't show hand 
*** SUMMARY ***
Total pot $9.18 | Rake $0.46 
Board [Kd 7d 8s 7c Ks]
Seat 3: habib beye (button) (small blind) folded on the River
Seat 5: kuca86 (big blind) collected ($8.72)



