PokerStars Hand #254691916732:  Hold'em No Limit ($0.50/$1.00 USD) - 2025/02/03 20:12:13 WET [2025/02/03 15:12:13 ET]
Table 'Whipple' 6-max Seat #3 is the button
Seat 4: NISIY ($100 in chips) is sitting out
Seat 3: Münchner der 1. ($16.41 in chips) 
Seat 5: SorinS28 ($100 in chips) 
Seat 6: MAO_DZEDYN_S ($100 in chips) 
SorinS28: posts small blind $0.50
MAO_DZEDYN_S: posts big blind $1
*** HOLE CARDS ***
Münchner der 1.: folds 
SorinS28: folds 
Uncalled bet ($0.50) returned to MAO_DZEDYN_S
MAO_DZEDYN_S collected $1 from pot
MAO_DZEDYN_S: doesn't show hand 
*** SUMMARY ***
Total pot $1 | Rake $0 
Seat 4: NISIY
Seat 3: Münchner der 1. (button) folded before Flop (didn't bet)
Seat 5: SorinS28 (small blind) folded before Flop
Seat 6: MAO_DZEDYN_S (big blind) collected ($1)



PokerStars Hand #254691919214:  Hold'em No Limit ($0.50/$1.00 USD) - 2025/02/03 20:12:20 WET [2025/02/03 15:12:20 ET]
Table 'Whipple' 6-max Seat #5 is the button
Seat 4: NISIY ($100 in chips) is sitting out
Seat 3: Münchner der 1. ($16.41 in chips) 
Seat 5: SorinS28 ($100 in chips) 
Seat 6: MAO_DZEDYN_S ($100.50 in chips) 
MAO_DZEDYN_S: posts small blind $0.50
Münchner der 1.: posts big blind $1
NISIY: sits out 
*** HOLE CARDS ***
SorinS28: folds 
habib beye joins the table at seat #2 
MAO_DZEDYN_S: raises $1.50 to $2.50
Münchner der 1.: folds 
Uncalled bet ($1.50) returned to MAO_DZEDYN_S
MAO_DZEDYN_S collected $2 from pot
MAO_DZEDYN_S: doesn't show hand 
*** SUMMARY ***
Total pot $2 | Rake $0 
Seat 4: NISIY
Seat 3: Münchner der 1. (big blind) folded before Flop
Seat 5: SorinS28 (button) folded before Flop (didn't bet)
Seat 6: MAO_DZEDYN_S (small blind) collected ($2)



PokerStars Hand #254691924583:  Hold'em No Limit ($0.50/$1.00 USD) - 2025/02/03 20:12:36 WET [2025/02/03 15:12:36 ET]
Table 'Whipple' 6-max Seat #6 is the button
Seat 2: habib beye ($100 in chips) is sitting out
Seat 3: Münchner der 1. ($15.41 in chips) 
Seat 4: NISIY ($100 in chips) 
Seat 5: SorinS28 ($100 in chips) 
Seat 6: MAO_DZEDYN_S ($101.50 in chips) 
Münchner der 1.: posts small blind $0.50
NISIY: posts big blind $1
*** HOLE CARDS ***
SorinS28: folds 
MAO_DZEDYN_S: folds 
Münchner der 1.: folds 
Uncalled bet ($0.50) returned to NISIY
NISIY collected $1 from pot
NISIY: doesn't show hand 
NoonTime1991 joins the table at seat #1 
*** SUMMARY ***
Total pot $1 | Rake $0 
Seat 2: habib beye
Seat 3: Münchner der 1. (small blind) folded before Flop
Seat 4: NISIY (big blind) collected ($1)
Seat 5: SorinS28 folded before Flop (didn't bet)
Seat 6: MAO_DZEDYN_S (button) folded before Flop (didn't bet)



PokerStars Hand #254691929193:  Hold'em No Limit ($0.50/$1.00 USD) - 2025/02/03 20:12:50 WET [2025/02/03 15:12:50 ET]
Table 'Whipple' 6-max Seat #3 is the button
Seat 1: NoonTime1991 ($100 in chips) is sitting out
Seat 2: habib beye ($100 in chips) is sitting out
Seat 3: Münchner der 1. ($14.91 in chips) 
Seat 4: NISIY ($100.50 in chips) 
Seat 5: SorinS28 ($100 in chips) 
Seat 6: MAO_DZEDYN_S ($101.50 in chips) 
NISIY: posts small blind $0.50
SorinS28: posts big blind $1
NoonTime1991: sits out 
habib beye: sits out 
*** HOLE CARDS ***
MAO_DZEDYN_S: folds 
Münchner der 1.: calls $1
NISIY: calls $0.50
SorinS28: checks 
*** FLOP *** [Ts 2c 5d]
NISIY: checks 
SorinS28: checks 
Münchner der 1.: checks 
*** TURN *** [Ts 2c 5d] [Ks]
NISIY: checks 
SorinS28: checks 
Münchner der 1.: checks 
*** RIVER *** [Ts 2c 5d Ks] [8h]
NISIY: checks 
SorinS28: bets $2.14
Münchner der 1.: folds 
NISIY: folds 
Uncalled bet ($2.14) returned to SorinS28
SorinS28 collected $2.85 from pot
SorinS28: doesn't show hand 
*** SUMMARY ***
Total pot $3 | Rake $0.15 
Board [Ts 2c 5d Ks 8h]
Seat 1: NoonTime1991
Seat 2: habib beye
Seat 3: Münchner der 1. (button) folded on the River
Seat 4: NISIY (small blind) folded on the River
Seat 5: SorinS28 (big blind) collected ($2.85)
Seat 6: MAO_DZEDYN_S folded before Flop (didn't bet)



PokerStars Hand #254691951285:  Hold'em No Limit ($0.50/$1.00 USD) - 2025/02/03 20:13:57 WET [2025/02/03 15:13:57 ET]
Table 'Whipple' 6-max Seat #4 is the button
Seat 2: habib beye ($100 in chips) is sitting out
Seat 6: MAO_DZEDYN_S ($101.50 in chips) is sitting out
Seat 1: NoonTime1991 ($100 in chips) 
Seat 3: Münchner der 1. ($13.91 in chips) 
Seat 4: NISIY ($100 in chips) 
Seat 5: SorinS28 ($101.85 in chips) 
SorinS28: posts small blind $0.50
MAO_DZEDYN_S: is sitting out 
NoonTime1991: posts big blind $1
habib beye: sits out 
*** HOLE CARDS ***
Münchner der 1.: folds 
NISIY: folds 
SorinS28: folds 
Uncalled bet ($0.50) returned to NoonTime1991
NoonTime1991 collected $1 from pot
NoonTime1991: doesn't show hand 
*** SUMMARY ***
Total pot $1 | Rake $0 
Seat 2: habib beye
Seat 6: MAO_DZEDYN_S
Seat 1: NoonTime1991 (big blind) collected ($1)
Seat 3: Münchner der 1. folded before Flop (didn't bet)
Seat 4: NISIY (button) folded before Flop (didn't bet)
Seat 5: SorinS28 (small blind) folded before Flop



PokerStars Hand #254691954875:  Hold'em No Limit ($0.50/$1.00 USD) - 2025/02/03 20:14:08 WET [2025/02/03 15:14:08 ET]
Table 'Whipple' 6-max Seat #5 is the button
Seat 6: MAO_DZEDYN_S ($101.50 in chips) is sitting out
Seat 1: NoonTime1991 ($100.50 in chips) 
Seat 2: habib beye ($100 in chips) 
Seat 3: Münchner der 1. ($13.91 in chips) 
Seat 4: NISIY ($100 in chips) 
Seat 5: SorinS28 ($101.35 in chips) 
NoonTime1991: posts small blind $0.50
habib beye: posts big blind $1
*** HOLE CARDS ***
Münchner der 1.: folds 
NISIY: folds 
SorinS28: folds 
NoonTime1991: raises $1 to $2
habib beye: calls $1
*** FLOP *** [Jh 5c 5s]
MAO_DZEDYN_S leaves the table
NoonTime1991: checks 
habib beye: checks 
*** TURN *** [Jh 5c 5s] [Qh]
NoonTime1991: checks 
habib beye: checks 
*** RIVER *** [Jh 5c 5s Qh] [7h]
NoonTime1991: checks 
habib beye: checks 
*** SHOW DOWN ***
NoonTime1991: shows [6c Tc] (a pair of Fives)
habib beye: shows [3d 7d] (two pair, Sevens and Fives)
habib beye collected $3.80 from pot
*** SUMMARY ***
Total pot $4 | Rake $0.20 
Board [Jh 5c 5s Qh 7h]
Seat 6: MAO_DZEDYN_S
Seat 1: NoonTime1991 (small blind) showed [6c Tc] and lost with a pair of Fives
Seat 2: habib beye (big blind) showed [3d 7d] and won ($3.80) with two pair, Sevens and Fives
Seat 3: Münchner der 1. folded before Flop (didn't bet)
Seat 4: NISIY folded before Flop (didn't bet)
Seat 5: SorinS28 (button) folded before Flop (didn't bet)



PokerStars Hand #254691968342:  Hold'em No Limit ($0.50/$1.00 USD) - 2025/02/03 20:14:48 WET [2025/02/03 15:14:48 ET]
Table 'Whipple' 6-max Seat #1 is the button
Seat 1: NoonTime1991 ($100 in chips) 
Seat 2: habib beye ($101.80 in chips) 
Seat 3: Münchner der 1. ($13.91 in chips) 
Seat 4: NISIY ($100 in chips) 
Seat 5: SorinS28 ($101.35 in chips) 
habib beye: posts small blind $0.50
Münchner der 1.: posts big blind $1
*** HOLE CARDS ***
NISIY: folds 
SorinS28: folds 
NoonTime1991: raises $1 to $2
habib beye: folds 
Münchner der 1.: calls $1
*** FLOP *** [Kc 3h 5s]
Münchner der 1.: bets $2.14
NoonTime1991: raises $2.14 to $4.28
Münchner der 1.: folds 
Uncalled bet ($2.14) returned to NoonTime1991
NoonTime1991 collected $8.34 from pot
NoonTime1991: doesn't show hand 
*** SUMMARY ***
Total pot $8.78 | Rake $0.44 
Board [Kc 3h 5s]
Seat 1: NoonTime1991 (button) collected ($8.34)
Seat 2: habib beye (small blind) folded before Flop
Seat 3: Münchner der 1. (big blind) folded on the Flop
Seat 4: NISIY folded before Flop (didn't bet)
Seat 5: SorinS28 folded before Flop (didn't bet)



PokerStars Hand #254691980478:  Hold'em No Limit ($0.50/$1.00 USD) - 2025/02/03 20:15:25 WET [2025/02/03 15:15:25 ET]
Table 'Whipple' 6-max Seat #2 is the button
Seat 1: NoonTime1991 ($104.20 in chips) 
Seat 2: habib beye ($101.30 in chips) 
Seat 3: Münchner der 1. ($9.77 in chips) 
Seat 4: NISIY ($100 in chips) 
Seat 5: SorinS28 ($101.35 in chips) 
Münchner der 1.: posts small blind $0.50
NISIY: posts big blind $1
*** HOLE CARDS ***
G.Andrei95 joins the table at seat #6 
SorinS28: folds 
NoonTime1991: folds 
habib beye: raises $1.50 to $2.50
Münchner der 1.: folds 
NISIY: calls $1.50
*** FLOP *** [2h Ah 9c]
NISIY: checks 
habib beye: checks 
*** TURN *** [2h Ah 9c] [Js]
NISIY: checks 
habib beye: checks 
*** RIVER *** [2h Ah 9c Js] [7d]
NISIY: checks 
habib beye: checks 
*** SHOW DOWN ***
NISIY: shows [5c Kc] (high card Ace)
habib beye: shows [8d 8c] (a pair of Eights)
habib beye collected $5.22 from pot
*** SUMMARY ***
Total pot $5.50 | Rake $0.28 
Board [2h Ah 9c Js 7d]
Seat 1: NoonTime1991 folded before Flop (didn't bet)
Seat 2: habib beye (button) showed [8d 8c] and won ($5.22) with a pair of Eights
Seat 3: Münchner der 1. (small blind) folded before Flop
Seat 4: NISIY (big blind) showed [5c Kc] and lost with high card Ace
Seat 5: SorinS28 folded before Flop (didn't bet)



PokerStars Hand #254691997175:  Hold'em No Limit ($0.50/$1.00 USD) - 2025/02/03 20:16:14 WET [2025/02/03 15:16:14 ET]
Table 'Whipple' 6-max Seat #3 is the button
Seat 6: G.Andrei95 ($100 in chips) is sitting out
Seat 1: NoonTime1991 ($104.20 in chips) 
Seat 2: habib beye ($104.02 in chips) 
Seat 3: Münchner der 1. ($9.27 in chips) 
Seat 4: NISIY ($100 in chips) 
Seat 5: SorinS28 ($101.35 in chips) 
NISIY: posts small blind $0.50
SorinS28: posts big blind $1
G.Andrei95: sits out 
*** HOLE CARDS ***
NoonTime1991: raises $1 to $2
habib beye: raises $4.50 to $6.50
Münchner der 1.: folds 
NISIY: folds 
SorinS28: folds 
NoonTime1991: raises $11.50 to $18
habib beye: calls $11.50
*** FLOP *** [5c Jc 7s]
NoonTime1991: bets $11.75
habib beye: calls $11.75
*** TURN *** [5c Jc 7s] [Ks]
NoonTime1991: bets $74.45 and is all-in
habib beye: folds 
Uncalled bet ($74.45) returned to NoonTime1991
NoonTime1991 collected $58.50 from pot
NoonTime1991: doesn't show hand 
*** SUMMARY ***
Total pot $61 | Rake $2.50 
Board [5c Jc 7s Ks]
Seat 6: G.Andrei95
Seat 1: NoonTime1991 collected ($58.50)
Seat 2: habib beye folded on the Turn
Seat 3: Münchner der 1. (button) folded before Flop (didn't bet)
Seat 4: NISIY (small blind) folded before Flop
Seat 5: SorinS28 (big blind) folded before Flop



PokerStars Hand #254692026286:  Hold'em No Limit ($0.50/$1.00 USD) - 2025/02/03 20:17:41 WET [2025/02/03 15:17:41 ET]
Table 'Whipple' 6-max Seat #4 is the button
Seat 1: NoonTime1991 ($132.95 in chips) 
Seat 2: habib beye ($100 in chips) 
Seat 3: Münchner der 1. ($9.27 in chips) 
Seat 4: NISIY ($100 in chips) 
Seat 5: SorinS28 ($100.35 in chips) 
Seat 6: G.Andrei95 ($100 in chips) 
SorinS28: posts small blind $0.50
G.Andrei95: posts big blind $1
*** HOLE CARDS ***
NoonTime1991: folds 
habib beye: raises $1.25 to $2.25
Münchner der 1.: folds 
NISIY: folds 
SorinS28: folds 
G.Andrei95: folds 
Uncalled bet ($1.25) returned to habib beye
habib beye collected $2.50 from pot
*** SUMMARY ***
Total pot $2.50 | Rake $0 
Seat 1: NoonTime1991 folded before Flop (didn't bet)
Seat 2: habib beye collected ($2.50)
Seat 3: Münchner der 1. folded before Flop (didn't bet)
Seat 4: NISIY (button) folded before Flop (didn't bet)
Seat 5: SorinS28 (small blind) folded before Flop
Seat 6: G.Andrei95 (big blind) folded before Flop



PokerStars Hand #254692030711:  Hold'em No Limit ($0.50/$1.00 USD) - 2025/02/03 20:17:54 WET [2025/02/03 15:17:54 ET]
Table 'Whipple' 6-max Seat #5 is the button
Seat 1: NoonTime1991 ($132.95 in chips) 
Seat 2: habib beye ($101.50 in chips) 
Seat 3: Münchner der 1. ($9.27 in chips) 
Seat 4: NISIY ($100 in chips) 
Seat 5: SorinS28 ($100 in chips) 
Seat 6: G.Andrei95 ($100 in chips) 
G.Andrei95: posts small blind $0.50
NoonTime1991: posts big blind $1
*** HOLE CARDS ***
habib beye: folds 
Münchner der 1.: folds 
NISIY: folds 
SorinS28: folds 
G.Andrei95: folds 
Uncalled bet ($0.50) returned to NoonTime1991
NoonTime1991 collected $1 from pot
NoonTime1991: doesn't show hand 
*** SUMMARY ***
Total pot $1 | Rake $0 
Seat 1: NoonTime1991 (big blind) collected ($1)
Seat 2: habib beye folded before Flop (didn't bet)
Seat 3: Münchner der 1. folded before Flop (didn't bet)
Seat 4: NISIY folded before Flop (didn't bet)
Seat 5: SorinS28 (button) folded before Flop (didn't bet)
Seat 6: G.Andrei95 (small blind) folded before Flop



PokerStars Hand #254692034610:  Hold'em No Limit ($0.50/$1.00 USD) - 2025/02/03 20:18:06 WET [2025/02/03 15:18:06 ET]
Table 'Whipple' 6-max Seat #6 is the button
Seat 1: NoonTime1991 ($133.45 in chips) 
Seat 2: habib beye ($101.50 in chips) 
Seat 3: Münchner der 1. ($9.27 in chips) 
Seat 4: NISIY ($100 in chips) 
Seat 5: SorinS28 ($100 in chips) 
Seat 6: G.Andrei95 ($100 in chips) 
NoonTime1991: posts small blind $0.50
habib beye: posts big blind $1
*** HOLE CARDS ***
Münchner der 1.: folds 
NISIY: folds 
SorinS28: folds 
G.Andrei95: folds 
NoonTime1991: folds 
Uncalled bet ($0.50) returned to habib beye
habib beye collected $1 from pot
*** SUMMARY ***
Total pot $1 | Rake $0 
Seat 1: NoonTime1991 (small blind) folded before Flop
Seat 2: habib beye (big blind) collected ($1)
Seat 3: Münchner der 1. folded before Flop (didn't bet)
Seat 4: NISIY folded before Flop (didn't bet)
Seat 5: SorinS28 folded before Flop (didn't bet)
Seat 6: G.Andrei95 (button) folded before Flop (didn't bet)



PokerStars Hand #254692041919:  Hold'em No Limit ($0.50/$1.00 USD) - 2025/02/03 20:18:28 WET [2025/02/03 15:18:28 ET]
Table 'Whipple' 6-max Seat #1 is the button
Seat 1: NoonTime1991 ($132.95 in chips) 
Seat 2: habib beye ($102 in chips) 
Seat 3: Münchner der 1. ($9.27 in chips) 
Seat 4: NISIY ($100 in chips) 
Seat 5: SorinS28 ($100 in chips) 
Seat 6: G.Andrei95 ($100 in chips) 
habib beye: posts small blind $0.50
Münchner der 1.: posts big blind $1
*** HOLE CARDS ***
NISIY: folds 
SorinS28: folds 
G.Andrei95: raises $1.50 to $2.50
NoonTime1991: folds 
habib beye: folds 
Münchner der 1.: folds 
Uncalled bet ($1.50) returned to G.Andrei95
G.Andrei95 collected $2.50 from pot
G.Andrei95: doesn't show hand 
*** SUMMARY ***
Total pot $2.50 | Rake $0 
Seat 1: NoonTime1991 (button) folded before Flop (didn't bet)
Seat 2: habib beye (small blind) folded before Flop
Seat 3: Münchner der 1. (big blind) folded before Flop
Seat 4: NISIY folded before Flop (didn't bet)
Seat 5: SorinS28 folded before Flop (didn't bet)
Seat 6: G.Andrei95 collected ($2.50)



PokerStars Hand #254692049253:  Hold'em No Limit ($0.50/$1.00 USD) - 2025/02/03 20:18:49 WET [2025/02/03 15:18:49 ET]
Table 'Whipple' 6-max Seat #2 is the button
Seat 1: NoonTime1991 ($132.95 in chips) 
Seat 2: habib beye ($101.50 in chips) 
Seat 3: Münchner der 1. ($8.27 in chips) 
Seat 4: NISIY ($100 in chips) 
Seat 5: SorinS28 ($100 in chips) 
Seat 6: G.Andrei95 ($101.50 in chips) 
Münchner der 1.: posts small blind $0.50
NISIY: posts big blind $1
*** HOLE CARDS ***
SorinS28: raises $1.02 to $2.02
G.Andrei95: folds 
NoonTime1991: raises $4.98 to $7
habib beye: folds 
Münchner der 1.: folds 
NISIY: folds 
SorinS28: calls $4.98
*** FLOP *** [Qc 5s 7s]
SorinS28: checks 
NoonTime1991: bets $7.36
SorinS28: calls $7.36
*** TURN *** [Qc 5s 7s] [5d]
SorinS28: checks 
NoonTime1991: bets $21.53
SorinS28: folds 
Uncalled bet ($21.53) returned to NoonTime1991
NoonTime1991 collected $28.71 from pot
NoonTime1991: doesn't show hand 
*** SUMMARY ***
Total pot $30.22 | Rake $1.51 
Board [Qc 5s 7s 5d]
Seat 1: NoonTime1991 collected ($28.71)
Seat 2: habib beye (button) folded before Flop (didn't bet)
Seat 3: Münchner der 1. (small blind) folded before Flop
Seat 4: NISIY (big blind) folded before Flop
Seat 5: SorinS28 folded on the Turn
Seat 6: G.Andrei95 folded before Flop (didn't bet)



PokerStars Hand #254692076626:  Hold'em No Limit ($0.50/$1.00 USD) - 2025/02/03 20:20:11 WET [2025/02/03 15:20:11 ET]
Table 'Whipple' 6-max Seat #3 is the button
Seat 1: NoonTime1991 ($147.30 in chips) 
Seat 2: habib beye ($101.50 in chips) 
Seat 3: Münchner der 1. ($7.77 in chips) 
Seat 4: NISIY ($100 in chips) 
Seat 5: SorinS28 ($100 in chips) 
Seat 6: G.Andrei95 ($101.50 in chips) 
NISIY: posts small blind $0.50
SorinS28: posts big blind $1
*** HOLE CARDS ***
G.Andrei95: raises $1.50 to $2.50
NoonTime1991: folds 
habib beye: folds 
Münchner der 1.: folds 
NISIY: folds 
SorinS28: folds 
Uncalled bet ($1.50) returned to G.Andrei95
G.Andrei95 collected $2.50 from pot
G.Andrei95: doesn't show hand 
*** SUMMARY ***
Total pot $2.50 | Rake $0 
Seat 1: NoonTime1991 folded before Flop (didn't bet)
Seat 2: habib beye folded before Flop (didn't bet)
Seat 3: Münchner der 1. (button) folded before Flop (didn't bet)
Seat 4: NISIY (small blind) folded before Flop
Seat 5: SorinS28 (big blind) folded before Flop
Seat 6: G.Andrei95 collected ($2.50)



PokerStars Hand #254692080667:  Hold'em No Limit ($0.50/$1.00 USD) - 2025/02/03 20:20:23 WET [2025/02/03 15:20:23 ET]
Table 'Whipple' 6-max Seat #4 is the button
Seat 1: NoonTime1991 ($147.30 in chips) 
Seat 2: habib beye ($101.50 in chips) 
Seat 3: Münchner der 1. ($7.77 in chips) 
Seat 4: NISIY ($100 in chips) 
Seat 5: SorinS28 ($100 in chips) 
Seat 6: G.Andrei95 ($103 in chips) 
SorinS28: posts small blind $0.50
G.Andrei95: posts big blind $1
*** HOLE CARDS ***
NoonTime1991: folds 
habib beye: raises $1.25 to $2.25
Münchner der 1.: folds 
NISIY: folds 
SorinS28: folds 
G.Andrei95: folds 
Uncalled bet ($1.25) returned to habib beye
habib beye collected $2.50 from pot
*** SUMMARY ***
Total pot $2.50 | Rake $0 
Seat 1: NoonTime1991 folded before Flop (didn't bet)
Seat 2: habib beye collected ($2.50)
Seat 3: Münchner der 1. folded before Flop (didn't bet)
Seat 4: NISIY (button) folded before Flop (didn't bet)
Seat 5: SorinS28 (small blind) folded before Flop
Seat 6: G.Andrei95 (big blind) folded before Flop



PokerStars Hand #254692085499:  Hold'em No Limit ($0.50/$1.00 USD) - 2025/02/03 20:20:38 WET [2025/02/03 15:20:38 ET]
Table 'Whipple' 6-max Seat #5 is the button
Seat 1: NoonTime1991 ($147.30 in chips) 
Seat 2: habib beye ($103 in chips) 
Seat 3: Münchner der 1. ($7.77 in chips) 
Seat 4: NISIY ($100 in chips) 
Seat 5: SorinS28 ($100 in chips) 
Seat 6: G.Andrei95 ($102 in chips) 
G.Andrei95: posts small blind $0.50
NoonTime1991: posts big blind $1
*** HOLE CARDS ***
habib beye: raises $1.25 to $2.25
Münchner der 1.: folds 
NISIY: folds 
SorinS28: folds 
G.Andrei95: folds 
NoonTime1991: folds 
Uncalled bet ($1.25) returned to habib beye
habib beye collected $2.50 from pot
*** SUMMARY ***
Total pot $2.50 | Rake $0 
Seat 1: NoonTime1991 (big blind) folded before Flop
Seat 2: habib beye collected ($2.50)
Seat 3: Münchner der 1. folded before Flop (didn't bet)
Seat 4: NISIY folded before Flop (didn't bet)
Seat 5: SorinS28 (button) folded before Flop (didn't bet)
Seat 6: G.Andrei95 (small blind) folded before Flop



PokerStars Hand #254692090227:  Hold'em No Limit ($0.50/$1.00 USD) - 2025/02/03 20:20:52 WET [2025/02/03 15:20:52 ET]
Table 'Whipple' 6-max Seat #6 is the button
Seat 1: NoonTime1991 ($146.30 in chips) 
Seat 2: habib beye ($104.50 in chips) 
Seat 3: Münchner der 1. ($7.77 in chips) 
Seat 4: NISIY ($100 in chips) 
Seat 5: SorinS28 ($100 in chips) 
Seat 6: G.Andrei95 ($101.50 in chips) 
NoonTime1991: posts small blind $0.50
habib beye: posts big blind $1
*** HOLE CARDS ***
Münchner der 1.: folds 
NISIY: folds 
SorinS28: folds 
G.Andrei95: raises $1.50 to $2.50
NoonTime1991: folds 
habib beye: folds 
Uncalled bet ($1.50) returned to G.Andrei95
G.Andrei95 collected $2.50 from pot
G.Andrei95: doesn't show hand 
*** SUMMARY ***
Total pot $2.50 | Rake $0 
Seat 1: NoonTime1991 (small blind) folded before Flop
Seat 2: habib beye (big blind) folded before Flop
Seat 3: Münchner der 1. folded before Flop (didn't bet)
Seat 4: NISIY folded before Flop (didn't bet)
Seat 5: SorinS28 folded before Flop (didn't bet)
Seat 6: G.Andrei95 (button) collected ($2.50)



PokerStars Hand #254692096944:  Hold'em No Limit ($0.50/$1.00 USD) - 2025/02/03 20:21:12 WET [2025/02/03 15:21:12 ET]
Table 'Whipple' 6-max Seat #1 is the button
Seat 1: NoonTime1991 ($145.80 in chips) 
Seat 2: habib beye ($103.50 in chips) 
Seat 3: Münchner der 1. ($7.77 in chips) 
Seat 4: NISIY ($100 in chips) 
Seat 5: SorinS28 ($100 in chips) 
Seat 6: G.Andrei95 ($103 in chips) 
habib beye: posts small blind $0.50
Münchner der 1.: posts big blind $1
*** HOLE CARDS ***
NISIY: folds 
SorinS28: folds 
G.Andrei95: folds 
NoonTime1991: raises $1 to $2
habib beye: raises $9.50 to $11.50
Münchner der 1.: folds 
NoonTime1991: folds 
Uncalled bet ($9.50) returned to habib beye
habib beye collected $5 from pot
*** SUMMARY ***
Total pot $5 | Rake $0 
Seat 1: NoonTime1991 (button) folded before Flop
Seat 2: habib beye (small blind) collected ($5)
Seat 3: Münchner der 1. (big blind) folded before Flop
Seat 4: NISIY folded before Flop (didn't bet)
Seat 5: SorinS28 folded before Flop (didn't bet)
Seat 6: G.Andrei95 folded before Flop (didn't bet)



PokerStars Hand #254692106149:  Hold'em No Limit ($0.50/$1.00 USD) - 2025/02/03 20:21:39 WET [2025/02/03 15:21:39 ET]
Table 'Whipple' 6-max Seat #2 is the button
Seat 1: NoonTime1991 ($143.80 in chips) 
Seat 2: habib beye ($106.50 in chips) 
Seat 3: Münchner der 1. ($6.77 in chips) 
Seat 4: NISIY ($100 in chips) 
Seat 5: SorinS28 ($100 in chips) 
Seat 6: G.Andrei95 ($103 in chips) 
Münchner der 1.: posts small blind $0.50
NISIY: posts big blind $1
*** HOLE CARDS ***
SorinS28: folds 
G.Andrei95: raises $1.50 to $2.50
NoonTime1991: folds 
habib beye: raises $5 to $7.50
Münchner der 1.: folds 
NISIY: folds 
G.Andrei95: folds 
Uncalled bet ($5) returned to habib beye
habib beye collected $6.50 from pot
*** SUMMARY ***
Total pot $6.50 | Rake $0 
Seat 1: NoonTime1991 folded before Flop (didn't bet)
Seat 2: habib beye (button) collected ($6.50)
Seat 3: Münchner der 1. (small blind) folded before Flop
Seat 4: NISIY (big blind) folded before Flop
Seat 5: SorinS28 folded before Flop (didn't bet)
Seat 6: G.Andrei95 folded before Flop



PokerStars Hand #254692116701:  Hold'em No Limit ($0.50/$1.00 USD) - 2025/02/03 20:22:11 WET [2025/02/03 15:22:11 ET]
Table 'Whipple' 6-max Seat #3 is the button
Seat 1: NoonTime1991 ($143.80 in chips) 
Seat 2: habib beye ($110.50 in chips) 
Seat 3: Münchner der 1. ($6.27 in chips) 
Seat 4: NISIY ($100 in chips) 
Seat 5: SorinS28 ($100 in chips) 
Seat 6: G.Andrei95 ($100.50 in chips) 
NISIY: posts small blind $0.50
SorinS28: posts big blind $1
*** HOLE CARDS ***
G.Andrei95: folds 
NoonTime1991: folds 
habib beye: folds 
Münchner der 1.: raises $5.27 to $6.27 and is all-in
NISIY: folds 
SorinS28: folds 
Uncalled bet ($5.27) returned to Münchner der 1.
Münchner der 1. collected $2.50 from pot
*** SUMMARY ***
Total pot $2.50 | Rake $0 
Seat 1: NoonTime1991 folded before Flop (didn't bet)
Seat 2: habib beye folded before Flop (didn't bet)
Seat 3: Münchner der 1. (button) collected ($2.50)
Seat 4: NISIY (small blind) folded before Flop
Seat 5: SorinS28 (big blind) folded before Flop
Seat 6: G.Andrei95 folded before Flop (didn't bet)



PokerStars Hand #254692269239:  Hold'em No Limit ($0.50/$1.00 USD) - 2025/02/03 20:29:51 WET [2025/02/03 15:29:51 ET]
Table 'Whipple' 6-max Seat #6 is the button
Seat 4: IREQO ($16.27 in chips) is sitting out
Seat 1: NoonTime1991 ($154.14 in chips) 
Seat 2: avstero ($100 in chips) 
Seat 3: Münchner der 1. ($28.61 in chips) 
Seat 5: SorinS28 ($105.50 in chips) 
Seat 6: kvcsszblcs ($100 in chips) 
NoonTime1991: posts small blind $0.50
avstero: posts big blind $1
IREQO has timed out while disconnected
IREQO: is sitting out 
*** HOLE CARDS ***
Münchner der 1.: folds 
SorinS28: folds 
kvcsszblcs: raises $1.25 to $2.25
NoonTime1991: folds 
avstero: folds 
Uncalled bet ($1.25) returned to kvcsszblcs
kvcsszblcs collected $2.50 from pot
kvcsszblcs: doesn't show hand 
*** SUMMARY ***
Total pot $2.50 | Rake $0 
Seat 4: IREQO
Seat 1: NoonTime1991 (small blind) folded before Flop
Seat 2: avstero (big blind) folded before Flop
Seat 3: Münchner der 1. folded before Flop (didn't bet)
Seat 5: SorinS28 folded before Flop (didn't bet)
Seat 6: kvcsszblcs (button) collected ($2.50)



PokerStars Hand #254692280452:  Hold'em No Limit ($0.50/$1.00 USD) - 2025/02/03 20:30:25 WET [2025/02/03 15:30:25 ET]
Table 'Whipple' 6-max Seat #1 is the button
Seat 4: IREQO ($24.27 in chips) is sitting out
Seat 1: NoonTime1991 ($153.64 in chips) 
Seat 2: avstero ($99 in chips) 
Seat 3: Münchner der 1. ($28.61 in chips) 
Seat 5: SorinS28 ($105.50 in chips) 
Seat 6: kvcsszblcs ($101.50 in chips) 
avstero: posts small blind $0.50
Münchner der 1.: posts big blind $1
IREQO: sits out 
*** HOLE CARDS ***
SorinS28: raises $1.02 to $2.02
kvcsszblcs: folds 
NoonTime1991: folds 
avstero: folds 
Münchner der 1.: calls $1.02
*** FLOP *** [Ts 3h Qc]
Münchner der 1.: checks 
SorinS28: bets $1.42
Münchner der 1.: calls $1.42
*** TURN *** [Ts 3h Qc] [9s]
Münchner der 1.: checks 
SorinS28: bets $5.26
Münchner der 1.: calls $5.26
*** RIVER *** [Ts 3h Qc 9s] [9h]
Münchner der 1.: checks 
SorinS28: bets $17
Münchner der 1.: folds 
Uncalled bet ($17) returned to SorinS28
SorinS28 collected $17 from pot
SorinS28: doesn't show hand 
*** SUMMARY ***
Total pot $17.90 | Rake $0.90 
Board [Ts 3h Qc 9s 9h]
Seat 4: IREQO
Seat 1: NoonTime1991 (button) folded before Flop (didn't bet)
Seat 2: avstero (small blind) folded before Flop
Seat 3: Münchner der 1. (big blind) folded on the River
Seat 5: SorinS28 collected ($17)
Seat 6: kvcsszblcs folded before Flop (didn't bet)



PokerStars Hand #254692293657:  Hold'em No Limit ($0.50/$1.00 USD) - 2025/02/03 20:31:04 WET [2025/02/03 15:31:04 ET]
Table 'Whipple' 6-max Seat #2 is the button
Seat 1: NoonTime1991 ($153.64 in chips) 
Seat 2: avstero ($100 in chips) 
Seat 3: Münchner der 1. ($19.91 in chips) 
Seat 4: IREQO ($24.27 in chips) 
Seat 6: kvcsszblcs ($101.50 in chips) 
Münchner der 1.: posts small blind $0.50
IREQO: posts big blind $1
*** HOLE CARDS ***
kvcsszblcs: folds 
NoonTime1991: folds 
avstero: folds 
Münchner der 1.: folds 
Uncalled bet ($0.50) returned to IREQO
IREQO collected $1 from pot
IREQO: doesn't show hand 
*** SUMMARY ***
Total pot $1 | Rake $0 
Seat 1: NoonTime1991 folded before Flop (didn't bet)
Seat 2: avstero (button) folded before Flop (didn't bet)
Seat 3: Münchner der 1. (small blind) folded before Flop
Seat 4: IREQO (big blind) collected ($1)
Seat 6: kvcsszblcs folded before Flop (didn't bet)



PokerStars Hand #254692296679:  Hold'em No Limit ($0.50/$1.00 USD) - 2025/02/03 20:31:13 WET [2025/02/03 15:31:13 ET]
Table 'Whipple' 6-max Seat #3 is the button
Seat 1: NoonTime1991 ($153.64 in chips) 
Seat 2: avstero ($100 in chips) 
Seat 3: Münchner der 1. ($19.41 in chips) 
Seat 4: IREQO ($93.87 in chips) 
Seat 6: kvcsszblcs ($101.50 in chips) 
IREQO: posts small blind $0.50
kvcsszblcs: posts big blind $1
*** HOLE CARDS ***
NoonTime1991: folds 
avstero: raises $1.20 to $2.20
Münchner der 1.: folds 
IREQO: raises $8.80 to $11
kvcsszblcs: folds 
avstero: folds 
Uncalled bet ($8.80) returned to IREQO
IREQO collected $5.40 from pot
IREQO: doesn't show hand 
*** SUMMARY ***
Total pot $5.40 | Rake $0 
Seat 1: NoonTime1991 folded before Flop (didn't bet)
Seat 2: avstero folded before Flop
Seat 3: Münchner der 1. (button) folded before Flop (didn't bet)
Seat 4: IREQO (small blind) collected ($5.40)
Seat 6: kvcsszblcs (big blind) folded before Flop



PokerStars Hand #254692307886:  Hold'em No Limit ($0.50/$1.00 USD) - 2025/02/03 20:31:47 WET [2025/02/03 15:31:47 ET]
Table 'Whipple' 6-max Seat #4 is the button
Seat 1: NoonTime1991 ($153.64 in chips) 
Seat 2: avstero ($100 in chips) 
Seat 3: Münchner der 1. ($19.41 in chips) 
Seat 4: IREQO ($97.07 in chips) 
Seat 6: kvcsszblcs ($100.50 in chips) 
kvcsszblcs: posts small blind $0.50
NoonTime1991: posts big blind $1
*** HOLE CARDS ***
avstero: folds 
Münchner der 1.: calls $1
miram007!1 joins the table at seat #5 
IREQO: folds 
kvcsszblcs: folds 
NoonTime1991: checks 
*** FLOP *** [As 7c 5c]
miram007!1 is disconnected 
NoonTime1991: checks 
Münchner der 1.: bets $1
NoonTime1991: calls $1
*** TURN *** [As 7c 5c] [3h]
NoonTime1991: checks 
Münchner der 1.: checks 
*** RIVER *** [As 7c 5c 3h] [5s]
NoonTime1991: bets $1.41
Münchner der 1.: folds 
Uncalled bet ($1.41) returned to NoonTime1991
NoonTime1991 collected $4.28 from pot
NoonTime1991: doesn't show hand 
*** SUMMARY ***
Total pot $4.50 | Rake $0.22 
Board [As 7c 5c 3h 5s]
Seat 1: NoonTime1991 (big blind) collected ($4.28)
Seat 2: avstero folded before Flop (didn't bet)
Seat 3: Münchner der 1. folded on the River
Seat 4: IREQO (button) folded before Flop (didn't bet)
Seat 6: kvcsszblcs (small blind) folded before Flop



PokerStars Hand #254692317990:  Hold'em No Limit ($0.50/$1.00 USD) - 2025/02/03 20:32:17 WET [2025/02/03 15:32:17 ET]
Table 'Whipple' 6-max Seat #6 is the button
Seat 1: NoonTime1991 ($155.92 in chips) 
Seat 2: avstero ($100 in chips) 
Seat 3: Münchner der 1. ($17.41 in chips) 
Seat 4: IREQO ($97.07 in chips) 
Seat 5: miram007!1 ($100 in chips) 
Seat 6: kvcsszblcs ($100 in chips) 
NoonTime1991: posts small blind $0.50
avstero: posts big blind $1
miram007!1: posts big blind $1
*** HOLE CARDS ***
Münchner der 1.: calls $1
IREQO: folds 
miram007!1: raises $3.50 to $4.50
kvcsszblcs: folds 
NoonTime1991: folds 
avstero: calls $3.50
Münchner der 1.: folds 
*** FLOP *** [6c Js 2s]
avstero: checks 
miram007!1: bets $9.98
avstero: folds 
Uncalled bet ($9.98) returned to miram007!1
miram007!1 collected $9.85 from pot
*** SUMMARY ***
Total pot $10.50 | Rake $0.65 
Board [6c Js 2s]
Seat 1: NoonTime1991 (small blind) folded before Flop
Seat 2: avstero (big blind) folded on the Flop
Seat 3: Münchner der 1. folded before Flop
Seat 4: IREQO folded before Flop (didn't bet)
Seat 5: miram007!1 collected ($9.85)
Seat 6: kvcsszblcs (button) folded before Flop (didn't bet)



PokerStars Hand #254692332655:  Hold'em No Limit ($0.50/$1.00 USD) - 2025/02/03 20:33:02 WET [2025/02/03 15:33:02 ET]
Table 'Whipple' 6-max Seat #1 is the button
Seat 1: NoonTime1991 ($155.42 in chips) 
Seat 2: avstero ($100 in chips) 
Seat 3: Münchner der 1. ($16.41 in chips) 
Seat 4: IREQO ($97.07 in chips) 
Seat 5: miram007!1 ($105.35 in chips) 
Seat 6: kvcsszblcs ($100 in chips) 
avstero: posts small blind $0.50
Münchner der 1.: posts big blind $1
*** HOLE CARDS ***
IREQO: folds 
miram007!1: calls $1
kvcsszblcs: folds 
NoonTime1991: folds 
avstero: folds 
Münchner der 1.: checks 
*** FLOP *** [Ad Qc Kh]
Münchner der 1.: checks 
miram007!1: bets $2.38
Münchner der 1.: folds 
Uncalled bet ($2.38) returned to miram007!1
miram007!1 collected $2.35 from pot
*** SUMMARY ***
Total pot $2.50 | Rake $0.15 
Board [Ad Qc Kh]
Seat 1: NoonTime1991 (button) folded before Flop (didn't bet)
Seat 2: avstero (small blind) folded before Flop
Seat 3: Münchner der 1. (big blind) folded on the Flop
Seat 4: IREQO folded before Flop (didn't bet)
Seat 5: miram007!1 collected ($2.35)
Seat 6: kvcsszblcs folded before Flop (didn't bet)



PokerStars Hand #254692343326:  Hold'em No Limit ($0.50/$1.00 USD) - 2025/02/03 20:33:34 WET [2025/02/03 15:33:34 ET]
Table 'Whipple' 6-max Seat #2 is the button
Seat 1: NoonTime1991 ($155.42 in chips) 
Seat 2: avstero ($99.50 in chips) 
Seat 3: Münchner der 1. ($15.41 in chips) 
Seat 4: IREQO ($97.07 in chips) 
Seat 5: miram007!1 ($106.70 in chips) 
Seat 6: kvcsszblcs ($100 in chips) 
Münchner der 1.: posts small blind $0.50
IREQO: posts big blind $1
*** HOLE CARDS ***
miram007!1: folds 
kvcsszblcs: folds 
NoonTime1991: raises $1 to $2
avstero: raises $5 to $7
Münchner der 1.: folds 
IREQO: folds 
NoonTime1991: folds 
Uncalled bet ($5) returned to avstero
avstero collected $5.50 from pot
avstero: doesn't show hand 
*** SUMMARY ***
Total pot $5.50 | Rake $0 
Seat 1: NoonTime1991 folded before Flop
Seat 2: avstero (button) collected ($5.50)
Seat 3: Münchner der 1. (small blind) folded before Flop
Seat 4: IREQO (big blind) folded before Flop
Seat 5: miram007!1 folded before Flop (didn't bet)
Seat 6: kvcsszblcs folded before Flop (didn't bet)



PokerStars Hand #254692354478:  Hold'em No Limit ($0.50/$1.00 USD) - 2025/02/03 20:34:08 WET [2025/02/03 15:34:08 ET]
Table 'Whipple' 6-max Seat #3 is the button
Seat 1: NoonTime1991 ($153.42 in chips) 
Seat 2: avstero ($103 in chips) 
Seat 3: Münchner der 1. ($14.91 in chips) 
Seat 4: IREQO ($96.07 in chips) 
Seat 5: miram007!1 ($106.70 in chips) 
Seat 6: kvcsszblcs ($100 in chips) 
IREQO: posts small blind $0.50
miram007!1: posts big blind $1
*** HOLE CARDS ***
kvcsszblcs: folds 
NoonTime1991: folds 
avstero: folds 
Münchner der 1.: calls $1
IREQO: folds 
miram007!1: checks 
*** FLOP *** [5d Qh Kd]
miram007!1: checks 
Münchner der 1.: bets $2.19
miram007!1: calls $2.19
*** TURN *** [5d Qh Kd] [5h]
miram007!1: checks 
Münchner der 1.: checks 
*** RIVER *** [5d Qh Kd 5h] [Ts]
miram007!1: bets $6.54
Münchner der 1.: raises $5.18 to $11.72 and is all-in
miram007!1: folds 
Uncalled bet ($5.18) returned to Münchner der 1.
Münchner der 1. collected $18.71 from pot
*** SUMMARY ***
Total pot $19.96 | Rake $1.25 
Board [5d Qh Kd 5h Ts]
Seat 1: NoonTime1991 folded before Flop (didn't bet)
Seat 2: avstero folded before Flop (didn't bet)
Seat 3: Münchner der 1. (button) collected ($18.71)
Seat 4: IREQO (small blind) folded before Flop
Seat 5: miram007!1 (big blind) folded on the River
Seat 6: kvcsszblcs folded before Flop (didn't bet)



PokerStars Hand #254692367737:  Hold'em No Limit ($0.50/$1.00 USD) - 2025/02/03 20:34:48 WET [2025/02/03 15:34:48 ET]
Table 'Whipple' 6-max Seat #4 is the button
Seat 1: NoonTime1991 ($153.42 in chips) 
Seat 2: avstero ($103 in chips) 
Seat 3: Münchner der 1. ($23.89 in chips) 
Seat 4: IREQO ($95.57 in chips) 
Seat 5: miram007!1 ($96.97 in chips) 
Seat 6: kvcsszblcs ($100 in chips) 
miram007!1: posts small blind $0.50
kvcsszblcs: posts big blind $1
*** HOLE CARDS ***
NoonTime1991: folds 
avstero: folds 
Münchner der 1.: calls $1
IREQO: raises $4 to $5
miram007!1: calls $4.50
kvcsszblcs: calls $4
Münchner der 1.: raises $18.89 to $23.89 and is all-in
IREQO: raises $71.68 to $95.57 and is all-in
miram007!1: folds 
kvcsszblcs: folds 
Uncalled bet ($71.68) returned to IREQO
IREQO has timed out
*** FLOP *** [Jc 8d 9s]
*** TURN *** [Jc 8d 9s] [2h]
*** RIVER *** [Jc 8d 9s 2h] [9c]
*** SHOW DOWN ***
Münchner der 1.: shows [6h 6c] (two pair, Nines and Sixes)
IREQO: shows [Qh As] (a pair of Nines)
Münchner der 1. cashed out the hand for $29.61 | Cash Out Fee $0.60
*** SUMMARY ***
Total pot $57.78 | Rake $2.50 
Board [Jc 8d 9s 2h 9c]
Seat 1: NoonTime1991 folded before Flop (didn't bet)
Seat 2: avstero folded before Flop (didn't bet)
Seat 3: Münchner der 1. showed [6h 6c] and won ($55.28) with two pair, Nines and Sixes (pot not awarded as player cashed out)
Seat 4: IREQO (button) showed [Qh As] and lost with a pair of Nines
Seat 5: miram007!1 (small blind) folded before Flop
Seat 6: kvcsszblcs (big blind) folded before Flop



PokerStars Hand #254692387794:  Hold'em No Limit ($0.50/$1.00 USD) - 2025/02/03 20:35:48 WET [2025/02/03 15:35:48 ET]
Table 'Whipple' 6-max Seat #5 is the button
Seat 1: NoonTime1991 ($153.42 in chips) 
Seat 2: avstero ($103 in chips) 
Seat 3: Münchner der 1. ($29.61 in chips) 
Seat 4: IREQO ($71.68 in chips) 
Seat 5: miram007!1 ($91.97 in chips) 
Seat 6: kvcsszblcs ($100 in chips) 
kvcsszblcs: posts small blind $0.50
NoonTime1991: posts big blind $1
*** HOLE CARDS ***
avstero: folds 
Münchner der 1.: folds 
IREQO: folds 
miram007!1: folds 
kvcsszblcs: raises $1.85 to $2.85
NoonTime1991: calls $1.85
*** FLOP *** [Tc Ac 4s]
kvcsszblcs: bets $4.07
NoonTime1991: calls $4.07
*** TURN *** [Tc Ac 4s] [8d]
kvcsszblcs: bets $16.50
NoonTime1991: raises $19.50 to $36
kvcsszblcs: folds 
Uncalled bet ($19.50) returned to NoonTime1991
NoonTime1991 collected $44.50 from pot
NoonTime1991: doesn't show hand 
*** SUMMARY ***
Total pot $46.84 | Rake $2.34 
Board [Tc Ac 4s 8d]
Seat 1: NoonTime1991 (big blind) collected ($44.50)
Seat 2: avstero folded before Flop (didn't bet)
Seat 3: Münchner der 1. folded before Flop (didn't bet)
Seat 4: IREQO folded before Flop (didn't bet)
Seat 5: miram007!1 (button) folded before Flop (didn't bet)
Seat 6: kvcsszblcs (small blind) folded on the Turn



PokerStars Hand #254692410670:  Hold'em No Limit ($0.50/$1.00 USD) - 2025/02/03 20:36:56 WET [2025/02/03 15:36:56 ET]
Table 'Whipple' 6-max Seat #6 is the button
Seat 1: NoonTime1991 ($174.50 in chips) 
Seat 2: avstero ($103 in chips) 
Seat 3: Münchner der 1. ($29.61 in chips) 
Seat 4: IREQO ($71.68 in chips) 
Seat 5: miram007!1 ($91.97 in chips) 
Seat 6: kvcsszblcs ($100 in chips) 
NoonTime1991: posts small blind $0.50
avstero: posts big blind $1
*** HOLE CARDS ***
Münchner der 1.: calls $1
IREQO: folds 
miram007!1: raises $3.50 to $4.50
kvcsszblcs: folds 
NoonTime1991: folds 
avstero: raises $11 to $15.50
Münchner der 1.: folds 
miram007!1: calls $11
*** FLOP *** [8d 6s 2d]
avstero: bets $19.90
miram007!1: raises $56.57 to $76.47 and is all-in
avstero: calls $56.57
*** TURN *** [8d 6s 2d] [Tc]
*** RIVER *** [8d 6s 2d Tc] [5d]
*** SHOW DOWN ***
avstero: shows [Qs Qc] (a pair of Queens)
miram007!1: shows [Jh Kd] (high card King)
avstero collected $182.94 from pot
*** SUMMARY ***
Total pot $185.44 | Rake $2.50 
Board [8d 6s 2d Tc 5d]
Seat 1: NoonTime1991 (small blind) folded before Flop
Seat 2: avstero (big blind) showed [Qs Qc] and won ($182.94) with a pair of Queens
Seat 3: Münchner der 1. folded before Flop
Seat 4: IREQO folded before Flop (didn't bet)
Seat 5: miram007!1 showed [Jh Kd] and lost with high card King
Seat 6: kvcsszblcs (button) folded before Flop (didn't bet)



PokerStars Hand #254692437964:  Hold'em No Limit ($0.50/$1.00 USD) - 2025/02/03 20:38:18 WET [2025/02/03 15:38:18 ET]
Table 'Whipple' 6-max Seat #1 is the button
Seat 5: miram007!1 ($0 in chips) is sitting out
Seat 1: NoonTime1991 ($174 in chips) 
Seat 2: avstero ($193.97 in chips) 
Seat 3: Münchner der 1. ($28.61 in chips) 
Seat 4: IREQO ($71.68 in chips) 
Seat 6: kvcsszblcs ($100 in chips) 
avstero: posts small blind $0.50
Münchner der 1.: posts big blind $1
*** HOLE CARDS ***
IREQO: folds 
kvcsszblcs: raises $1 to $2
NoonTime1991: folds 
avstero: raises $8 to $10
Münchner der 1.: folds 
kvcsszblcs: folds 
Uncalled bet ($8) returned to avstero
avstero collected $5 from pot
avstero: doesn't show hand 
*** SUMMARY ***
Total pot $5 | Rake $0 
Seat 5: miram007!1
Seat 1: NoonTime1991 (button) folded before Flop (didn't bet)
Seat 2: avstero (small blind) collected ($5)
Seat 3: Münchner der 1. (big blind) folded before Flop
Seat 4: IREQO folded before Flop (didn't bet)
Seat 6: kvcsszblcs folded before Flop



PokerStars Hand #254692447537:  Hold'em No Limit ($0.50/$1.00 USD) - 2025/02/03 20:38:47 WET [2025/02/03 15:38:47 ET]
Table 'Whipple' 6-max Seat #2 is the button
Seat 1: NoonTime1991 ($174 in chips) 
Seat 2: avstero ($196.97 in chips) 
Seat 3: Münchner der 1. ($27.61 in chips) 
Seat 4: IREQO ($71.68 in chips) 
Seat 5: miram007!1 ($10.72 in chips) 
Seat 6: kvcsszblcs ($100 in chips) 
Münchner der 1.: posts small blind $0.50
IREQO: posts big blind $1
*** HOLE CARDS ***
miram007!1: folds 
kvcsszblcs: folds 
NoonTime1991: raises $1 to $2
avstero: folds 
Münchner der 1.: calls $1.50
IREQO: folds 
*** FLOP *** [2s 4d Kh]
Münchner der 1.: checks 
NoonTime1991: checks 
*** TURN *** [2s 4d Kh] [3c]
Münchner der 1.: bets $2.38
NoonTime1991: raises $7.13 to $9.51
Münchner der 1.: calls $7.13
*** RIVER *** [2s 4d Kh 3c] [Ad]
Münchner der 1.: bets $16.10 and is all-in
NoonTime1991: folds 
Uncalled bet ($16.10) returned to Münchner der 1.
Münchner der 1. collected $22.52 from pot
*** SUMMARY ***
Total pot $24.02 | Rake $1.50 
Board [2s 4d Kh 3c Ad]
Seat 1: NoonTime1991 folded on the River
Seat 2: avstero (button) folded before Flop (didn't bet)
Seat 3: Münchner der 1. (small blind) collected ($22.52)
Seat 4: IREQO (big blind) folded before Flop
Seat 5: miram007!1 folded before Flop (didn't bet)
Seat 6: kvcsszblcs folded before Flop (didn't bet)



PokerStars Hand #254692462987:  Hold'em No Limit ($0.50/$1.00 USD) - 2025/02/03 20:39:34 WET [2025/02/03 15:39:34 ET]
Table 'Whipple' 6-max Seat #3 is the button
Seat 1: NoonTime1991 ($162.49 in chips) 
Seat 2: avstero ($196.97 in chips) 
Seat 3: Münchner der 1. ($38.62 in chips) 
Seat 4: IREQO ($70.68 in chips) 
Seat 5: miram007!1 ($10.72 in chips) 
Seat 6: kvcsszblcs ($100 in chips) 
IREQO: posts small blind $0.50
miram007!1: posts big blind $1
*** HOLE CARDS ***
kvcsszblcs: raises $1 to $2
NoonTime1991: folds 
avstero: folds 
Münchner der 1.: folds 
IREQO: folds 
miram007!1: calls $1
*** FLOP *** [Ah 5h 2c]
miram007!1: checks 
kvcsszblcs: bets $1
miram007!1: folds 
Uncalled bet ($1) returned to kvcsszblcs
kvcsszblcs collected $4.28 from pot
kvcsszblcs: doesn't show hand 
*** SUMMARY ***
Total pot $4.50 | Rake $0.22 
Board [Ah 5h 2c]
Seat 1: NoonTime1991 folded before Flop (didn't bet)
Seat 2: avstero folded before Flop (didn't bet)
Seat 3: Münchner der 1. (button) folded before Flop (didn't bet)
Seat 4: IREQO (small blind) folded before Flop
Seat 5: miram007!1 (big blind) folded on the Flop
Seat 6: kvcsszblcs collected ($4.28)



PokerStars Hand #254692474475:  Hold'em No Limit ($0.50/$1.00 USD) - 2025/02/03 20:40:09 WET [2025/02/03 15:40:09 ET]
Table 'Whipple' 6-max Seat #4 is the button
Seat 1: NoonTime1991 ($162.49 in chips) 
Seat 2: avstero ($196.97 in chips) 
Seat 3: Münchner der 1. ($38.62 in chips) 
Seat 4: IREQO ($70.18 in chips) 
Seat 5: miram007!1 ($8.72 in chips) 
Seat 6: kvcsszblcs ($102.28 in chips) 
miram007!1: posts small blind $0.50
kvcsszblcs: posts big blind $1
*** HOLE CARDS ***
NoonTime1991: folds 
avstero: folds 
Münchner der 1.: calls $1
IREQO: folds 
miram007!1: raises $1 to $2
kvcsszblcs: calls $1
Münchner der 1.: calls $1
*** FLOP *** [Kd 9d 9h]
miram007!1: bets $6.72 and is all-in
kvcsszblcs: folds 
Münchner der 1.: folds 
Uncalled bet ($6.72) returned to miram007!1
miram007!1 collected $5.62 from pot
*** SUMMARY ***
Total pot $6 | Rake $0.38 
Board [Kd 9d 9h]
Seat 1: NoonTime1991 folded before Flop (didn't bet)
Seat 2: avstero folded before Flop (didn't bet)
Seat 3: Münchner der 1. folded on the Flop
Seat 4: IREQO (button) folded before Flop (didn't bet)
Seat 5: miram007!1 (small blind) collected ($5.62)
Seat 6: kvcsszblcs (big blind) folded on the Flop



PokerStars Hand #254692493861:  Hold'em No Limit ($0.50/$1.00 USD) - 2025/02/03 20:41:07 WET [2025/02/03 15:41:07 ET]
Table 'Whipple' 6-max Seat #5 is the button
Seat 1: NoonTime1991 ($162.49 in chips) 
Seat 2: avstero ($196.97 in chips) 
Seat 3: Münchner der 1. ($36.62 in chips) 
Seat 4: IREQO ($70.18 in chips) 
Seat 5: miram007!1 ($12.34 in chips) 
Seat 6: kvcsszblcs ($100.28 in chips) 
kvcsszblcs: posts small blind $0.50
NoonTime1991: posts big blind $1
*** HOLE CARDS ***
avstero: folds 
Münchner der 1.: calls $1
IREQO: folds 
miram007!1: calls $1
kvcsszblcs: calls $0.50
NoonTime1991: raises $5 to $6
Münchner der 1.: folds 
miram007!1: raises $6.34 to $12.34 and is all-in
kvcsszblcs: folds 
NoonTime1991: calls $6.34
NoonTime1991 has timed out
*** FLOP *** [9d 8c As]
*** TURN *** [9d 8c As] [6d]
*** RIVER *** [9d 8c As 6d] [9h]
*** SHOW DOWN ***
NoonTime1991: shows [Th Kd] (a pair of Nines)
miram007!1: shows [Jh 5h] (a pair of Nines - lower kicker)
NoonTime1991 collected $25.35 from pot
*** SUMMARY ***
Total pot $26.68 | Rake $1.33 
Board [9d 8c As 6d 9h]
Seat 1: NoonTime1991 (big blind) showed [Th Kd] and won ($25.35) with a pair of Nines
Seat 2: avstero folded before Flop (didn't bet)
Seat 3: Münchner der 1. folded before Flop
Seat 4: IREQO folded before Flop (didn't bet)
Seat 5: miram007!1 (button) showed [Jh 5h] and lost with a pair of Nines
Seat 6: kvcsszblcs (small blind) folded before Flop



PokerStars Hand #254692510228:  Hold'em No Limit ($0.50/$1.00 USD) - 2025/02/03 20:41:57 WET [2025/02/03 15:41:57 ET]
Table 'Whipple' 6-max Seat #6 is the button
Seat 5: miram007!1 ($0 in chips) is sitting out
Seat 1: NoonTime1991 ($175.50 in chips) 
Seat 2: avstero ($196.97 in chips) 
Seat 3: Münchner der 1. ($35.62 in chips) 
Seat 4: IREQO ($70.18 in chips) 
Seat 6: kvcsszblcs ($100 in chips) 
NoonTime1991: posts small blind $0.50
avstero: posts big blind $1
*** HOLE CARDS ***
Münchner der 1.: calls $1
IREQO: raises $4 to $5
kvcsszblcs: folds 
NoonTime1991: folds 
avstero: folds 
Münchner der 1.: raises $30.62 to $35.62 and is all-in
IREQO: folds 
Uncalled bet ($30.62) returned to Münchner der 1.
Münchner der 1. collected $11.50 from pot
*** SUMMARY ***
Total pot $11.50 | Rake $0 
Seat 5: miram007!1
Seat 1: NoonTime1991 (small blind) folded before Flop
Seat 2: avstero (big blind) folded before Flop
Seat 3: Münchner der 1. collected ($11.50)
Seat 4: IREQO folded before Flop
Seat 6: kvcsszblcs (button) folded before Flop (didn't bet)



PokerStars Hand #254692520909:  Hold'em No Limit ($0.50/$1.00 USD) - 2025/02/03 20:42:29 WET [2025/02/03 15:42:29 ET]
Table 'Whipple' 6-max Seat #1 is the button
Seat 5: miram007!1 ($0 in chips) is sitting out
Seat 1: NoonTime1991 ($175 in chips) 
Seat 2: avstero ($195.97 in chips) 
Seat 3: Münchner der 1. ($42.12 in chips) 
Seat 4: IREQO ($65.18 in chips) 
Seat 6: kvcsszblcs ($100 in chips) 
avstero: posts small blind $0.50
Münchner der 1.: posts big blind $1
*** HOLE CARDS ***
IREQO: raises $1.50 to $2.50
kvcsszblcs: folds 
NoonTime1991: folds 
avstero: folds 
Münchner der 1.: calls $1.50
*** FLOP *** [Kc 5d 6c]
Münchner der 1.: checks 
IREQO: checks 
*** TURN *** [Kc 5d 6c] [Qs]
Münchner der 1.: bets $2.61
IREQO: raises $7.39 to $10
Münchner der 1.: folds 
Uncalled bet ($7.39) returned to IREQO
IREQO collected $10.18 from pot
IREQO: doesn't show hand 
*** SUMMARY ***
Total pot $10.72 | Rake $0.54 
Board [Kc 5d 6c Qs]
Seat 5: miram007!1
Seat 1: NoonTime1991 (button) folded before Flop (didn't bet)
Seat 2: avstero (small blind) folded before Flop
Seat 3: Münchner der 1. (big blind) folded on the Turn
Seat 4: IREQO collected ($10.18)
Seat 6: kvcsszblcs folded before Flop (didn't bet)



PokerStars Hand #254692540356:  Hold'em No Limit ($0.50/$1.00 USD) - 2025/02/03 20:43:29 WET [2025/02/03 15:43:29 ET]
Table 'Whipple' 6-max Seat #2 is the button
Seat 3: Münchner der 1. ($37.01 in chips) is sitting out
Seat 5: miram007!1 ($0 in chips) is sitting out
Seat 1: NoonTime1991 ($175 in chips) 
Seat 2: avstero ($195.47 in chips) 
Seat 4: IREQO ($70.25 in chips) 
Seat 6: kvcsszblcs ($100 in chips) 
IREQO: posts small blind $0.50
kvcsszblcs: posts big blind $1
*** HOLE CARDS ***
Münchner der 1. leaves the table
NoonTime1991: folds 
avstero: raises $1.20 to $2.20
IREQO: folds 
kvcsszblcs: folds 
Uncalled bet ($1.20) returned to avstero
avstero collected $2.50 from pot
avstero: doesn't show hand 
*** SUMMARY ***
Total pot $2.50 | Rake $0 
Seat 3: Münchner der 1.
Seat 5: miram007!1
Seat 1: NoonTime1991 folded before Flop (didn't bet)
Seat 2: avstero (button) collected ($2.50)
Seat 4: IREQO (small blind) folded before Flop
Seat 6: kvcsszblcs (big blind) folded before Flop



PokerStars Hand #254692121510:  Hold'em No Limit ($0.50/$1.00 USD) - 2025/02/03 20:22:25 WET [2025/02/03 15:22:25 ET]
Table 'Whipple' 6-max Seat #4 is the button
Seat 6: G.Andrei95 ($100.50 in chips) is sitting out
Seat 1: NoonTime1991 ($143.80 in chips) 
Seat 2: habib beye ($110.50 in chips) 
Seat 3: Münchner der 1. ($7.77 in chips) 
Seat 4: NISIY ($100 in chips) 
Seat 5: SorinS28 ($100 in chips) 
SorinS28: posts small blind $0.50
G.Andrei95: is sitting out 
NoonTime1991: posts big blind $1
*** HOLE CARDS ***
habib beye: folds 
Münchner der 1.: folds 
G.Andrei95 leaves the table
NISIY: raises $1.50 to $2.50
SorinS28: folds 
NoonTime1991: folds 
Uncalled bet ($1.50) returned to NISIY
NISIY collected $2.50 from pot
NISIY: doesn't show hand 
*** SUMMARY ***
Total pot $2.50 | Rake $0 
Seat 6: G.Andrei95
Seat 1: NoonTime1991 (big blind) folded before Flop
Seat 2: habib beye folded before Flop (didn't bet)
Seat 3: Münchner der 1. folded before Flop (didn't bet)
Seat 4: NISIY (button) collected ($2.50)
Seat 5: SorinS28 (small blind) folded before Flop



PokerStars Hand #254692125741:  Hold'em No Limit ($0.50/$1.00 USD) - 2025/02/03 20:22:38 WET [2025/02/03 15:22:38 ET]
Table 'Whipple' 6-max Seat #5 is the button
Seat 2: habib beye ($110.50 in chips) is sitting out
Seat 1: NoonTime1991 ($142.80 in chips) 
Seat 3: Münchner der 1. ($7.77 in chips) 
Seat 4: NISIY ($101.50 in chips) 
Seat 5: SorinS28 ($100 in chips) 
NoonTime1991: posts small blind $0.50
habib beye: is sitting out 
Münchner der 1.: posts big blind $1
*** HOLE CARDS ***
NISIY: folds 
SorinS28: folds 
NoonTime1991: folds 
Uncalled bet ($0.50) returned to Münchner der 1.
Münchner der 1. collected $1 from pot
*** SUMMARY ***
Total pot $1 | Rake $0 
Seat 2: habib beye
Seat 1: NoonTime1991 (small blind) folded before Flop
Seat 3: Münchner der 1. (big blind) collected ($1)
Seat 4: NISIY folded before Flop (didn't bet)
Seat 5: SorinS28 (button) folded before Flop (didn't bet)



PokerStars Hand #254692128333:  Hold'em No Limit ($0.50/$1.00 USD) - 2025/02/03 20:22:46 WET [2025/02/03 15:22:46 ET]
Table 'Whipple' 6-max Seat #1 is the button
Seat 2: habib beye ($110.50 in chips) is sitting out
Seat 4: NISIY ($101.50 in chips) is sitting out
Seat 1: NoonTime1991 ($142.30 in chips) 
Seat 3: Münchner der 1. ($8.27 in chips) 
Seat 5: SorinS28 ($100 in chips) 
Münchner der 1.: posts small blind $0.50
NISIY: is sitting out 
SorinS28: posts big blind $1
*** HOLE CARDS ***
kvcsszblcs joins the table at seat #6 
NISIY leaves the table
NoonTime1991: raises $2 to $3
Münchner der 1.: folds 
SorinS28: folds 
Uncalled bet ($2) returned to NoonTime1991
NoonTime1991 collected $2.50 from pot
NoonTime1991: doesn't show hand 
*** SUMMARY ***
Total pot $2.50 | Rake $0 
Seat 2: habib beye
Seat 4: NISIY
Seat 1: NoonTime1991 (button) collected ($2.50)
Seat 3: Münchner der 1. (small blind) folded before Flop
Seat 5: SorinS28 (big blind) folded before Flop



PokerStars Hand #254692130720:  Hold'em No Limit ($0.50/$1.00 USD) - 2025/02/03 20:22:53 WET [2025/02/03 15:22:53 ET]
Table 'Whipple' 6-max Seat #3 is the button
Seat 2: habib beye ($110.50 in chips) is sitting out
Seat 1: NoonTime1991 ($143.80 in chips) 
Seat 3: Münchner der 1. ($7.77 in chips) 
Seat 5: SorinS28 ($100 in chips) 
Seat 6: kvcsszblcs ($100 in chips) 
SorinS28: posts small blind $0.50
kvcsszblcs: posts big blind $1
*** HOLE CARDS ***
NoonTime1991: folds 
Münchner der 1.: calls $1
SorinS28: folds 
kvcsszblcs: checks 
*** FLOP *** [5c 6c 3h]
kvcsszblcs: bets $1
Münchner der 1.: calls $1
*** TURN *** [5c 6c 3h] [2s]
IREQO joins the table at seat #4 
kvcsszblcs: bets $2
Münchner der 1.: raises $3.77 to $5.77 and is all-in
kvcsszblcs: calls $3.77
*** RIVER *** [5c 6c 3h 2s] [Kd]
*** SHOW DOWN ***
kvcsszblcs: shows [Jc 6d] (a pair of Sixes)
Münchner der 1.: shows [Qc Qd] (a pair of Queens)
Münchner der 1. cashed out the hand for $12.55 | Cash Out Fee $0.26
*** SUMMARY ***
Total pot $16.04 | Rake $0.80 
Board [5c 6c 3h 2s Kd]
Seat 2: habib beye
Seat 1: NoonTime1991 folded before Flop (didn't bet)
Seat 3: Münchner der 1. (button) showed [Qc Qd] and won ($15.24) with a pair of Queens (pot not awarded as player cashed out)
Seat 5: SorinS28 (small blind) folded before Flop
Seat 6: kvcsszblcs (big blind) showed [Jc 6d] and lost with a pair of Sixes



PokerStars Hand #254692545685:  Hold'em No Limit ($0.50/$1.00 USD) - 2025/02/03 20:43:45 WET [2025/02/03 15:43:45 ET]
Table 'Whipple' 6-max Seat #4 is the button
Seat 5: miram007!1 ($0 in chips) is sitting out
Seat 1: NoonTime1991 ($175 in chips) 
Seat 2: avstero ($196.97 in chips) 
Seat 4: IREQO ($69.75 in chips) 
Seat 6: kvcsszblcs ($100 in chips) 
kvcsszblcs: posts small blind $0.50
NoonTime1991: posts big blind $1
*** HOLE CARDS ***
avstero: raises $1.20 to $2.20
IREQO: folds 
kvcsszblcs: folds 
NoonTime1991: calls $1.20
*** FLOP *** [Qs Ac 9d]
NoonTime1991: checks 
avstero: checks 
*** TURN *** [Qs Ac 9d] [6h]
NoonTime1991: checks 
avstero: bets $2
NoonTime1991: calls $2
*** RIVER *** [Qs Ac 9d 6h] [7h]
NoonTime1991: checks 
avstero: checks 
*** SHOW DOWN ***
NoonTime1991: shows [Js Qh] (a pair of Queens)
avstero: shows [Qc Jh] (a pair of Queens)
NoonTime1991 collected $4.23 from pot
avstero collected $4.23 from pot
*** SUMMARY ***
Total pot $8.90 | Rake $0.44 
Board [Qs Ac 9d 6h 7h]
Seat 5: miram007!1
Seat 1: NoonTime1991 (big blind) showed [Js Qh] and won ($4.23) with a pair of Queens
Seat 2: avstero showed [Qc Jh] and won ($4.23) with a pair of Queens
Seat 4: IREQO (button) folded before Flop (didn't bet)
Seat 6: kvcsszblcs (small blind) folded before Flop



PokerStars Hand #254692569812:  Hold'em No Limit ($0.50/$1.00 USD) - 2025/02/03 20:44:59 WET [2025/02/03 15:44:59 ET]
Table 'Whipple' 6-max Seat #1 is the button
Seat 2: avstero ($197 in chips) is sitting out
Seat 4: IREQO ($69.75 in chips) is sitting out
Seat 5: miram007!1 ($0 in chips) is sitting out
Seat 1: NoonTime1991 ($175.03 in chips) 
Seat 6: kvcsszblcs ($100 in chips) 
NoonTime1991: posts small blind $0.50
avstero: is sitting out 
IREQO: is sitting out 
kvcsszblcs: posts big blind $1
*** HOLE CARDS ***
avstero leaves the table
NoonTime1991: folds 
Uncalled bet ($0.50) returned to kvcsszblcs
kvcsszblcs collected $1 from pot
kvcsszblcs: doesn't show hand 
*** SUMMARY ***
Total pot $1 | Rake $0 
Seat 2: avstero
Seat 4: IREQO
Seat 5: miram007!1
Seat 1: NoonTime1991 (button) (small blind) folded before Flop
Seat 6: kvcsszblcs (big blind) collected ($1)



PokerStars Hand #254692573669:  Hold'em No Limit ($0.50/$1.00 USD) - 2025/02/03 20:45:11 WET [2025/02/03 15:45:11 ET]
Table 'Whipple' 6-max Seat #6 is the button
Seat 4: IREQO ($69.75 in chips) is sitting out
Seat 5: miram007!1 ($0 in chips) is sitting out
Seat 1: NoonTime1991 ($174.53 in chips) 
Seat 6: kvcsszblcs ($100.50 in chips) 
kvcsszblcs: posts small blind $0.50
NoonTime1991: posts big blind $1
*** HOLE CARDS ***
kvcsszblcs: raises $1.25 to $2.25
NoonTime1991: calls $1.25
*** FLOP *** [7h 6h Th]
NoonTime1991: checks 
kvcsszblcs: checks 
*** TURN *** [7h 6h Th] [5s]
NoonTime1991: checks 
kvcsszblcs: checks 
*** RIVER *** [7h 6h Th 5s] [4d]
NoonTime1991: bets $5.78
kvcsszblcs: raises $11.88 to $17.66
NoonTime1991: calls $11.88
*** SHOW DOWN ***
kvcsszblcs: shows [4h Ah] (a flush, Ace high)
NoonTime1991: mucks hand 
kvcsszblcs collected $38.82 from pot
*** SUMMARY ***
Total pot $39.82 | Rake $1 
Board [7h 6h Th 5s 4d]
Seat 4: IREQO
Seat 5: miram007!1
Seat 1: NoonTime1991 (big blind) mucked
Seat 6: kvcsszblcs (button) (small blind) showed [4h Ah] and won ($38.82) with a flush, Ace high



PokerStars Hand #254692598570:  Hold'em No Limit ($0.50/$1.00 USD) - 2025/02/03 20:46:28 WET [2025/02/03 15:46:28 ET]
Table 'Whipple' 6-max Seat #1 is the button
Seat 4: IREQO ($69.75 in chips) is sitting out
Seat 5: miram007!1 ($0 in chips) is sitting out
Seat 1: NoonTime1991 ($154.62 in chips) 
Seat 6: kvcsszblcs ($119.41 in chips) 
NoonTime1991: posts small blind $0.50
kvcsszblcs: posts big blind $1
*** HOLE CARDS ***
NoonTime1991: folds 
Uncalled bet ($0.50) returned to kvcsszblcs
kvcsszblcs collected $1 from pot
kvcsszblcs: doesn't show hand 
*** SUMMARY ***
Total pot $1 | Rake $0 
Seat 4: IREQO
Seat 5: miram007!1
Seat 1: NoonTime1991 (button) (small blind) folded before Flop
Seat 6: kvcsszblcs (big blind) collected ($1)



PokerStars Hand #254692600102:  Hold'em No Limit ($0.50/$1.00 USD) - 2025/02/03 20:46:32 WET [2025/02/03 15:46:32 ET]
Table 'Whipple' 6-max Seat #6 is the button
Seat 4: IREQO ($69.75 in chips) is sitting out
Seat 5: miram007!1 ($0 in chips) is sitting out
Seat 1: NoonTime1991 ($154.12 in chips) 
Seat 6: kvcsszblcs ($119.91 in chips) 
kvcsszblcs: posts small blind $0.50
NoonTime1991: posts big blind $1
*** HOLE CARDS ***
kvcsszblcs: raises $1.25 to $2.25
NoonTime1991: calls $1.25
*** FLOP *** [7c 7h Qh]
NoonTime1991: checks 
kvcsszblcs: checks 
*** TURN *** [7c 7h Qh] [9c]
NoonTime1991: bets $3.21
kvcsszblcs: calls $3.21
*** RIVER *** [7c 7h Qh 9c] [3h]
NoonTime1991: checks 
kvcsszblcs: checks 
*** SHOW DOWN ***
NoonTime1991: shows [8s Qs] (two pair, Queens and Sevens)
kvcsszblcs: shows [5c Qc] (two pair, Queens and Sevens)
NoonTime1991 collected $5.19 from pot
kvcsszblcs collected $5.18 from pot
*** SUMMARY ***
Total pot $10.92 | Rake $0.55 
Board [7c 7h Qh 9c 3h]
Seat 4: IREQO
Seat 5: miram007!1
Seat 1: NoonTime1991 (big blind) showed [8s Qs] and won ($5.19) with two pair, Queens and Sevens
Seat 6: kvcsszblcs (button) (small blind) showed [5c Qc] and won ($5.18) with two pair, Queens and Sevens



PokerStars Hand #254692613939:  Hold'em No Limit ($0.50/$1.00 USD) - 2025/02/03 20:47:15 WET [2025/02/03 15:47:15 ET]
Table 'Whipple' 6-max Seat #1 is the button
Seat 4: IREQO ($69.75 in chips) is sitting out
Seat 5: miram007!1 ($0 in chips) is sitting out
Seat 1: NoonTime1991 ($153.85 in chips) 
Seat 6: kvcsszblcs ($119.63 in chips) 
NoonTime1991: posts small blind $0.50
kvcsszblcs: posts big blind $1
*** HOLE CARDS ***
NoonTime1991: raises $2 to $3
kvcsszblcs: folds 
Uncalled bet ($2) returned to NoonTime1991
NoonTime1991 collected $2 from pot
NoonTime1991: doesn't show hand 
*** SUMMARY ***
Total pot $2 | Rake $0 
Seat 4: IREQO
Seat 5: miram007!1
Seat 1: NoonTime1991 (button) (small blind) collected ($2)
Seat 6: kvcsszblcs (big blind) folded before Flop



