PokerStars Hand #254691927996:  Hold'em No Limit ($0.50/$1.00 USD) - 2025/02/03 20:12:47 WET [2025/02/03 15:12:47 ET]
Table 'Wratislavia II' 6-max Seat #6 is the button
Seat 1: AIien Hand ($100 in chips) 
Seat 2: SorinS28 ($100 in chips) 
Seat 3: Härke 2000 ($40.94 in chips) 
Seat 4: Alinyr ($102.50 in chips) 
Seat 5: RedEyeJedi444 ($54.24 in chips) 
Seat 6: Espada Fish ($133.22 in chips) 
AIien Hand: posts small blind $0.50
SorinS28: posts big blind $1
*** HOLE CARDS ***
Härke 2000: calls $1
Alinyr: folds 
RedEyeJedi444: folds 
Espada Fish: folds 
AIien Hand: folds 
SorinS28: checks 
*** FLOP *** [7s Qd 4d]
SorinS28: checks 
Härke 2000: bets $1
SorinS28: calls $1
*** TURN *** [7s Qd 4d] [8d]
SorinS28: checks 
Härke 2000: bets $2
SorinS28: calls $2
*** RIVER *** [7s Qd 4d 8d] [Ad]
SorinS28: checks 
Härke 2000: checks 
*** SHOW DOWN ***
SorinS28: shows [Kd 4c] (a flush, Ace high)
Härke 2000: mucks hand 
SorinS28 collected $8.08 from pot
*** SUMMARY ***
Total pot $8.50 | Rake $0.42 
Board [7s Qd 4d 8d Ad]
Seat 1: AIien Hand (small blind) folded before Flop
Seat 2: SorinS28 (big blind) showed [Kd 4c] and won ($8.08) with a flush, Ace high
Seat 3: Härke 2000 mucked
Seat 4: Alinyr folded before Flop (didn't bet)
Seat 5: RedEyeJedi444 folded before Flop (didn't bet)
Seat 6: Espada Fish (button) folded before Flop (didn't bet)



PokerStars Hand #254691942138:  Hold'em No Limit ($0.50/$1.00 USD) - 2025/02/03 20:13:29 WET [2025/02/03 15:13:29 ET]
Table 'Wratislavia II' 6-max Seat #1 is the button
Seat 1: AIien Hand ($100 in chips) 
Seat 2: SorinS28 ($104.08 in chips) 
Seat 3: Härke 2000 ($36.94 in chips) 
Seat 4: Alinyr ($102.50 in chips) 
Seat 5: RedEyeJedi444 ($54.24 in chips) 
Seat 6: Espada Fish ($133.22 in chips) 
SorinS28: posts small blind $0.50
Härke 2000: posts big blind $1
*** HOLE CARDS ***
Alinyr: raises $1.05 to $2.05
RedEyeJedi444: folds 
Espada Fish: folds 
AIien Hand: folds 
SorinS28: folds 
Härke 2000: calls $1.05
*** FLOP *** [5s Kd 9c]
Härke 2000: checks 
Alinyr: bets $1.09
Härke 2000: folds 
Uncalled bet ($1.09) returned to Alinyr
Alinyr collected $4.37 from pot
Alinyr: doesn't show hand 
*** SUMMARY ***
Total pot $4.60 | Rake $0.23 
Board [5s Kd 9c]
Seat 1: AIien Hand (button) folded before Flop (didn't bet)
Seat 2: SorinS28 (small blind) folded before Flop
Seat 3: Härke 2000 (big blind) folded on the Flop
Seat 4: Alinyr collected ($4.37)
Seat 5: RedEyeJedi444 folded before Flop (didn't bet)
Seat 6: Espada Fish folded before Flop (didn't bet)



PokerStars Hand #254691951465:  Hold'em No Limit ($0.50/$1.00 USD) - 2025/02/03 20:13:57 WET [2025/02/03 15:13:57 ET]
Table 'Wratislavia II' 6-max Seat #2 is the button
Seat 1: AIien Hand ($100 in chips) 
Seat 2: SorinS28 ($103.58 in chips) 
Seat 3: Härke 2000 ($34.89 in chips) 
Seat 4: Alinyr ($104.82 in chips) 
Seat 5: RedEyeJedi444 ($54.24 in chips) 
Seat 6: Espada Fish ($133.22 in chips) 
Härke 2000: posts small blind $0.50
Alinyr: posts big blind $1
*** HOLE CARDS ***
RedEyeJedi444: folds 
Espada Fish: raises $1.20 to $2.20
AIien Hand: folds 
SorinS28: folds 
Härke 2000: folds 
Alinyr: calls $1.20
*** FLOP *** [Th 5c Ks]
Härke 2000 leaves the table
Alinyr: checks 
Espada Fish: bets $3.50
Alinyr: folds 
Uncalled bet ($3.50) returned to Espada Fish
Espada Fish collected $4.66 from pot
Espada Fish: doesn't show hand 
*** SUMMARY ***
Total pot $4.90 | Rake $0.24 
Board [Th 5c Ks]
Seat 1: AIien Hand folded before Flop (didn't bet)
Seat 2: SorinS28 (button) folded before Flop (didn't bet)
Seat 3: Härke 2000 (small blind) folded before Flop
Seat 4: Alinyr (big blind) folded on the Flop
Seat 5: RedEyeJedi444 folded before Flop (didn't bet)
Seat 6: Espada Fish collected ($4.66)



PokerStars Hand #254691962120:  Hold'em No Limit ($0.50/$1.00 USD) - 2025/02/03 20:14:30 WET [2025/02/03 15:14:30 ET]
Table 'Wratislavia II' 6-max Seat #4 is the button
Seat 1: AIien Hand ($100 in chips) 
Seat 2: SorinS28 ($103.58 in chips) 
Seat 4: Alinyr ($102.62 in chips) 
Seat 5: RedEyeJedi444 ($54.24 in chips) 
Seat 6: Espada Fish ($135.68 in chips) 
RedEyeJedi444: posts small blind $0.50
Espada Fish: posts big blind $1
*** HOLE CARDS ***
AIien Hand: raises $1.20 to $2.20
coeeeelho joins the table at seat #3 
SorinS28: folds 
Alinyr: folds 
RedEyeJedi444: calls $1.70
Espada Fish: folds 
*** FLOP *** [Qh 3s 3h]
RedEyeJedi444: bets $2
AIien Hand: calls $2
*** TURN *** [Qh 3s 3h] [5d]
RedEyeJedi444: bets $4
AIien Hand: calls $4
*** RIVER *** [Qh 3s 3h 5d] [6c]
RedEyeJedi444: bets $5
AIien Hand: calls $5
*** SHOW DOWN ***
RedEyeJedi444: shows [8s 8d] (two pair, Eights and Threes)
AIien Hand: shows [9h 9d] (two pair, Nines and Threes)
AIien Hand collected $26.03 from pot
*** SUMMARY ***
Total pot $27.40 | Rake $1.37 
Board [Qh 3s 3h 5d 6c]
Seat 1: AIien Hand showed [9h 9d] and won ($26.03) with two pair, Nines and Threes
Seat 2: SorinS28 folded before Flop (didn't bet)
Seat 4: Alinyr (button) folded before Flop (didn't bet)
Seat 5: RedEyeJedi444 (small blind) showed [8s 8d] and lost with two pair, Eights and Threes
Seat 6: Espada Fish (big blind) folded before Flop



PokerStars Hand #254691982319:  Hold'em No Limit ($0.50/$1.00 USD) - 2025/02/03 20:15:30 WET [2025/02/03 15:15:30 ET]
Table 'Wratislavia II' 6-max Seat #5 is the button
Seat 1: AIien Hand ($112.83 in chips) is sitting out
Seat 2: SorinS28 ($103.58 in chips) is sitting out
Seat 3: coeeeelho ($100 in chips) 
Seat 4: Alinyr ($102.62 in chips) 
Seat 5: RedEyeJedi444 ($41.04 in chips) 
Seat 6: Espada Fish ($134.68 in chips) 
Espada Fish: posts small blind $0.50
AIien Hand: is sitting out 
SorinS28: is sitting out 
coeeeelho: posts big blind $1
*** HOLE CARDS ***
Alinyr: raises $1.28 to $2.28
RedEyeJedi444: folds 
Espada Fish: folds 
coeeeelho: folds 
Uncalled bet ($1.28) returned to Alinyr
Alinyr collected $2.50 from pot
Alinyr: doesn't show hand 
*** SUMMARY ***
Total pot $2.50 | Rake $0 
Seat 1: AIien Hand
Seat 2: SorinS28
Seat 3: coeeeelho (big blind) folded before Flop
Seat 4: Alinyr collected ($2.50)
Seat 5: RedEyeJedi444 (button) folded before Flop (didn't bet)
Seat 6: Espada Fish (small blind) folded before Flop



PokerStars Hand #254691986766:  Hold'em No Limit ($0.50/$1.00 USD) - 2025/02/03 20:15:43 WET [2025/02/03 15:15:43 ET]
Table 'Wratislavia II' 6-max Seat #6 is the button
Seat 1: AIien Hand ($112.83 in chips) is sitting out
Seat 2: SorinS28 ($103.58 in chips) is sitting out
Seat 4: Alinyr ($104.12 in chips) is sitting out
Seat 3: coeeeelho ($100 in chips) 
Seat 5: RedEyeJedi444 ($41.04 in chips) 
Seat 6: Espada Fish ($134.18 in chips) 
coeeeelho: posts small blind $0.50
Alinyr: is sitting out 
RedEyeJedi444: posts big blind $1
*** HOLE CARDS ***
SorinS28 leaves the table
Alinyr leaves the table
Espada Fish: folds 
coeeeelho: folds 
Uncalled bet ($0.50) returned to RedEyeJedi444
RedEyeJedi444 collected $1 from pot
*** SUMMARY ***
Total pot $1 | Rake $0 
Seat 1: AIien Hand
Seat 2: SorinS28
Seat 4: Alinyr
Seat 3: coeeeelho (small blind) folded before Flop
Seat 5: RedEyeJedi444 (big blind) collected ($1)
Seat 6: Espada Fish (button) folded before Flop (didn't bet)



PokerStars Hand #254691989758:  Hold'em No Limit ($0.50/$1.00 USD) - 2025/02/03 20:15:52 WET [2025/02/03 15:15:52 ET]
Table 'Wratislavia II' 6-max Seat #3 is the button
Seat 1: AIien Hand ($112.83 in chips) is sitting out
Seat 3: coeeeelho ($100 in chips) 
Seat 5: RedEyeJedi444 ($41.54 in chips) 
Seat 6: Espada Fish ($134.18 in chips) 
RedEyeJedi444: posts small blind $0.50
Espada Fish: posts big blind $1
*** HOLE CARDS ***
coeeeelho: folds 
RedEyeJedi444: folds 
Uncalled bet ($0.50) returned to Espada Fish
Espada Fish collected $1 from pot
Espada Fish: doesn't show hand 
*** SUMMARY ***
Total pot $1 | Rake $0 
Seat 1: AIien Hand
Seat 3: coeeeelho (button) folded before Flop (didn't bet)
Seat 5: RedEyeJedi444 (small blind) folded before Flop
Seat 6: Espada Fish (big blind) collected ($1)



PokerStars Hand #254691991954:  Hold'em No Limit ($0.50/$1.00 USD) - 2025/02/03 20:15:59 WET [2025/02/03 15:15:59 ET]
Table 'Wratislavia II' 6-max Seat #5 is the button
Seat 1: AIien Hand ($112.83 in chips) is sitting out
Seat 3: coeeeelho ($100 in chips) 
Seat 5: RedEyeJedi444 ($41.04 in chips) 
Seat 6: Espada Fish ($134.68 in chips) 
Espada Fish: posts small blind $0.50
coeeeelho: posts big blind $1
*** HOLE CARDS ***
RedEyeJedi444: folds 
BumHuntKing joins the table at seat #4 
Espada Fish: raises $2 to $3
michasia joins the table at seat #2 
coeeeelho: raises $7 to $10
Espada Fish: folds 
Uncalled bet ($7) returned to coeeeelho
coeeeelho collected $6 from pot
*** SUMMARY ***
Total pot $6 | Rake $0 
Seat 1: AIien Hand
Seat 3: coeeeelho (big blind) collected ($6)
Seat 5: RedEyeJedi444 (button) folded before Flop (didn't bet)
Seat 6: Espada Fish (small blind) folded before Flop



PokerStars Hand #254692002793:  Hold'em No Limit ($0.50/$1.00 USD) - 2025/02/03 20:16:31 WET [2025/02/03 15:16:31 ET]
Table 'Wratislavia II' 6-max Seat #6 is the button
Seat 1: AIien Hand ($112.83 in chips) is sitting out
Seat 2: michasia ($100 in chips) is sitting out
Seat 3: coeeeelho ($103 in chips) 
Seat 4: BumHuntKing ($100 in chips) 
Seat 5: RedEyeJedi444 ($41.04 in chips) 
Seat 6: Espada Fish ($131.68 in chips) 
coeeeelho: posts small blind $0.50
BumHuntKing: posts big blind $1
*** HOLE CARDS ***
RedEyeJedi444: folds 
Espada Fish: raises $1.50 to $2.50
coeeeelho: folds 
BumHuntKing: folds 
Uncalled bet ($1.50) returned to Espada Fish
Espada Fish collected $2.50 from pot
Espada Fish: doesn't show hand 
*** SUMMARY ***
Total pot $2.50 | Rake $0 
Seat 1: AIien Hand
Seat 2: michasia
Seat 3: coeeeelho (small blind) folded before Flop
Seat 4: BumHuntKing (big blind) folded before Flop
Seat 5: RedEyeJedi444 folded before Flop (didn't bet)
Seat 6: Espada Fish (button) collected ($2.50)



PokerStars Hand #254692009626:  Hold'em No Limit ($0.50/$1.00 USD) - 2025/02/03 20:16:52 WET [2025/02/03 15:16:52 ET]
Table 'Wratislavia II' 6-max Seat #3 is the button
Seat 1: AIien Hand ($112.83 in chips) is sitting out
Seat 2: michasia ($100 in chips) is sitting out
Seat 3: coeeeelho ($102.50 in chips) 
Seat 4: BumHuntKing ($100 in chips) 
Seat 5: RedEyeJedi444 ($41.04 in chips) 
Seat 6: Espada Fish ($133.18 in chips) 
BumHuntKing: posts small blind $0.50
RedEyeJedi444: posts big blind $1
michasia: sits out 
*** HOLE CARDS ***
Espada Fish: folds 
coeeeelho: folds 
BumHuntKing: folds 
Uncalled bet ($0.50) returned to RedEyeJedi444
RedEyeJedi444 collected $1 from pot
*** SUMMARY ***
Total pot $1 | Rake $0 
Seat 1: AIien Hand
Seat 2: michasia
Seat 3: coeeeelho (button) folded before Flop (didn't bet)
Seat 4: BumHuntKing (small blind) folded before Flop
Seat 5: RedEyeJedi444 (big blind) collected ($1)
Seat 6: Espada Fish folded before Flop (didn't bet)



PokerStars Hand #254692015549:  Hold'em No Limit ($0.50/$1.00 USD) - 2025/02/03 20:17:09 WET [2025/02/03 15:17:09 ET]
Table 'Wratislavia II' 6-max Seat #4 is the button
Seat 1: AIien Hand ($112.83 in chips) is sitting out
Seat 2: michasia ($100 in chips) is sitting out
Seat 3: coeeeelho ($102.50 in chips) 
Seat 4: BumHuntKing ($100 in chips) 
Seat 5: RedEyeJedi444 ($41.54 in chips) 
Seat 6: Espada Fish ($133.18 in chips) 
RedEyeJedi444: posts small blind $0.50
Espada Fish: posts big blind $1
michasia: sits out 
*** HOLE CARDS ***
coeeeelho: folds 
BumHuntKing: raises $1.50 to $2.50
RedEyeJedi444: folds 
Espada Fish: folds 
Uncalled bet ($1.50) returned to BumHuntKing
BumHuntKing collected $2.50 from pot
BumHuntKing: doesn't show hand 
*** SUMMARY ***
Total pot $2.50 | Rake $0 
Seat 1: AIien Hand
Seat 2: michasia
Seat 3: coeeeelho folded before Flop (didn't bet)
Seat 4: BumHuntKing (button) collected ($2.50)
Seat 5: RedEyeJedi444 (small blind) folded before Flop
Seat 6: Espada Fish (big blind) folded before Flop



PokerStars Hand #254692020541:  Hold'em No Limit ($0.50/$1.00 USD) - 2025/02/03 20:17:24 WET [2025/02/03 15:17:24 ET]
Table 'Wratislavia II' 6-max Seat #5 is the button
Seat 1: AIien Hand ($112.83 in chips) is sitting out
Seat 2: michasia ($100 in chips) 
Seat 3: coeeeelho ($102.50 in chips) 
Seat 4: BumHuntKing ($101.50 in chips) 
Seat 5: RedEyeJedi444 ($41.04 in chips) 
Seat 6: Espada Fish ($132.18 in chips) 
Espada Fish: posts small blind $0.50
michasia: posts big blind $1
*** HOLE CARDS ***
coeeeelho: raises $1.20 to $2.20
BumHuntKing: folds 
RedEyeJedi444: folds 
Espada Fish: folds 
michasia: folds 
Uncalled bet ($1.20) returned to coeeeelho
coeeeelho collected $2.50 from pot
*** SUMMARY ***
Total pot $2.50 | Rake $0 
Seat 1: AIien Hand
Seat 2: michasia (big blind) folded before Flop
Seat 3: coeeeelho collected ($2.50)
Seat 4: BumHuntKing folded before Flop (didn't bet)
Seat 5: RedEyeJedi444 (button) folded before Flop (didn't bet)
Seat 6: Espada Fish (small blind) folded before Flop



PokerStars Hand #254692024745:  Hold'em No Limit ($0.50/$1.00 USD) - 2025/02/03 20:17:36 WET [2025/02/03 15:17:36 ET]
Table 'Wratislavia II' 6-max Seat #6 is the button
Seat 1: AIien Hand ($112.83 in chips) is sitting out
Seat 2: michasia ($100 in chips) 
Seat 3: coeeeelho ($104 in chips) 
Seat 4: BumHuntKing ($101.50 in chips) 
Seat 5: RedEyeJedi444 ($41.04 in chips) 
Seat 6: Espada Fish ($131.68 in chips) 
michasia: posts small blind $0.50
coeeeelho: posts big blind $1
*** HOLE CARDS ***
BumHuntKing: raises $1.20 to $2.20
RedEyeJedi444: calls $2.20
Espada Fish: folds 
michasia: folds 
coeeeelho: folds 
*** FLOP *** [As 7h Ks]
BumHuntKing: checks 
RedEyeJedi444: bets $2
BumHuntKing: calls $2
*** TURN *** [As 7h Ks] [9d]
BumHuntKing: checks 
RedEyeJedi444: checks 
*** RIVER *** [As 7h Ks 9d] [4d]
BumHuntKing: checks 
RedEyeJedi444: checks 
*** SHOW DOWN ***
BumHuntKing: shows [3d Kd] (a pair of Kings)
RedEyeJedi444: mucks hand 
BumHuntKing collected $9.40 from pot
*** SUMMARY ***
Total pot $9.90 | Rake $0.50 
Board [As 7h Ks 9d 4d]
Seat 1: AIien Hand
Seat 2: michasia (small blind) folded before Flop
Seat 3: coeeeelho (big blind) folded before Flop
Seat 4: BumHuntKing showed [3d Kd] and won ($9.40) with a pair of Kings
Seat 5: RedEyeJedi444 mucked
Seat 6: Espada Fish (button) folded before Flop (didn't bet)



PokerStars Hand #254692044552:  Hold'em No Limit ($0.50/$1.00 USD) - 2025/02/03 20:18:35 WET [2025/02/03 15:18:35 ET]
Table 'Wratislavia II' 6-max Seat #2 is the button
Seat 1: AIien Hand ($112.83 in chips) is sitting out
Seat 2: michasia ($100 in chips) 
Seat 3: coeeeelho ($103 in chips) 
Seat 4: BumHuntKing ($106.70 in chips) 
Seat 5: RedEyeJedi444 ($36.84 in chips) 
Seat 6: Espada Fish ($131.68 in chips) 
coeeeelho: posts small blind $0.50
BumHuntKing: posts big blind $1
*** HOLE CARDS ***
RedEyeJedi444: folds 
Espada Fish: folds 
michasia: folds 
coeeeelho: raises $2 to $3
BumHuntKing: calls $2
*** FLOP *** [3c 9s 2h]
coeeeelho: bets $1.88
BumHuntKing: calls $1.88
*** TURN *** [3c 9s 2h] [2s]
coeeeelho: checks 
BumHuntKing: checks 
*** RIVER *** [3c 9s 2h 2s] [9c]
coeeeelho: bets $3.06
BumHuntKing: calls $3.06
*** SHOW DOWN ***
coeeeelho: shows [8c 7d] (two pair, Nines and Deuces)
BumHuntKing: shows [Ks Th] (two pair, Nines and Deuces - King kicker)
BumHuntKing collected $15.09 from pot
*** SUMMARY ***
Total pot $15.88 | Rake $0.79 
Board [3c 9s 2h 2s 9c]
Seat 1: AIien Hand
Seat 2: michasia (button) folded before Flop (didn't bet)
Seat 3: coeeeelho (small blind) showed [8c 7d] and lost with two pair, Nines and Deuces
Seat 4: BumHuntKing (big blind) showed [Ks Th] and won ($15.09) with two pair, Nines and Deuces
Seat 5: RedEyeJedi444 folded before Flop (didn't bet)
Seat 6: Espada Fish folded before Flop (didn't bet)



PokerStars Hand #254692068119:  Hold'em No Limit ($0.50/$1.00 USD) - 2025/02/03 20:19:46 WET [2025/02/03 15:19:46 ET]
Table 'Wratislavia II' 6-max Seat #3 is the button
Seat 1: AIien Hand ($112.83 in chips) is sitting out
Seat 2: michasia ($100 in chips) 
Seat 3: coeeeelho ($100 in chips) 
Seat 4: BumHuntKing ($113.85 in chips) 
Seat 5: RedEyeJedi444 ($36.84 in chips) 
Seat 6: Espada Fish ($131.68 in chips) 
BumHuntKing: posts small blind $0.50
RedEyeJedi444: posts big blind $1
AIien Hand: sits out 
*** HOLE CARDS ***
Espada Fish: folds 
michasia: raises $1.80 to $2.80
coeeeelho: folds 
BumHuntKing: folds 
RedEyeJedi444: folds 
Uncalled bet ($1.80) returned to michasia
michasia collected $2.50 from pot
michasia: doesn't show hand 
*** SUMMARY ***
Total pot $2.50 | Rake $0 
Seat 1: AIien Hand
Seat 2: michasia collected ($2.50)
Seat 3: coeeeelho (button) folded before Flop (didn't bet)
Seat 4: BumHuntKing (small blind) folded before Flop
Seat 5: RedEyeJedi444 (big blind) folded before Flop
Seat 6: Espada Fish folded before Flop (didn't bet)



PokerStars Hand #254692072245:  Hold'em No Limit ($0.50/$1.00 USD) - 2025/02/03 20:19:58 WET [2025/02/03 15:19:58 ET]
Table 'Wratislavia II' 6-max Seat #4 is the button
Seat 1: AIien Hand ($112.83 in chips) is sitting out
Seat 2: michasia ($101.50 in chips) 
Seat 3: coeeeelho ($100 in chips) 
Seat 4: BumHuntKing ($113.35 in chips) 
Seat 5: RedEyeJedi444 ($35.84 in chips) 
Seat 6: Espada Fish ($131.68 in chips) 
RedEyeJedi444: posts small blind $0.50
Espada Fish: posts big blind $1
AIien Hand: sits out 
*** HOLE CARDS ***
michasia: folds 
coeeeelho: folds 
BumHuntKing: folds 
RedEyeJedi444: folds 
Uncalled bet ($0.50) returned to Espada Fish
Espada Fish collected $1 from pot
Espada Fish: doesn't show hand 
*** SUMMARY ***
Total pot $1 | Rake $0 
Seat 1: AIien Hand
Seat 2: michasia folded before Flop (didn't bet)
Seat 3: coeeeelho folded before Flop (didn't bet)
Seat 4: BumHuntKing (button) folded before Flop (didn't bet)
Seat 5: RedEyeJedi444 (small blind) folded before Flop
Seat 6: Espada Fish (big blind) collected ($1)



PokerStars Hand #254692075571:  Hold'em No Limit ($0.50/$1.00 USD) - 2025/02/03 20:20:08 WET [2025/02/03 15:20:08 ET]
Table 'Wratislavia II' 6-max Seat #5 is the button
Seat 1: AIien Hand ($112.83 in chips) 
Seat 2: michasia ($101.50 in chips) 
Seat 3: coeeeelho ($100 in chips) 
Seat 4: BumHuntKing ($113.35 in chips) 
Seat 5: RedEyeJedi444 ($35.34 in chips) 
Seat 6: Espada Fish ($132.18 in chips) 
Espada Fish: posts small blind $0.50
AIien Hand: posts big blind $1
*** HOLE CARDS ***
michasia: folds 
coeeeelho: folds 
BumHuntKing: raises $1.20 to $2.20
RedEyeJedi444: folds 
Espada Fish: folds 
AIien Hand: calls $1.20
*** FLOP *** [9d 7d 9c]
AIien Hand: checks 
BumHuntKing: bets $1.54
AIien Hand: calls $1.54
*** TURN *** [9d 7d 9c] [Qs]
AIien Hand: checks 
BumHuntKing: bets $5.69
AIien Hand: calls $5.69
*** RIVER *** [9d 7d 9c Qs] [3d]
AIien Hand: checks 
BumHuntKing: checks 
*** SHOW DOWN ***
AIien Hand: shows [Qh As] (two pair, Queens and Nines)
BumHuntKing: shows [9h 8h] (three of a kind, Nines)
BumHuntKing collected $18.39 from pot
*** SUMMARY ***
Total pot $19.36 | Rake $0.97 
Board [9d 7d 9c Qs 3d]
Seat 1: AIien Hand (big blind) showed [Qh As] and lost with two pair, Queens and Nines
Seat 2: michasia folded before Flop (didn't bet)
Seat 3: coeeeelho folded before Flop (didn't bet)
Seat 4: BumHuntKing showed [9h 8h] and won ($18.39) with three of a kind, Nines
Seat 5: RedEyeJedi444 (button) folded before Flop (didn't bet)
Seat 6: Espada Fish (small blind) folded before Flop



PokerStars Hand #254692099445:  Hold'em No Limit ($0.50/$1.00 USD) - 2025/02/03 20:21:19 WET [2025/02/03 15:21:19 ET]
Table 'Wratislavia II' 6-max Seat #6 is the button
Seat 1: AIien Hand ($103.40 in chips) 
Seat 2: michasia ($101.50 in chips) 
Seat 3: coeeeelho ($100 in chips) 
Seat 4: BumHuntKing ($122.31 in chips) 
Seat 5: RedEyeJedi444 ($35.34 in chips) 
Seat 6: Espada Fish ($131.68 in chips) 
AIien Hand: posts small blind $0.50
michasia: posts big blind $1
*** HOLE CARDS ***
coeeeelho: folds 
BumHuntKing: raises $1.20 to $2.20
RedEyeJedi444: folds 
Espada Fish: folds 
AIien Hand: folds 
michasia: calls $1.20
*** FLOP *** [Kh 5c 2c]
michasia: checks 
BumHuntKing: bets $1.54
michasia: raises $3.08 to $4.62
BumHuntKing: folds 
Uncalled bet ($3.08) returned to michasia
michasia collected $7.58 from pot
michasia: doesn't show hand 
*** SUMMARY ***
Total pot $7.98 | Rake $0.40 
Board [Kh 5c 2c]
Seat 1: AIien Hand (small blind) folded before Flop
Seat 2: michasia (big blind) collected ($7.58)
Seat 3: coeeeelho folded before Flop (didn't bet)
Seat 4: BumHuntKing folded on the Flop
Seat 5: RedEyeJedi444 folded before Flop (didn't bet)
Seat 6: Espada Fish (button) folded before Flop (didn't bet)



PokerStars Hand #254692111165:  Hold'em No Limit ($0.50/$1.00 USD) - 2025/02/03 20:21:55 WET [2025/02/03 15:21:55 ET]
Table 'Wratislavia II' 6-max Seat #1 is the button
Seat 1: AIien Hand ($102.90 in chips) 
Seat 2: michasia ($105.34 in chips) 
Seat 3: coeeeelho ($100 in chips) 
Seat 4: BumHuntKing ($118.57 in chips) 
Seat 5: RedEyeJedi444 ($35.34 in chips) 
Seat 6: Espada Fish ($131.68 in chips) 
michasia: posts small blind $0.50
coeeeelho: posts big blind $1
*** HOLE CARDS ***
BumHuntKing: folds 
RedEyeJedi444: calls $1
Espada Fish: raises $2.50 to $3.50
AIien Hand: folds 
michasia: folds 
coeeeelho: calls $2.50
RedEyeJedi444: calls $2.50
*** FLOP *** [As Ac 7h]
coeeeelho: checks 
RedEyeJedi444: bets $4
Espada Fish: calls $4
coeeeelho: folds 
*** TURN *** [As Ac 7h] [4h]
RedEyeJedi444: checks 
Espada Fish: bets $5.96
RedEyeJedi444: folds 
Uncalled bet ($5.96) returned to Espada Fish
Espada Fish collected $18.05 from pot
Espada Fish: doesn't show hand 
*** SUMMARY ***
Total pot $19 | Rake $0.95 
Board [As Ac 7h 4h]
Seat 1: AIien Hand (button) folded before Flop (didn't bet)
Seat 2: michasia (small blind) folded before Flop
Seat 3: coeeeelho (big blind) folded on the Flop
Seat 4: BumHuntKing folded before Flop (didn't bet)
Seat 5: RedEyeJedi444 folded on the Turn
Seat 6: Espada Fish collected ($18.05)



