PokerStars Hand #254685010867:  Hold'em No Limit ($0.50/$1.00 USD) - 2025/02/03 10:41:57 WET [2025/02/03 5:41:57 ET]
Table 'Venetia' 6-max Seat #6 is the button
Seat 2: Joker007r ($103.04 in chips) 
Seat 6: Toth_Games ($16.98 in chips) 
Toth_Games: posts small blind $0.50
Joker007r: posts big blind $1
*** HOLE CARDS ***
Toth_Games: folds 
Uncalled bet ($0.50) returned to Joker007r
Joker007r collected $1 from pot
Joker007r: doesn't show hand 
*** SUMMARY ***
Total pot $1 | Rake $0 
Seat 2: Joker007r (big blind) collected ($1)
Seat 6: Toth_Games (button) (small blind) folded before Flop



PokerStars Hand #254685083791:  Hold'em No Limit ($0.50/$1.00 USD) - 2025/02/03 10:52:46 WET [2025/02/03 5:52:46 ET]
Table 'Venetia' 6-max Seat #2 is the button
Seat 2: Joker007r ($103.54 in chips) 
Seat 3: RiRi1011 ($54.87 in chips) 
Joker007r: posts small blind $0.50
RiRi1011: posts big blind $1
*** HOLE CARDS ***
Joker007r: raises $1.50 to $2.50
RiRi1011: calls $1.50
*** FLOP *** [3h Qh 4c]
RiRi1011: checks 
Joker007r: checks 
*** TURN *** [3h Qh 4c] [2c]
RiRi1011: checks 
Joker007r: bets $2.47
RiRi1011: folds 
Uncalled bet ($2.47) returned to Joker007r
Joker007r collected $4.75 from pot
Joker007r: doesn't show hand 
*** SUMMARY ***
Total pot $5 | Rake $0.25 
Board [3h Qh 4c 2c]
Seat 2: Joker007r (button) (small blind) collected ($4.75)
Seat 3: RiRi1011 (big blind) folded on the Turn



PokerStars Hand #254685086908:  Hold'em No Limit ($0.50/$1.00 USD) - 2025/02/03 10:53:13 WET [2025/02/03 5:53:13 ET]
Table 'Venetia' 6-max Seat #3 is the button
Seat 2: Joker007r ($105.79 in chips) 
Seat 3: RiRi1011 ($52.37 in chips) 
RiRi1011: posts small blind $0.50
Joker007r: posts big blind $1
*** HOLE CARDS ***
RiRi1011: raises $2 to $3
Joker007r: folds 
Uncalled bet ($2) returned to RiRi1011
Joker007r leaves the table
RiRi1011 collected $2 from pot
*** SUMMARY ***
Total pot $2 | Rake $0 
Seat 2: Joker007r (big blind) folded before Flop
Seat 3: RiRi1011 (button) (small blind) collected ($2)



PokerStars Hand #254685127410:  Hold'em No Limit ($0.50/$1.00 USD) - 2025/02/03 10:59:54 WET [2025/02/03 5:59:54 ET]
Table 'Venetia' 6-max Seat #2 is the button
Seat 2: radu10101 ($19.49 in chips) 
Seat 3: Pippa83 ($100 in chips) 
radu10101: posts small blind $0.50
Pippa83: posts big blind $1
*** HOLE CARDS ***
radu10101: calls $0.50
Pippa83: raises $2.50 to $3.50
radu10101: calls $2.50
*** FLOP *** [9d Ks Tc]
Pippa83: checks 
radu10101: bets $2
Pippa83: calls $2
*** TURN *** [9d Ks Tc] [4s]
Pippa83: checks 
radu10101: bets $2
Pippa83: calls $2
*** RIVER *** [9d Ks Tc 4s] [8h]
Pippa83: checks 
radu10101: checks 
*** SHOW DOWN ***
Pippa83: shows [Td Jh] (a pair of Tens)
radu10101: mucks hand 
Pippa83 collected $14.25 from pot
*** SUMMARY ***
Total pot $15 | Rake $0.75 
Board [9d Ks Tc 4s 8h]
Seat 2: radu10101 (button) (small blind) mucked
Seat 3: Pippa83 (big blind) showed [Td Jh] and won ($14.25) with a pair of Tens



PokerStars Hand #254685133000:  Hold'em No Limit ($0.50/$1.00 USD) - 2025/02/03 11:00:49 WET [2025/02/03 6:00:49 ET]
Table 'Venetia' 6-max Seat #3 is the button
Seat 2: radu10101 ($11.99 in chips) 
Seat 3: Pippa83 ($106.75 in chips) 
Pippa83: posts small blind $0.50
radu10101: posts big blind $1
*** HOLE CARDS ***
Pippa83: folds 
Uncalled bet ($0.50) returned to radu10101
radu10101 collected $1 from pot
*** SUMMARY ***
Total pot $1 | Rake $0 
Seat 2: radu10101 (big blind) collected ($1)
Seat 3: Pippa83 (button) (small blind) folded before Flop



PokerStars Hand #254685133565:  Hold'em No Limit ($0.50/$1.00 USD) - 2025/02/03 11:00:54 WET [2025/02/03 6:00:54 ET]
Table 'Venetia' 6-max Seat #2 is the button
Seat 2: radu10101 ($12.49 in chips) 
Seat 3: Pippa83 ($106.25 in chips) 
radu10101: posts small blind $0.50
Pippa83: posts big blind $1
*** HOLE CARDS ***
radu10101: calls $0.50
Pippa83: checks 
*** FLOP *** [As 2c 5s]
Pippa83: checks 
radu10101: checks 
*** TURN *** [As 2c 5s] [3c]
Pippa83: checks 
radu10101: checks 
*** RIVER *** [As 2c 5s 3c] [6d]
Pippa83: checks 
radu10101: checks 
*** SHOW DOWN ***
Pippa83: shows [9h Qc] (high card Ace)
radu10101: shows [8s Kd] (high card Ace - King kicker)
radu10101 collected $1.90 from pot
*** SUMMARY ***
Total pot $2 | Rake $0.10 
Board [As 2c 5s 3c 6d]
Seat 2: radu10101 (button) (small blind) showed [8s Kd] and won ($1.90) with high card Ace
Seat 3: Pippa83 (big blind) showed [9h Qc] and lost with high card Ace



PokerStars Hand #254685138579:  Hold'em No Limit ($0.50/$1.00 USD) - 2025/02/03 11:01:39 WET [2025/02/03 6:01:39 ET]
Table 'Venetia' 6-max Seat #3 is the button
Seat 2: radu10101 ($13.39 in chips) 
Seat 3: Pippa83 ($105.25 in chips) 
Pippa83: posts small blind $0.50
radu10101: posts big blind $1
*** HOLE CARDS ***
Pippa83: raises $13.50 to $14.50
radu10101: folds 
Uncalled bet ($13.50) returned to Pippa83
Pippa83 collected $2 from pot
Pippa83: doesn't show hand 
*** SUMMARY ***
Total pot $2 | Rake $0 
Seat 2: radu10101 (big blind) folded before Flop
Seat 3: Pippa83 (button) (small blind) collected ($2)



PokerStars Hand #254685141451:  Hold'em No Limit ($0.50/$1.00 USD) - 2025/02/03 11:02:05 WET [2025/02/03 6:02:05 ET]
Table 'Venetia' 6-max Seat #2 is the button
Seat 2: radu10101 ($12.39 in chips) 
Seat 3: Pippa83 ($106.25 in chips) 
radu10101: posts small blind $0.50
Pippa83: posts big blind $1
*** HOLE CARDS ***
radu10101: calls $0.50
Pippa83: checks 
*** FLOP *** [4c 2c 8d]
Pippa83: checks 
radu10101: checks 
*** TURN *** [4c 2c 8d] [9c]
Pippa83: bets $1
radu10101: folds 
Uncalled bet ($1) returned to Pippa83
Pippa83 collected $1.90 from pot
Pippa83: doesn't show hand 
*** SUMMARY ***
Total pot $2 | Rake $0.10 
Board [4c 2c 8d 9c]
Seat 2: radu10101 (button) (small blind) folded on the Turn
Seat 3: Pippa83 (big blind) collected ($1.90)



PokerStars Hand #254685147301:  Hold'em No Limit ($0.50/$1.00 USD) - 2025/02/03 11:02:57 WET [2025/02/03 6:02:57 ET]
Table 'Venetia' 6-max Seat #3 is the button
Seat 2: radu10101 ($11.39 in chips) 
Seat 3: Pippa83 ($107.15 in chips) 
Pippa83: posts small blind $0.50
radu10101: posts big blind $1
*** HOLE CARDS ***
Pippa83: calls $0.50
radu10101 has timed out
radu10101: checks 
*** FLOP *** [Jh Ac 2s]
radu10101 has timed out
radu10101: checks 
Pippa83: checks 
*** TURN *** [Jh Ac 2s] [5d]
radu10101 has timed out
radu10101: checks 
Pippa83: checks 
*** RIVER *** [Jh Ac 2s 5d] [Ks]
radu10101 has timed out
radu10101: checks 
Pippa83: bets $1
radu10101 has timed out
radu10101: folds 
Uncalled bet ($1) returned to Pippa83
betushandar joins the table at seat #5 
betushandar is disconnected 
Pippa83 collected $1.90 from pot
Pippa83: doesn't show hand 
*** SUMMARY ***
Total pot $2 | Rake $0.10 
Board [Jh Ac 2s 5d Ks]
Seat 2: radu10101 (big blind) folded on the River
Seat 3: Pippa83 (button) (small blind) collected ($1.90)



PokerStars Hand #254685161316:  Hold'em No Limit ($0.50/$1.00 USD) - 2025/02/03 11:04:58 WET [2025/02/03 6:04:58 ET]
Table 'Venetia' 6-max Seat #3 is the button
Seat 2: radu10101 ($10.39 in chips) is sitting out
Seat 3: Pippa83 ($108.05 in chips) 
Seat 5: betushandar ($30.95 in chips) 
Pippa83: posts small blind $0.50
betushandar: posts big blind $1
*** HOLE CARDS ***
Pippa83: raises $1.20 to $2.20
betushandar: raises $28.75 to $30.95 and is all-in
Pippa83: folds 
Uncalled bet ($28.75) returned to betushandar
betushandar collected $4.40 from pot
*** SUMMARY ***
Total pot $4.40 | Rake $0 
Seat 2: radu10101
Seat 3: Pippa83 (button) (small blind) folded before Flop
Seat 5: betushandar (big blind) collected ($4.40)



PokerStars Hand #254685163207:  Hold'em No Limit ($0.50/$1.00 USD) - 2025/02/03 11:05:14 WET [2025/02/03 6:05:14 ET]
Table 'Venetia' 6-max Seat #5 is the button
Seat 2: radu10101 ($10.39 in chips) is sitting out
Seat 3: Pippa83 ($105.85 in chips) 
Seat 5: betushandar ($33.15 in chips) 
betushandar: posts small blind $0.50
Pippa83: posts big blind $1
*** HOLE CARDS ***
betushandar: folds 
Uncalled bet ($0.50) returned to Pippa83
Pippa83 collected $1 from pot
Pippa83: doesn't show hand 
*** SUMMARY ***
Total pot $1 | Rake $0 
Seat 2: radu10101
Seat 3: Pippa83 (big blind) collected ($1)
Seat 5: betushandar (button) (small blind) folded before Flop



PokerStars Hand #254685163836:  Hold'em No Limit ($0.50/$1.00 USD) - 2025/02/03 11:05:20 WET [2025/02/03 6:05:20 ET]
Table 'Venetia' 6-max Seat #3 is the button
Seat 2: radu10101 ($10.39 in chips) is sitting out
Seat 3: Pippa83 ($106.35 in chips) 
Seat 5: betushandar ($32.65 in chips) 
Pippa83: posts small blind $0.50
betushandar: posts big blind $1
*** HOLE CARDS ***
Pippa83: raises $1.20 to $2.20
betushandar: folds 
Uncalled bet ($1.20) returned to Pippa83
betushandar leaves the table
Pippa83 collected $2 from pot
Pippa83: doesn't show hand 
*** SUMMARY ***
Total pot $2 | Rake $0 
Seat 2: radu10101
Seat 3: Pippa83 (button) (small blind) collected ($2)
Seat 5: betushandar (big blind) folded before Flop



