PokerStars Hand #254687741207:  Hold'em No Limit ($0.50/$1.00 USD) - 2025/02/03 15:42:59 WET [2025/02/03 10:42:59 ET]
Table 'Arrakis II' 6-max Seat #5 is the button
Seat 1: v.sting ($100 in chips) 
Seat 2: Flix2204 ($100 in chips) 
Seat 3: habib beye ($100 in chips) 
Seat 4: M1k_DP ($100 in chips) 
Seat 5: sta$igk ($100 in chips) 
Seat 6: ReVeu710 ($100 in chips) 
ReVeu710: posts small blind $0.50
v.sting: posts big blind $1
*** HOLE CARDS ***
Flix2204: folds 
habib beye: folds 
M1k_DP: folds 
sta$igk: folds 
ReVeu710: raises $2 to $3
v.sting: calls $2
*** FLOP *** [Jh 4d Td]
ReVeu710: bets $1.43
v.sting: calls $1.43
*** TURN *** [Jh 4d Td] [5s]
ReVeu710: bets $8.50
v.sting: folds 
Uncalled bet ($8.50) returned to ReVeu710
ReVeu710 collected $8.42 from pot
ReVeu710: doesn't show hand 
*** SUMMARY ***
Total pot $8.86 | Rake $0.44 
Board [Jh 4d Td 5s]
Seat 1: v.sting (big blind) folded on the Turn
Seat 2: Flix2204 folded before Flop (didn't bet)
Seat 3: habib beye folded before Flop (didn't bet)
Seat 4: M1k_DP folded before Flop (didn't bet)
Seat 5: sta$igk (button) folded before Flop (didn't bet)
Seat 6: ReVeu710 (small blind) collected ($8.42)



PokerStars Hand #254687753374:  Hold'em No Limit ($0.50/$1.00 USD) - 2025/02/03 15:43:57 WET [2025/02/03 10:43:57 ET]
Table 'Arrakis II' 6-max Seat #6 is the button
Seat 1: v.sting ($100 in chips) 
Seat 2: Flix2204 ($100 in chips) 
Seat 3: habib beye ($100 in chips) 
Seat 4: M1k_DP ($100 in chips) 
Seat 5: sta$igk ($100 in chips) 
Seat 6: ReVeu710 ($103.99 in chips) 
v.sting: posts small blind $0.50
Flix2204: posts big blind $1
*** HOLE CARDS ***
habib beye: folds 
M1k_DP: folds 
sta$igk: raises $1.50 to $2.50
ReVeu710: folds 
v.sting: folds 
Flix2204: folds 
Uncalled bet ($1.50) returned to sta$igk
sta$igk collected $2.50 from pot
sta$igk: doesn't show hand 
*** SUMMARY ***
Total pot $2.50 | Rake $0 
Seat 1: v.sting (small blind) folded before Flop
Seat 2: Flix2204 (big blind) folded before Flop
Seat 3: habib beye folded before Flop (didn't bet)
Seat 4: M1k_DP folded before Flop (didn't bet)
Seat 5: sta$igk collected ($2.50)
Seat 6: ReVeu710 (button) folded before Flop (didn't bet)



PokerStars Hand #254687759845:  Hold'em No Limit ($0.50/$1.00 USD) - 2025/02/03 15:44:28 WET [2025/02/03 10:44:28 ET]
Table 'Arrakis II' 6-max Seat #1 is the button
Seat 1: v.sting ($100 in chips) 
Seat 2: Flix2204 ($100 in chips) 
Seat 3: habib beye ($100 in chips) 
Seat 4: M1k_DP ($100 in chips) 
Seat 5: sta$igk ($101.50 in chips) 
Seat 6: ReVeu710 ($103.99 in chips) 
Flix2204: posts small blind $0.50
habib beye: posts big blind $1
*** HOLE CARDS ***
M1k_DP: folds 
sta$igk: raises $1.50 to $2.50
ReVeu710: folds 
v.sting: folds 
Flix2204: folds 
habib beye: folds 
Uncalled bet ($1.50) returned to sta$igk
sta$igk collected $2.50 from pot
sta$igk: doesn't show hand 
*** SUMMARY ***
Total pot $2.50 | Rake $0 
Seat 1: v.sting (button) folded before Flop (didn't bet)
Seat 2: Flix2204 (small blind) folded before Flop
Seat 3: habib beye (big blind) folded before Flop
Seat 4: M1k_DP folded before Flop (didn't bet)
Seat 5: sta$igk collected ($2.50)
Seat 6: ReVeu710 folded before Flop (didn't bet)



PokerStars Hand #254687765835:  Hold'em No Limit ($0.50/$1.00 USD) - 2025/02/03 15:44:57 WET [2025/02/03 10:44:57 ET]
Table 'Arrakis II' 6-max Seat #2 is the button
Seat 1: v.sting ($100 in chips) 
Seat 2: Flix2204 ($100 in chips) 
Seat 3: habib beye ($100 in chips) 
Seat 4: M1k_DP ($100 in chips) 
Seat 5: sta$igk ($103 in chips) 
Seat 6: ReVeu710 ($103.99 in chips) 
habib beye: posts small blind $0.50
M1k_DP: posts big blind $1
*** HOLE CARDS ***
sta$igk: folds 
ReVeu710: folds 
v.sting: folds 
Flix2204: folds 
habib beye: folds 
Uncalled bet ($0.50) returned to M1k_DP
M1k_DP collected $1 from pot
M1k_DP: doesn't show hand 
*** SUMMARY ***
Total pot $1 | Rake $0 
Seat 1: v.sting folded before Flop (didn't bet)
Seat 2: Flix2204 (button) folded before Flop (didn't bet)
Seat 3: habib beye (small blind) folded before Flop
Seat 4: M1k_DP (big blind) collected ($1)
Seat 5: sta$igk folded before Flop (didn't bet)
Seat 6: ReVeu710 folded before Flop (didn't bet)



PokerStars Hand #254687768760:  Hold'em No Limit ($0.50/$1.00 USD) - 2025/02/03 15:45:11 WET [2025/02/03 10:45:11 ET]
Table 'Arrakis II' 6-max Seat #3 is the button
Seat 1: v.sting ($100 in chips) 
Seat 2: Flix2204 ($100 in chips) 
Seat 3: habib beye ($100 in chips) 
Seat 4: M1k_DP ($100.50 in chips) 
Seat 5: sta$igk ($103 in chips) 
Seat 6: ReVeu710 ($103.99 in chips) 
M1k_DP: posts small blind $0.50
sta$igk: posts big blind $1
*** HOLE CARDS ***
ReVeu710: folds 
v.sting: folds 
Flix2204: folds 
habib beye: raises $1.50 to $2.50
M1k_DP: folds 
sta$igk: folds 
Uncalled bet ($1.50) returned to habib beye
habib beye collected $2.50 from pot
*** SUMMARY ***
Total pot $2.50 | Rake $0 
Seat 1: v.sting folded before Flop (didn't bet)
Seat 2: Flix2204 folded before Flop (didn't bet)
Seat 3: habib beye (button) collected ($2.50)
Seat 4: M1k_DP (small blind) folded before Flop
Seat 5: sta$igk (big blind) folded before Flop
Seat 6: ReVeu710 folded before Flop (didn't bet)



PokerStars Hand #254687773298:  Hold'em No Limit ($0.50/$1.00 USD) - 2025/02/03 15:45:33 WET [2025/02/03 10:45:33 ET]
Table 'Arrakis II' 6-max Seat #4 is the button
Seat 1: v.sting ($100 in chips) 
Seat 2: Flix2204 ($100 in chips) 
Seat 3: habib beye ($101.50 in chips) 
Seat 4: M1k_DP ($100 in chips) 
Seat 5: sta$igk ($102 in chips) 
Seat 6: ReVeu710 ($103.99 in chips) 
sta$igk: posts small blind $0.50
ReVeu710: posts big blind $1
*** HOLE CARDS ***
v.sting: folds 
Flix2204: folds 
habib beye: folds 
M1k_DP: folds 
sta$igk: folds 
Uncalled bet ($0.50) returned to ReVeu710
ReVeu710 collected $1 from pot
ReVeu710: doesn't show hand 
*** SUMMARY ***
Total pot $1 | Rake $0 
Seat 1: v.sting folded before Flop (didn't bet)
Seat 2: Flix2204 folded before Flop (didn't bet)
Seat 3: habib beye folded before Flop (didn't bet)
Seat 4: M1k_DP (button) folded before Flop (didn't bet)
Seat 5: sta$igk (small blind) folded before Flop
Seat 6: ReVeu710 (big blind) collected ($1)



PokerStars Hand #254687776190:  Hold'em No Limit ($0.50/$1.00 USD) - 2025/02/03 15:45:46 WET [2025/02/03 10:45:46 ET]
Table 'Arrakis II' 6-max Seat #5 is the button
Seat 1: v.sting ($100 in chips) is sitting out
Seat 2: Flix2204 ($100 in chips) is sitting out
Seat 3: habib beye ($101.50 in chips) 
Seat 4: M1k_DP ($100 in chips) 
Seat 5: sta$igk ($101.50 in chips) 
Seat 6: ReVeu710 ($104.49 in chips) 
ReVeu710: posts small blind $0.50
v.sting: is sitting out 
Flix2204: is sitting out 
habib beye: posts big blind $1
*** HOLE CARDS ***
M1k_DP: folds 
sta$igk: folds 
M1k_DP leaves the table
ReVeu710: raises $2 to $3
Flix2204 leaves the table
v.sting leaves the table
habib beye: calls $2
*** FLOP *** [5d 2d Ts]
ReVeu710: bets $7.81
habib beye: folds 
Uncalled bet ($7.81) returned to ReVeu710
ReVeu710 collected $5.70 from pot
ReVeu710: doesn't show hand 
*** SUMMARY ***
Total pot $6 | Rake $0.30 
Board [5d 2d Ts]
Seat 1: v.sting
Seat 2: Flix2204
Seat 3: habib beye (big blind) folded on the Flop
Seat 4: M1k_DP folded before Flop (didn't bet)
Seat 5: sta$igk (button) folded before Flop (didn't bet)
Seat 6: ReVeu710 (small blind) collected ($5.70)



PokerStars Hand #254687784232:  Hold'em No Limit ($0.50/$1.00 USD) - 2025/02/03 15:46:25 WET [2025/02/03 10:46:25 ET]
Table 'Arrakis II' 6-max Seat #6 is the button
Seat 3: habib beye ($100 in chips) 
Seat 5: sta$igk ($101.50 in chips) 
Seat 6: ReVeu710 ($107.19 in chips) 
habib beye: posts small blind $0.50
sta$igk: posts big blind $1
*** HOLE CARDS ***
ReVeu710: folds 
habib beye: raises $2 to $3
ReVeu710 leaves the table
sta$igk: calls $2
*** FLOP *** [Qs Kd 7d]
habib beye: bets $3.51
sta$igk: calls $3.51
*** TURN *** [Qs Kd 7d] [8c]
Pon4uk.ua joins the table at seat #1 
habib beye: bets $10.40
sta$igk: raises $24.88 to $35.28
habib beye: folds 
Uncalled bet ($24.88) returned to sta$igk
sta$igk collected $32.82 from pot
sta$igk: doesn't show hand 
*** SUMMARY ***
Total pot $33.82 | Rake $1 
Board [Qs Kd 7d 8c]
Seat 3: habib beye (small blind) folded on the Turn
Seat 5: sta$igk (big blind) collected ($32.82)
Seat 6: ReVeu710 (button) folded before Flop (didn't bet)



PokerStars Hand #254687799184:  Hold'em No Limit ($0.50/$1.00 USD) - 2025/02/03 15:47:36 WET [2025/02/03 10:47:36 ET]
Table 'Arrakis II' 6-max Seat #3 is the button
Seat 1: Pon4uk.ua ($100 in chips) 
Seat 3: habib beye ($100 in chips) 
Seat 5: sta$igk ($117.41 in chips) 
sta$igk: posts small blind $0.50
Pon4uk.ua: posts big blind $1
*** HOLE CARDS ***
habib beye: folds 
sta$igk: folds 
Uncalled bet ($0.50) returned to Pon4uk.ua
Pon4uk.ua collected $1 from pot
Pon4uk.ua: doesn't show hand 
*** SUMMARY ***
Total pot $1 | Rake $0 
Seat 1: Pon4uk.ua (big blind) collected ($1)
Seat 3: habib beye (button) folded before Flop (didn't bet)
Seat 5: sta$igk (small blind) folded before Flop



PokerStars Hand #254687800792:  Hold'em No Limit ($0.50/$1.00 USD) - 2025/02/03 15:47:44 WET [2025/02/03 10:47:44 ET]
Table 'Arrakis II' 6-max Seat #5 is the button
Seat 1: Pon4uk.ua ($100.50 in chips) 
Seat 3: habib beye ($100 in chips) 
Seat 5: sta$igk ($116.91 in chips) 
Pon4uk.ua: posts small blind $0.50
habib beye: posts big blind $1
*** HOLE CARDS ***
sta$igk: folds 
Pon4uk.ua: raises $1.75 to $2.75
radu10101 joins the table at seat #6 
radu10101 is disconnected 
habib beye: folds 
Uncalled bet ($1.75) returned to Pon4uk.ua
Pon4uk.ua collected $2 from pot
Pon4uk.ua: doesn't show hand 
*** SUMMARY ***
Total pot $2 | Rake $0 
Seat 1: Pon4uk.ua (small blind) collected ($2)
Seat 3: habib beye (big blind) folded before Flop
Seat 5: sta$igk (button) folded before Flop (didn't bet)



PokerStars Hand #254687803329:  Hold'em No Limit ($0.50/$1.00 USD) - 2025/02/03 15:47:56 WET [2025/02/03 10:47:56 ET]
Table 'Arrakis II' 6-max Seat #1 is the button
Seat 1: Pon4uk.ua ($101.50 in chips) 
Seat 3: habib beye ($100 in chips) 
Seat 5: sta$igk ($116.91 in chips) 
Seat 6: radu10101 ($56.21 in chips) 
habib beye: posts small blind $0.50
sta$igk: posts big blind $1
radu10101: posts big blind $1
*** HOLE CARDS ***
fedor0f joins the table at seat #2 
IREQO joins the table at seat #4 
radu10101: checks 
Pon4uk.ua: folds 
habib beye: folds 
sta$igk: checks 
*** FLOP *** [Ah Td 4s]
sta$igk: checks 
radu10101: checks 
*** TURN *** [Ah Td 4s] [Ks]
sta$igk: checks 
radu10101: bets $2
sta$igk: folds 
Uncalled bet ($2) returned to radu10101
radu10101 collected $2.38 from pot
*** SUMMARY ***
Total pot $2.50 | Rake $0.12 
Board [Ah Td 4s Ks]
Seat 1: Pon4uk.ua (button) folded before Flop (didn't bet)
Seat 3: habib beye (small blind) folded before Flop
Seat 5: sta$igk (big blind) folded on the Turn
Seat 6: radu10101 collected ($2.38)



PokerStars Hand #254687813396:  Hold'em No Limit ($0.50/$1.00 USD) - 2025/02/03 15:48:44 WET [2025/02/03 10:48:44 ET]
Table 'Arrakis II' 6-max Seat #3 is the button
Seat 2: fedor0f ($100 in chips) is sitting out
Seat 4: IREQO ($99 in chips) is sitting out
Seat 1: Pon4uk.ua ($101.50 in chips) 
Seat 3: habib beye ($100 in chips) 
Seat 5: sta$igk ($115.91 in chips) 
Seat 6: radu10101 ($57.59 in chips) 
sta$igk: posts small blind $0.50
radu10101: posts big blind $1
fedor0f: sits out 
*** HOLE CARDS ***
Pon4uk.ua: folds 
habib beye: raises $1.50 to $2.50
sta$igk: folds 
radu10101: raises $1.50 to $4
habib beye: calls $1.50
*** FLOP *** [Kd Jd 7c]
radu10101: bets $4
habib beye: folds 
Uncalled bet ($4) returned to radu10101
radu10101 collected $8.08 from pot
*** SUMMARY ***
Total pot $8.50 | Rake $0.42 
Board [Kd Jd 7c]
Seat 2: fedor0f
Seat 4: IREQO
Seat 1: Pon4uk.ua folded before Flop (didn't bet)
Seat 3: habib beye (button) folded on the Flop
Seat 5: sta$igk (small blind) folded before Flop
Seat 6: radu10101 (big blind) collected ($8.08)



PokerStars Hand #254687820526:  Hold'em No Limit ($0.50/$1.00 USD) - 2025/02/03 15:49:18 WET [2025/02/03 10:49:18 ET]
Table 'Arrakis II' 6-max Seat #5 is the button
Seat 2: fedor0f ($100 in chips) is sitting out
Seat 4: IREQO ($100 in chips) is sitting out
Seat 1: Pon4uk.ua ($101.50 in chips) 
Seat 3: habib beye ($100 in chips) 
Seat 5: sta$igk ($115.41 in chips) 
Seat 6: radu10101 ($61.67 in chips) 
radu10101: posts small blind $0.50
Pon4uk.ua: posts big blind $1
fedor0f: sits out 
IREQO: sits out 
*** HOLE CARDS ***
habib beye: folds 
sta$igk: folds 
radu10101: calls $0.50
Pon4uk.ua: checks 
*** FLOP *** [4d 4s 6c]
radu10101: bets $1
Pon4uk.ua: raises $2 to $3
radu10101: folds 
Uncalled bet ($2) returned to Pon4uk.ua
Pon4uk.ua collected $3.80 from pot
Pon4uk.ua: doesn't show hand 
*** SUMMARY ***
Total pot $4 | Rake $0.20 
Board [4d 4s 6c]
Seat 2: fedor0f
Seat 4: IREQO
Seat 1: Pon4uk.ua (big blind) collected ($3.80)
Seat 3: habib beye folded before Flop (didn't bet)
Seat 5: sta$igk (button) folded before Flop (didn't bet)
Seat 6: radu10101 (small blind) folded on the Flop



PokerStars Hand #254687827133:  Hold'em No Limit ($0.50/$1.00 USD) - 2025/02/03 15:49:49 WET [2025/02/03 10:49:49 ET]
Table 'Arrakis II' 6-max Seat #6 is the button
Seat 4: IREQO ($100 in chips) is sitting out
Seat 1: Pon4uk.ua ($103.30 in chips) 
Seat 2: fedor0f ($100 in chips) 
Seat 3: habib beye ($100 in chips) 
Seat 5: sta$igk ($115.41 in chips) 
Seat 6: radu10101 ($59.67 in chips) 
Pon4uk.ua: posts small blind $0.50
fedor0f: posts big blind $1
IREQO: sits out 
*** HOLE CARDS ***
habib beye: raises $1.25 to $2.25
sta$igk: folds 
radu10101: folds 
Pon4uk.ua: folds 
fedor0f: calls $1.25
*** FLOP *** [8s 6c 8c]
fedor0f: checks 
habib beye: checks 
*** TURN *** [8s 6c 8c] [7d]
fedor0f: bets $3.33
habib beye: calls $3.33
*** RIVER *** [8s 6c 8c 7d] [2c]
fedor0f: checks 
habib beye: checks 
*** SHOW DOWN ***
fedor0f: shows [Qs Jh] (a pair of Eights)
habib beye: shows [As Tc] (a pair of Eights - Ace kicker)
habib beye collected $11.08 from pot
*** SUMMARY ***
Total pot $11.66 | Rake $0.58 
Board [8s 6c 8c 7d 2c]
Seat 4: IREQO
Seat 1: Pon4uk.ua (small blind) folded before Flop
Seat 2: fedor0f (big blind) showed [Qs Jh] and lost with a pair of Eights
Seat 3: habib beye showed [As Tc] and won ($11.08) with a pair of Eights
Seat 5: sta$igk folded before Flop (didn't bet)
Seat 6: radu10101 (button) folded before Flop (didn't bet)



PokerStars Hand #254687842127:  Hold'em No Limit ($0.50/$1.00 USD) - 2025/02/03 15:50:59 WET [2025/02/03 10:50:59 ET]
Table 'Arrakis II' 6-max Seat #1 is the button
Seat 4: IREQO ($100 in chips) is sitting out
Seat 1: Pon4uk.ua ($102.80 in chips) 
Seat 2: fedor0f ($100 in chips) 
Seat 3: habib beye ($105.50 in chips) 
Seat 5: sta$igk ($115.41 in chips) 
Seat 6: radu10101 ($59.67 in chips) 
fedor0f: posts small blind $0.50
habib beye: posts big blind $1
IREQO: sits out 
*** HOLE CARDS ***
sta$igk: folds 
radu10101: calls $1
Pon4uk.ua: raises $3 to $4
fedor0f: raises $12 to $16
habib beye: folds 
radu10101: folds 
Pon4uk.ua: calls $12
*** FLOP *** [Jd 3h 4s]
fedor0f: bets $9.69
Pon4uk.ua: folds 
Uncalled bet ($9.69) returned to fedor0f
fedor0f collected $32.30 from pot
fedor0f: doesn't show hand 
*** SUMMARY ***
Total pot $34 | Rake $1.70 
Board [Jd 3h 4s]
Seat 4: IREQO
Seat 1: Pon4uk.ua (button) folded on the Flop
Seat 2: fedor0f (small blind) collected ($32.30)
Seat 3: habib beye (big blind) folded before Flop
Seat 5: sta$igk folded before Flop (didn't bet)
Seat 6: radu10101 folded before Flop



PokerStars Hand #254687852171:  Hold'em No Limit ($0.50/$1.00 USD) - 2025/02/03 15:51:46 WET [2025/02/03 10:51:46 ET]
Table 'Arrakis II' 6-max Seat #2 is the button
Seat 1: Pon4uk.ua ($100 in chips) 
Seat 2: fedor0f ($116.30 in chips) 
Seat 3: habib beye ($104.50 in chips) 
Seat 4: IREQO ($100 in chips) 
Seat 5: sta$igk ($115.41 in chips) 
Seat 6: radu10101 ($58.67 in chips) 
habib beye: posts small blind $0.50
IREQO: posts big blind $1
*** HOLE CARDS ***
sta$igk: folds 
radu10101: folds 
Pon4uk.ua: folds 
fedor0f: folds 
habib beye: folds 
Uncalled bet ($0.50) returned to IREQO
IREQO collected $1 from pot
IREQO: doesn't show hand 
*** SUMMARY ***
Total pot $1 | Rake $0 
Seat 1: Pon4uk.ua folded before Flop (didn't bet)
Seat 2: fedor0f (button) folded before Flop (didn't bet)
Seat 3: habib beye (small blind) folded before Flop
Seat 4: IREQO (big blind) collected ($1)
Seat 5: sta$igk folded before Flop (didn't bet)
Seat 6: radu10101 folded before Flop (didn't bet)



PokerStars Hand #254687858696:  Hold'em No Limit ($0.50/$1.00 USD) - 2025/02/03 15:52:17 WET [2025/02/03 10:52:17 ET]
Table 'Arrakis II' 6-max Seat #3 is the button
Seat 1: Pon4uk.ua ($100 in chips) 
Seat 2: fedor0f ($116.30 in chips) 
Seat 3: habib beye ($104 in chips) 
Seat 4: IREQO ($100.50 in chips) 
Seat 5: sta$igk ($115.41 in chips) 
Seat 6: radu10101 ($58.67 in chips) 
IREQO: posts small blind $0.50
sta$igk: posts big blind $1
*** HOLE CARDS ***
radu10101: calls $1
Pon4uk.ua: folds 
fedor0f: folds 
habib beye: folds 
IREQO: folds 
sta$igk: checks 
*** FLOP *** [7d Ad Jd]
sta$igk: checks 
radu10101: bets $1
sta$igk: folds 
Uncalled bet ($1) returned to radu10101
radu10101 collected $2.38 from pot
*** SUMMARY ***
Total pot $2.50 | Rake $0.12 
Board [7d Ad Jd]
Seat 1: Pon4uk.ua folded before Flop (didn't bet)
Seat 2: fedor0f folded before Flop (didn't bet)
Seat 3: habib beye (button) folded before Flop (didn't bet)
Seat 4: IREQO (small blind) folded before Flop
Seat 5: sta$igk (big blind) folded on the Flop
Seat 6: radu10101 collected ($2.38)



PokerStars Hand #254687863532:  Hold'em No Limit ($0.50/$1.00 USD) - 2025/02/03 15:52:40 WET [2025/02/03 10:52:40 ET]
Table 'Arrakis II' 6-max Seat #4 is the button
Seat 1: Pon4uk.ua ($100 in chips) 
Seat 2: fedor0f ($116.30 in chips) 
Seat 3: habib beye ($104 in chips) 
Seat 4: IREQO ($100 in chips) 
Seat 5: sta$igk ($114.41 in chips) 
Seat 6: radu10101 ($60.05 in chips) 
sta$igk: posts small blind $0.50
radu10101: posts big blind $1
*** HOLE CARDS ***
Pon4uk.ua: folds 
fedor0f: raises $1 to $2
habib beye: folds 
IREQO: folds 
sta$igk: folds 
radu10101: raises $1 to $3
fedor0f: calls $1
*** FLOP *** [9c Tc 6d]
radu10101: bets $2
fedor0f: calls $2
*** TURN *** [9c Tc 6d] [Jc]
radu10101: bets $2
fedor0f: raises $4.19 to $6.19
radu10101: calls $4.19
*** RIVER *** [9c Tc 6d Jc] [3c]
radu10101: bets $3
fedor0f: calls $3
*** SHOW DOWN ***
radu10101: shows [Ah Kc] (a flush, King high)
fedor0f: mucks hand 
radu10101 collected $27.44 from pot
*** SUMMARY ***
Total pot $28.88 | Rake $1.44 
Board [9c Tc 6d Jc 3c]
Seat 1: Pon4uk.ua folded before Flop (didn't bet)
Seat 2: fedor0f mucked
Seat 3: habib beye folded before Flop (didn't bet)
Seat 4: IREQO (button) folded before Flop (didn't bet)
Seat 5: sta$igk (small blind) folded before Flop
Seat 6: radu10101 (big blind) showed [Ah Kc] and won ($27.44) with a flush, King high



PokerStars Hand #254687878383:  Hold'em No Limit ($0.50/$1.00 USD) - 2025/02/03 15:53:50 WET [2025/02/03 10:53:50 ET]
Table 'Arrakis II' 6-max Seat #5 is the button
Seat 1: Pon4uk.ua ($100 in chips) 
Seat 2: fedor0f ($102.11 in chips) 
Seat 3: habib beye ($104 in chips) 
Seat 4: IREQO ($100 in chips) 
Seat 5: sta$igk ($113.91 in chips) 
Seat 6: radu10101 ($73.30 in chips) 
radu10101: posts small blind $0.50
Pon4uk.ua: posts big blind $1
*** HOLE CARDS ***
fedor0f: raises $1 to $2
habib beye: folds 
IREQO: folds 
sta$igk: folds 
radu10101: folds 
Pon4uk.ua: calls $1
*** FLOP *** [Qs 4d 2c]
Pon4uk.ua: checks 
fedor0f: checks 
*** TURN *** [Qs 4d 2c] [5c]
Pon4uk.ua: bets $3.21
fedor0f: calls $3.21
*** RIVER *** [Qs 4d 2c 5c] [7h]
Pon4uk.ua: checks 
fedor0f: bets $7.26
Pon4uk.ua: folds 
Uncalled bet ($7.26) returned to fedor0f
fedor0f collected $10.37 from pot
fedor0f: doesn't show hand 
*** SUMMARY ***
Total pot $10.92 | Rake $0.55 
Board [Qs 4d 2c 5c 7h]
Seat 1: Pon4uk.ua (big blind) folded on the River
Seat 2: fedor0f collected ($10.37)
Seat 3: habib beye folded before Flop (didn't bet)
Seat 4: IREQO folded before Flop (didn't bet)
Seat 5: sta$igk (button) folded before Flop (didn't bet)
Seat 6: radu10101 (small blind) folded before Flop



PokerStars Hand #254687894702:  Hold'em No Limit ($0.50/$1.00 USD) - 2025/02/03 15:55:07 WET [2025/02/03 10:55:07 ET]
Table 'Arrakis II' 6-max Seat #6 is the button
Seat 1: Pon4uk.ua ($100 in chips) 
Seat 2: fedor0f ($107.27 in chips) 
Seat 3: habib beye ($104 in chips) 
Seat 4: IREQO ($100 in chips) 
Seat 5: sta$igk ($113.91 in chips) 
Seat 6: radu10101 ($72.80 in chips) 
Pon4uk.ua: posts small blind $0.50
fedor0f: posts big blind $1
*** HOLE CARDS ***
habib beye: folds 
IREQO: raises $1.50 to $2.50
sta$igk: folds 
radu10101: folds 
Pon4uk.ua: folds 
fedor0f: folds 
Uncalled bet ($1.50) returned to IREQO
IREQO collected $2.50 from pot
IREQO: doesn't show hand 
*** SUMMARY ***
Total pot $2.50 | Rake $0 
Seat 1: Pon4uk.ua (small blind) folded before Flop
Seat 2: fedor0f (big blind) folded before Flop
Seat 3: habib beye folded before Flop (didn't bet)
Seat 4: IREQO collected ($2.50)
Seat 5: sta$igk folded before Flop (didn't bet)
Seat 6: radu10101 (button) folded before Flop (didn't bet)



PokerStars Hand #254687897470:  Hold'em No Limit ($0.50/$1.00 USD) - 2025/02/03 15:55:24 WET [2025/02/03 10:55:24 ET]
Table 'Arrakis II' 6-max Seat #1 is the button
Seat 1: Pon4uk.ua ($100 in chips) 
Seat 2: fedor0f ($106.27 in chips) 
Seat 3: habib beye ($104 in chips) 
Seat 4: IREQO ($101.50 in chips) 
Seat 5: sta$igk ($113.91 in chips) 
Seat 6: radu10101 ($72.80 in chips) 
fedor0f: posts small blind $0.50
habib beye: posts big blind $1
*** HOLE CARDS ***
IREQO: folds 
sta$igk: folds 
radu10101: folds 
IREQO leaves the table
Pon4uk.ua: folds 
fedor0f: raises $2 to $3
Pippa83 joins the table at seat #4 
habib beye: raises $6 to $9
fedor0f: calls $6
*** FLOP *** [5s Kd 5h]
fedor0f: checks 
habib beye: bets $5.64
fedor0f: calls $5.64
*** TURN *** [5s Kd 5h] [Jd]
fedor0f: checks 
habib beye: checks 
*** RIVER *** [5s Kd 5h Jd] [Jh]
fedor0f: bets $8.35
habib beye: raises $33.84 to $42.19
fedor0f: raises $49.44 to $91.63 and is all-in
habib beye: folds 
Uncalled bet ($49.44) returned to fedor0f
fedor0f collected $111.16 from pot
fedor0f: doesn't show hand 
*** SUMMARY ***
Total pot $113.66 | Rake $2.50 
Board [5s Kd 5h Jd Jh]
Seat 1: Pon4uk.ua (button) folded before Flop (didn't bet)
Seat 2: fedor0f (small blind) collected ($111.16)
Seat 3: habib beye (big blind) folded on the River
Seat 4: IREQO folded before Flop (didn't bet)
Seat 5: sta$igk folded before Flop (didn't bet)
Seat 6: radu10101 folded before Flop (didn't bet)



PokerStars Hand #254687916777:  Hold'em No Limit ($0.50/$1.00 USD) - 2025/02/03 15:57:24 WET [2025/02/03 10:57:24 ET]
Table 'Arrakis II' 6-max Seat #2 is the button
Seat 1: Pon4uk.ua ($100 in chips) 
Seat 2: fedor0f ($160.60 in chips) 
Seat 3: habib beye ($100 in chips) 
Seat 4: Pippa83 ($100 in chips) 
Seat 5: sta$igk ($113.91 in chips) 
Seat 6: radu10101 ($72.80 in chips) 
habib beye: posts small blind $0.50
Pippa83: posts big blind $1
*** HOLE CARDS ***
sta$igk: folds 
radu10101: folds 
Pon4uk.ua: folds 
fedor0f: folds 
habib beye: folds 
Uncalled bet ($0.50) returned to Pippa83
Pippa83 collected $1 from pot
Pippa83: doesn't show hand 
*** SUMMARY ***
Total pot $1 | Rake $0 
Seat 1: Pon4uk.ua folded before Flop (didn't bet)
Seat 2: fedor0f (button) folded before Flop (didn't bet)
Seat 3: habib beye (small blind) folded before Flop
Seat 4: Pippa83 (big blind) collected ($1)
Seat 5: sta$igk folded before Flop (didn't bet)
Seat 6: radu10101 folded before Flop (didn't bet)



PokerStars Hand #254687918926:  Hold'em No Limit ($0.50/$1.00 USD) - 2025/02/03 15:57:37 WET [2025/02/03 10:57:37 ET]
Table 'Arrakis II' 6-max Seat #3 is the button
Seat 1: Pon4uk.ua ($100 in chips) 
Seat 2: fedor0f ($160.60 in chips) 
Seat 3: habib beye ($100 in chips) 
Seat 4: Pippa83 ($100.50 in chips) 
Seat 5: sta$igk ($113.91 in chips) 
Seat 6: radu10101 ($72.80 in chips) 
Pippa83: posts small blind $0.50
sta$igk: posts big blind $1
*** HOLE CARDS ***
radu10101: raises $2 to $3
Pon4uk.ua: folds 
fedor0f: raises $6 to $9
habib beye: folds 
Pippa83: folds 
sta$igk: folds 
radu10101: calls $6
*** FLOP *** [2s 6s Ac]
radu10101: checks 
fedor0f: bets $3.70
radu10101: raises $3.70 to $7.40
fedor0f: calls $3.70
*** TURN *** [2s 6s Ac] [9h]
radu10101: checks 
fedor0f: checks 
*** RIVER *** [2s 6s Ac 9h] [2d]
radu10101: bets $4
fedor0f: calls $4
*** SHOW DOWN ***
radu10101: shows [Jc Jh] (two pair, Jacks and Deuces)
fedor0f: shows [Kd Ks] (two pair, Kings and Deuces)
fedor0f collected $40.18 from pot
*** SUMMARY ***
Total pot $42.30 | Rake $2.12 
Board [2s 6s Ac 9h 2d]
Seat 1: Pon4uk.ua folded before Flop (didn't bet)
Seat 2: fedor0f showed [Kd Ks] and won ($40.18) with two pair, Kings and Deuces
Seat 3: habib beye (button) folded before Flop (didn't bet)
Seat 4: Pippa83 (small blind) folded before Flop
Seat 5: sta$igk (big blind) folded before Flop
Seat 6: radu10101 showed [Jc Jh] and lost with two pair, Jacks and Deuces



PokerStars Hand #254687927835:  Hold'em No Limit ($0.50/$1.00 USD) - 2025/02/03 15:58:33 WET [2025/02/03 10:58:33 ET]
Table 'Arrakis II' 6-max Seat #4 is the button
Seat 1: Pon4uk.ua ($100 in chips) 
Seat 2: fedor0f ($180.38 in chips) 
Seat 3: habib beye ($100 in chips) 
Seat 4: Pippa83 ($100 in chips) 
Seat 5: sta$igk ($112.91 in chips) 
Seat 6: radu10101 ($52.40 in chips) 
sta$igk: posts small blind $0.50
radu10101: posts big blind $1
*** HOLE CARDS ***
Pon4uk.ua: folds 
fedor0f: folds 
habib beye: folds 
Pippa83: raises $1.50 to $2.50
sta$igk: folds 
radu10101: calls $1.50
*** FLOP *** [3s Th 9h]
radu10101: checks 
Pippa83: bets $1.72
radu10101: calls $1.72
*** TURN *** [3s Th 9h] [8d]
radu10101: checks 
Pippa83: checks 
*** RIVER *** [3s Th 9h 8d] [5d]
radu10101: bets $4
Pippa83: folds 
Uncalled bet ($4) returned to radu10101
radu10101 collected $8.49 from pot
*** SUMMARY ***
Total pot $8.94 | Rake $0.45 
Board [3s Th 9h 8d 5d]
Seat 1: Pon4uk.ua folded before Flop (didn't bet)
Seat 2: fedor0f folded before Flop (didn't bet)
Seat 3: habib beye folded before Flop (didn't bet)
Seat 4: Pippa83 (button) folded on the River
Seat 5: sta$igk (small blind) folded before Flop
Seat 6: radu10101 (big blind) collected ($8.49)



PokerStars Hand #254687934130:  Hold'em No Limit ($0.50/$1.00 USD) - 2025/02/03 15:59:12 WET [2025/02/03 10:59:12 ET]
Table 'Arrakis II' 6-max Seat #5 is the button
Seat 1: Pon4uk.ua ($100 in chips) 
Seat 2: fedor0f ($180.38 in chips) 
Seat 3: habib beye ($100 in chips) 
Seat 4: Pippa83 ($100 in chips) 
Seat 5: sta$igk ($112.41 in chips) 
Seat 6: radu10101 ($56.67 in chips) 
radu10101: posts small blind $0.50
Pon4uk.ua: posts big blind $1
*** HOLE CARDS ***
fedor0f: raises $1 to $2
habib beye: folds 
Pippa83: folds 
sta$igk: folds 
radu10101: folds 
Pon4uk.ua: folds 
Uncalled bet ($1) returned to fedor0f
fedor0f collected $2.50 from pot
fedor0f: doesn't show hand 
*** SUMMARY ***
Total pot $2.50 | Rake $0 
Seat 1: Pon4uk.ua (big blind) folded before Flop
Seat 2: fedor0f collected ($2.50)
Seat 3: habib beye folded before Flop (didn't bet)
Seat 4: Pippa83 folded before Flop (didn't bet)
Seat 5: sta$igk (button) folded before Flop (didn't bet)
Seat 6: radu10101 (small blind) folded before Flop



PokerStars Hand #254687936920:  Hold'em No Limit ($0.50/$1.00 USD) - 2025/02/03 15:59:30 WET [2025/02/03 10:59:30 ET]
Table 'Arrakis II' 6-max Seat #6 is the button
Seat 1: Pon4uk.ua ($100 in chips) 
Seat 2: fedor0f ($181.88 in chips) 
Seat 3: habib beye ($100 in chips) 
Seat 4: Pippa83 ($100 in chips) 
Seat 5: sta$igk ($112.41 in chips) 
Seat 6: radu10101 ($56.17 in chips) 
Pon4uk.ua: posts small blind $0.50
fedor0f: posts big blind $1
*** HOLE CARDS ***
habib beye: folds 
Pippa83: folds 
sta$igk: folds 
radu10101: calls $1
Pon4uk.ua: folds 
fedor0f: raises $5.50 to $6.50
radu10101: calls $5.50
*** FLOP *** [9d 8s Js]
fedor0f: bets $8.97
radu10101: calls $8.97
*** TURN *** [9d 8s Js] [6c]
fedor0f: bets $166.41 and is all-in
radu10101: calls $40.70 and is all-in
Uncalled bet ($125.71) returned to fedor0f
*** RIVER *** [9d 8s Js 6c] [Jh]
*** SHOW DOWN ***
fedor0f: shows [Kc Kd] (two pair, Kings and Jacks)
radu10101: shows [Th 9c] (two pair, Jacks and Nines)
fedor0f collected $110.34 from pot
*** SUMMARY ***
Total pot $112.84 | Rake $2.50 
Board [9d 8s Js 6c Jh]
Seat 1: Pon4uk.ua (small blind) folded before Flop
Seat 2: fedor0f (big blind) showed [Kc Kd] and won ($110.34) with two pair, Kings and Jacks
Seat 3: habib beye folded before Flop (didn't bet)
Seat 4: Pippa83 folded before Flop (didn't bet)
Seat 5: sta$igk folded before Flop (didn't bet)
Seat 6: radu10101 (button) showed [Th 9c] and lost with two pair, Jacks and Nines



PokerStars Hand #254687943996:  Hold'em No Limit ($0.50/$1.00 USD) - 2025/02/03 16:00:14 WET [2025/02/03 11:00:14 ET]
Table 'Arrakis II' 6-max Seat #1 is the button
Seat 6: radu10101 ($0 in chips) is sitting out
Seat 1: Pon4uk.ua ($100 in chips) 
Seat 2: fedor0f ($236.05 in chips) 
Seat 3: habib beye ($100 in chips) 
Seat 4: Pippa83 ($100 in chips) 
Seat 5: sta$igk ($112.41 in chips) 
fedor0f: posts small blind $0.50
habib beye: posts big blind $1
*** HOLE CARDS ***
Pippa83: folds 
sta$igk: folds 
Pon4uk.ua: raises $1.50 to $2.50
fedor0f: folds 
habib beye: folds 
Uncalled bet ($1.50) returned to Pon4uk.ua
Pon4uk.ua collected $2.50 from pot
Pon4uk.ua: doesn't show hand 
*** SUMMARY ***
Total pot $2.50 | Rake $0 
Seat 6: radu10101
Seat 1: Pon4uk.ua (button) collected ($2.50)
Seat 2: fedor0f (small blind) folded before Flop
Seat 3: habib beye (big blind) folded before Flop
Seat 4: Pippa83 folded before Flop (didn't bet)
Seat 5: sta$igk folded before Flop (didn't bet)



PokerStars Hand #254687946581:  Hold'em No Limit ($0.50/$1.00 USD) - 2025/02/03 16:00:29 WET [2025/02/03 11:00:29 ET]
Table 'Arrakis II' 6-max Seat #2 is the button
Seat 6: radu10101 ($0 in chips) is sitting out
Seat 1: Pon4uk.ua ($101.50 in chips) 
Seat 2: fedor0f ($235.55 in chips) 
Seat 3: habib beye ($100 in chips) 
Seat 4: Pippa83 ($100 in chips) 
Seat 5: sta$igk ($112.41 in chips) 
habib beye: posts small blind $0.50
Pippa83: posts big blind $1
*** HOLE CARDS ***
sta$igk: folds 
Pon4uk.ua: raises $1.50 to $2.50
fedor0f: raises $5 to $7.50
habib beye: folds 
Pippa83: folds 
Pon4uk.ua: calls $5
*** FLOP *** [3h Qd Ad]
Pon4uk.ua: checks 
fedor0f: bets $5.17
Pon4uk.ua: calls $5.17
*** TURN *** [3h Qd Ad] [6s]
Pon4uk.ua: checks 
fedor0f: bets $17.85
Pon4uk.ua: folds 
Uncalled bet ($17.85) returned to fedor0f
fedor0f collected $25.50 from pot
fedor0f: doesn't show hand 
*** SUMMARY ***
Total pot $26.84 | Rake $1.34 
Board [3h Qd Ad 6s]
Seat 6: radu10101
Seat 1: Pon4uk.ua folded on the Turn
Seat 2: fedor0f (button) collected ($25.50)
Seat 3: habib beye (small blind) folded before Flop
Seat 4: Pippa83 (big blind) folded before Flop
Seat 5: sta$igk folded before Flop (didn't bet)



PokerStars Hand #254687959088:  Hold'em No Limit ($0.50/$1.00 USD) - 2025/02/03 16:01:34 WET [2025/02/03 11:01:34 ET]
Table 'Arrakis II' 6-max Seat #3 is the button
Seat 1: Pon4uk.ua ($100 in chips) 
Seat 2: fedor0f ($248.38 in chips) 
Seat 3: habib beye ($100 in chips) 
Seat 4: Pippa83 ($100 in chips) 
Seat 5: sta$igk ($112.41 in chips) 
Seat 6: radu10101 ($39.31 in chips) 
Pippa83: posts small blind $0.50
sta$igk: posts big blind $1
*** HOLE CARDS ***
radu10101: calls $1
Pon4uk.ua: folds 
fedor0f: folds 
habib beye: folds 
Pippa83: folds 
sta$igk: checks 
*** FLOP *** [7d Ah Ts]
sta$igk: checks 
radu10101: bets $1
sta$igk: folds 
Uncalled bet ($1) returned to radu10101
radu10101 collected $2.38 from pot
*** SUMMARY ***
Total pot $2.50 | Rake $0.12 
Board [7d Ah Ts]
Seat 1: Pon4uk.ua folded before Flop (didn't bet)
Seat 2: fedor0f folded before Flop (didn't bet)
Seat 3: habib beye (button) folded before Flop (didn't bet)
Seat 4: Pippa83 (small blind) folded before Flop
Seat 5: sta$igk (big blind) folded on the Flop
Seat 6: radu10101 collected ($2.38)



PokerStars Hand #254687967389:  Hold'em No Limit ($0.50/$1.00 USD) - 2025/02/03 16:02:15 WET [2025/02/03 11:02:15 ET]
Table 'Arrakis II' 6-max Seat #4 is the button
Seat 1: Pon4uk.ua ($100 in chips) 
Seat 2: fedor0f ($248.38 in chips) 
Seat 3: habib beye ($100 in chips) 
Seat 4: Pippa83 ($100 in chips) 
Seat 5: sta$igk ($111.41 in chips) 
Seat 6: radu10101 ($40.69 in chips) 
sta$igk: posts small blind $0.50
radu10101: posts big blind $1
*** HOLE CARDS ***
Pon4uk.ua: folds 
fedor0f: folds 
habib beye: folds 
Pippa83: raises $1.50 to $2.50
sta$igk: folds 
radu10101 has timed out
radu10101: folds 
Uncalled bet ($1.50) returned to Pippa83
Pippa83 collected $2.50 from pot
Pippa83: doesn't show hand 
*** SUMMARY ***
Total pot $2.50 | Rake $0 
Seat 1: Pon4uk.ua folded before Flop (didn't bet)
Seat 2: fedor0f folded before Flop (didn't bet)
Seat 3: habib beye folded before Flop (didn't bet)
Seat 4: Pippa83 (button) collected ($2.50)
Seat 5: sta$igk (small blind) folded before Flop
Seat 6: radu10101 (big blind) folded before Flop



PokerStars Hand #254687973356:  Hold'em No Limit ($0.50/$1.00 USD) - 2025/02/03 16:02:44 WET [2025/02/03 11:02:44 ET]
Table 'Arrakis II' 6-max Seat #5 is the button
Seat 6: radu10101 ($39.69 in chips) is sitting out
Seat 1: Pon4uk.ua ($100 in chips) 
Seat 2: fedor0f ($248.38 in chips) 
Seat 3: habib beye ($100 in chips) 
Seat 4: Pippa83 ($101.50 in chips) 
Seat 5: sta$igk ($110.91 in chips) 
Pon4uk.ua: posts small blind $0.50
fedor0f: posts big blind $1
*** HOLE CARDS ***
habib beye: folds 
Pippa83: folds 
sta$igk: folds 
Pon4uk.ua: raises $1.75 to $2.75
fedor0f: calls $1.75
*** FLOP *** [Ad Ac 2d]
Pon4uk.ua: checks 
fedor0f: checks 
*** TURN *** [Ad Ac 2d] [7c]
Pon4uk.ua: bets $2.61
fedor0f: calls $2.61
*** RIVER *** [Ad Ac 2d 7c] [4h]
Pon4uk.ua: checks 
fedor0f: bets $7.13
Pon4uk.ua: folds 
Uncalled bet ($7.13) returned to fedor0f
fedor0f collected $10.18 from pot
fedor0f: doesn't show hand 
*** SUMMARY ***
Total pot $10.72 | Rake $0.54 
Board [Ad Ac 2d 7c 4h]
Seat 6: radu10101
Seat 1: Pon4uk.ua (small blind) folded on the River
Seat 2: fedor0f (big blind) collected ($10.18)
Seat 3: habib beye folded before Flop (didn't bet)
Seat 4: Pippa83 folded before Flop (didn't bet)
Seat 5: sta$igk (button) folded before Flop (didn't bet)



PokerStars Hand #254687989554:  Hold'em No Limit ($0.50/$1.00 USD) - 2025/02/03 16:04:00 WET [2025/02/03 11:04:00 ET]
Table 'Arrakis II' 6-max Seat #1 is the button
Seat 1: Pon4uk.ua ($100 in chips) 
Seat 2: fedor0f ($253.20 in chips) 
Seat 3: habib beye ($100 in chips) 
Seat 4: Pippa83 ($101.50 in chips) 
Seat 5: sta$igk ($110.91 in chips) 
Seat 6: radu10101 ($39.69 in chips) 
fedor0f: posts small blind $0.50
habib beye: posts big blind $1
radu10101: posts small blind $0.50
*** HOLE CARDS ***
Pippa83: raises $1.20 to $2.20
sta$igk: folds 
radu10101 has timed out
radu10101: folds 
Pon4uk.ua: folds 
fedor0f: folds 
habib beye: calls $1.20
*** FLOP *** [Ad 8c Qs]
habib beye: checks 
Pippa83: checks 
*** TURN *** [Ad 8c Qs] [3h]
habib beye: checks 
Pippa83: checks 
*** RIVER *** [Ad 8c Qs 3h] [Qh]
habib beye: checks 
Pippa83: checks 
*** SHOW DOWN ***
habib beye: shows [Ts 3s] (two pair, Queens and Threes)
Pippa83: shows [9s 9c] (two pair, Queens and Nines)
Pippa83 collected $5.13 from pot
*** SUMMARY ***
Total pot $5.40 | Rake $0.27 
Board [Ad 8c Qs 3h Qh]
Seat 1: Pon4uk.ua (button) folded before Flop (didn't bet)
Seat 2: fedor0f (small blind) folded before Flop
Seat 3: habib beye (big blind) showed [Ts 3s] and lost with two pair, Queens and Threes
Seat 4: Pippa83 showed [9s 9c] and won ($5.13) with two pair, Queens and Nines
Seat 5: sta$igk folded before Flop (didn't bet)
Seat 6: radu10101 folded before Flop (didn't bet)



PokerStars Hand #254688003456:  Hold'em No Limit ($0.50/$1.00 USD) - 2025/02/03 16:05:05 WET [2025/02/03 11:05:05 ET]
Table 'Arrakis II' 6-max Seat #2 is the button
Seat 1: Pon4uk.ua ($100 in chips) 
Seat 2: fedor0f ($252.70 in chips) 
Seat 3: habib beye ($100 in chips) 
Seat 4: Pippa83 ($104.43 in chips) 
Seat 5: sta$igk ($110.91 in chips) 
Seat 6: radu10101 ($39.19 in chips) 
habib beye: posts small blind $0.50
Pippa83: posts big blind $1
*** HOLE CARDS ***
sta$igk: folds 
radu10101: calls $1
Pon4uk.ua: folds 
fedor0f: folds 
habib beye: folds 
Pippa83: raises $3.50 to $4.50
radu10101: calls $3.50
*** FLOP *** [Td Ac 8h]
Pippa83: checks 
radu10101: checks 
*** TURN *** [Td Ac 8h] [4c]
Pippa83: bets $6.77
radu10101: folds 
Uncalled bet ($6.77) returned to Pippa83
Pippa83 collected $9.02 from pot
Pippa83: doesn't show hand 
*** SUMMARY ***
Total pot $9.50 | Rake $0.48 
Board [Td Ac 8h 4c]
Seat 1: Pon4uk.ua folded before Flop (didn't bet)
Seat 2: fedor0f (button) folded before Flop (didn't bet)
Seat 3: habib beye (small blind) folded before Flop
Seat 4: Pippa83 (big blind) collected ($9.02)
Seat 5: sta$igk folded before Flop (didn't bet)
Seat 6: radu10101 folded on the Turn



PokerStars Hand #254688015445:  Hold'em No Limit ($0.50/$1.00 USD) - 2025/02/03 16:06:02 WET [2025/02/03 11:06:02 ET]
Table 'Arrakis II' 6-max Seat #3 is the button
Seat 1: Pon4uk.ua ($100 in chips) 
Seat 2: fedor0f ($252.70 in chips) 
Seat 3: habib beye ($100 in chips) 
Seat 4: Pippa83 ($108.95 in chips) 
Seat 5: sta$igk ($110.91 in chips) 
Seat 6: radu10101 ($34.69 in chips) 
Pippa83: posts small blind $0.50
sta$igk: posts big blind $1
*** HOLE CARDS ***
radu10101 has timed out
radu10101: folds 
Pon4uk.ua: raises $1 to $2
fedor0f: folds 
habib beye: folds 
Pippa83: folds 
sta$igk: folds 
Uncalled bet ($1) returned to Pon4uk.ua
Pon4uk.ua collected $2.50 from pot
Pon4uk.ua: doesn't show hand 
*** SUMMARY ***
Total pot $2.50 | Rake $0 
Seat 1: Pon4uk.ua collected ($2.50)
Seat 2: fedor0f folded before Flop (didn't bet)
Seat 3: habib beye (button) folded before Flop (didn't bet)
Seat 4: Pippa83 (small blind) folded before Flop
Seat 5: sta$igk (big blind) folded before Flop
Seat 6: radu10101 folded before Flop (didn't bet)



PokerStars Hand #254688021950:  Hold'em No Limit ($0.50/$1.00 USD) - 2025/02/03 16:06:33 WET [2025/02/03 11:06:33 ET]
Table 'Arrakis II' 6-max Seat #4 is the button
Seat 1: Pon4uk.ua ($101.50 in chips) 
Seat 2: fedor0f ($252.70 in chips) 
Seat 3: habib beye ($100 in chips) 
Seat 4: Pippa83 ($108.45 in chips) 
Seat 5: sta$igk ($109.91 in chips) 
Seat 6: radu10101 ($34.69 in chips) 
sta$igk: posts small blind $0.50
radu10101: posts big blind $1
*** HOLE CARDS ***
Pon4uk.ua: folds 
fedor0f: folds 
habib beye: raises $1.30 to $2.30
Pippa83: folds 
sta$igk: folds 
radu10101: folds 
Uncalled bet ($1.30) returned to habib beye
habib beye collected $2.50 from pot
*** SUMMARY ***
Total pot $2.50 | Rake $0 
Seat 1: Pon4uk.ua folded before Flop (didn't bet)
Seat 2: fedor0f folded before Flop (didn't bet)
Seat 3: habib beye collected ($2.50)
Seat 4: Pippa83 (button) folded before Flop (didn't bet)
Seat 5: sta$igk (small blind) folded before Flop
Seat 6: radu10101 (big blind) folded before Flop



PokerStars Hand #254688024279:  Hold'em No Limit ($0.50/$1.00 USD) - 2025/02/03 16:06:44 WET [2025/02/03 11:06:44 ET]
Table 'Arrakis II' 6-max Seat #5 is the button
Seat 1: Pon4uk.ua ($101.50 in chips) 
Seat 2: fedor0f ($252.70 in chips) 
Seat 3: habib beye ($101.50 in chips) 
Seat 4: Pippa83 ($108.45 in chips) 
Seat 5: sta$igk ($109.41 in chips) 
Seat 6: radu10101 ($33.69 in chips) 
radu10101: posts small blind $0.50
Pon4uk.ua: posts big blind $1
*** HOLE CARDS ***
fedor0f: folds 
habib beye: folds 
Pippa83: raises $1.50 to $2.50
sta$igk: folds 
radu10101: calls $2
Pon4uk.ua: folds 
*** FLOP *** [6d 3h 2s]
radu10101: bets $2
Pippa83: folds 
Uncalled bet ($2) returned to radu10101
radu10101 collected $5.70 from pot
*** SUMMARY ***
Total pot $6 | Rake $0.30 
Board [6d 3h 2s]
Seat 1: Pon4uk.ua (big blind) folded before Flop
Seat 2: fedor0f folded before Flop (didn't bet)
Seat 3: habib beye folded before Flop (didn't bet)
Seat 4: Pippa83 folded on the Flop
Seat 5: sta$igk (button) folded before Flop (didn't bet)
Seat 6: radu10101 (small blind) collected ($5.70)



PokerStars Hand #254688029687:  Hold'em No Limit ($0.50/$1.00 USD) - 2025/02/03 16:07:09 WET [2025/02/03 11:07:09 ET]
Table 'Arrakis II' 6-max Seat #6 is the button
Seat 1: Pon4uk.ua ($100.50 in chips) 
Seat 2: fedor0f ($252.70 in chips) 
Seat 3: habib beye ($101.50 in chips) 
Seat 4: Pippa83 ($105.95 in chips) 
Seat 5: sta$igk ($109.41 in chips) 
Seat 6: radu10101 ($36.89 in chips) 
Pon4uk.ua: posts small blind $0.50
fedor0f: posts big blind $1
*** HOLE CARDS ***
habib beye: folds 
Pippa83: raises $1.20 to $2.20
sta$igk: folds 
radu10101: calls $2.20
Pon4uk.ua: folds 
fedor0f: calls $1.20
*** FLOP *** [2h 5s 7c]
fedor0f: checks 
Pippa83: checks 
radu10101: bets $2
fedor0f: folds 
Pippa83: calls $2
*** TURN *** [2h 5s 7c] [4d]
Pippa83: checks 
radu10101: checks 
*** RIVER *** [2h 5s 7c 4d] [6d]
Pippa83: checks 
radu10101: checks 
*** SHOW DOWN ***
Pippa83: shows [Qh Kd] (high card King)
radu10101: shows [2s As] (a pair of Deuces)
radu10101 collected $10.54 from pot
*** SUMMARY ***
Total pot $11.10 | Rake $0.56 
Board [2h 5s 7c 4d 6d]
Seat 1: Pon4uk.ua (small blind) folded before Flop
Seat 2: fedor0f (big blind) folded on the Flop
Seat 3: habib beye folded before Flop (didn't bet)
Seat 4: Pippa83 showed [Qh Kd] and lost with high card King
Seat 5: sta$igk folded before Flop (didn't bet)
Seat 6: radu10101 (button) showed [2s As] and won ($10.54) with a pair of Deuces



PokerStars Hand #254688040165:  Hold'em No Limit ($0.50/$1.00 USD) - 2025/02/03 16:07:58 WET [2025/02/03 11:07:58 ET]
Table 'Arrakis II' 6-max Seat #1 is the button
Seat 1: Pon4uk.ua ($100 in chips) 
Seat 2: fedor0f ($250.50 in chips) 
Seat 3: habib beye ($101.50 in chips) 
Seat 4: Pippa83 ($101.75 in chips) 
Seat 5: sta$igk ($109.41 in chips) 
Seat 6: radu10101 ($43.23 in chips) 
fedor0f: posts small blind $0.50
habib beye: posts big blind $1
*** HOLE CARDS ***
Pippa83: raises $1.20 to $2.20
sta$igk: folds 
radu10101: folds 
Pon4uk.ua: folds 
fedor0f: folds 
habib beye: folds 
Uncalled bet ($1.20) returned to Pippa83
Pippa83 collected $2.50 from pot
Pippa83: doesn't show hand 
*** SUMMARY ***
Total pot $2.50 | Rake $0 
Seat 1: Pon4uk.ua (button) folded before Flop (didn't bet)
Seat 2: fedor0f (small blind) folded before Flop
Seat 3: habib beye (big blind) folded before Flop
Seat 4: Pippa83 collected ($2.50)
Seat 5: sta$igk folded before Flop (didn't bet)
Seat 6: radu10101 folded before Flop (didn't bet)



PokerStars Hand #254688102254:  Hold'em No Limit ($0.50/$1.00 USD) - 2025/02/03 16:12:50 WET [2025/02/03 11:12:50 ET]
Table 'Arrakis II' 6-max Seat #1 is the button
Seat 1: Pon4uk.ua ($106.40 in chips) 
Seat 2: fedor0f ($249 in chips) 
Seat 3: habib beye ($103.54 in chips) 
Seat 4: Pippa83 ($102.75 in chips) 
Seat 5: sta$igk ($101.50 in chips) 
fedor0f: posts small blind $0.50
habib beye: posts big blind $1
*** HOLE CARDS ***
Pippa83: folds 
sta$igk: folds 
Pippa83 leaves the table
Pon4uk.ua: raises $1.50 to $2.50
fedor0f: raises $7.50 to $10
habib beye: folds 
ceeuentee joins the table at seat #4 
paramourx joins the table at seat #6 
Pon4uk.ua: folds 
Uncalled bet ($7.50) returned to fedor0f
fedor0f collected $6 from pot
fedor0f: doesn't show hand 
*** SUMMARY ***
Total pot $6 | Rake $0 
Seat 1: Pon4uk.ua (button) folded before Flop
Seat 2: fedor0f (small blind) collected ($6)
Seat 3: habib beye (big blind) folded before Flop
Seat 4: Pippa83 folded before Flop (didn't bet)
Seat 5: sta$igk folded before Flop (didn't bet)



PokerStars Hand #254688108032:  Hold'em No Limit ($0.50/$1.00 USD) - 2025/02/03 16:13:17 WET [2025/02/03 11:13:17 ET]
Table 'Arrakis II' 6-max Seat #2 is the button
Seat 6: paramourx ($100 in chips) is sitting out
Seat 1: Pon4uk.ua ($103.90 in chips) 
Seat 2: fedor0f ($252.50 in chips) 
Seat 3: habib beye ($102.54 in chips) 
Seat 4: ceeuentee ($100 in chips) 
Seat 5: sta$igk ($101.50 in chips) 
habib beye: posts small blind $0.50
ceeuentee: posts big blind $1
paramourx: sits out 
*** HOLE CARDS ***
sta$igk: folds 
Pon4uk.ua: folds 
fedor0f: folds 
habib beye: folds 
Uncalled bet ($0.50) returned to ceeuentee
ceeuentee collected $1 from pot
ceeuentee: doesn't show hand 
*** SUMMARY ***
Total pot $1 | Rake $0 
Seat 6: paramourx
Seat 1: Pon4uk.ua folded before Flop (didn't bet)
Seat 2: fedor0f (button) folded before Flop (didn't bet)
Seat 3: habib beye (small blind) folded before Flop
Seat 4: ceeuentee (big blind) collected ($1)
Seat 5: sta$igk folded before Flop (didn't bet)



PokerStars Hand #254688111290:  Hold'em No Limit ($0.50/$1.00 USD) - 2025/02/03 16:13:32 WET [2025/02/03 11:13:32 ET]
Table 'Arrakis II' 6-max Seat #3 is the button
Seat 6: paramourx ($100 in chips) is sitting out
Seat 1: Pon4uk.ua ($103.90 in chips) 
Seat 2: fedor0f ($252.50 in chips) 
Seat 3: habib beye ($102.04 in chips) 
Seat 4: ceeuentee ($100.50 in chips) 
Seat 5: sta$igk ($101.50 in chips) 
ceeuentee: posts small blind $0.50
sta$igk: posts big blind $1
paramourx: sits out 
*** HOLE CARDS ***
Pon4uk.ua: folds 
fedor0f: folds 
habib beye: folds 
ceeuentee: raises $1.50 to $2.50
sta$igk: folds 
Uncalled bet ($1.50) returned to ceeuentee
ceeuentee collected $2 from pot
ceeuentee: doesn't show hand 
*** SUMMARY ***
Total pot $2 | Rake $0 
Seat 6: paramourx
Seat 1: Pon4uk.ua folded before Flop (didn't bet)
Seat 2: fedor0f folded before Flop (didn't bet)
Seat 3: habib beye (button) folded before Flop (didn't bet)
Seat 4: ceeuentee (small blind) collected ($2)
Seat 5: sta$igk (big blind) folded before Flop



PokerStars Hand #254688115438:  Hold'em No Limit ($0.50/$1.00 USD) - 2025/02/03 16:13:51 WET [2025/02/03 11:13:51 ET]
Table 'Arrakis II' 6-max Seat #4 is the button
Seat 1: Pon4uk.ua ($103.90 in chips) 
Seat 2: fedor0f ($252.50 in chips) 
Seat 3: habib beye ($102.04 in chips) 
Seat 4: ceeuentee ($101.50 in chips) 
Seat 5: sta$igk ($100.50 in chips) 
Seat 6: paramourx ($100 in chips) 
sta$igk: posts small blind $0.50
paramourx: posts big blind $1
*** HOLE CARDS ***
Pon4uk.ua: folds 
fedor0f: folds 
habib beye: folds 
ceeuentee: folds 
sta$igk: folds 
Uncalled bet ($0.50) returned to paramourx
paramourx collected $1 from pot
paramourx: doesn't show hand 
*** SUMMARY ***
Total pot $1 | Rake $0 
Seat 1: Pon4uk.ua folded before Flop (didn't bet)
Seat 2: fedor0f folded before Flop (didn't bet)
Seat 3: habib beye folded before Flop (didn't bet)
Seat 4: ceeuentee (button) folded before Flop (didn't bet)
Seat 5: sta$igk (small blind) folded before Flop
Seat 6: paramourx (big blind) collected ($1)



PokerStars Hand #254688119007:  Hold'em No Limit ($0.50/$1.00 USD) - 2025/02/03 16:14:08 WET [2025/02/03 11:14:08 ET]
Table 'Arrakis II' 6-max Seat #5 is the button
Seat 1: Pon4uk.ua ($103.90 in chips) 
Seat 2: fedor0f ($252.50 in chips) 
Seat 3: habib beye ($102.04 in chips) 
Seat 4: ceeuentee ($101.50 in chips) 
Seat 5: sta$igk ($100 in chips) 
Seat 6: paramourx ($100.50 in chips) 
paramourx: posts small blind $0.50
Pon4uk.ua: posts big blind $1
*** HOLE CARDS ***
fedor0f: folds 
habib beye: folds 
ceeuentee: raises $1.50 to $2.50
sta$igk: folds 
paramourx: folds 
Pon4uk.ua: calls $1.50
*** FLOP *** [9c 4c 4h]
Pon4uk.ua: checks 
ceeuentee: bets $2.19
Pon4uk.ua: calls $2.19
*** TURN *** [9c 4c 4h] [6d]
Pon4uk.ua: checks 
ceeuentee: bets $4.94
Pon4uk.ua: calls $4.94
*** RIVER *** [9c 4c 4h 6d] [6s]
Pon4uk.ua: checks 
ceeuentee: checks 
*** SHOW DOWN ***
Pon4uk.ua: shows [8d 8h] (two pair, Eights and Sixes)
ceeuentee: mucks hand 
Pon4uk.ua collected $18.77 from pot
*** SUMMARY ***
Total pot $19.76 | Rake $0.99 
Board [9c 4c 4h 6d 6s]
Seat 1: Pon4uk.ua (big blind) showed [8d 8h] and won ($18.77) with two pair, Eights and Sixes
Seat 2: fedor0f folded before Flop (didn't bet)
Seat 3: habib beye folded before Flop (didn't bet)
Seat 4: ceeuentee mucked
Seat 5: sta$igk (button) folded before Flop (didn't bet)
Seat 6: paramourx (small blind) folded before Flop



PokerStars Hand #254688132933:  Hold'em No Limit ($0.50/$1.00 USD) - 2025/02/03 16:15:13 WET [2025/02/03 11:15:13 ET]
Table 'Arrakis II' 6-max Seat #6 is the button
Seat 2: fedor0f ($252.50 in chips) is sitting out
Seat 1: Pon4uk.ua ($113.04 in chips) 
Seat 3: habib beye ($102.04 in chips) 
Seat 4: ceeuentee ($91.87 in chips) 
Seat 5: sta$igk ($100 in chips) 
Seat 6: paramourx ($100 in chips) 
Pon4uk.ua: posts small blind $0.50
fedor0f: is sitting out 
habib beye: posts big blind $1
*** HOLE CARDS ***
ceeuentee: raises $1.50 to $2.50
sta$igk: folds 
paramourx: folds 
Pon4uk.ua: folds 
fedor0f leaves the table
habib beye: calls $1.50
*** FLOP *** [5c Th 7c]
habib beye: checks 
ceeuentee: bets $4.19
habib beye: folds 
Uncalled bet ($4.19) returned to ceeuentee
ceeuentee collected $5.22 from pot
ceeuentee: doesn't show hand 
*** SUMMARY ***
Total pot $5.50 | Rake $0.28 
Board [5c Th 7c]
Seat 2: fedor0f
Seat 1: Pon4uk.ua (small blind) folded before Flop
Seat 3: habib beye (big blind) folded on the Flop
Seat 4: ceeuentee collected ($5.22)
Seat 5: sta$igk folded before Flop (didn't bet)
Seat 6: paramourx (button) folded before Flop (didn't bet)



PokerStars Hand #254688141333:  Hold'em No Limit ($0.50/$1.00 USD) - 2025/02/03 16:15:52 WET [2025/02/03 11:15:52 ET]
Table 'Arrakis II' 6-max Seat #1 is the button
Seat 1: Pon4uk.ua ($112.54 in chips) 
Seat 3: habib beye ($100 in chips) 
Seat 4: ceeuentee ($94.59 in chips) 
Seat 5: sta$igk ($100 in chips) 
Seat 6: paramourx ($100 in chips) 
habib beye: posts small blind $0.50
ceeuentee: posts big blind $1
*** HOLE CARDS ***
sta$igk: folds 
coeeeelho joins the table at seat #2 
paramourx: raises $2 to $3
Pon4uk.ua: folds 
habib beye: calls $2.50
ceeuentee: calls $2
*** FLOP *** [Qd 3d 5s]
habib beye: checks 
ceeuentee: checks 
paramourx: bets $2.65
habib beye: folds 
ceeuentee: folds 
Uncalled bet ($2.65) returned to paramourx
paramourx collected $8.55 from pot
paramourx: doesn't show hand 
*** SUMMARY ***
Total pot $9 | Rake $0.45 
Board [Qd 3d 5s]
Seat 1: Pon4uk.ua (button) folded before Flop (didn't bet)
Seat 3: habib beye (small blind) folded on the Flop
Seat 4: ceeuentee (big blind) folded on the Flop
Seat 5: sta$igk folded before Flop (didn't bet)
Seat 6: paramourx collected ($8.55)



PokerStars Hand #254688152652:  Hold'em No Limit ($0.50/$1.00 USD) - 2025/02/03 16:16:46 WET [2025/02/03 11:16:46 ET]
Table 'Arrakis II' 6-max Seat #3 is the button
Seat 2: coeeeelho ($100 in chips) is sitting out
Seat 1: Pon4uk.ua ($112.54 in chips) 
Seat 3: habib beye ($100 in chips) 
Seat 4: ceeuentee ($91.59 in chips) 
Seat 5: sta$igk ($100 in chips) 
Seat 6: paramourx ($105.55 in chips) 
ceeuentee: posts small blind $0.50
sta$igk: posts big blind $1
coeeeelho: sits out 
*** HOLE CARDS ***
paramourx: folds 
Pon4uk.ua: folds 
habib beye: folds 
ceeuentee: raises $1.50 to $2.50
sta$igk: calls $1.50
*** FLOP *** [9s Ah 7s]
ceeuentee: checks 
sta$igk: checks 
*** TURN *** [9s Ah 7s] [7h]
ceeuentee: checks 
sta$igk: checks 
*** RIVER *** [9s Ah 7s 7h] [4d]
ceeuentee: bets $7.75
sta$igk: folds 
Uncalled bet ($7.75) returned to ceeuentee
ceeuentee collected $4.75 from pot
ceeuentee: doesn't show hand 
*** SUMMARY ***
Total pot $5 | Rake $0.25 
Board [9s Ah 7s 7h 4d]
Seat 2: coeeeelho
Seat 1: Pon4uk.ua folded before Flop (didn't bet)
Seat 3: habib beye (button) folded before Flop (didn't bet)
Seat 4: ceeuentee (small blind) collected ($4.75)
Seat 5: sta$igk (big blind) folded on the River
Seat 6: paramourx folded before Flop (didn't bet)



PokerStars Hand #254688165107:  Hold'em No Limit ($0.50/$1.00 USD) - 2025/02/03 16:17:43 WET [2025/02/03 11:17:43 ET]
Table 'Arrakis II' 6-max Seat #4 is the button
Seat 2: coeeeelho ($100 in chips) is sitting out
Seat 1: Pon4uk.ua ($112.54 in chips) 
Seat 3: habib beye ($100 in chips) 
Seat 4: ceeuentee ($93.84 in chips) 
Seat 5: sta$igk ($100 in chips) 
Seat 6: paramourx ($105.55 in chips) 
sta$igk: posts small blind $0.50
paramourx: posts big blind $1
coeeeelho: sits out 
*** HOLE CARDS ***
Pon4uk.ua: folds 
habib beye: folds 
ceeuentee: folds 
sta$igk: raises $2 to $3
paramourx: folds 
Uncalled bet ($2) returned to sta$igk
sta$igk collected $2 from pot
sta$igk: doesn't show hand 
*** SUMMARY ***
Total pot $2 | Rake $0 
Seat 2: coeeeelho
Seat 1: Pon4uk.ua folded before Flop (didn't bet)
Seat 3: habib beye folded before Flop (didn't bet)
Seat 4: ceeuentee (button) folded before Flop (didn't bet)
Seat 5: sta$igk (small blind) collected ($2)
Seat 6: paramourx (big blind) folded before Flop



PokerStars Hand #254688167940:  Hold'em No Limit ($0.50/$1.00 USD) - 2025/02/03 16:17:56 WET [2025/02/03 11:17:56 ET]
Table 'Arrakis II' 6-max Seat #5 is the button
Seat 2: coeeeelho ($100 in chips) is sitting out
Seat 1: Pon4uk.ua ($112.54 in chips) 
Seat 3: habib beye ($100 in chips) 
Seat 4: ceeuentee ($93.84 in chips) 
Seat 5: sta$igk ($101 in chips) 
Seat 6: paramourx ($104.55 in chips) 
paramourx: posts small blind $0.50
Pon4uk.ua: posts big blind $1
coeeeelho: sits out 
*** HOLE CARDS ***
habib beye: folds 
ceeuentee: folds 
sta$igk: raises $1.50 to $2.50
paramourx: folds 
Pon4uk.ua: folds 
Uncalled bet ($1.50) returned to sta$igk
sta$igk collected $2.50 from pot
sta$igk: doesn't show hand 
*** SUMMARY ***
Total pot $2.50 | Rake $0 
Seat 2: coeeeelho
Seat 1: Pon4uk.ua (big blind) folded before Flop
Seat 3: habib beye folded before Flop (didn't bet)
Seat 4: ceeuentee folded before Flop (didn't bet)
Seat 5: sta$igk (button) collected ($2.50)
Seat 6: paramourx (small blind) folded before Flop



PokerStars Hand #254688170958:  Hold'em No Limit ($0.50/$1.00 USD) - 2025/02/03 16:18:10 WET [2025/02/03 11:18:10 ET]
Table 'Arrakis II' 6-max Seat #6 is the button
Seat 1: Pon4uk.ua ($111.54 in chips) 
Seat 2: coeeeelho ($100 in chips) 
Seat 3: habib beye ($100 in chips) 
Seat 4: ceeuentee ($93.84 in chips) 
Seat 5: sta$igk ($102.50 in chips) 
Seat 6: paramourx ($104.05 in chips) 
Pon4uk.ua: posts small blind $0.50
coeeeelho: posts big blind $1
*** HOLE CARDS ***
habib beye: folds 
ceeuentee: folds 
sta$igk: folds 
paramourx: folds 
Pon4uk.ua: raises $1.75 to $2.75
coeeeelho: raises $7.25 to $10
Pon4uk.ua: folds 
Uncalled bet ($7.25) returned to coeeeelho
coeeeelho collected $5.50 from pot
*** SUMMARY ***
Total pot $5.50 | Rake $0 
Seat 1: Pon4uk.ua (small blind) folded before Flop
Seat 2: coeeeelho (big blind) collected ($5.50)
Seat 3: habib beye folded before Flop (didn't bet)
Seat 4: ceeuentee folded before Flop (didn't bet)
Seat 5: sta$igk folded before Flop (didn't bet)
Seat 6: paramourx (button) folded before Flop (didn't bet)



PokerStars Hand #254688177688:  Hold'em No Limit ($0.50/$1.00 USD) - 2025/02/03 16:18:41 WET [2025/02/03 11:18:41 ET]
Table 'Arrakis II' 6-max Seat #1 is the button
Seat 1: Pon4uk.ua ($108.79 in chips) 
Seat 2: coeeeelho ($102.75 in chips) 
Seat 3: habib beye ($100 in chips) 
Seat 4: ceeuentee ($93.84 in chips) 
Seat 5: sta$igk ($102.50 in chips) 
Seat 6: paramourx ($104.05 in chips) 
coeeeelho: posts small blind $0.50
habib beye: posts big blind $1
*** HOLE CARDS ***
ceeuentee: folds 
sta$igk: folds 
paramourx: folds 
Pon4uk.ua: folds 
coeeeelho: folds 
Uncalled bet ($0.50) returned to habib beye
habib beye collected $1 from pot
*** SUMMARY ***
Total pot $1 | Rake $0 
Seat 1: Pon4uk.ua (button) folded before Flop (didn't bet)
Seat 2: coeeeelho (small blind) folded before Flop
Seat 3: habib beye (big blind) collected ($1)
Seat 4: ceeuentee folded before Flop (didn't bet)
Seat 5: sta$igk folded before Flop (didn't bet)
Seat 6: paramourx folded before Flop (didn't bet)



PokerStars Hand #254688182055:  Hold'em No Limit ($0.50/$1.00 USD) - 2025/02/03 16:19:00 WET [2025/02/03 11:19:00 ET]
Table 'Arrakis II' 6-max Seat #2 is the button
Seat 1: Pon4uk.ua ($108.79 in chips) 
Seat 2: coeeeelho ($102.25 in chips) 
Seat 3: habib beye ($100.50 in chips) 
Seat 4: ceeuentee ($93.84 in chips) 
Seat 5: sta$igk ($102.50 in chips) 
Seat 6: paramourx ($104.05 in chips) 
habib beye: posts small blind $0.50
ceeuentee: posts big blind $1
*** HOLE CARDS ***
sta$igk: folds 
paramourx: folds 
Pon4uk.ua: folds 
coeeeelho: raises $1.50 to $2.50
habib beye: folds 
ceeuentee: folds 
Uncalled bet ($1.50) returned to coeeeelho
coeeeelho collected $2.50 from pot
*** SUMMARY ***
Total pot $2.50 | Rake $0 
Seat 1: Pon4uk.ua folded before Flop (didn't bet)
Seat 2: coeeeelho (button) collected ($2.50)
Seat 3: habib beye (small blind) folded before Flop
Seat 4: ceeuentee (big blind) folded before Flop
Seat 5: sta$igk folded before Flop (didn't bet)
Seat 6: paramourx folded before Flop (didn't bet)



PokerStars Hand #254688185259:  Hold'em No Limit ($0.50/$1.00 USD) - 2025/02/03 16:19:15 WET [2025/02/03 11:19:15 ET]
Table 'Arrakis II' 6-max Seat #3 is the button
Seat 1: Pon4uk.ua ($108.79 in chips) 
Seat 2: coeeeelho ($103.75 in chips) 
Seat 3: habib beye ($100 in chips) 
Seat 4: ceeuentee ($92.84 in chips) 
Seat 5: sta$igk ($102.50 in chips) 
Seat 6: paramourx ($104.05 in chips) 
ceeuentee: posts small blind $0.50
sta$igk: posts big blind $1
*** HOLE CARDS ***
paramourx: folds 
Pon4uk.ua: folds 
coeeeelho: folds 
habib beye: raises $1.50 to $2.50
ceeuentee: raises $5 to $7.50
sta$igk: folds 
habib beye: calls $5
*** FLOP *** [4s Td 6c]
ceeuentee: bets $7.38
habib beye: folds 
Uncalled bet ($7.38) returned to ceeuentee
ceeuentee collected $15.20 from pot
ceeuentee: doesn't show hand 
*** SUMMARY ***
Total pot $16 | Rake $0.80 
Board [4s Td 6c]
Seat 1: Pon4uk.ua folded before Flop (didn't bet)
Seat 2: coeeeelho folded before Flop (didn't bet)
Seat 3: habib beye (button) folded on the Flop
Seat 4: ceeuentee (small blind) collected ($15.20)
Seat 5: sta$igk (big blind) folded before Flop
Seat 6: paramourx folded before Flop (didn't bet)



PokerStars Hand #254688195493:  Hold'em No Limit ($0.50/$1.00 USD) - 2025/02/03 16:20:02 WET [2025/02/03 11:20:02 ET]
Table 'Arrakis II' 6-max Seat #4 is the button
Seat 1: Pon4uk.ua ($108.79 in chips) 
Seat 2: coeeeelho ($103.75 in chips) 
Seat 3: habib beye ($100 in chips) 
Seat 4: ceeuentee ($100.54 in chips) 
Seat 5: sta$igk ($101.50 in chips) 
Seat 6: paramourx ($104.05 in chips) 
sta$igk: posts small blind $0.50
paramourx: posts big blind $1
*** HOLE CARDS ***
Pon4uk.ua: folds 
coeeeelho: folds 
habib beye: folds 
ceeuentee: folds 
sta$igk: raises $2 to $3
paramourx: folds 
Uncalled bet ($2) returned to sta$igk
sta$igk collected $2 from pot
sta$igk: doesn't show hand 
*** SUMMARY ***
Total pot $2 | Rake $0 
Seat 1: Pon4uk.ua folded before Flop (didn't bet)
Seat 2: coeeeelho folded before Flop (didn't bet)
Seat 3: habib beye folded before Flop (didn't bet)
Seat 4: ceeuentee (button) folded before Flop (didn't bet)
Seat 5: sta$igk (small blind) collected ($2)
Seat 6: paramourx (big blind) folded before Flop



PokerStars Hand #254688201737:  Hold'em No Limit ($0.50/$1.00 USD) - 2025/02/03 16:20:31 WET [2025/02/03 11:20:31 ET]
Table 'Arrakis II' 6-max Seat #5 is the button
Seat 1: Pon4uk.ua ($108.79 in chips) 
Seat 2: coeeeelho ($103.75 in chips) 
Seat 3: habib beye ($100 in chips) 
Seat 4: ceeuentee ($100.54 in chips) 
Seat 5: sta$igk ($102.50 in chips) 
Seat 6: paramourx ($103.05 in chips) 
paramourx: posts small blind $0.50
Pon4uk.ua: posts big blind $1
*** HOLE CARDS ***
coeeeelho: folds 
habib beye: raises $1.25 to $2.25
ceeuentee: folds 
sta$igk: folds 
paramourx: folds 
Pon4uk.ua: folds 
Uncalled bet ($1.25) returned to habib beye
habib beye collected $2.50 from pot
*** SUMMARY ***
Total pot $2.50 | Rake $0 
Seat 1: Pon4uk.ua (big blind) folded before Flop
Seat 2: coeeeelho folded before Flop (didn't bet)
Seat 3: habib beye collected ($2.50)
Seat 4: ceeuentee folded before Flop (didn't bet)
Seat 5: sta$igk (button) folded before Flop (didn't bet)
Seat 6: paramourx (small blind) folded before Flop



PokerStars Hand #254688205243:  Hold'em No Limit ($0.50/$1.00 USD) - 2025/02/03 16:20:47 WET [2025/02/03 11:20:47 ET]
Table 'Arrakis II' 6-max Seat #6 is the button
Seat 1: Pon4uk.ua ($107.79 in chips) 
Seat 2: coeeeelho ($103.75 in chips) 
Seat 3: habib beye ($101.50 in chips) 
Seat 4: ceeuentee ($100.54 in chips) 
Seat 5: sta$igk ($102.50 in chips) 
Seat 6: paramourx ($102.55 in chips) 
Pon4uk.ua: posts small blind $0.50
coeeeelho: posts big blind $1
*** HOLE CARDS ***
habib beye: folds 
ceeuentee: folds 
sta$igk: raises $1.50 to $2.50
paramourx: raises $5 to $7.50
Pon4uk.ua: folds 
coeeeelho: folds 
sta$igk: folds 
Uncalled bet ($5) returned to paramourx
paramourx collected $6.50 from pot
paramourx: doesn't show hand 
*** SUMMARY ***
Total pot $6.50 | Rake $0 
Seat 1: Pon4uk.ua (small blind) folded before Flop
Seat 2: coeeeelho (big blind) folded before Flop
Seat 3: habib beye folded before Flop (didn't bet)
Seat 4: ceeuentee folded before Flop (didn't bet)
Seat 5: sta$igk folded before Flop
Seat 6: paramourx (button) collected ($6.50)



PokerStars Hand #254688210315:  Hold'em No Limit ($0.50/$1.00 USD) - 2025/02/03 16:21:10 WET [2025/02/03 11:21:10 ET]
Table 'Arrakis II' 6-max Seat #1 is the button
Seat 1: Pon4uk.ua ($107.29 in chips) 
Seat 2: coeeeelho ($102.75 in chips) 
Seat 3: habib beye ($101.50 in chips) 
Seat 4: ceeuentee ($100.54 in chips) 
Seat 5: sta$igk ($100 in chips) 
Seat 6: paramourx ($106.55 in chips) 
coeeeelho: posts small blind $0.50
habib beye: posts big blind $1
*** HOLE CARDS ***
ceeuentee: folds 
sta$igk: folds 
paramourx: raises $2 to $3
Pon4uk.ua has timed out
Pon4uk.ua: folds 
coeeeelho: folds 
habib beye: folds 
Uncalled bet ($2) returned to paramourx
paramourx collected $2.50 from pot
paramourx: doesn't show hand 
*** SUMMARY ***
Total pot $2.50 | Rake $0 
Seat 1: Pon4uk.ua (button) folded before Flop (didn't bet)
Seat 2: coeeeelho (small blind) folded before Flop
Seat 3: habib beye (big blind) folded before Flop
Seat 4: ceeuentee folded before Flop (didn't bet)
Seat 5: sta$igk folded before Flop (didn't bet)
Seat 6: paramourx collected ($2.50)



PokerStars Hand #254688220094:  Hold'em No Limit ($0.50/$1.00 USD) - 2025/02/03 16:21:54 WET [2025/02/03 11:21:54 ET]
Table 'Arrakis II' 6-max Seat #2 is the button
Seat 1: Pon4uk.ua ($107.29 in chips) 
Seat 2: coeeeelho ($102.25 in chips) 
Seat 3: habib beye ($100.50 in chips) 
Seat 4: ceeuentee ($100.54 in chips) 
Seat 5: sta$igk ($100 in chips) 
Seat 6: paramourx ($108.05 in chips) 
habib beye: posts small blind $0.50
ceeuentee: posts big blind $1
*** HOLE CARDS ***
sta$igk: raises $1.50 to $2.50
paramourx: folds 
Pon4uk.ua: folds 
coeeeelho: folds 
habib beye: folds 
ceeuentee: folds 
Uncalled bet ($1.50) returned to sta$igk
sta$igk collected $2.50 from pot
sta$igk: doesn't show hand 
*** SUMMARY ***
Total pot $2.50 | Rake $0 
Seat 1: Pon4uk.ua folded before Flop (didn't bet)
Seat 2: coeeeelho (button) folded before Flop (didn't bet)
Seat 3: habib beye (small blind) folded before Flop
Seat 4: ceeuentee (big blind) folded before Flop
Seat 5: sta$igk collected ($2.50)
Seat 6: paramourx folded before Flop (didn't bet)



PokerStars Hand #254688224045:  Hold'em No Limit ($0.50/$1.00 USD) - 2025/02/03 16:22:13 WET [2025/02/03 11:22:13 ET]
Table 'Arrakis II' 6-max Seat #3 is the button
Seat 1: Pon4uk.ua ($107.29 in chips) 
Seat 2: coeeeelho ($102.25 in chips) 
Seat 3: habib beye ($100 in chips) 
Seat 4: ceeuentee ($99.54 in chips) 
Seat 5: sta$igk ($101.50 in chips) 
Seat 6: paramourx ($108.05 in chips) 
ceeuentee: posts small blind $0.50
sta$igk: posts big blind $1
*** HOLE CARDS ***
paramourx: raises $2 to $3
Pon4uk.ua: folds 
coeeeelho: folds 
habib beye: folds 
ceeuentee: calls $2.50
sta$igk: folds 
*** FLOP *** [9d 8d Ks]
ceeuentee: checks 
paramourx: bets $3.33
ceeuentee: calls $3.33
*** TURN *** [9d 8d Ks] [6d]
ceeuentee: checks 
paramourx: checks 
*** RIVER *** [9d 8d Ks 6d] [Kh]
ceeuentee: checks 
paramourx: checks 
*** SHOW DOWN ***
ceeuentee: shows [Jc Kd] (three of a kind, Kings)
paramourx: mucks hand 
ceeuentee collected $12.98 from pot
*** SUMMARY ***
Total pot $13.66 | Rake $0.68 
Board [9d 8d Ks 6d Kh]
Seat 1: Pon4uk.ua folded before Flop (didn't bet)
Seat 2: coeeeelho folded before Flop (didn't bet)
Seat 3: habib beye (button) folded before Flop (didn't bet)
Seat 4: ceeuentee (small blind) showed [Jc Kd] and won ($12.98) with three of a kind, Kings
Seat 5: sta$igk (big blind) folded before Flop
Seat 6: paramourx mucked



PokerStars Hand #254688243147:  Hold'em No Limit ($0.50/$1.00 USD) - 2025/02/03 16:23:41 WET [2025/02/03 11:23:41 ET]
Table 'Arrakis II' 6-max Seat #4 is the button
Seat 6: paramourx ($101.72 in chips) is sitting out
Seat 1: Pon4uk.ua ($107.29 in chips) 
Seat 2: coeeeelho ($102.25 in chips) 
Seat 3: habib beye ($100 in chips) 
Seat 4: ceeuentee ($106.19 in chips) 
Seat 5: sta$igk ($100.50 in chips) 
sta$igk: posts small blind $0.50
paramourx: is sitting out 
Pon4uk.ua: posts big blind $1
*** HOLE CARDS ***
coeeeelho: folds 
habib beye: folds 
paramourx leaves the table
ceeuentee: raises $1.50 to $2.50
sta$igk: folds 
BoyLoc0 joins the table at seat #6 
Pon4uk.ua: calls $1.50
*** FLOP *** [7s Ks Th]
Pon4uk.ua: checks 
ceeuentee: bets $2.19
Pon4uk.ua: calls $2.19
*** TURN *** [7s Ks Th] [6h]
Pon4uk.ua: checks 
ceeuentee: checks 
*** RIVER *** [7s Ks Th 6h] [4d]
Pon4uk.ua: bets $3.10
ceeuentee: folds 
Uncalled bet ($3.10) returned to Pon4uk.ua
Pon4uk.ua collected $9.39 from pot
Pon4uk.ua: doesn't show hand 
*** SUMMARY ***
Total pot $9.88 | Rake $0.49 
Board [7s Ks Th 6h 4d]
Seat 6: paramourx
Seat 1: Pon4uk.ua (big blind) collected ($9.39)
Seat 2: coeeeelho folded before Flop (didn't bet)
Seat 3: habib beye folded before Flop (didn't bet)
Seat 4: ceeuentee (button) folded on the River
Seat 5: sta$igk (small blind) folded before Flop



PokerStars Hand #254688252572:  Hold'em No Limit ($0.50/$1.00 USD) - 2025/02/03 16:24:24 WET [2025/02/03 11:24:24 ET]
Table 'Arrakis II' 6-max Seat #5 is the button
Seat 6: BoyLoc0 ($100 in chips) is sitting out
Seat 1: Pon4uk.ua ($111.99 in chips) 
Seat 2: coeeeelho ($102.25 in chips) 
Seat 3: habib beye ($100 in chips) 
Seat 4: ceeuentee ($101.50 in chips) 
Seat 5: sta$igk ($100 in chips) 
Pon4uk.ua: posts small blind $0.50
coeeeelho: posts big blind $1
*** HOLE CARDS ***
habib beye: folds 
ceeuentee: folds 
sta$igk: raises $1.50 to $2.50
Pon4uk.ua: folds 
coeeeelho: folds 
Uncalled bet ($1.50) returned to sta$igk
sta$igk collected $2.50 from pot
sta$igk: doesn't show hand 
*** SUMMARY ***
Total pot $2.50 | Rake $0 
Seat 6: BoyLoc0
Seat 1: Pon4uk.ua (small blind) folded before Flop
Seat 2: coeeeelho (big blind) folded before Flop
Seat 3: habib beye folded before Flop (didn't bet)
Seat 4: ceeuentee folded before Flop (didn't bet)
Seat 5: sta$igk (button) collected ($2.50)



PokerStars Hand #254688257764:  Hold'em No Limit ($0.50/$1.00 USD) - 2025/02/03 16:24:47 WET [2025/02/03 11:24:47 ET]
Table 'Arrakis II' 6-max Seat #1 is the button
Seat 6: BoyLoc0 ($100 in chips) is sitting out
Seat 1: Pon4uk.ua ($111.49 in chips) 
Seat 2: coeeeelho ($101.25 in chips) 
Seat 3: habib beye ($100 in chips) 
Seat 4: ceeuentee ($101.50 in chips) 
Seat 5: sta$igk ($101.50 in chips) 
coeeeelho: posts small blind $0.50
habib beye: posts big blind $1
BoyLoc0: sits out 
*** HOLE CARDS ***
ceeuentee: folds 
sta$igk: raises $1.50 to $2.50
Pon4uk.ua: folds 
coeeeelho: folds 
habib beye: folds 
Uncalled bet ($1.50) returned to sta$igk
sta$igk collected $2.50 from pot
sta$igk: doesn't show hand 
*** SUMMARY ***
Total pot $2.50 | Rake $0 
Seat 6: BoyLoc0
Seat 1: Pon4uk.ua (button) folded before Flop (didn't bet)
Seat 2: coeeeelho (small blind) folded before Flop
Seat 3: habib beye (big blind) folded before Flop
Seat 4: ceeuentee folded before Flop (didn't bet)
Seat 5: sta$igk collected ($2.50)



PokerStars Hand #254688262257:  Hold'em No Limit ($0.50/$1.00 USD) - 2025/02/03 16:25:07 WET [2025/02/03 11:25:07 ET]
Table 'Arrakis II' 6-max Seat #2 is the button
Seat 6: BoyLoc0 ($100 in chips) is sitting out
Seat 1: Pon4uk.ua ($111.49 in chips) 
Seat 2: coeeeelho ($100.75 in chips) 
Seat 3: habib beye ($100 in chips) 
Seat 4: ceeuentee ($101.50 in chips) 
Seat 5: sta$igk ($103 in chips) 
habib beye: posts small blind $0.50
ceeuentee: posts big blind $1
BoyLoc0: sits out 
*** HOLE CARDS ***
sta$igk: folds 
Pon4uk.ua: folds 
coeeeelho: raises $1.20 to $2.20
habib beye: folds 
ceeuentee: folds 
Uncalled bet ($1.20) returned to coeeeelho
coeeeelho collected $2.50 from pot
*** SUMMARY ***
Total pot $2.50 | Rake $0 
Seat 6: BoyLoc0
Seat 1: Pon4uk.ua folded before Flop (didn't bet)
Seat 2: coeeeelho (button) collected ($2.50)
Seat 3: habib beye (small blind) folded before Flop
Seat 4: ceeuentee (big blind) folded before Flop
Seat 5: sta$igk folded before Flop (didn't bet)



PokerStars Hand #254688265651:  Hold'em No Limit ($0.50/$1.00 USD) - 2025/02/03 16:25:23 WET [2025/02/03 11:25:23 ET]
Table 'Arrakis II' 6-max Seat #3 is the button
Seat 6: BoyLoc0 ($100 in chips) is sitting out
Seat 1: Pon4uk.ua ($111.49 in chips) 
Seat 2: coeeeelho ($102.25 in chips) 
Seat 3: habib beye ($100 in chips) 
Seat 4: ceeuentee ($100.50 in chips) 
Seat 5: sta$igk ($103 in chips) 
ceeuentee: posts small blind $0.50
sta$igk: posts big blind $1
BoyLoc0: sits out 
*** HOLE CARDS ***
Pon4uk.ua: folds 
coeeeelho: raises $1.20 to $2.20
habib beye: folds 
ceeuentee: calls $1.70
sta$igk: folds 
*** FLOP *** [Ah 5s 3s]
ceeuentee: checks 
coeeeelho: bets $1.28
ceeuentee: calls $1.28
*** TURN *** [Ah 5s 3s] [As]
ceeuentee: checks 
coeeeelho: checks 
*** RIVER *** [Ah 5s 3s As] [Ad]
ceeuentee: checks 
coeeeelho: bets $4
ceeuentee: folds 
Uncalled bet ($4) returned to coeeeelho
coeeeelho collected $7.56 from pot
*** SUMMARY ***
Total pot $7.96 | Rake $0.40 
Board [Ah 5s 3s As Ad]
Seat 6: BoyLoc0
Seat 1: Pon4uk.ua folded before Flop (didn't bet)
Seat 2: coeeeelho collected ($7.56)
Seat 3: habib beye (button) folded before Flop (didn't bet)
Seat 4: ceeuentee (small blind) folded on the River
Seat 5: sta$igk (big blind) folded before Flop



PokerStars Hand #254688274740:  Hold'em No Limit ($0.50/$1.00 USD) - 2025/02/03 16:26:04 WET [2025/02/03 11:26:04 ET]
Table 'Arrakis II' 6-max Seat #4 is the button
Seat 1: Pon4uk.ua ($111.49 in chips) 
Seat 2: coeeeelho ($106.33 in chips) 
Seat 3: habib beye ($100 in chips) 
Seat 4: ceeuentee ($97.02 in chips) 
Seat 5: sta$igk ($102 in chips) 
Seat 6: BoyLoc0 ($100 in chips) 
sta$igk: posts small blind $0.50
BoyLoc0: posts big blind $1
*** HOLE CARDS ***
Pon4uk.ua: folds 
coeeeelho: folds 
habib beye: folds 
ceeuentee: folds 
sta$igk: raises $2 to $3
BoyLoc0: calls $2
*** FLOP *** [3d 6h 9s]
sta$igk: checks 
BoyLoc0: bets $4.28
sta$igk: folds 
Uncalled bet ($4.28) returned to BoyLoc0
BoyLoc0 collected $5.70 from pot
BoyLoc0: doesn't show hand 
*** SUMMARY ***
Total pot $6 | Rake $0.30 
Board [3d 6h 9s]
Seat 1: Pon4uk.ua folded before Flop (didn't bet)
Seat 2: coeeeelho folded before Flop (didn't bet)
Seat 3: habib beye folded before Flop (didn't bet)
Seat 4: ceeuentee (button) folded before Flop (didn't bet)
Seat 5: sta$igk (small blind) folded on the Flop
Seat 6: BoyLoc0 (big blind) collected ($5.70)



PokerStars Hand #254688282167:  Hold'em No Limit ($0.50/$1.00 USD) - 2025/02/03 16:26:38 WET [2025/02/03 11:26:38 ET]
Table 'Arrakis II' 6-max Seat #5 is the button
Seat 1: Pon4uk.ua ($111.49 in chips) 
Seat 2: coeeeelho ($106.33 in chips) 
Seat 3: habib beye ($100 in chips) 
Seat 4: ceeuentee ($97.02 in chips) 
Seat 5: sta$igk ($100 in chips) 
Seat 6: BoyLoc0 ($102.70 in chips) 
BoyLoc0: posts small blind $0.50
Pon4uk.ua: posts big blind $1
*** HOLE CARDS ***
coeeeelho: raises $1.20 to $2.20
habib beye: folds 
ceeuentee: folds 
sta$igk: raises $5.30 to $7.50
BoyLoc0: folds 
Pon4uk.ua: folds 
coeeeelho: folds 
Uncalled bet ($5.30) returned to sta$igk
sta$igk collected $5.90 from pot
sta$igk: doesn't show hand 
*** SUMMARY ***
Total pot $5.90 | Rake $0 
Seat 1: Pon4uk.ua (big blind) folded before Flop
Seat 2: coeeeelho folded before Flop
Seat 3: habib beye folded before Flop (didn't bet)
Seat 4: ceeuentee folded before Flop (didn't bet)
Seat 5: sta$igk (button) collected ($5.90)
Seat 6: BoyLoc0 (small blind) folded before Flop



PokerStars Hand #254688288300:  Hold'em No Limit ($0.50/$1.00 USD) - 2025/02/03 16:27:05 WET [2025/02/03 11:27:05 ET]
Table 'Arrakis II' 6-max Seat #6 is the button
Seat 1: Pon4uk.ua ($110.49 in chips) 
Seat 2: coeeeelho ($104.13 in chips) 
Seat 3: habib beye ($100 in chips) 
Seat 4: ceeuentee ($97.02 in chips) 
Seat 5: sta$igk ($103.70 in chips) 
Seat 6: BoyLoc0 ($102.20 in chips) 
Pon4uk.ua: posts small blind $0.50
coeeeelho: posts big blind $1
*** HOLE CARDS ***
habib beye: folds 
ceeuentee: folds 
sta$igk: raises $1.50 to $2.50
BoyLoc0: folds 
Pon4uk.ua: folds 
coeeeelho: calls $1.50
*** FLOP *** [Qd 5c 7s]
coeeeelho: checks 
sta$igk: bets $3.92
coeeeelho: calls $3.92
*** TURN *** [Qd 5c 7s] [9h]
coeeeelho: checks 
sta$igk: checks 
*** RIVER *** [Qd 5c 7s 9h] [Ks]
coeeeelho: checks 
sta$igk: bets $9.50
coeeeelho: calls $9.50
*** SHOW DOWN ***
sta$igk: shows [Kh 3h] (a pair of Kings)
coeeeelho: mucks hand 
sta$igk collected $30.72 from pot
*** SUMMARY ***
Total pot $32.34 | Rake $1.62 
Board [Qd 5c 7s 9h Ks]
Seat 1: Pon4uk.ua (small blind) folded before Flop
Seat 2: coeeeelho (big blind) mucked
Seat 3: habib beye folded before Flop (didn't bet)
Seat 4: ceeuentee folded before Flop (didn't bet)
Seat 5: sta$igk showed [Kh 3h] and won ($30.72) with a pair of Kings
Seat 6: BoyLoc0 (button) folded before Flop (didn't bet)



PokerStars Hand #254688302437:  Hold'em No Limit ($0.50/$1.00 USD) - 2025/02/03 16:28:09 WET [2025/02/03 11:28:09 ET]
Table 'Arrakis II' 6-max Seat #1 is the button
Seat 1: Pon4uk.ua ($109.99 in chips) 
Seat 2: coeeeelho ($100 in chips) 
Seat 3: habib beye ($100 in chips) 
Seat 4: ceeuentee ($97.02 in chips) 
Seat 5: sta$igk ($118.50 in chips) 
Seat 6: BoyLoc0 ($102.20 in chips) 
coeeeelho: posts small blind $0.50
habib beye: posts big blind $1
*** HOLE CARDS ***
ceeuentee: raises $1.50 to $2.50
sta$igk: raises $5 to $7.50
BoyLoc0: folds 
Pon4uk.ua: folds 
coeeeelho: folds 
habib beye: folds 
ceeuentee: raises $10 to $17.50
sta$igk: folds 
Uncalled bet ($10) returned to ceeuentee
ceeuentee collected $16.50 from pot
ceeuentee: doesn't show hand 
*** SUMMARY ***
Total pot $16.50 | Rake $0 
Seat 1: Pon4uk.ua (button) folded before Flop (didn't bet)
Seat 2: coeeeelho (small blind) folded before Flop
Seat 3: habib beye (big blind) folded before Flop
Seat 4: ceeuentee collected ($16.50)
Seat 5: sta$igk folded before Flop
Seat 6: BoyLoc0 folded before Flop (didn't bet)



PokerStars Hand #254688312618:  Hold'em No Limit ($0.50/$1.00 USD) - 2025/02/03 16:28:55 WET [2025/02/03 11:28:55 ET]
Table 'Arrakis II' 6-max Seat #2 is the button
Seat 4: ceeuentee ($106.02 in chips) is sitting out
Seat 1: Pon4uk.ua ($109.99 in chips) 
Seat 2: coeeeelho ($100 in chips) 
Seat 3: habib beye ($100 in chips) 
Seat 5: sta$igk ($111 in chips) 
Seat 6: BoyLoc0 ($102.20 in chips) 
habib beye: posts small blind $0.50
ceeuentee: is sitting out 
sta$igk: posts big blind $1
*** HOLE CARDS ***
BoyLoc0: folds 
ceeuentee leaves the table
Pon4uk.ua: folds 
coeeeelho: folds 
habib beye: folds 
Uncalled bet ($0.50) returned to sta$igk
sta$igk collected $1 from pot
sta$igk: doesn't show hand 
*** SUMMARY ***
Total pot $1 | Rake $0 
Seat 4: ceeuentee
Seat 1: Pon4uk.ua folded before Flop (didn't bet)
Seat 2: coeeeelho (button) folded before Flop (didn't bet)
Seat 3: habib beye (small blind) folded before Flop
Seat 5: sta$igk (big blind) collected ($1)
Seat 6: BoyLoc0 folded before Flop (didn't bet)



PokerStars Hand #254688315942:  Hold'em No Limit ($0.50/$1.00 USD) - 2025/02/03 16:29:10 WET [2025/02/03 11:29:10 ET]
Table 'Arrakis II' 6-max Seat #3 is the button
Seat 1: Pon4uk.ua ($109.99 in chips) 
Seat 2: coeeeelho ($100 in chips) 
Seat 3: habib beye ($100 in chips) 
Seat 5: sta$igk ($111.50 in chips) 
Seat 6: BoyLoc0 ($102.20 in chips) 
sta$igk: posts small blind $0.50
BoyLoc0: posts big blind $1
*** HOLE CARDS ***
Pon4uk.ua: raises $1 to $2
coeeeelho: folds 
habib beye: folds 
habib beye leaves the table
sta$igk: folds 
BoyLoc0: folds 
Uncalled bet ($1) returned to Pon4uk.ua
BoyLoc0 leaves the table
Pon4uk.ua collected $2.50 from pot
Pon4uk.ua: doesn't show hand 
*** SUMMARY ***
Total pot $2.50 | Rake $0 
Seat 1: Pon4uk.ua collected ($2.50)
Seat 2: coeeeelho folded before Flop (didn't bet)
Seat 3: habib beye (button) folded before Flop (didn't bet)
Seat 5: sta$igk (small blind) folded before Flop
Seat 6: BoyLoc0 (big blind) folded before Flop



PokerStars Hand #254688319329:  Hold'em No Limit ($0.50/$1.00 USD) - 2025/02/03 16:29:25 WET [2025/02/03 11:29:25 ET]
Table 'Arrakis II' 6-max Seat #5 is the button
Seat 1: Pon4uk.ua ($111.49 in chips) 
Seat 2: coeeeelho ($100 in chips) 
Seat 5: sta$igk ($111 in chips) 
Pon4uk.ua: posts small blind $0.50
coeeeelho: posts big blind $1
*** HOLE CARDS ***
sta$igk: folds 
Pon4uk.ua: folds 
Uncalled bet ($0.50) returned to coeeeelho
coeeeelho collected $1 from pot
*** SUMMARY ***
Total pot $1 | Rake $0 
Seat 1: Pon4uk.ua (small blind) folded before Flop
Seat 2: coeeeelho (big blind) collected ($1)
Seat 5: sta$igk (button) folded before Flop (didn't bet)



