PokerStars Hand #254684522811:  Hold'em No Limit ($0.50/$1.00 USD) - 2025/02/03 9:19:27 WET [2025/02/03 4:19:27 ET]
Table 'Asterope' 6-max Seat #1 is the button
Seat 1: akbloger ($100 in chips) 
Seat 5: csvck ($40 in chips) 
Seat 6: NikoPale ($100 in chips) 
csvck: posts small blind $0.50
NikoPale: posts big blind $1
*** HOLE CARDS ***
akbloger: raises $1.50 to $2.50
avlee1 joins the table at seat #2 
value_ftw joins the table at seat #4 
csvck: calls $2
NikoPale: raises $11.50 to $14
akbloger: folds 
csvck: folds 
Uncalled bet ($11.50) returned to NikoPale
NikoPale collected $7.50 from pot
NikoPale: doesn't show hand 
*** SUMMARY ***
Total pot $7.50 | Rake $0 
Seat 1: akbloger (button) folded before Flop
Seat 5: csvck (small blind) folded before Flop
Seat 6: NikoPale (big blind) collected ($7.50)



PokerStars Hand #254684526815:  Hold'em No Limit ($0.50/$1.00 USD) - 2025/02/03 9:20:13 WET [2025/02/03 4:20:13 ET]
Table 'Asterope' 6-max Seat #5 is the button
Seat 2: avlee1 ($100 in chips) is sitting out
Seat 4: value_ftw ($100 in chips) is sitting out
Seat 1: akbloger ($100 in chips) 
Seat 5: csvck ($37.50 in chips) 
Seat 6: NikoPale ($105 in chips) 
NikoPale: posts small blind $0.50
akbloger: posts big blind $1
avlee1: sits out 
value_ftw: sits out 
*** HOLE CARDS ***
csvck: folds 
NikoPale: raises $2 to $3
Chiarelli99 joins the table at seat #3 
akbloger: folds 
Uncalled bet ($2) returned to NikoPale
NikoPale collected $2 from pot
NikoPale: doesn't show hand 
*** SUMMARY ***
Total pot $2 | Rake $0 
Seat 2: avlee1
Seat 4: value_ftw
Seat 1: akbloger (big blind) folded before Flop
Seat 5: csvck (button) folded before Flop (didn't bet)
Seat 6: NikoPale (small blind) collected ($2)



PokerStars Hand #254684528038:  Hold'em No Limit ($0.50/$1.00 USD) - 2025/02/03 9:20:28 WET [2025/02/03 4:20:28 ET]
Table 'Asterope' 6-max Seat #6 is the button
Seat 3: Chiarelli99 ($100 in chips) is sitting out
Seat 4: value_ftw ($100 in chips) is sitting out
Seat 1: akbloger ($100 in chips) 
Seat 2: avlee1 ($100 in chips) 
Seat 5: csvck ($37.50 in chips) 
Seat 6: NikoPale ($106 in chips) 
akbloger: posts small blind $0.50
avlee1: posts big blind $1
Chiarelli99: sits out 
value_ftw: sits out 
*** HOLE CARDS ***
csvck: folds 
NikoPale: folds 
akbloger: raises $1.50 to $2.50
avlee1: folds 
Uncalled bet ($1.50) returned to akbloger
akbloger collected $2 from pot
akbloger: doesn't show hand 
*** SUMMARY ***
Total pot $2 | Rake $0 
Seat 3: Chiarelli99
Seat 4: value_ftw
Seat 1: akbloger (small blind) collected ($2)
Seat 2: avlee1 (big blind) folded before Flop
Seat 5: csvck folded before Flop (didn't bet)
Seat 6: NikoPale (button) folded before Flop (didn't bet)



PokerStars Hand #254684529182:  Hold'em No Limit ($0.50/$1.00 USD) - 2025/02/03 9:20:42 WET [2025/02/03 4:20:42 ET]
Table 'Asterope' 6-max Seat #1 is the button
Seat 4: value_ftw ($100 in chips) is sitting out
Seat 1: akbloger ($101 in chips) 
Seat 2: avlee1 ($100 in chips) 
Seat 3: Chiarelli99 ($100 in chips) 
Seat 5: csvck ($37.50 in chips) 
Seat 6: NikoPale ($106 in chips) 
avlee1: posts small blind $0.50
Chiarelli99: posts big blind $1
value_ftw: sits out 
*** HOLE CARDS ***
csvck: calls $1
NikoPale: raises $4 to $5
akbloger: folds 
avlee1: folds 
Chiarelli99: folds 
csvck: calls $4
*** FLOP *** [9h 7s Kc]
csvck: checks 
NikoPale: checks 
*** TURN *** [9h 7s Kc] [6h]
csvck: checks 
NikoPale: checks 
*** RIVER *** [9h 7s Kc 6h] [2c]
csvck: checks 
NikoPale: checks 
*** SHOW DOWN ***
csvck: shows [Ah 8h] (high card Ace)
NikoPale: mucks hand 
csvck collected $10.92 from pot
*** SUMMARY ***
Total pot $11.50 | Rake $0.58 
Board [9h 7s Kc 6h 2c]
Seat 4: value_ftw
Seat 1: akbloger (button) folded before Flop (didn't bet)
Seat 2: avlee1 (small blind) folded before Flop
Seat 3: Chiarelli99 (big blind) folded before Flop
Seat 5: csvck showed [Ah 8h] and won ($10.92) with high card Ace
Seat 6: NikoPale mucked



PokerStars Hand #254684533214:  Hold'em No Limit ($0.50/$1.00 USD) - 2025/02/03 9:21:29 WET [2025/02/03 4:21:29 ET]
Table 'Asterope' 6-max Seat #2 is the button
Seat 1: akbloger ($101 in chips) 
Seat 2: avlee1 ($100 in chips) 
Seat 3: Chiarelli99 ($100 in chips) 
Seat 4: value_ftw ($100 in chips) 
Seat 5: csvck ($43.42 in chips) 
Seat 6: NikoPale ($101 in chips) 
Chiarelli99: posts small blind $0.50
value_ftw: posts big blind $1
*** HOLE CARDS ***
csvck: calls $1
NikoPale: raises $4 to $5
akbloger: folds 
avlee1: folds 
Chiarelli99: folds 
value_ftw: folds 
csvck: calls $4
*** FLOP *** [Kd 3h 4h]
csvck: checks 
NikoPale: checks 
*** TURN *** [Kd 3h 4h] [7d]
csvck: checks 
NikoPale: bets $7.32
csvck: calls $7.32
*** RIVER *** [Kd 3h 4h 7d] [3c]
csvck: bets $24.83
NikoPale: folds 
Uncalled bet ($24.83) returned to csvck
csvck collected $24.83 from pot
*** SUMMARY ***
Total pot $26.14 | Rake $1.31 
Board [Kd 3h 4h 7d 3c]
Seat 1: akbloger folded before Flop (didn't bet)
Seat 2: avlee1 (button) folded before Flop (didn't bet)
Seat 3: Chiarelli99 (small blind) folded before Flop
Seat 4: value_ftw (big blind) folded before Flop
Seat 5: csvck collected ($24.83)
Seat 6: NikoPale folded on the River



PokerStars Hand #254684538175:  Hold'em No Limit ($0.50/$1.00 USD) - 2025/02/03 9:22:28 WET [2025/02/03 4:22:28 ET]
Table 'Asterope' 6-max Seat #3 is the button
Seat 1: akbloger ($101 in chips) 
Seat 2: avlee1 ($100 in chips) 
Seat 3: Chiarelli99 ($100 in chips) 
Seat 4: value_ftw ($100 in chips) 
Seat 5: csvck ($55.93 in chips) 
Seat 6: NikoPale ($100 in chips) 
value_ftw: posts small blind $0.50
csvck: posts big blind $1
*** HOLE CARDS ***
NikoPale: folds 
akbloger: raises $1.50 to $2.50
avlee1: raises $5.50 to $8
Chiarelli99: folds 
value_ftw: folds 
csvck: folds 
akbloger: folds 
Uncalled bet ($5.50) returned to avlee1
avlee1 collected $6.50 from pot
avlee1: doesn't show hand 
*** SUMMARY ***
Total pot $6.50 | Rake $0 
Seat 1: akbloger folded before Flop
Seat 2: avlee1 collected ($6.50)
Seat 3: Chiarelli99 (button) folded before Flop (didn't bet)
Seat 4: value_ftw (small blind) folded before Flop
Seat 5: csvck (big blind) folded before Flop
Seat 6: NikoPale folded before Flop (didn't bet)



PokerStars Hand #254684541038:  Hold'em No Limit ($0.50/$1.00 USD) - 2025/02/03 9:23:02 WET [2025/02/03 4:23:02 ET]
Table 'Asterope' 6-max Seat #4 is the button
Seat 1: akbloger ($100 in chips) 
Seat 2: avlee1 ($104 in chips) 
Seat 3: Chiarelli99 ($100 in chips) 
Seat 4: value_ftw ($100 in chips) 
Seat 5: csvck ($54.93 in chips) 
Seat 6: NikoPale ($100 in chips) 
csvck: posts small blind $0.50
NikoPale: posts big blind $1
*** HOLE CARDS ***
akbloger: folds 
avlee1: folds 
Chiarelli99: folds 
value_ftw: folds 
csvck: calls $0.50
NikoPale: checks 
*** FLOP *** [Jc 6d Ac]
csvck: checks 
NikoPale: checks 
*** TURN *** [Jc 6d Ac] [9d]
csvck: checks 
NikoPale: checks 
*** RIVER *** [Jc 6d Ac 9d] [9h]
csvck: checks 
NikoPale: bets $1.27
csvck: folds 
Uncalled bet ($1.27) returned to NikoPale
NikoPale collected $1.90 from pot
NikoPale: doesn't show hand 
*** SUMMARY ***
Total pot $2 | Rake $0.10 
Board [Jc 6d Ac 9d 9h]
Seat 1: akbloger folded before Flop (didn't bet)
Seat 2: avlee1 folded before Flop (didn't bet)
Seat 3: Chiarelli99 folded before Flop (didn't bet)
Seat 4: value_ftw (button) folded before Flop (didn't bet)
Seat 5: csvck (small blind) folded on the River
Seat 6: NikoPale (big blind) collected ($1.90)



PokerStars Hand #254684543410:  Hold'em No Limit ($0.50/$1.00 USD) - 2025/02/03 9:23:30 WET [2025/02/03 4:23:30 ET]
Table 'Asterope' 6-max Seat #5 is the button
Seat 1: akbloger ($100 in chips) 
Seat 2: avlee1 ($104 in chips) 
Seat 3: Chiarelli99 ($100 in chips) 
Seat 4: value_ftw ($100 in chips) 
Seat 5: csvck ($53.93 in chips) 
Seat 6: NikoPale ($100.90 in chips) 
NikoPale: posts small blind $0.50
akbloger: posts big blind $1
*** HOLE CARDS ***
avlee1: folds 
Chiarelli99: folds 
value_ftw: raises $1.20 to $2.20
csvck: folds 
NikoPale: folds 
akbloger: calls $1.20
*** FLOP *** [Kc 4d Jd]
akbloger: checks 
value_ftw: bets $3.50
akbloger: calls $3.50
*** TURN *** [Kc 4d Jd] [6s]
akbloger: checks 
value_ftw: bets $18.11
akbloger: folds 
Uncalled bet ($18.11) returned to value_ftw
value_ftw collected $11.30 from pot
value_ftw: doesn't show hand 
*** SUMMARY ***
Total pot $11.90 | Rake $0.60 
Board [Kc 4d Jd 6s]
Seat 1: akbloger (big blind) folded on the Turn
Seat 2: avlee1 folded before Flop (didn't bet)
Seat 3: Chiarelli99 folded before Flop (didn't bet)
Seat 4: value_ftw collected ($11.30)
Seat 5: csvck (button) folded before Flop (didn't bet)
Seat 6: NikoPale (small blind) folded before Flop



PokerStars Hand #254684550976:  Hold'em No Limit ($0.50/$1.00 USD) - 2025/02/03 9:24:56 WET [2025/02/03 4:24:56 ET]
Table 'Asterope' 6-max Seat #6 is the button
Seat 1: akbloger ($100 in chips) 
Seat 2: avlee1 ($104 in chips) 
Seat 3: Chiarelli99 ($100 in chips) 
Seat 4: value_ftw ($105.60 in chips) 
Seat 5: csvck ($53.93 in chips) 
Seat 6: NikoPale ($100.40 in chips) 
akbloger: posts small blind $0.50
avlee1: posts big blind $1
*** HOLE CARDS ***
Chiarelli99: folds 
value_ftw: folds 
csvck: raises $1 to $2
NikoPale: folds 
akbloger: folds 
avlee1: calls $1
*** FLOP *** [4h Ac 3s]
avlee1: checks 
csvck: bets $2
avlee1: folds 
Uncalled bet ($2) returned to csvck
csvck collected $4.28 from pot
*** SUMMARY ***
Total pot $4.50 | Rake $0.22 
Board [4h Ac 3s]
Seat 1: akbloger (small blind) folded before Flop
Seat 2: avlee1 (big blind) folded on the Flop
Seat 3: Chiarelli99 folded before Flop (didn't bet)
Seat 4: value_ftw folded before Flop (didn't bet)
Seat 5: csvck collected ($4.28)
Seat 6: NikoPale (button) folded before Flop (didn't bet)



PokerStars Hand #254684553466:  Hold'em No Limit ($0.50/$1.00 USD) - 2025/02/03 9:25:23 WET [2025/02/03 4:25:23 ET]
Table 'Asterope' 6-max Seat #1 is the button
Seat 1: akbloger ($100 in chips) 
Seat 2: avlee1 ($102 in chips) 
Seat 3: Chiarelli99 ($100 in chips) 
Seat 4: value_ftw ($105.60 in chips) 
Seat 5: csvck ($56.21 in chips) 
Seat 6: NikoPale ($100.40 in chips) 
avlee1: posts small blind $0.50
Chiarelli99: posts big blind $1
*** HOLE CARDS ***
value_ftw: folds 
csvck: calls $1
NikoPale: folds 
akbloger: folds 
avlee1: folds 
Chiarelli99: checks 
*** FLOP *** [5s Qs Jh]
Chiarelli99: checks 
csvck: bets $1
Chiarelli99: folds 
Uncalled bet ($1) returned to csvck
csvck collected $2.38 from pot
*** SUMMARY ***
Total pot $2.50 | Rake $0.12 
Board [5s Qs Jh]
Seat 1: akbloger (button) folded before Flop (didn't bet)
Seat 2: avlee1 (small blind) folded before Flop
Seat 3: Chiarelli99 (big blind) folded on the Flop
Seat 4: value_ftw folded before Flop (didn't bet)
Seat 5: csvck collected ($2.38)
Seat 6: NikoPale folded before Flop (didn't bet)



PokerStars Hand #254684555282:  Hold'em No Limit ($0.50/$1.00 USD) - 2025/02/03 9:25:44 WET [2025/02/03 4:25:44 ET]
Table 'Asterope' 6-max Seat #2 is the button
Seat 1: akbloger ($100 in chips) 
Seat 2: avlee1 ($101.50 in chips) 
Seat 3: Chiarelli99 ($100 in chips) 
Seat 4: value_ftw ($105.60 in chips) 
Seat 5: csvck ($57.59 in chips) 
Seat 6: NikoPale ($100.40 in chips) 
Chiarelli99: posts small blind $0.50
value_ftw: posts big blind $1
*** HOLE CARDS ***
csvck: calls $1
NikoPale: folds 
akbloger: folds 
avlee1: folds 
Chiarelli99: folds 
value_ftw: checks 
*** FLOP *** [6h Ad Th]
value_ftw: checks 
csvck: bets $2
value_ftw: raises $6.38 to $8.38
csvck: calls $6.38
*** TURN *** [6h Ad Th] [5s]
value_ftw: bets $13.73
csvck: folds 
Uncalled bet ($13.73) returned to value_ftw
value_ftw collected $18.30 from pot
value_ftw: doesn't show hand 
*** SUMMARY ***
Total pot $19.26 | Rake $0.96 
Board [6h Ad Th 5s]
Seat 1: akbloger folded before Flop (didn't bet)
Seat 2: avlee1 (button) folded before Flop (didn't bet)
Seat 3: Chiarelli99 (small blind) folded before Flop
Seat 4: value_ftw (big blind) collected ($18.30)
Seat 5: csvck folded on the Turn
Seat 6: NikoPale folded before Flop (didn't bet)



PokerStars Hand #254684559313:  Hold'em No Limit ($0.50/$1.00 USD) - 2025/02/03 9:26:31 WET [2025/02/03 4:26:31 ET]
Table 'Asterope' 6-max Seat #3 is the button
Seat 1: akbloger ($100 in chips) 
Seat 2: avlee1 ($101.50 in chips) 
Seat 3: Chiarelli99 ($100 in chips) 
Seat 4: value_ftw ($114.52 in chips) 
Seat 5: csvck ($48.21 in chips) 
Seat 6: NikoPale ($100.40 in chips) 
value_ftw: posts small blind $0.50
csvck: posts big blind $1
*** HOLE CARDS ***
NikoPale: folds 
akbloger: folds 
avlee1: folds 
Chiarelli99: folds 
value_ftw: folds 
Uncalled bet ($0.50) returned to csvck
csvck collected $1 from pot
*** SUMMARY ***
Total pot $1 | Rake $0 
Seat 1: akbloger folded before Flop (didn't bet)
Seat 2: avlee1 folded before Flop (didn't bet)
Seat 3: Chiarelli99 (button) folded before Flop (didn't bet)
Seat 4: value_ftw (small blind) folded before Flop
Seat 5: csvck (big blind) collected ($1)
Seat 6: NikoPale folded before Flop (didn't bet)



PokerStars Hand #254684560279:  Hold'em No Limit ($0.50/$1.00 USD) - 2025/02/03 9:26:43 WET [2025/02/03 4:26:43 ET]
Table 'Asterope' 6-max Seat #4 is the button
Seat 1: akbloger ($100 in chips) 
Seat 2: avlee1 ($101.50 in chips) 
Seat 3: Chiarelli99 ($100 in chips) 
Seat 4: value_ftw ($114.02 in chips) 
Seat 5: csvck ($48.71 in chips) 
Seat 6: NikoPale ($100.40 in chips) 
csvck: posts small blind $0.50
NikoPale: posts big blind $1
*** HOLE CARDS ***
akbloger: folds 
avlee1: raises $1.50 to $2.50
Chiarelli99: folds 
value_ftw: folds 
csvck: calls $2
NikoPale: folds 
*** FLOP *** [3d Qh 5c]
csvck: checks 
avlee1: bets $2.28
csvck: calls $2.28
*** TURN *** [3d Qh 5c] [5d]
csvck: checks 
avlee1: bets $7.52
csvck: calls $7.52
*** RIVER *** [3d Qh 5c 5d] [9h]
csvck: checks 
avlee1: bets $20.67
csvck: calls $20.67
*** SHOW DOWN ***
avlee1: shows [Ad Ac] (two pair, Aces and Fives)
csvck: shows [Jh Jd] (two pair, Jacks and Fives)
avlee1 collected $64.44 from pot
*** SUMMARY ***
Total pot $66.94 | Rake $2.50 
Board [3d Qh 5c 5d 9h]
Seat 1: akbloger folded before Flop (didn't bet)
Seat 2: avlee1 showed [Ad Ac] and won ($64.44) with two pair, Aces and Fives
Seat 3: Chiarelli99 folded before Flop (didn't bet)
Seat 4: value_ftw (button) folded before Flop (didn't bet)
Seat 5: csvck (small blind) showed [Jh Jd] and lost with two pair, Jacks and Fives
Seat 6: NikoPale (big blind) folded before Flop



PokerStars Hand #254684565908:  Hold'em No Limit ($0.50/$1.00 USD) - 2025/02/03 9:27:48 WET [2025/02/03 4:27:48 ET]
Table 'Asterope' 6-max Seat #5 is the button
Seat 1: akbloger ($100 in chips) 
Seat 2: avlee1 ($132.97 in chips) 
Seat 3: Chiarelli99 ($100 in chips) 
Seat 4: value_ftw ($114.02 in chips) 
Seat 5: csvck ($15.74 in chips) 
Seat 6: NikoPale ($100 in chips) 
NikoPale: posts small blind $0.50
akbloger: posts big blind $1
*** HOLE CARDS ***
avlee1: folds 
Chiarelli99: raises $1.10 to $2.10
value_ftw: folds 
csvck: folds 
NikoPale: folds 
akbloger: folds 
Uncalled bet ($1.10) returned to Chiarelli99
Chiarelli99 collected $2.50 from pot
Chiarelli99: doesn't show hand 
*** SUMMARY ***
Total pot $2.50 | Rake $0 
Seat 1: akbloger (big blind) folded before Flop
Seat 2: avlee1 folded before Flop (didn't bet)
Seat 3: Chiarelli99 collected ($2.50)
Seat 4: value_ftw folded before Flop (didn't bet)
Seat 5: csvck (button) folded before Flop (didn't bet)
Seat 6: NikoPale (small blind) folded before Flop



PokerStars Hand #254684567156:  Hold'em No Limit ($0.50/$1.00 USD) - 2025/02/03 9:28:02 WET [2025/02/03 4:28:02 ET]
Table 'Asterope' 6-max Seat #6 is the button
Seat 1: akbloger ($100 in chips) 
Seat 2: avlee1 ($132.97 in chips) 
Seat 3: Chiarelli99 ($101.50 in chips) 
Seat 4: value_ftw ($114.02 in chips) 
Seat 5: csvck ($15.74 in chips) 
Seat 6: NikoPale ($100 in chips) 
akbloger: posts small blind $0.50
avlee1: posts big blind $1
*** HOLE CARDS ***
Chiarelli99: folds 
value_ftw: folds 
csvck: calls $1
NikoPale: folds 
akbloger: folds 
avlee1: raises $6.50 to $7.50
csvck: calls $6.50
*** FLOP *** [Kc Ac Ad]
avlee1: checks 
csvck: checks 
*** TURN *** [Kc Ac Ad] [Qs]
avlee1: checks 
csvck: bets $8.24 and is all-in
avlee1: calls $8.24
*** RIVER *** [Kc Ac Ad Qs] [5c]
*** SHOW DOWN ***
avlee1: shows [As Qd] (a full house, Aces full of Queens)
csvck: shows [4c 9c] (a flush, Ace high)
avlee1 collected $30.38 from pot
*** SUMMARY ***
Total pot $31.98 | Rake $1.60 
Board [Kc Ac Ad Qs 5c]
Seat 1: akbloger (small blind) folded before Flop
Seat 2: avlee1 (big blind) showed [As Qd] and won ($30.38) with a full house, Aces full of Queens
Seat 3: Chiarelli99 folded before Flop (didn't bet)
Seat 4: value_ftw folded before Flop (didn't bet)
Seat 5: csvck showed [4c 9c] and lost with a flush, Ace high
Seat 6: NikoPale (button) folded before Flop (didn't bet)



PokerStars Hand #254684571464:  Hold'em No Limit ($0.50/$1.00 USD) - 2025/02/03 9:28:51 WET [2025/02/03 4:28:51 ET]
Table 'Asterope' 6-max Seat #1 is the button
Seat 5: csvck ($0 in chips) is sitting out
Seat 1: akbloger ($100 in chips) 
Seat 2: avlee1 ($147.61 in chips) 
Seat 3: Chiarelli99 ($101.50 in chips) 
Seat 4: value_ftw ($114.02 in chips) 
Seat 6: NikoPale ($100 in chips) 
avlee1: posts small blind $0.50
Chiarelli99: posts big blind $1
*** HOLE CARDS ***
value_ftw: raises $1.20 to $2.20
NikoPale: folds 
akbloger: folds 
avlee1: folds 
Chiarelli99: folds 
Uncalled bet ($1.20) returned to value_ftw
value_ftw collected $2.50 from pot
value_ftw: doesn't show hand 
csvck leaves the table
*** SUMMARY ***
Total pot $2.50 | Rake $0 
Seat 5: csvck
Seat 1: akbloger (button) folded before Flop (didn't bet)
Seat 2: avlee1 (small blind) folded before Flop
Seat 3: Chiarelli99 (big blind) folded before Flop
Seat 4: value_ftw collected ($2.50)
Seat 6: NikoPale folded before Flop (didn't bet)



PokerStars Hand #254684572465:  Hold'em No Limit ($0.50/$1.00 USD) - 2025/02/03 9:29:02 WET [2025/02/03 4:29:02 ET]
Table 'Asterope' 6-max Seat #2 is the button
Seat 3: Chiarelli99 ($100.50 in chips) is sitting out
Seat 1: akbloger ($100 in chips) 
Seat 2: avlee1 ($147.11 in chips) 
Seat 4: value_ftw ($115.52 in chips) 
Seat 6: NikoPale ($100 in chips) 
value_ftw: posts small blind $0.50
NikoPale: posts big blind $1
*** HOLE CARDS ***
akbloger: folds 
avlee1: raises $1.50 to $2.50
value_ftw: folds 
NikoPale: folds 
Uncalled bet ($1.50) returned to avlee1
avlee1 collected $2.50 from pot
avlee1: doesn't show hand 
Chiarelli99 leaves the table
*** SUMMARY ***
Total pot $2.50 | Rake $0 
Seat 3: Chiarelli99
Seat 1: akbloger folded before Flop (didn't bet)
Seat 2: avlee1 (button) collected ($2.50)
Seat 4: value_ftw (small blind) folded before Flop
Seat 6: NikoPale (big blind) folded before Flop



PokerStars Hand #254684573676:  Hold'em No Limit ($0.50/$1.00 USD) - 2025/02/03 9:29:16 WET [2025/02/03 4:29:16 ET]
Table 'Asterope' 6-max Seat #4 is the button
Seat 1: akbloger ($100 in chips) 
Seat 2: avlee1 ($148.61 in chips) 
Seat 4: value_ftw ($115.02 in chips) 
Seat 6: NikoPale ($100 in chips) 
NikoPale: posts small blind $0.50
akbloger: posts big blind $1
*** HOLE CARDS ***
avlee1: folds 
value_ftw: raises $1.50 to $2.50
NikoPale: folds 
avlee1 leaves the table
akbloger: folds 
Uncalled bet ($1.50) returned to value_ftw
value_ftw collected $2.50 from pot
value_ftw: doesn't show hand 
*** SUMMARY ***
Total pot $2.50 | Rake $0 
Seat 1: akbloger (big blind) folded before Flop
Seat 2: avlee1 folded before Flop (didn't bet)
Seat 4: value_ftw (button) collected ($2.50)
Seat 6: NikoPale (small blind) folded before Flop



PokerStars Hand #254697528932:  Hold'em No Limit ($0.50/$1.00 USD) - 2025/02/03 1:41:29 WET [2025/02/03 20:41:29 ET]
Table 'Asterope' 6-max Seat #4 is the button
Seat 2: G.Andrei95 ($100 in chips) is sitting out
Seat 1: fobot21 ($111.65 in chips) 
Seat 3: Rysiff ($111 in chips) 
Seat 4: skars07 ($100 in chips) 
Seat 5: TheBeltedCow ($6.50 in chips) 
Seat 6: m0nTTu ($10 in chips) 
TheBeltedCow: posts small blind $0.50
m0nTTu: posts big blind $1
G.Andrei95: sits out 
*** HOLE CARDS ***
fobot21: folds 
Rysiff: raises $1.50 to $2.50
skars07: raises $5.50 to $8
TheBeltedCow: folds 
m0nTTu: folds 
Rysiff: folds 
Uncalled bet ($5.50) returned to skars07
skars07 collected $6.50 from pot
skars07: doesn't show hand 
*** SUMMARY ***
Total pot $6.50 | Rake $0 
Seat 2: G.Andrei95
Seat 1: fobot21 folded before Flop (didn't bet)
Seat 3: Rysiff folded before Flop
Seat 4: skars07 (button) collected ($6.50)
Seat 5: TheBeltedCow (small blind) folded before Flop
Seat 6: m0nTTu (big blind) folded before Flop



PokerStars Hand #254697535192:  Hold'em No Limit ($0.50/$1.00 USD) - 2025/02/03 1:42:07 WET [2025/02/03 20:42:07 ET]
Table 'Asterope' 6-max Seat #5 is the button
Seat 2: G.Andrei95 ($100 in chips) is sitting out
Seat 1: fobot21 ($111.65 in chips) 
Seat 3: Rysiff ($108.50 in chips) 
Seat 4: skars07 ($104 in chips) 
Seat 5: TheBeltedCow ($6 in chips) 
Seat 6: m0nTTu ($10 in chips) 
m0nTTu: posts small blind $0.50
fobot21: posts big blind $1
G.Andrei95: sits out 
*** HOLE CARDS ***
Rysiff: raises $1.50 to $2.50
skars07: folds 
TheBeltedCow: raises $3.50 to $6 and is all-in
m0nTTu: raises $4 to $10 and is all-in
fobot21: folds 
Rysiff: folds 
Uncalled bet ($4) returned to m0nTTu
*** FLOP *** [Kd As 9s]
*** TURN *** [Kd As 9s] [4c]
*** RIVER *** [Kd As 9s 4c] [Ah]
*** SHOW DOWN ***
m0nTTu: shows [Js Jd] (two pair, Aces and Jacks)
TheBeltedCow: shows [Kh 3h] (two pair, Aces and Kings)
TheBeltedCow collected $14.72 from pot
*** SUMMARY ***
Total pot $15.50 | Rake $0.78 
Board [Kd As 9s 4c Ah]
Seat 2: G.Andrei95
Seat 1: fobot21 (big blind) folded before Flop
Seat 3: Rysiff folded before Flop
Seat 4: skars07 folded before Flop (didn't bet)
Seat 5: TheBeltedCow (button) showed [Kh 3h] and won ($14.72) with two pair, Aces and Kings
Seat 6: m0nTTu (small blind) showed [Js Jd] and lost with two pair, Aces and Jacks



PokerStars Hand #254697543766:  Hold'em No Limit ($0.50/$1.00 USD) - 2025/02/03 1:42:58 WET [2025/02/03 20:42:58 ET]
Table 'Asterope' 6-max Seat #6 is the button
Seat 1: fobot21 ($110.65 in chips) 
Seat 2: G.Andrei95 ($100 in chips) 
Seat 3: Rysiff ($106 in chips) 
Seat 4: skars07 ($104 in chips) 
Seat 5: TheBeltedCow ($14.72 in chips) 
Seat 6: m0nTTu ($10 in chips) 
fobot21: posts small blind $0.50
G.Andrei95: posts big blind $1
*** HOLE CARDS ***
Rysiff: folds 
skars07: raises $1.50 to $2.50
TheBeltedCow: folds 
m0nTTu: folds 
fobot21: folds 
TheBeltedCow leaves the table
G.Andrei95: folds 
Uncalled bet ($1.50) returned to skars07
skars07 collected $2.50 from pot
skars07: doesn't show hand 
*** SUMMARY ***
Total pot $2.50 | Rake $0 
Seat 1: fobot21 (small blind) folded before Flop
Seat 2: G.Andrei95 (big blind) folded before Flop
Seat 3: Rysiff folded before Flop (didn't bet)
Seat 4: skars07 collected ($2.50)
Seat 5: TheBeltedCow folded before Flop (didn't bet)
Seat 6: m0nTTu (button) folded before Flop (didn't bet)



PokerStars Hand #254697548159:  Hold'em No Limit ($0.50/$1.00 USD) - 2025/02/03 1:43:24 WET [2025/02/03 20:43:24 ET]
Table 'Asterope' 6-max Seat #1 is the button
Seat 1: fobot21 ($110.15 in chips) 
Seat 2: G.Andrei95 ($100 in chips) 
Seat 3: Rysiff ($106 in chips) 
Seat 4: skars07 ($105.50 in chips) 
Seat 6: m0nTTu ($10 in chips) 
G.Andrei95: posts small blind $0.50
Rysiff: posts big blind $1
*** HOLE CARDS ***
skars07: folds 
m0nTTu: raises $9 to $10 and is all-in
fobot21: folds 
G.Andrei95: folds 
Rysiff: folds 
Uncalled bet ($9) returned to m0nTTu
m0nTTu collected $2.50 from pot
m0nTTu: doesn't show hand 
*** SUMMARY ***
Total pot $2.50 | Rake $0 
Seat 1: fobot21 (button) folded before Flop (didn't bet)
Seat 2: G.Andrei95 (small blind) folded before Flop
Seat 3: Rysiff (big blind) folded before Flop
Seat 4: skars07 folded before Flop (didn't bet)
Seat 6: m0nTTu collected ($2.50)



