PokerStars Hand #254691521644:  Hold'em No Limit ($0.50/$1.00 USD) - 2025/02/03 19:49:39 WET [2025/02/03 14:49:39 ET]
Table 'Marbachia' 6-max Seat #1 is the button
Seat 1: AIien Hand ($100 in chips) 
Seat 4: coeeeelho ($100 in chips) 
AIien Hand: posts small blind $0.50
coeeeelho: posts big blind $1
*** HOLE CARDS ***
AIien Hand: raises $1.50 to $2.50
coeeeelho: calls $1.50
*** FLOP *** [9h 2d 7s]
coeeeelho: checks 
AIien Hand: bets $3.42
coeeeelho: raises $5.58 to $9
AIien Hand: folds 
Uncalled bet ($5.58) returned to coeeeelho
coeeeelho collected $11.25 from pot
*** SUMMARY ***
Total pot $11.84 | Rake $0.59 
Board [9h 2d 7s]
Seat 1: AIien Hand (button) (small blind) folded on the Flop
Seat 4: coeeeelho (big blind) collected ($11.25)



PokerStars Hand #254691600394:  Hold'em No Limit ($0.50/$1.00 USD) - 2025/02/03 19:53:52 WET [2025/02/03 14:53:52 ET]
Table 'Marbachia' 6-max Seat #2 is the button
Seat 1: AIien Hand ($100 in chips) 
Seat 2: Bauab2025 ($100 in chips) 
Seat 3: worker0k ($100 in chips) 
Seat 4: iTrustU21 ($100 in chips) 
Seat 5: G.Andrei95 ($100 in chips) 
Seat 6: easy_sarcasm ($100 in chips) 
worker0k: posts small blind $0.50
iTrustU21: posts big blind $1
*** HOLE CARDS ***
G.Andrei95: raises $1.50 to $2.50
easy_sarcasm: folds 
AIien Hand: folds 
Bauab2025: folds 
worker0k: folds 
iTrustU21: folds 
Uncalled bet ($1.50) returned to G.Andrei95
G.Andrei95 collected $2.50 from pot
G.Andrei95: doesn't show hand 
*** SUMMARY ***
Total pot $2.50 | Rake $0 
Seat 1: AIien Hand folded before Flop (didn't bet)
Seat 2: Bauab2025 (button) folded before Flop (didn't bet)
Seat 3: worker0k (small blind) folded before Flop
Seat 4: iTrustU21 (big blind) folded before Flop
Seat 5: G.Andrei95 collected ($2.50)
Seat 6: easy_sarcasm folded before Flop (didn't bet)



PokerStars Hand #254691603150:  Hold'em No Limit ($0.50/$1.00 USD) - 2025/02/03 19:54:01 WET [2025/02/03 14:54:01 ET]
Table 'Marbachia' 6-max Seat #3 is the button
Seat 1: AIien Hand ($100 in chips) 
Seat 2: Bauab2025 ($100 in chips) 
Seat 3: worker0k ($100 in chips) 
Seat 4: iTrustU21 ($100 in chips) 
Seat 5: G.Andrei95 ($101.50 in chips) 
Seat 6: easy_sarcasm ($100 in chips) 
iTrustU21: posts small blind $0.50
G.Andrei95: posts big blind $1
*** HOLE CARDS ***
easy_sarcasm: folds 
AIien Hand: folds 
Bauab2025: folds 
worker0k: raises $1.30 to $2.30
iTrustU21: folds 
G.Andrei95: calls $1.30
*** FLOP *** [Tc Kh 7c]
G.Andrei95: checks 
worker0k: checks 
*** TURN *** [Tc Kh 7c] [Qs]
G.Andrei95: bets $3.44
worker0k: calls $3.44
*** RIVER *** [Tc Kh 7c Qs] [Jd]
G.Andrei95: bets $2.50
worker0k: calls $2.50
*** SHOW DOWN ***
G.Andrei95: shows [As 8s] (a straight, Ten to Ace)
worker0k: mucks hand 
G.Andrei95 collected $16.13 from pot
*** SUMMARY ***
Total pot $16.98 | Rake $0.85 
Board [Tc Kh 7c Qs Jd]
Seat 1: AIien Hand folded before Flop (didn't bet)
Seat 2: Bauab2025 folded before Flop (didn't bet)
Seat 3: worker0k (button) mucked
Seat 4: iTrustU21 (small blind) folded before Flop
Seat 5: G.Andrei95 (big blind) showed [As 8s] and won ($16.13) with a straight, Ten to Ace
Seat 6: easy_sarcasm folded before Flop (didn't bet)



PokerStars Hand #254691613567:  Hold'em No Limit ($0.50/$1.00 USD) - 2025/02/03 19:54:35 WET [2025/02/03 14:54:35 ET]
Table 'Marbachia' 6-max Seat #4 is the button
Seat 1: AIien Hand ($100 in chips) 
Seat 2: Bauab2025 ($100 in chips) 
Seat 3: worker0k ($100 in chips) 
Seat 4: iTrustU21 ($100 in chips) 
Seat 5: G.Andrei95 ($109.39 in chips) 
Seat 6: easy_sarcasm ($100 in chips) 
G.Andrei95: posts small blind $0.50
easy_sarcasm: posts big blind $1
*** HOLE CARDS ***
AIien Hand: folds 
Bauab2025: raises $1 to $2
worker0k: folds 
iTrustU21: folds 
G.Andrei95: folds 
easy_sarcasm: calls $1
*** FLOP *** [2s 8s As]
easy_sarcasm: checks 
Bauab2025: bets $2.14
easy_sarcasm: folds 
Uncalled bet ($2.14) returned to Bauab2025
Bauab2025 collected $4.28 from pot
Bauab2025: doesn't show hand 
*** SUMMARY ***
Total pot $4.50 | Rake $0.22 
Board [2s 8s As]
Seat 1: AIien Hand folded before Flop (didn't bet)
Seat 2: Bauab2025 collected ($4.28)
Seat 3: worker0k folded before Flop (didn't bet)
Seat 4: iTrustU21 (button) folded before Flop (didn't bet)
Seat 5: G.Andrei95 (small blind) folded before Flop
Seat 6: easy_sarcasm (big blind) folded on the Flop



PokerStars Hand #254691622562:  Hold'em No Limit ($0.50/$1.00 USD) - 2025/02/03 19:55:04 WET [2025/02/03 14:55:04 ET]
Table 'Marbachia' 6-max Seat #5 is the button
Seat 1: AIien Hand ($100 in chips) 
Seat 2: Bauab2025 ($102.28 in chips) 
Seat 3: worker0k ($100 in chips) 
Seat 4: iTrustU21 ($100 in chips) 
Seat 5: G.Andrei95 ($108.89 in chips) 
Seat 6: easy_sarcasm ($100 in chips) 
easy_sarcasm: posts small blind $0.50
AIien Hand: posts big blind $1
*** HOLE CARDS ***
Bauab2025: folds 
worker0k: folds 
iTrustU21: folds 
G.Andrei95: folds 
easy_sarcasm: raises $2 to $3
AIien Hand: raises $6 to $9
easy_sarcasm: folds 
Uncalled bet ($6) returned to AIien Hand
AIien Hand collected $6 from pot
AIien Hand: doesn't show hand 
*** SUMMARY ***
Total pot $6 | Rake $0 
Seat 1: AIien Hand (big blind) collected ($6)
Seat 2: Bauab2025 folded before Flop (didn't bet)
Seat 3: worker0k folded before Flop (didn't bet)
Seat 4: iTrustU21 folded before Flop (didn't bet)
Seat 5: G.Andrei95 (button) folded before Flop (didn't bet)
Seat 6: easy_sarcasm (small blind) folded before Flop



PokerStars Hand #254691629201:  Hold'em No Limit ($0.50/$1.00 USD) - 2025/02/03 19:55:31 WET [2025/02/03 14:55:31 ET]
Table 'Marbachia' 6-max Seat #6 is the button
Seat 1: AIien Hand ($103 in chips) 
Seat 2: Bauab2025 ($102.28 in chips) 
Seat 3: worker0k ($100 in chips) 
Seat 4: iTrustU21 ($100 in chips) 
Seat 5: G.Andrei95 ($108.89 in chips) 
Seat 6: easy_sarcasm ($100 in chips) 
AIien Hand: posts small blind $0.50
Bauab2025: posts big blind $1
*** HOLE CARDS ***
worker0k: raises $1.30 to $2.30
iTrustU21: folds 
G.Andrei95: folds 
easy_sarcasm: folds 
AIien Hand: folds 
Bauab2025: folds 
Uncalled bet ($1.30) returned to worker0k
worker0k collected $2.50 from pot
*** SUMMARY ***
Total pot $2.50 | Rake $0 
Seat 1: AIien Hand (small blind) folded before Flop
Seat 2: Bauab2025 (big blind) folded before Flop
Seat 3: worker0k collected ($2.50)
Seat 4: iTrustU21 folded before Flop (didn't bet)
Seat 5: G.Andrei95 folded before Flop (didn't bet)
Seat 6: easy_sarcasm (button) folded before Flop (didn't bet)



PokerStars Hand #254691634445:  Hold'em No Limit ($0.50/$1.00 USD) - 2025/02/03 19:55:56 WET [2025/02/03 14:55:56 ET]
Table 'Marbachia' 6-max Seat #1 is the button
Seat 1: AIien Hand ($102.50 in chips) 
Seat 2: Bauab2025 ($101.28 in chips) 
Seat 3: worker0k ($101.50 in chips) 
Seat 4: iTrustU21 ($100 in chips) 
Seat 5: G.Andrei95 ($108.89 in chips) 
Seat 6: easy_sarcasm ($100 in chips) 
Bauab2025: posts small blind $0.50
worker0k: posts big blind $1
*** HOLE CARDS ***
iTrustU21: folds 
G.Andrei95: raises $1.50 to $2.50
easy_sarcasm: folds 
AIien Hand: calls $2.50
Bauab2025: calls $2
worker0k: folds 
*** FLOP *** [Ac 6s Jd]
Bauab2025: checks 
G.Andrei95: bets $1.78
AIien Hand: calls $1.78
Bauab2025: calls $1.78
*** TURN *** [Ac 6s Jd] [8d]
Bauab2025: bets $2
G.Andrei95: raises $22.50 to $24.50
AIien Hand: folds 
Bauab2025: raises $72.50 to $97 and is all-in
G.Andrei95: folds 
Uncalled bet ($72.50) returned to Bauab2025
Bauab2025 collected $60.34 from pot
Bauab2025: doesn't show hand 
*** SUMMARY ***
Total pot $62.84 | Rake $2.50 
Board [Ac 6s Jd 8d]
Seat 1: AIien Hand (button) folded on the Turn
Seat 2: Bauab2025 (small blind) collected ($60.34)
Seat 3: worker0k (big blind) folded before Flop
Seat 4: iTrustU21 folded before Flop (didn't bet)
Seat 5: G.Andrei95 folded on the Turn
Seat 6: easy_sarcasm folded before Flop (didn't bet)



PokerStars Hand #254691651165:  Hold'em No Limit ($0.50/$1.00 USD) - 2025/02/03 19:57:13 WET [2025/02/03 14:57:13 ET]
Table 'Marbachia' 6-max Seat #2 is the button
Seat 1: AIien Hand ($100 in chips) 
Seat 2: Bauab2025 ($132.84 in chips) 
Seat 3: worker0k ($100.50 in chips) 
Seat 4: iTrustU21 ($100 in chips) 
Seat 5: G.Andrei95 ($100 in chips) 
Seat 6: easy_sarcasm ($100 in chips) 
worker0k: posts small blind $0.50
iTrustU21: posts big blind $1
*** HOLE CARDS ***
G.Andrei95: folds 
easy_sarcasm: folds 
AIien Hand: folds 
Bauab2025: folds 
worker0k: folds 
Uncalled bet ($0.50) returned to iTrustU21
iTrustU21 collected $1 from pot
iTrustU21: doesn't show hand 
*** SUMMARY ***
Total pot $1 | Rake $0 
Seat 1: AIien Hand folded before Flop (didn't bet)
Seat 2: Bauab2025 (button) folded before Flop (didn't bet)
Seat 3: worker0k (small blind) folded before Flop
Seat 4: iTrustU21 (big blind) collected ($1)
Seat 5: G.Andrei95 folded before Flop (didn't bet)
Seat 6: easy_sarcasm folded before Flop (didn't bet)



PokerStars Hand #254691653562:  Hold'em No Limit ($0.50/$1.00 USD) - 2025/02/03 19:57:24 WET [2025/02/03 14:57:24 ET]
Table 'Marbachia' 6-max Seat #3 is the button
Seat 1: AIien Hand ($100 in chips) 
Seat 2: Bauab2025 ($132.84 in chips) 
Seat 3: worker0k ($100 in chips) 
Seat 4: iTrustU21 ($100.50 in chips) 
Seat 5: G.Andrei95 ($100 in chips) 
Seat 6: easy_sarcasm ($100 in chips) 
iTrustU21: posts small blind $0.50
G.Andrei95: posts big blind $1
*** HOLE CARDS ***
easy_sarcasm: folds 
AIien Hand: raises $1.20 to $2.20
Bauab2025: folds 
worker0k: folds 
iTrustU21: folds 
G.Andrei95: calls $1.20
*** FLOP *** [7d 5s 9d]
G.Andrei95: bets $1.03
AIien Hand: calls $1.03
*** TURN *** [7d 5s 9d] [Js]
G.Andrei95: bets $10.50
AIien Hand: folds 
Uncalled bet ($10.50) returned to G.Andrei95
G.Andrei95 collected $6.61 from pot
G.Andrei95: doesn't show hand 
*** SUMMARY ***
Total pot $6.96 | Rake $0.35 
Board [7d 5s 9d Js]
Seat 1: AIien Hand folded on the Turn
Seat 2: Bauab2025 folded before Flop (didn't bet)
Seat 3: worker0k (button) folded before Flop (didn't bet)
Seat 4: iTrustU21 (small blind) folded before Flop
Seat 5: G.Andrei95 (big blind) collected ($6.61)
Seat 6: easy_sarcasm folded before Flop (didn't bet)



PokerStars Hand #254691666205:  Hold'em No Limit ($0.50/$1.00 USD) - 2025/02/03 19:58:21 WET [2025/02/03 14:58:21 ET]
Table 'Marbachia' 6-max Seat #4 is the button
Seat 1: AIien Hand ($100 in chips) 
Seat 2: Bauab2025 ($132.84 in chips) 
Seat 3: worker0k ($100 in chips) 
Seat 4: iTrustU21 ($100 in chips) 
Seat 5: G.Andrei95 ($103.38 in chips) 
Seat 6: easy_sarcasm ($100 in chips) 
G.Andrei95: posts small blind $0.50
easy_sarcasm: posts big blind $1
*** HOLE CARDS ***
AIien Hand: folds 
Bauab2025: folds 
worker0k: folds 
iTrustU21: folds 
G.Andrei95: folds 
Uncalled bet ($0.50) returned to easy_sarcasm
easy_sarcasm collected $1 from pot
*** SUMMARY ***
Total pot $1 | Rake $0 
Seat 1: AIien Hand folded before Flop (didn't bet)
Seat 2: Bauab2025 folded before Flop (didn't bet)
Seat 3: worker0k folded before Flop (didn't bet)
Seat 4: iTrustU21 (button) folded before Flop (didn't bet)
Seat 5: G.Andrei95 (small blind) folded before Flop
Seat 6: easy_sarcasm (big blind) collected ($1)



PokerStars Hand #254691672508:  Hold'em No Limit ($0.50/$1.00 USD) - 2025/02/03 19:58:50 WET [2025/02/03 14:58:50 ET]
Table 'Marbachia' 6-max Seat #5 is the button
Seat 1: AIien Hand ($100 in chips) 
Seat 2: Bauab2025 ($132.84 in chips) 
Seat 3: worker0k ($100 in chips) 
Seat 4: iTrustU21 ($100 in chips) 
Seat 5: G.Andrei95 ($102.88 in chips) 
Seat 6: easy_sarcasm ($100.50 in chips) 
easy_sarcasm: posts small blind $0.50
AIien Hand: posts big blind $1
*** HOLE CARDS ***
Bauab2025: folds 
worker0k: raises $1.30 to $2.30
Bauab2025 leaves the table
iTrustU21: folds 
G.Andrei95: folds 
easy_sarcasm: calls $1.80
AIien Hand: folds 
*** FLOP *** [6h 5d Kd]
easy_sarcasm: checks 
worker0k: bets $3.46
easy_sarcasm: folds 
Uncalled bet ($3.46) returned to worker0k
worker0k collected $5.32 from pot
*** SUMMARY ***
Total pot $5.60 | Rake $0.28 
Board [6h 5d Kd]
Seat 1: AIien Hand (big blind) folded before Flop
Seat 2: Bauab2025 folded before Flop (didn't bet)
Seat 3: worker0k collected ($5.32)
Seat 4: iTrustU21 folded before Flop (didn't bet)
Seat 5: G.Andrei95 (button) folded before Flop (didn't bet)
Seat 6: easy_sarcasm (small blind) folded on the Flop



PokerStars Hand #254691679471:  Hold'em No Limit ($0.50/$1.00 USD) - 2025/02/03 19:59:22 WET [2025/02/03 14:59:22 ET]
Table 'Marbachia' 6-max Seat #6 is the button
Seat 3: worker0k ($103.02 in chips) is sitting out
Seat 4: iTrustU21 ($100 in chips) is sitting out
Seat 1: AIien Hand ($100 in chips) 
Seat 5: G.Andrei95 ($102.88 in chips) 
Seat 6: easy_sarcasm ($100 in chips) 
AIien Hand: posts small blind $0.50
iTrustU21: is sitting out 
G.Andrei95: posts big blind $1
*** HOLE CARDS ***
worker0k leaves the table
easy_sarcasm: folds 
AIien Hand: folds 
Uncalled bet ($0.50) returned to G.Andrei95
G.Andrei95 collected $1 from pot
G.Andrei95: doesn't show hand 
*** SUMMARY ***
Total pot $1 | Rake $0 
Seat 3: worker0k
Seat 4: iTrustU21
Seat 1: AIien Hand (small blind) folded before Flop
Seat 5: G.Andrei95 (big blind) collected ($1)
Seat 6: easy_sarcasm (button) folded before Flop (didn't bet)



PokerStars Hand #254698173874:  Hold'em No Limit ($0.50/$1.00 USD) - 2025/02/03 2:53:54 WET [2025/02/03 21:53:54 ET]
Table 'Marbachia' 6-max Seat #3 is the button
Seat 3: frankie31404 ($73.95 in chips) 
Seat 4: avlee1 ($100 in chips) 
Seat 5: Nicedaymybro ($100 in chips) 
avlee1: posts small blind $0.50
Nicedaymybro: posts big blind $1
*** HOLE CARDS ***
frankie31404: folds 
avlee1: raises $2 to $3
Nicedaymybro: raises $6 to $9
avlee1: folds 
Uncalled bet ($6) returned to Nicedaymybro
Nicedaymybro collected $6 from pot
Nicedaymybro: doesn't show hand 
*** SUMMARY ***
Total pot $6 | Rake $0 
Seat 3: frankie31404 (button) folded before Flop (didn't bet)
Seat 4: avlee1 (small blind) folded before Flop
Seat 5: Nicedaymybro (big blind) collected ($6)



PokerStars Hand #254698175913:  Hold'em No Limit ($0.50/$1.00 USD) - 2025/02/03 2:54:09 WET [2025/02/03 21:54:09 ET]
Table 'Marbachia' 6-max Seat #4 is the button
Seat 3: frankie31404 ($73.95 in chips) 
Seat 4: avlee1 ($100 in chips) 
Seat 5: Nicedaymybro ($103 in chips) 
Nicedaymybro: posts small blind $0.50
frankie31404: posts big blind $1
*** HOLE CARDS ***
avlee1: raises $1.50 to $2.50
Nicedaymybro: folds 
frankie31404: folds 
Uncalled bet ($1.50) returned to avlee1
avlee1 collected $2.50 from pot
avlee1: doesn't show hand 
*** SUMMARY ***
Total pot $2.50 | Rake $0 
Seat 3: frankie31404 (big blind) folded before Flop
Seat 4: avlee1 (button) collected ($2.50)
Seat 5: Nicedaymybro (small blind) folded before Flop



PokerStars Hand #254698177712:  Hold'em No Limit ($0.50/$1.00 USD) - 2025/02/03 2:54:22 WET [2025/02/03 21:54:22 ET]
Table 'Marbachia' 6-max Seat #3 is the button
Seat 4: avlee1 ($101.50 in chips) is sitting out
Seat 3: frankie31404 ($72.95 in chips) 
Seat 5: Nicedaymybro ($102.50 in chips) 
frankie31404: posts small blind $0.50
avlee1: is sitting out 
Nicedaymybro: posts big blind $1
*** HOLE CARDS ***
frankie31404: folds 
Uncalled bet ($0.50) returned to Nicedaymybro
Nicedaymybro collected $1 from pot
avlee1 leaves the table
Nicedaymybro: doesn't show hand 
*** SUMMARY ***
Total pot $1 | Rake $0 
Seat 4: avlee1
Seat 3: frankie31404 (button) (small blind) folded before Flop
Seat 5: Nicedaymybro (big blind) collected ($1)



PokerStars Hand #254698178676:  Hold'em No Limit ($0.50/$1.00 USD) - 2025/02/03 2:54:30 WET [2025/02/03 21:54:30 ET]
Table 'Marbachia' 6-max Seat #5 is the button
Seat 3: frankie31404 ($72.45 in chips) 
Seat 5: Nicedaymybro ($103 in chips) 
Nicedaymybro: posts small blind $0.50
frankie31404: posts big blind $1
*** HOLE CARDS ***
Nicedaymybro: raises $1.50 to $2.50
frankie31404: calls $1.50
*** FLOP *** [3s 4h Kh]
frankie31404: checks 
Nicedaymybro: bets $1.57
frankie31404: folds 
Uncalled bet ($1.57) returned to Nicedaymybro
Nicedaymybro collected $4.75 from pot
Nicedaymybro: doesn't show hand 
*** SUMMARY ***
Total pot $5 | Rake $0.25 
Board [3s 4h Kh]
Seat 3: frankie31404 (big blind) folded on the Flop
Seat 5: Nicedaymybro (button) (small blind) collected ($4.75)



PokerStars Hand #254698181027:  Hold'em No Limit ($0.50/$1.00 USD) - 2025/02/03 2:54:47 WET [2025/02/03 21:54:47 ET]
Table 'Marbachia' 6-max Seat #3 is the button
Seat 3: frankie31404 ($69.95 in chips) 
Seat 5: Nicedaymybro ($105.25 in chips) 
frankie31404: posts small blind $0.50
Nicedaymybro: posts big blind $1
*** HOLE CARDS ***
frankie31404: raises $1 to $2
Nicedaymybro: calls $1
*** FLOP *** [7d Kc 7s]
Nicedaymybro: checks 
frankie31404: checks 
*** TURN *** [7d Kc 7s] [Kd]
Nicedaymybro: checks 
frankie31404: bets $3
Nicedaymybro: folds 
Uncalled bet ($3) returned to frankie31404
frankie31404 collected $3.80 from pot
*** SUMMARY ***
Total pot $4 | Rake $0.20 
Board [7d Kc 7s Kd]
Seat 3: frankie31404 (button) (small blind) collected ($3.80)
Seat 5: Nicedaymybro (big blind) folded on the Turn



PokerStars Hand #254698184463:  Hold'em No Limit ($0.50/$1.00 USD) - 2025/02/03 2:55:14 WET [2025/02/03 21:55:14 ET]
Table 'Marbachia' 6-max Seat #5 is the button
Seat 3: frankie31404 ($71.75 in chips) 
Seat 5: Nicedaymybro ($103.25 in chips) 
Nicedaymybro: posts small blind $0.50
frankie31404: posts big blind $1
*** HOLE CARDS ***
Nicedaymybro: raises $1.50 to $2.50
frankie31404: calls $1.50
*** FLOP *** [2d Jd Ts]
frankie31404: checks 
Nicedaymybro: bets $2.38
frankie31404: folds 
Uncalled bet ($2.38) returned to Nicedaymybro
Nicedaymybro collected $4.75 from pot
Nicedaymybro: doesn't show hand 
*** SUMMARY ***
Total pot $5 | Rake $0.25 
Board [2d Jd Ts]
Seat 3: frankie31404 (big blind) folded on the Flop
Seat 5: Nicedaymybro (button) (small blind) collected ($4.75)



PokerStars Hand #254698186341:  Hold'em No Limit ($0.50/$1.00 USD) - 2025/02/03 2:55:33 WET [2025/02/03 21:55:33 ET]
Table 'Marbachia' 6-max Seat #3 is the button
Seat 3: frankie31404 ($69.25 in chips) 
Seat 5: Nicedaymybro ($105.50 in chips) 
frankie31404: posts small blind $0.50
Nicedaymybro: posts big blind $1
*** HOLE CARDS ***
frankie31404: folds 
Uncalled bet ($0.50) returned to Nicedaymybro
Nicedaymybro collected $1 from pot
Nicedaymybro: doesn't show hand 
*** SUMMARY ***
Total pot $1 | Rake $0 
Seat 3: frankie31404 (button) (small blind) folded before Flop
Seat 5: Nicedaymybro (big blind) collected ($1)



PokerStars Hand #254698187423:  Hold'em No Limit ($0.50/$1.00 USD) - 2025/02/03 2:55:43 WET [2025/02/03 21:55:43 ET]
Table 'Marbachia' 6-max Seat #5 is the button
Seat 3: frankie31404 ($68.75 in chips) 
Seat 5: Nicedaymybro ($106 in chips) 
Nicedaymybro: posts small blind $0.50
frankie31404: posts big blind $1
*** HOLE CARDS ***
Nicedaymybro: raises $1.50 to $2.50
frankie31404: calls $1.50
*** FLOP *** [As Ac 9h]
frankie31404: checks 
Nicedaymybro: bets $1.19
frankie31404: calls $1.19
*** TURN *** [As Ac 9h] [2s]
frankie31404: checks 
Nicedaymybro: checks 
*** RIVER *** [As Ac 9h 2s] [Qh]
frankie31404: checks 
Nicedaymybro: bets $3.51
frankie31404: calls $3.51
*** SHOW DOWN ***
Nicedaymybro: shows [Ad 2d] (a full house, Aces full of Deuces)
frankie31404: mucks hand 
Nicedaymybro collected $13.68 from pot
*** SUMMARY ***
Total pot $14.40 | Rake $0.72 
Board [As Ac 9h 2s Qh]
Seat 3: frankie31404 (big blind) mucked
Seat 5: Nicedaymybro (button) (small blind) showed [Ad 2d] and won ($13.68) with a full house, Aces full of Deuces



PokerStars Hand #254698192391:  Hold'em No Limit ($0.50/$1.00 USD) - 2025/02/03 2:56:32 WET [2025/02/03 21:56:32 ET]
Table 'Marbachia' 6-max Seat #3 is the button
Seat 3: frankie31404 ($61.55 in chips) 
Seat 5: Nicedaymybro ($112.48 in chips) 
frankie31404: posts small blind $0.50
Nicedaymybro: posts big blind $1
*** HOLE CARDS ***
frankie31404: folds 
Uncalled bet ($0.50) returned to Nicedaymybro
Nicedaymybro collected $1 from pot
Nicedaymybro: doesn't show hand 
*** SUMMARY ***
Total pot $1 | Rake $0 
Seat 3: frankie31404 (button) (small blind) folded before Flop
Seat 5: Nicedaymybro (big blind) collected ($1)



PokerStars Hand #254698193331:  Hold'em No Limit ($0.50/$1.00 USD) - 2025/02/03 2:56:41 WET [2025/02/03 21:56:41 ET]
Table 'Marbachia' 6-max Seat #5 is the button
Seat 3: frankie31404 ($61.05 in chips) 
Seat 5: Nicedaymybro ($112.98 in chips) 
Nicedaymybro: posts small blind $0.50
frankie31404: posts big blind $1
*** HOLE CARDS ***
Nicedaymybro: raises $1.50 to $2.50
frankie31404: folds 
Uncalled bet ($1.50) returned to Nicedaymybro
Nicedaymybro collected $2 from pot
Nicedaymybro: doesn't show hand 
*** SUMMARY ***
Total pot $2 | Rake $0 
Seat 3: frankie31404 (big blind) folded before Flop
Seat 5: Nicedaymybro (button) (small blind) collected ($2)



PokerStars Hand #254698194354:  Hold'em No Limit ($0.50/$1.00 USD) - 2025/02/03 2:56:51 WET [2025/02/03 21:56:51 ET]
Table 'Marbachia' 6-max Seat #3 is the button
Seat 3: frankie31404 ($60.05 in chips) 
Seat 5: Nicedaymybro ($113.98 in chips) 
frankie31404: posts small blind $0.50
Nicedaymybro: posts big blind $1
*** HOLE CARDS ***
frankie31404: raises $1 to $2
Nicedaymybro: folds 
Uncalled bet ($1) returned to frankie31404
frankie31404 collected $2 from pot
*** SUMMARY ***
Total pot $2 | Rake $0 
Seat 3: frankie31404 (button) (small blind) collected ($2)
Seat 5: Nicedaymybro (big blind) folded before Flop



PokerStars Hand #254698195283:  Hold'em No Limit ($0.50/$1.00 USD) - 2025/02/03 2:57:00 WET [2025/02/03 21:57:00 ET]
Table 'Marbachia' 6-max Seat #5 is the button
Seat 3: frankie31404 ($61.05 in chips) 
Seat 5: Nicedaymybro ($112.98 in chips) 
Nicedaymybro: posts small blind $0.50
frankie31404: posts big blind $1
*** HOLE CARDS ***
Nicedaymybro: raises $1.50 to $2.50
frankie31404: calls $1.50
*** FLOP *** [4d Ks Qd]
frankie31404: checks 
Nicedaymybro: bets $2.38
frankie31404: folds 
Uncalled bet ($2.38) returned to Nicedaymybro
frankie31404 leaves the table
Nicedaymybro collected $4.75 from pot
Nicedaymybro: doesn't show hand 
*** SUMMARY ***
Total pot $5 | Rake $0.25 
Board [4d Ks Qd]
Seat 3: frankie31404 (big blind) folded on the Flop
Seat 5: Nicedaymybro (button) (small blind) collected ($4.75)



PokerStars Hand #254698210240:  Hold'em No Limit ($0.50/$1.00 USD) - 2025/02/03 2:59:27 WET [2025/02/03 21:59:27 ET]
Table 'Marbachia' 6-max Seat #6 is the button
Seat 1: Mr.Taraseus ($100 in chips) 
Seat 2: SorinS28 ($100 in chips) 
Seat 5: Nicedaymybro ($115.23 in chips) 
Seat 6: take all 21 ($24.85 in chips) 
Mr.Taraseus: posts small blind $0.50
SorinS28: posts big blind $1
*** HOLE CARDS ***
Nicedaymybro: folds 
take all 21: folds 
Mr.Taraseus: folds 
Uncalled bet ($0.50) returned to SorinS28
SorinS28 collected $1 from pot
SorinS28: doesn't show hand 
xcinaz joins the table at seat #3 
*** SUMMARY ***
Total pot $1 | Rake $0 
Seat 1: Mr.Taraseus (small blind) folded before Flop
Seat 2: SorinS28 (big blind) collected ($1)
Seat 5: Nicedaymybro folded before Flop (didn't bet)
Seat 6: take all 21 (button) folded before Flop (didn't bet)



PokerStars Hand #254698211110:  Hold'em No Limit ($0.50/$1.00 USD) - 2025/02/03 2:59:36 WET [2025/02/03 21:59:36 ET]
Table 'Marbachia' 6-max Seat #1 is the button
Seat 1: Mr.Taraseus ($100 in chips) 
Seat 2: SorinS28 ($100.50 in chips) 
Seat 3: xcinaz ($100 in chips) 
Seat 5: Nicedaymybro ($115.23 in chips) 
Seat 6: take all 21 ($24.85 in chips) 
SorinS28: posts small blind $0.50
xcinaz: posts big blind $1
*** HOLE CARDS ***
Nicedaymybro: folds 
take all 21: folds 
Mr.Taraseus: folds 
SorinS28: raises $2 to $3
xcinaz: raises $6 to $9
SorinS28: raises $6 to $15
xcinaz: folds 
Uncalled bet ($6) returned to SorinS28
SorinS28 collected $18 from pot
SorinS28: doesn't show hand 
*** SUMMARY ***
Total pot $18 | Rake $0 
Seat 1: Mr.Taraseus (button) folded before Flop (didn't bet)
Seat 2: SorinS28 (small blind) collected ($18)
Seat 3: xcinaz (big blind) folded before Flop
Seat 5: Nicedaymybro folded before Flop (didn't bet)
Seat 6: take all 21 folded before Flop (didn't bet)



PokerStars Hand #254698214624:  Hold'em No Limit ($0.50/$1.00 USD) - 2025/02/03 3:00:09 WET [2025/02/03 22:00:09 ET]
Table 'Marbachia' 6-max Seat #2 is the button
Seat 1: Mr.Taraseus ($100 in chips) 
Seat 2: SorinS28 ($109.50 in chips) 
Seat 3: xcinaz ($100 in chips) 
Seat 5: Nicedaymybro ($115.23 in chips) 
Seat 6: take all 21 ($24.85 in chips) 
xcinaz: posts small blind $0.50
Nicedaymybro: posts big blind $1
*** HOLE CARDS ***
take all 21: folds 
Mr.Taraseus: folds 
SorinS28: folds 
xcinaz: raises $2 to $3
Nicedaymybro: calls $2
*** FLOP *** [As Ac Qh]
frankie31404 joins the table at seat #4 
frankie31404 is disconnected 
xcinaz: checks 
Nicedaymybro: checks 
*** TURN *** [As Ac Qh] [Kh]
xcinaz: bets $4.85
Nicedaymybro: folds 
Uncalled bet ($4.85) returned to xcinaz
xcinaz collected $5.70 from pot
xcinaz: doesn't show hand 
*** SUMMARY ***
Total pot $6 | Rake $0.30 
Board [As Ac Qh Kh]
Seat 1: Mr.Taraseus folded before Flop (didn't bet)
Seat 2: SorinS28 (button) folded before Flop (didn't bet)
Seat 3: xcinaz (small blind) collected ($5.70)
Seat 5: Nicedaymybro (big blind) folded on the Turn
Seat 6: take all 21 folded before Flop (didn't bet)



PokerStars Hand #254698222813:  Hold'em No Limit ($0.50/$1.00 USD) - 2025/02/03 3:01:18 WET [2025/02/03 22:01:18 ET]
Table 'Marbachia' 6-max Seat #3 is the button
Seat 4: frankie31404 ($69.75 in chips) is sitting out
Seat 1: Mr.Taraseus ($100 in chips) 
Seat 2: SorinS28 ($109.50 in chips) 
Seat 3: xcinaz ($102.70 in chips) 
Seat 5: Nicedaymybro ($112.23 in chips) 
Seat 6: take all 21 ($24.85 in chips) 
Nicedaymybro: posts small blind $0.50
take all 21: posts big blind $1
*** HOLE CARDS ***
Mr.Taraseus: folds 
SorinS28: folds 
xcinaz: folds 
Nicedaymybro: folds 
Uncalled bet ($0.50) returned to take all 21
take all 21 collected $1 from pot
*** SUMMARY ***
Total pot $1 | Rake $0 
Seat 4: frankie31404
Seat 1: Mr.Taraseus folded before Flop (didn't bet)
Seat 2: SorinS28 folded before Flop (didn't bet)
Seat 3: xcinaz (button) folded before Flop (didn't bet)
Seat 5: Nicedaymybro (small blind) folded before Flop
Seat 6: take all 21 (big blind) collected ($1)



PokerStars Hand #254698225380:  Hold'em No Limit ($0.50/$1.00 USD) - 2025/02/03 3:01:37 WET [2025/02/03 22:01:37 ET]
Table 'Marbachia' 6-max Seat #5 is the button
Seat 1: Mr.Taraseus ($100 in chips) is sitting out
Seat 2: SorinS28 ($109.50 in chips) 
Seat 3: xcinaz ($102.70 in chips) 
Seat 4: frankie31404 ($69.75 in chips) 
Seat 5: Nicedaymybro ($111.73 in chips) 
Seat 6: take all 21 ($25.35 in chips) 
take all 21: posts small blind $0.50
Mr.Taraseus: is sitting out 
SorinS28: posts big blind $1
frankie31404: posts big blind $1
*** HOLE CARDS ***
xcinaz: folds 
frankie31404: checks 
Nicedaymybro: folds 
take all 21: folds 
Mr.Taraseus leaves the table
SorinS28: raises $4 to $5
frankie31404: folds 
Uncalled bet ($4) returned to SorinS28
SorinS28 collected $2.50 from pot
SorinS28: doesn't show hand 
*** SUMMARY ***
Total pot $2.50 | Rake $0 
Seat 1: Mr.Taraseus
Seat 2: SorinS28 (big blind) collected ($2.50)
Seat 3: xcinaz folded before Flop (didn't bet)
Seat 4: frankie31404 folded before Flop (didn't bet)
Seat 5: Nicedaymybro (button) folded before Flop (didn't bet)
Seat 6: take all 21 (small blind) folded before Flop



PokerStars Hand #254698228356:  Hold'em No Limit ($0.50/$1.00 USD) - 2025/02/03 3:02:00 WET [2025/02/03 22:02:00 ET]
Table 'Marbachia' 6-max Seat #6 is the button
Seat 2: SorinS28 ($111 in chips) 
Seat 3: xcinaz ($102.70 in chips) 
Seat 4: frankie31404 ($68.75 in chips) 
Seat 5: Nicedaymybro ($111.73 in chips) 
Seat 6: take all 21 ($24.85 in chips) 
SorinS28: posts small blind $0.50
xcinaz: posts big blind $1
*** HOLE CARDS ***
frankie31404: folds 
Nicedaymybro: folds 
take all 21: raises $2 to $3
SorinS28: folds 
Joe_Carlos joins the table at seat #1 
xcinaz: folds 
Uncalled bet ($2) returned to take all 21
take all 21 collected $2.50 from pot
*** SUMMARY ***
Total pot $2.50 | Rake $0 
Seat 2: SorinS28 (small blind) folded before Flop
Seat 3: xcinaz (big blind) folded before Flop
Seat 4: frankie31404 folded before Flop (didn't bet)
Seat 5: Nicedaymybro folded before Flop (didn't bet)
Seat 6: take all 21 (button) collected ($2.50)



PokerStars Hand #254698231537:  Hold'em No Limit ($0.50/$1.00 USD) - 2025/02/03 3:02:24 WET [2025/02/03 22:02:24 ET]
Table 'Marbachia' 6-max Seat #2 is the button
Seat 1: Joe_Carlos ($60 in chips) is sitting out
Seat 2: SorinS28 ($110.50 in chips) 
Seat 3: xcinaz ($101.70 in chips) 
Seat 4: frankie31404 ($68.75 in chips) 
Seat 5: Nicedaymybro ($111.73 in chips) 
Seat 6: take all 21 ($26.35 in chips) 
xcinaz: posts small blind $0.50
frankie31404: posts big blind $1
Joe_Carlos: sits out 
*** HOLE CARDS ***
Nicedaymybro: folds 
take all 21: folds 
SorinS28: folds 
xcinaz: folds 
Uncalled bet ($0.50) returned to frankie31404
frankie31404 collected $1 from pot
*** SUMMARY ***
Total pot $1 | Rake $0 
Seat 1: Joe_Carlos
Seat 2: SorinS28 (button) folded before Flop (didn't bet)
Seat 3: xcinaz (small blind) folded before Flop
Seat 4: frankie31404 (big blind) collected ($1)
Seat 5: Nicedaymybro folded before Flop (didn't bet)
Seat 6: take all 21 folded before Flop (didn't bet)



PokerStars Hand #254698232748:  Hold'em No Limit ($0.50/$1.00 USD) - 2025/02/03 3:02:34 WET [2025/02/03 22:02:34 ET]
Table 'Marbachia' 6-max Seat #3 is the button
Seat 1: Joe_Carlos ($60 in chips) is sitting out
Seat 2: SorinS28 ($110.50 in chips) 
Seat 3: xcinaz ($101.20 in chips) 
Seat 4: frankie31404 ($69.25 in chips) 
Seat 5: Nicedaymybro ($111.73 in chips) 
Seat 6: take all 21 ($26.35 in chips) 
frankie31404: posts small blind $0.50
Nicedaymybro: posts big blind $1
Joe_Carlos: sits out 
*** HOLE CARDS ***
take all 21: folds 
SorinS28: raises $1.30 to $2.30
xcinaz: folds 
frankie31404: calls $1.80
Nicedaymybro: folds 
*** FLOP *** [9s 4d Td]
frankie31404: checks 
SorinS28: bets $1.49
frankie31404: calls $1.49
*** TURN *** [9s 4d Td] [2s]
frankie31404: checks 
SorinS28: bets $6.11
frankie31404: folds 
Uncalled bet ($6.11) returned to SorinS28
SorinS28 collected $8.15 from pot
SorinS28: doesn't show hand 
*** SUMMARY ***
Total pot $8.58 | Rake $0.43 
Board [9s 4d Td 2s]
Seat 1: Joe_Carlos
Seat 2: SorinS28 collected ($8.15)
Seat 3: xcinaz (button) folded before Flop (didn't bet)
Seat 4: frankie31404 (small blind) folded on the Turn
Seat 5: Nicedaymybro (big blind) folded before Flop
Seat 6: take all 21 folded before Flop (didn't bet)



PokerStars Hand #254698239701:  Hold'em No Limit ($0.50/$1.00 USD) - 2025/02/03 3:03:26 WET [2025/02/03 22:03:26 ET]
Table 'Marbachia' 6-max Seat #4 is the button
Seat 1: Joe_Carlos ($60 in chips) is sitting out
Seat 2: SorinS28 ($114.86 in chips) 
Seat 3: xcinaz ($101.20 in chips) 
Seat 4: frankie31404 ($65.46 in chips) 
Seat 5: Nicedaymybro ($110.73 in chips) 
Seat 6: take all 21 ($26.35 in chips) 
Nicedaymybro: posts small blind $0.50
take all 21: posts big blind $1
Joe_Carlos: sits out 
*** HOLE CARDS ***
SorinS28: folds 
xcinaz: raises $1.20 to $2.20
frankie31404: folds 
Nicedaymybro: folds 
take all 21: folds 
Uncalled bet ($1.20) returned to xcinaz
xcinaz collected $2.50 from pot
xcinaz: doesn't show hand 
*** SUMMARY ***
Total pot $2.50 | Rake $0 
Seat 1: Joe_Carlos
Seat 2: SorinS28 folded before Flop (didn't bet)
Seat 3: xcinaz collected ($2.50)
Seat 4: frankie31404 (button) folded before Flop (didn't bet)
Seat 5: Nicedaymybro (small blind) folded before Flop
Seat 6: take all 21 (big blind) folded before Flop



PokerStars Hand #254698240999:  Hold'em No Limit ($0.50/$1.00 USD) - 2025/02/03 3:03:36 WET [2025/02/03 22:03:36 ET]
Table 'Marbachia' 6-max Seat #5 is the button
Seat 1: Joe_Carlos ($60 in chips) 
Seat 2: SorinS28 ($114.86 in chips) 
Seat 3: xcinaz ($102.70 in chips) 
Seat 4: frankie31404 ($65.46 in chips) 
Seat 5: Nicedaymybro ($110.23 in chips) 
Seat 6: take all 21 ($25.35 in chips) 
take all 21: posts small blind $0.50
Joe_Carlos: posts big blind $1
*** HOLE CARDS ***
SorinS28: folds 
SorinS28 leaves the table
xcinaz: folds 
frankie31404: folds 
Nicedaymybro: folds 
take all 21: calls $0.50
Joe_Carlos: raises $1 to $2
take all 21: calls $1
*** FLOP *** [5d Qs 9s]
take all 21: checks 
Joe_Carlos: checks 
*** TURN *** [5d Qs 9s] [Tc]
take all 21: bets $3.80
Joe_Carlos: folds 
Uncalled bet ($3.80) returned to take all 21
take all 21 collected $3.80 from pot
*** SUMMARY ***
Total pot $4 | Rake $0.20 
Board [5d Qs 9s Tc]
Seat 1: Joe_Carlos (big blind) folded on the Turn
Seat 2: SorinS28 folded before Flop (didn't bet)
Seat 3: xcinaz folded before Flop (didn't bet)
Seat 4: frankie31404 folded before Flop (didn't bet)
Seat 5: Nicedaymybro (button) folded before Flop (didn't bet)
Seat 6: take all 21 (small blind) collected ($3.80)



PokerStars Hand #254698246379:  Hold'em No Limit ($0.50/$1.00 USD) - 2025/02/03 3:04:17 WET [2025/02/03 22:04:17 ET]
Table 'Marbachia' 6-max Seat #6 is the button
Seat 1: Joe_Carlos ($58 in chips) 
Seat 3: xcinaz ($102.70 in chips) 
Seat 4: frankie31404 ($65.46 in chips) 
Seat 5: Nicedaymybro ($110.23 in chips) 
Seat 6: take all 21 ($27.15 in chips) 
Joe_Carlos: posts small blind $0.50
xcinaz: posts big blind $1
*** HOLE CARDS ***
frankie31404: folds 
Nicedaymybro: folds 
take all 21: folds 
Joe_Carlos: folds 
Uncalled bet ($0.50) returned to xcinaz
xcinaz collected $1 from pot
xcinaz: doesn't show hand 
*** SUMMARY ***
Total pot $1 | Rake $0 
Seat 1: Joe_Carlos (small blind) folded before Flop
Seat 3: xcinaz (big blind) collected ($1)
Seat 4: frankie31404 folded before Flop (didn't bet)
Seat 5: Nicedaymybro folded before Flop (didn't bet)
Seat 6: take all 21 (button) folded before Flop (didn't bet)



PokerStars Hand #254698247643:  Hold'em No Limit ($0.50/$1.00 USD) - 2025/02/03 3:04:26 WET [2025/02/03 22:04:26 ET]
Table 'Marbachia' 6-max Seat #1 is the button
Seat 1: Joe_Carlos ($57.50 in chips) 
Seat 3: xcinaz ($103.20 in chips) 
Seat 4: frankie31404 ($65.46 in chips) 
Seat 5: Nicedaymybro ($110.23 in chips) 
Seat 6: take all 21 ($27.15 in chips) 
xcinaz: posts small blind $0.50
frankie31404: posts big blind $1
*** HOLE CARDS ***
Nicedaymybro: folds 
take all 21: folds 
Joe_Carlos: folds 
xcinaz: folds 
Uncalled bet ($0.50) returned to frankie31404
frankie31404 collected $1 from pot
sutata joins the table at seat #2 
*** SUMMARY ***
Total pot $1 | Rake $0 
Seat 1: Joe_Carlos (button) folded before Flop (didn't bet)
Seat 3: xcinaz (small blind) folded before Flop
Seat 4: frankie31404 (big blind) collected ($1)
Seat 5: Nicedaymybro folded before Flop (didn't bet)
Seat 6: take all 21 folded before Flop (didn't bet)



PokerStars Hand #254698249768:  Hold'em No Limit ($0.50/$1.00 USD) - 2025/02/03 3:04:43 WET [2025/02/03 22:04:43 ET]
Table 'Marbachia' 6-max Seat #3 is the button
Seat 2: sutata ($100 in chips) is sitting out
Seat 1: Joe_Carlos ($57.50 in chips) 
Seat 3: xcinaz ($102.70 in chips) 
Seat 4: frankie31404 ($65.96 in chips) 
Seat 5: Nicedaymybro ($110.23 in chips) 
Seat 6: take all 21 ($27.15 in chips) 
frankie31404: posts small blind $0.50
Nicedaymybro: posts big blind $1
sutata: sits out 
*** HOLE CARDS ***
take all 21: raises $1 to $2
Joe_Carlos: folds 
xcinaz: folds 
frankie31404: folds 
Nicedaymybro: folds 
Uncalled bet ($1) returned to take all 21
take all 21 collected $2.50 from pot
*** SUMMARY ***
Total pot $2.50 | Rake $0 
Seat 2: sutata
Seat 1: Joe_Carlos folded before Flop (didn't bet)
Seat 3: xcinaz (button) folded before Flop (didn't bet)
Seat 4: frankie31404 (small blind) folded before Flop
Seat 5: Nicedaymybro (big blind) folded before Flop
Seat 6: take all 21 collected ($2.50)



PokerStars Hand #254698251616:  Hold'em No Limit ($0.50/$1.00 USD) - 2025/02/03 3:04:56 WET [2025/02/03 22:04:56 ET]
Table 'Marbachia' 6-max Seat #4 is the button
Seat 2: sutata ($100 in chips) is sitting out
Seat 1: Joe_Carlos ($57.50 in chips) 
Seat 3: xcinaz ($102.70 in chips) 
Seat 4: frankie31404 ($65.46 in chips) 
Seat 5: Nicedaymybro ($109.23 in chips) 
Seat 6: take all 21 ($28.65 in chips) 
Nicedaymybro: posts small blind $0.50
take all 21: posts big blind $1
sutata: sits out 
*** HOLE CARDS ***
Joe_Carlos: folds 
xcinaz: folds 
frankie31404: folds 
Nicedaymybro: raises $1.50 to $2.50
take all 21: folds 
Uncalled bet ($1.50) returned to Nicedaymybro
Nicedaymybro collected $2 from pot
Nicedaymybro: doesn't show hand 
*** SUMMARY ***
Total pot $2 | Rake $0 
Seat 2: sutata
Seat 1: Joe_Carlos folded before Flop (didn't bet)
Seat 3: xcinaz folded before Flop (didn't bet)
Seat 4: frankie31404 (button) folded before Flop (didn't bet)
Seat 5: Nicedaymybro (small blind) collected ($2)
Seat 6: take all 21 (big blind) folded before Flop



PokerStars Hand #254698253926:  Hold'em No Limit ($0.50/$1.00 USD) - 2025/02/03 3:05:14 WET [2025/02/03 22:05:14 ET]
Table 'Marbachia' 6-max Seat #5 is the button
Seat 2: sutata ($100 in chips) is sitting out
Seat 1: Joe_Carlos ($57.50 in chips) 
Seat 3: xcinaz ($102.70 in chips) 
Seat 4: frankie31404 ($65.46 in chips) 
Seat 5: Nicedaymybro ($110.23 in chips) 
Seat 6: take all 21 ($27.65 in chips) 
take all 21: posts small blind $0.50
Joe_Carlos: posts big blind $1
sutata: sits out 
*** HOLE CARDS ***
xcinaz: folds 
frankie31404: folds 
Nicedaymybro: raises $1.50 to $2.50
take all 21: folds 
Joe_Carlos: folds 
Uncalled bet ($1.50) returned to Nicedaymybro
Nicedaymybro collected $2.50 from pot
Nicedaymybro: doesn't show hand 
*** SUMMARY ***
Total pot $2.50 | Rake $0 
Seat 2: sutata
Seat 1: Joe_Carlos (big blind) folded before Flop
Seat 3: xcinaz folded before Flop (didn't bet)
Seat 4: frankie31404 folded before Flop (didn't bet)
Seat 5: Nicedaymybro (button) collected ($2.50)
Seat 6: take all 21 (small blind) folded before Flop



PokerStars Hand #254698255452:  Hold'em No Limit ($0.50/$1.00 USD) - 2025/02/03 3:05:26 WET [2025/02/03 22:05:26 ET]
Table 'Marbachia' 6-max Seat #6 is the button
Seat 1: Joe_Carlos ($56.50 in chips) 
Seat 2: sutata ($100 in chips) 
Seat 3: xcinaz ($102.70 in chips) 
Seat 4: frankie31404 ($65.46 in chips) 
Seat 5: Nicedaymybro ($111.73 in chips) 
Seat 6: take all 21 ($27.15 in chips) 
Joe_Carlos: posts small blind $0.50
sutata: posts big blind $1
*** HOLE CARDS ***
xcinaz: raises $1 to $2
frankie31404: folds 
Nicedaymybro: folds 
take all 21: folds 
Joe_Carlos: calls $1.50
sutata: folds 
*** FLOP *** [6c Qs 9d]
Joe_Carlos: checks 
xcinaz: bets $1.19
Joe_Carlos: folds 
Uncalled bet ($1.19) returned to xcinaz
xcinaz collected $4.75 from pot
xcinaz: doesn't show hand 
*** SUMMARY ***
Total pot $5 | Rake $0.25 
Board [6c Qs 9d]
Seat 1: Joe_Carlos (small blind) folded on the Flop
Seat 2: sutata (big blind) folded before Flop
Seat 3: xcinaz collected ($4.75)
Seat 4: frankie31404 folded before Flop (didn't bet)
Seat 5: Nicedaymybro folded before Flop (didn't bet)
Seat 6: take all 21 (button) folded before Flop (didn't bet)



PokerStars Hand #254698263798:  Hold'em No Limit ($0.50/$1.00 USD) - 2025/02/03 3:06:30 WET [2025/02/03 22:06:30 ET]
Table 'Marbachia' 6-max Seat #1 is the button
Seat 1: Joe_Carlos ($54.50 in chips) 
Seat 2: sutata ($100 in chips) 
Seat 3: xcinaz ($105.45 in chips) 
Seat 4: frankie31404 ($65.46 in chips) 
Seat 5: Nicedaymybro ($111.73 in chips) 
Seat 6: take all 21 ($27.15 in chips) 
sutata: posts small blind $0.50
xcinaz: posts big blind $1
*** HOLE CARDS ***
frankie31404: raises $3 to $4
Nicedaymybro: folds 
take all 21: folds 
Joe_Carlos: folds 
sutata: folds 
xcinaz: folds 
Uncalled bet ($3) returned to frankie31404
frankie31404 collected $2.50 from pot
*** SUMMARY ***
Total pot $2.50 | Rake $0 
Seat 1: Joe_Carlos (button) folded before Flop (didn't bet)
Seat 2: sutata (small blind) folded before Flop
Seat 3: xcinaz (big blind) folded before Flop
Seat 4: frankie31404 collected ($2.50)
Seat 5: Nicedaymybro folded before Flop (didn't bet)
Seat 6: take all 21 folded before Flop (didn't bet)



PokerStars Hand #254698267966:  Hold'em No Limit ($0.50/$1.00 USD) - 2025/02/03 3:07:01 WET [2025/02/03 22:07:01 ET]
Table 'Marbachia' 6-max Seat #2 is the button
Seat 1: Joe_Carlos ($54.50 in chips) 
Seat 2: sutata ($100 in chips) 
Seat 3: xcinaz ($104.45 in chips) 
Seat 4: frankie31404 ($66.96 in chips) 
Seat 5: Nicedaymybro ($111.73 in chips) 
Seat 6: take all 21 ($27.15 in chips) 
xcinaz: posts small blind $0.50
frankie31404: posts big blind $1
*** HOLE CARDS ***
Nicedaymybro: folds 
take all 21: folds 
Joe_Carlos: folds 
sutata: folds 
xcinaz: folds 
Uncalled bet ($0.50) returned to frankie31404
frankie31404 collected $1 from pot
*** SUMMARY ***
Total pot $1 | Rake $0 
Seat 1: Joe_Carlos folded before Flop (didn't bet)
Seat 2: sutata (button) folded before Flop (didn't bet)
Seat 3: xcinaz (small blind) folded before Flop
Seat 4: frankie31404 (big blind) collected ($1)
Seat 5: Nicedaymybro folded before Flop (didn't bet)
Seat 6: take all 21 folded before Flop (didn't bet)



PokerStars Hand #254698269498:  Hold'em No Limit ($0.50/$1.00 USD) - 2025/02/03 3:07:13 WET [2025/02/03 22:07:13 ET]
Table 'Marbachia' 6-max Seat #3 is the button
Seat 1: Joe_Carlos ($54.50 in chips) 
Seat 2: sutata ($100 in chips) 
Seat 3: xcinaz ($103.95 in chips) 
Seat 4: frankie31404 ($67.46 in chips) 
Seat 5: Nicedaymybro ($111.73 in chips) 
Seat 6: take all 21 ($27.15 in chips) 
frankie31404: posts small blind $0.50
Nicedaymybro: posts big blind $1
*** HOLE CARDS ***
take all 21: folds 
Joe_Carlos: folds 
sutata: folds 
xcinaz: raises $1.50 to $2.50
frankie31404: folds 
Nicedaymybro: folds 
Uncalled bet ($1.50) returned to xcinaz
xcinaz collected $2.50 from pot
xcinaz: doesn't show hand 
*** SUMMARY ***
Total pot $2.50 | Rake $0 
Seat 1: Joe_Carlos folded before Flop (didn't bet)
Seat 2: sutata folded before Flop (didn't bet)
Seat 3: xcinaz (button) collected ($2.50)
Seat 4: frankie31404 (small blind) folded before Flop
Seat 5: Nicedaymybro (big blind) folded before Flop
Seat 6: take all 21 folded before Flop (didn't bet)



PokerStars Hand #254698271558:  Hold'em No Limit ($0.50/$1.00 USD) - 2025/02/03 3:07:29 WET [2025/02/03 22:07:29 ET]
Table 'Marbachia' 6-max Seat #4 is the button
Seat 1: Joe_Carlos ($54.50 in chips) 
Seat 2: sutata ($100 in chips) 
Seat 3: xcinaz ($105.45 in chips) 
Seat 4: frankie31404 ($66.96 in chips) 
Seat 5: Nicedaymybro ($110.73 in chips) 
Seat 6: take all 21 ($27.15 in chips) 
Nicedaymybro: posts small blind $0.50
take all 21: posts big blind $1
*** HOLE CARDS ***
Joe_Carlos: folds 
sutata: folds 
xcinaz: folds 
frankie31404: raises $3 to $4
Nicedaymybro: folds 
take all 21: folds 
Uncalled bet ($3) returned to frankie31404
frankie31404 collected $2.50 from pot
*** SUMMARY ***
Total pot $2.50 | Rake $0 
Seat 1: Joe_Carlos folded before Flop (didn't bet)
Seat 2: sutata folded before Flop (didn't bet)
Seat 3: xcinaz folded before Flop (didn't bet)
Seat 4: frankie31404 (button) collected ($2.50)
Seat 5: Nicedaymybro (small blind) folded before Flop
Seat 6: take all 21 (big blind) folded before Flop



PokerStars Hand #254698274472:  Hold'em No Limit ($0.50/$1.00 USD) - 2025/02/03 3:07:51 WET [2025/02/03 22:07:51 ET]
Table 'Marbachia' 6-max Seat #5 is the button
Seat 1: Joe_Carlos ($54.50 in chips) 
Seat 2: sutata ($100 in chips) 
Seat 3: xcinaz ($105.45 in chips) 
Seat 4: frankie31404 ($68.46 in chips) 
Seat 5: Nicedaymybro ($110.23 in chips) 
Seat 6: take all 21 ($26.15 in chips) 
take all 21: posts small blind $0.50
Joe_Carlos: posts big blind $1
*** HOLE CARDS ***
sutata: folds 
xcinaz: folds 
frankie31404: folds 
Nicedaymybro: folds 
take all 21: raises $1 to $2
Joe_Carlos: folds 
Uncalled bet ($1) returned to take all 21
take all 21 collected $2 from pot
*** SUMMARY ***
Total pot $2 | Rake $0 
Seat 1: Joe_Carlos (big blind) folded before Flop
Seat 2: sutata folded before Flop (didn't bet)
Seat 3: xcinaz folded before Flop (didn't bet)
Seat 4: frankie31404 folded before Flop (didn't bet)
Seat 5: Nicedaymybro (button) folded before Flop (didn't bet)
Seat 6: take all 21 (small blind) collected ($2)



PokerStars Hand #254698276952:  Hold'em No Limit ($0.50/$1.00 USD) - 2025/02/03 3:08:10 WET [2025/02/03 22:08:10 ET]
Table 'Marbachia' 6-max Seat #6 is the button
Seat 1: Joe_Carlos ($53.50 in chips) 
Seat 2: sutata ($100 in chips) 
Seat 3: xcinaz ($105.45 in chips) 
Seat 4: frankie31404 ($68.46 in chips) 
Seat 5: Nicedaymybro ($110.23 in chips) 
Seat 6: take all 21 ($27.15 in chips) 
Joe_Carlos: posts small blind $0.50
sutata: posts big blind $1
*** HOLE CARDS ***
xcinaz: folds 
frankie31404: folds 
Nicedaymybro: folds 
take all 21: folds 
Joe_Carlos: folds 
Uncalled bet ($0.50) returned to sutata
sutata collected $1 from pot
sutata: doesn't show hand 
*** SUMMARY ***
Total pot $1 | Rake $0 
Seat 1: Joe_Carlos (small blind) folded before Flop
Seat 2: sutata (big blind) collected ($1)
Seat 3: xcinaz folded before Flop (didn't bet)
Seat 4: frankie31404 folded before Flop (didn't bet)
Seat 5: Nicedaymybro folded before Flop (didn't bet)
Seat 6: take all 21 (button) folded before Flop (didn't bet)



PokerStars Hand #254698288041:  Hold'em No Limit ($0.50/$1.00 USD) - 2025/02/03 3:09:36 WET [2025/02/03 22:09:36 ET]
Table 'Marbachia' 6-max Seat #3 is the button
Seat 1: Joe_Carlos ($53 in chips) 
Seat 2: sutata ($100 in chips) 
Seat 3: xcinaz ($103.95 in chips) 
Seat 4: frankie31404 ($61.96 in chips) 
Seat 5: Nicedaymybro ($116.55 in chips) 
Seat 6: take all 21 ($28.65 in chips) 
frankie31404: posts small blind $0.50
Nicedaymybro: posts big blind $1
*** HOLE CARDS ***
take all 21: folds 
Joe_Carlos: folds 
sutata: folds 
xcinaz: folds 
frankie31404: raises $3 to $4
Nicedaymybro: folds 
Uncalled bet ($3) returned to frankie31404
frankie31404 collected $2 from pot
*** SUMMARY ***
Total pot $2 | Rake $0 
Seat 1: Joe_Carlos folded before Flop (didn't bet)
Seat 2: sutata folded before Flop (didn't bet)
Seat 3: xcinaz (button) folded before Flop (didn't bet)
Seat 4: frankie31404 (small blind) collected ($2)
Seat 5: Nicedaymybro (big blind) folded before Flop
Seat 6: take all 21 folded before Flop (didn't bet)



PokerStars Hand #254698290228:  Hold'em No Limit ($0.50/$1.00 USD) - 2025/02/03 3:09:53 WET [2025/02/03 22:09:53 ET]
Table 'Marbachia' 6-max Seat #4 is the button
Seat 1: Joe_Carlos ($53 in chips) 
Seat 2: sutata ($100 in chips) 
Seat 3: xcinaz ($103.95 in chips) 
Seat 4: frankie31404 ($62.96 in chips) 
Seat 5: Nicedaymybro ($115.55 in chips) 
Seat 6: take all 21 ($28.65 in chips) 
Nicedaymybro: posts small blind $0.50
take all 21: posts big blind $1
*** HOLE CARDS ***
Joe_Carlos: folds 
sutata: folds 
xcinaz: folds 
frankie31404: folds 
Nicedaymybro: folds 
Uncalled bet ($0.50) returned to take all 21
take all 21 collected $1 from pot
*** SUMMARY ***
Total pot $1 | Rake $0 
Seat 1: Joe_Carlos folded before Flop (didn't bet)
Seat 2: sutata folded before Flop (didn't bet)
Seat 3: xcinaz folded before Flop (didn't bet)
Seat 4: frankie31404 (button) folded before Flop (didn't bet)
Seat 5: Nicedaymybro (small blind) folded before Flop
Seat 6: take all 21 (big blind) collected ($1)



PokerStars Hand #254698291410:  Hold'em No Limit ($0.50/$1.00 USD) - 2025/02/03 3:10:02 WET [2025/02/03 22:10:02 ET]
Table 'Marbachia' 6-max Seat #5 is the button
Seat 1: Joe_Carlos ($53 in chips) 
Seat 2: sutata ($100 in chips) 
Seat 3: xcinaz ($103.95 in chips) 
Seat 4: frankie31404 ($62.96 in chips) 
Seat 5: Nicedaymybro ($115.05 in chips) 
Seat 6: take all 21 ($29.15 in chips) 
take all 21: posts small blind $0.50
Joe_Carlos: posts big blind $1
*** HOLE CARDS ***
sutata: folds 
xcinaz: folds 
frankie31404: calls $1
Nicedaymybro: raises $3 to $4
take all 21: folds 
Joe_Carlos: calls $3
frankie31404: calls $3
*** FLOP *** [Js Ac 6c]
Joe_Carlos: checks 
frankie31404: checks 
Nicedaymybro: checks 
*** TURN *** [Js Ac 6c] [Qc]
Joe_Carlos: checks 
frankie31404: bets $5
Nicedaymybro: folds 
Joe_Carlos: folds 
Uncalled bet ($5) returned to frankie31404
frankie31404 collected $11.88 from pot
*** SUMMARY ***
Total pot $12.50 | Rake $0.62 
Board [Js Ac 6c Qc]
Seat 1: Joe_Carlos (big blind) folded on the Turn
Seat 2: sutata folded before Flop (didn't bet)
Seat 3: xcinaz folded before Flop (didn't bet)
Seat 4: frankie31404 collected ($11.88)
Seat 5: Nicedaymybro (button) folded on the Turn
Seat 6: take all 21 (small blind) folded before Flop



PokerStars Hand #254698300192:  Hold'em No Limit ($0.50/$1.00 USD) - 2025/02/03 3:11:11 WET [2025/02/03 22:11:11 ET]
Table 'Marbachia' 6-max Seat #6 is the button
Seat 1: Joe_Carlos ($49 in chips) 
Seat 2: sutata ($100 in chips) 
Seat 3: xcinaz ($103.95 in chips) 
Seat 4: frankie31404 ($70.84 in chips) 
Seat 5: Nicedaymybro ($111.05 in chips) 
Seat 6: take all 21 ($28.65 in chips) 
Joe_Carlos: posts small blind $0.50
sutata: posts big blind $1
*** HOLE CARDS ***
xcinaz: folds 
frankie31404: folds 
Nicedaymybro: raises $1.50 to $2.50
take all 21: calls $2.50
Joe_Carlos: folds 
sutata: raises $9.80 to $12.30
Nicedaymybro: folds 
take all 21: folds 
Uncalled bet ($9.80) returned to sutata
sutata collected $8 from pot
sutata: doesn't show hand 
*** SUMMARY ***
Total pot $8 | Rake $0 
Seat 1: Joe_Carlos (small blind) folded before Flop
Seat 2: sutata (big blind) collected ($8)
Seat 3: xcinaz folded before Flop (didn't bet)
Seat 4: frankie31404 folded before Flop (didn't bet)
Seat 5: Nicedaymybro folded before Flop
Seat 6: take all 21 (button) folded before Flop



PokerStars Hand #254698304243:  Hold'em No Limit ($0.50/$1.00 USD) - 2025/02/03 3:11:43 WET [2025/02/03 22:11:43 ET]
Table 'Marbachia' 6-max Seat #1 is the button
Seat 1: Joe_Carlos ($48.50 in chips) 
Seat 2: sutata ($105.50 in chips) 
Seat 3: xcinaz ($103.95 in chips) 
Seat 4: frankie31404 ($70.84 in chips) 
Seat 5: Nicedaymybro ($108.55 in chips) 
Seat 6: take all 21 ($26.15 in chips) 
sutata: posts small blind $0.50
xcinaz: posts big blind $1
*** HOLE CARDS ***
frankie31404: folds 
Nicedaymybro: folds 
take all 21: raises $1 to $2
Joe_Carlos: folds 
sutata: folds 
xcinaz: folds 
Uncalled bet ($1) returned to take all 21
take all 21 collected $2.50 from pot
*** SUMMARY ***
Total pot $2.50 | Rake $0 
Seat 1: Joe_Carlos (button) folded before Flop (didn't bet)
Seat 2: sutata (small blind) folded before Flop
Seat 3: xcinaz (big blind) folded before Flop
Seat 4: frankie31404 folded before Flop (didn't bet)
Seat 5: Nicedaymybro folded before Flop (didn't bet)
Seat 6: take all 21 collected ($2.50)



PokerStars Hand #254698307306:  Hold'em No Limit ($0.50/$1.00 USD) - 2025/02/03 3:12:08 WET [2025/02/03 22:12:08 ET]
Table 'Marbachia' 6-max Seat #2 is the button
Seat 1: Joe_Carlos ($48.50 in chips) 
Seat 2: sutata ($105 in chips) 
Seat 3: xcinaz ($102.95 in chips) 
Seat 4: frankie31404 ($70.84 in chips) 
Seat 5: Nicedaymybro ($108.55 in chips) 
Seat 6: take all 21 ($27.65 in chips) 
xcinaz: posts small blind $0.50
frankie31404: posts big blind $1
*** HOLE CARDS ***
Nicedaymybro: folds 
take all 21: folds 
Joe_Carlos: raises $1.50 to $2.50
sutata: calls $2.50
xcinaz: folds 
frankie31404: folds 
*** FLOP *** [Ks Qs Ad]
Joe_Carlos: bets $2.04
sutata: folds 
Uncalled bet ($2.04) returned to Joe_Carlos
Joe_Carlos collected $6.18 from pot
Joe_Carlos: doesn't show hand 
*** SUMMARY ***
Total pot $6.50 | Rake $0.32 
Board [Ks Qs Ad]
Seat 1: Joe_Carlos collected ($6.18)
Seat 2: sutata (button) folded on the Flop
Seat 3: xcinaz (small blind) folded before Flop
Seat 4: frankie31404 (big blind) folded before Flop
Seat 5: Nicedaymybro folded before Flop (didn't bet)
Seat 6: take all 21 folded before Flop (didn't bet)



PokerStars Hand #254698312472:  Hold'em No Limit ($0.50/$1.00 USD) - 2025/02/03 3:12:49 WET [2025/02/03 22:12:49 ET]
Table 'Marbachia' 6-max Seat #3 is the button
Seat 1: Joe_Carlos ($52.18 in chips) 
Seat 2: sutata ($102.50 in chips) 
Seat 3: xcinaz ($102.45 in chips) 
Seat 4: frankie31404 ($69.84 in chips) 
Seat 5: Nicedaymybro ($108.55 in chips) 
Seat 6: take all 21 ($27.65 in chips) 
frankie31404: posts small blind $0.50
Nicedaymybro: posts big blind $1
*** HOLE CARDS ***
take all 21: folds 
Joe_Carlos: folds 
sutata: folds 
xcinaz: folds 
frankie31404: folds 
Uncalled bet ($0.50) returned to Nicedaymybro
Nicedaymybro collected $1 from pot
Nicedaymybro: doesn't show hand 
*** SUMMARY ***
Total pot $1 | Rake $0 
Seat 1: Joe_Carlos folded before Flop (didn't bet)
Seat 2: sutata folded before Flop (didn't bet)
Seat 3: xcinaz (button) folded before Flop (didn't bet)
Seat 4: frankie31404 (small blind) folded before Flop
Seat 5: Nicedaymybro (big blind) collected ($1)
Seat 6: take all 21 folded before Flop (didn't bet)



PokerStars Hand #254698315849:  Hold'em No Limit ($0.50/$1.00 USD) - 2025/02/03 3:13:16 WET [2025/02/03 22:13:16 ET]
Table 'Marbachia' 6-max Seat #4 is the button
Seat 1: Joe_Carlos ($52.18 in chips) 
Seat 2: sutata ($102.50 in chips) 
Seat 3: xcinaz ($102.45 in chips) 
Seat 4: frankie31404 ($69.34 in chips) 
Seat 5: Nicedaymybro ($109.05 in chips) 
Seat 6: take all 21 ($27.65 in chips) 
Nicedaymybro: posts small blind $0.50
take all 21: posts big blind $1
*** HOLE CARDS ***
Joe_Carlos: folds 
sutata: raises $1.50 to $2.50
xcinaz: folds 
frankie31404: folds 
Nicedaymybro: folds 
take all 21: folds 
Uncalled bet ($1.50) returned to sutata
sutata collected $2.50 from pot
sutata: doesn't show hand 
*** SUMMARY ***
Total pot $2.50 | Rake $0 
Seat 1: Joe_Carlos folded before Flop (didn't bet)
Seat 2: sutata collected ($2.50)
Seat 3: xcinaz folded before Flop (didn't bet)
Seat 4: frankie31404 (button) folded before Flop (didn't bet)
Seat 5: Nicedaymybro (small blind) folded before Flop
Seat 6: take all 21 (big blind) folded before Flop



PokerStars Hand #254698317842:  Hold'em No Limit ($0.50/$1.00 USD) - 2025/02/03 3:13:32 WET [2025/02/03 22:13:32 ET]
Table 'Marbachia' 6-max Seat #5 is the button
Seat 1: Joe_Carlos ($52.18 in chips) 
Seat 2: sutata ($104 in chips) 
Seat 3: xcinaz ($102.45 in chips) 
Seat 4: frankie31404 ($69.34 in chips) 
Seat 5: Nicedaymybro ($108.55 in chips) 
Seat 6: take all 21 ($26.65 in chips) 
take all 21: posts small blind $0.50
Joe_Carlos: posts big blind $1
*** HOLE CARDS ***
sutata: folds 
xcinaz: folds 
frankie31404: folds 
Nicedaymybro: folds 
take all 21: folds 
Uncalled bet ($0.50) returned to Joe_Carlos
Joe_Carlos collected $1 from pot
Joe_Carlos: doesn't show hand 
*** SUMMARY ***
Total pot $1 | Rake $0 
Seat 1: Joe_Carlos (big blind) collected ($1)
Seat 2: sutata folded before Flop (didn't bet)
Seat 3: xcinaz folded before Flop (didn't bet)
Seat 4: frankie31404 folded before Flop (didn't bet)
Seat 5: Nicedaymybro (button) folded before Flop (didn't bet)
Seat 6: take all 21 (small blind) folded before Flop



PokerStars Hand #254698319428:  Hold'em No Limit ($0.50/$1.00 USD) - 2025/02/03 3:13:45 WET [2025/02/03 22:13:45 ET]
Table 'Marbachia' 6-max Seat #6 is the button
Seat 1: Joe_Carlos ($52.68 in chips) 
Seat 2: sutata ($104 in chips) 
Seat 3: xcinaz ($102.45 in chips) 
Seat 4: frankie31404 ($69.34 in chips) 
Seat 5: Nicedaymybro ($108.55 in chips) 
Seat 6: take all 21 ($26.15 in chips) 
Joe_Carlos: posts small blind $0.50
sutata: posts big blind $1
*** HOLE CARDS ***
xcinaz: folds 
frankie31404: raises $2 to $3
Nicedaymybro: folds 
take all 21: folds 
Joe_Carlos: calls $2.50
sutata: folds 
*** FLOP *** [5s 8s 5d]
Joe_Carlos: checks 
frankie31404: bets $4
Joe_Carlos: folds 
Uncalled bet ($4) returned to frankie31404
frankie31404 collected $6.65 from pot
*** SUMMARY ***
Total pot $7 | Rake $0.35 
Board [5s 8s 5d]
Seat 1: Joe_Carlos (small blind) folded on the Flop
Seat 2: sutata (big blind) folded before Flop
Seat 3: xcinaz folded before Flop (didn't bet)
Seat 4: frankie31404 collected ($6.65)
Seat 5: Nicedaymybro folded before Flop (didn't bet)
Seat 6: take all 21 (button) folded before Flop (didn't bet)



PokerStars Hand #254698324835:  Hold'em No Limit ($0.50/$1.00 USD) - 2025/02/03 3:14:29 WET [2025/02/03 22:14:29 ET]
Table 'Marbachia' 6-max Seat #1 is the button
Seat 1: Joe_Carlos ($49.68 in chips) 
Seat 2: sutata ($103 in chips) 
Seat 3: xcinaz ($102.45 in chips) 
Seat 4: frankie31404 ($72.99 in chips) 
Seat 5: Nicedaymybro ($108.55 in chips) 
Seat 6: take all 21 ($26.15 in chips) 
sutata: posts small blind $0.50
xcinaz: posts big blind $1
*** HOLE CARDS ***
frankie31404: folds 
Nicedaymybro: folds 
take all 21: folds 
Joe_Carlos: raises $1.50 to $2.50
sutata: folds 
xcinaz: folds 
Uncalled bet ($1.50) returned to Joe_Carlos
Joe_Carlos collected $2.50 from pot
Joe_Carlos: doesn't show hand 
*** SUMMARY ***
Total pot $2.50 | Rake $0 
Seat 1: Joe_Carlos (button) collected ($2.50)
Seat 2: sutata (small blind) folded before Flop
Seat 3: xcinaz (big blind) folded before Flop
Seat 4: frankie31404 folded before Flop (didn't bet)
Seat 5: Nicedaymybro folded before Flop (didn't bet)
Seat 6: take all 21 folded before Flop (didn't bet)



PokerStars Hand #254698328436:  Hold'em No Limit ($0.50/$1.00 USD) - 2025/02/03 3:14:57 WET [2025/02/03 22:14:57 ET]
Table 'Marbachia' 6-max Seat #2 is the button
Seat 1: Joe_Carlos ($51.18 in chips) 
Seat 2: sutata ($102.50 in chips) 
Seat 3: xcinaz ($101.45 in chips) 
Seat 4: frankie31404 ($72.99 in chips) 
Seat 5: Nicedaymybro ($108.55 in chips) 
Seat 6: take all 21 ($26.15 in chips) 
xcinaz: posts small blind $0.50
frankie31404: posts big blind $1
*** HOLE CARDS ***
Nicedaymybro: folds 
take all 21: folds 
Joe_Carlos: folds 
sutata: raises $2 to $3
xcinaz: folds 
frankie31404: folds 
Uncalled bet ($2) returned to sutata
sutata collected $2.50 from pot
sutata: doesn't show hand 
*** SUMMARY ***
Total pot $2.50 | Rake $0 
Seat 1: Joe_Carlos folded before Flop (didn't bet)
Seat 2: sutata (button) collected ($2.50)
Seat 3: xcinaz (small blind) folded before Flop
Seat 4: frankie31404 (big blind) folded before Flop
Seat 5: Nicedaymybro folded before Flop (didn't bet)
Seat 6: take all 21 folded before Flop (didn't bet)



PokerStars Hand #254698332304:  Hold'em No Limit ($0.50/$1.00 USD) - 2025/02/03 3:15:28 WET [2025/02/03 22:15:28 ET]
Table 'Marbachia' 6-max Seat #3 is the button
Seat 1: Joe_Carlos ($51.18 in chips) 
Seat 2: sutata ($104 in chips) 
Seat 3: xcinaz ($100.95 in chips) 
Seat 4: frankie31404 ($71.99 in chips) 
Seat 5: Nicedaymybro ($108.55 in chips) 
Seat 6: take all 21 ($26.15 in chips) 
frankie31404: posts small blind $0.50
Nicedaymybro: posts big blind $1
*** HOLE CARDS ***
take all 21: raises $2 to $3
Joe_Carlos: folds 
sutata: folds 
xcinaz: folds 
frankie31404: folds 
Nicedaymybro: folds 
Uncalled bet ($2) returned to take all 21
take all 21 collected $2.50 from pot
*** SUMMARY ***
Total pot $2.50 | Rake $0 
Seat 1: Joe_Carlos folded before Flop (didn't bet)
Seat 2: sutata folded before Flop (didn't bet)
Seat 3: xcinaz (button) folded before Flop (didn't bet)
Seat 4: frankie31404 (small blind) folded before Flop
Seat 5: Nicedaymybro (big blind) folded before Flop
Seat 6: take all 21 collected ($2.50)



PokerStars Hand #254698336157:  Hold'em No Limit ($0.50/$1.00 USD) - 2025/02/03 3:15:58 WET [2025/02/03 22:15:58 ET]
Table 'Marbachia' 6-max Seat #4 is the button
Seat 1: Joe_Carlos ($51.18 in chips) 
Seat 2: sutata ($104 in chips) 
Seat 3: xcinaz ($100.95 in chips) 
Seat 4: frankie31404 ($71.49 in chips) 
Seat 5: Nicedaymybro ($107.55 in chips) 
Seat 6: take all 21 ($27.65 in chips) 
Nicedaymybro: posts small blind $0.50
take all 21: posts big blind $1
*** HOLE CARDS ***
Joe_Carlos: folds 
sutata: raises $1.50 to $2.50
xcinaz: folds 
frankie31404: calls $2.50
Nicedaymybro: folds 
take all 21: raises $25.15 to $27.65 and is all-in
sutata: folds 
frankie31404: calls $25.15
frankie31404 has timed out
*** FLOP *** [3d 9s 4h]
*** TURN *** [3d 9s 4h] [Kc]
*** RIVER *** [3d 9s 4h Kc] [Jc]
*** SHOW DOWN ***
take all 21: shows [Qs Ah] (high card Ace)
frankie31404: shows [8c 8s] (a pair of Eights)
frankie31404 collected $55.80 from pot
*** SUMMARY ***
Total pot $58.30 | Rake $2.50 
Board [3d 9s 4h Kc Jc]
Seat 1: Joe_Carlos folded before Flop (didn't bet)
Seat 2: sutata folded before Flop
Seat 3: xcinaz folded before Flop (didn't bet)
Seat 4: frankie31404 (button) showed [8c 8s] and won ($55.80) with a pair of Eights
Seat 5: Nicedaymybro (small blind) folded before Flop
Seat 6: take all 21 (big blind) showed [Qs Ah] and lost with high card Ace



PokerStars Hand #254698342545:  Hold'em No Limit ($0.50/$1.00 USD) - 2025/02/03 3:16:50 WET [2025/02/03 22:16:50 ET]
Table 'Marbachia' 6-max Seat #5 is the button
Seat 6: take all 21 ($0 in chips) is sitting out
Seat 1: Joe_Carlos ($51.18 in chips) 
Seat 2: sutata ($101.50 in chips) 
Seat 3: xcinaz ($100.95 in chips) 
Seat 4: frankie31404 ($99.64 in chips) 
Seat 5: Nicedaymybro ($107.05 in chips) 
Joe_Carlos: posts small blind $0.50
sutata: posts big blind $1
*** HOLE CARDS ***
xcinaz: raises $1 to $2
frankie31404: folds 
Nicedaymybro: folds 
Joe_Carlos: calls $1.50
sutata: folds 
*** FLOP *** [Jd 3s 6h]
Joe_Carlos: checks 
xcinaz: bets $4.04
Joe_Carlos: folds 
Uncalled bet ($4.04) returned to xcinaz
xcinaz collected $4.75 from pot
xcinaz: doesn't show hand 
*** SUMMARY ***
Total pot $5 | Rake $0.25 
Board [Jd 3s 6h]
Seat 6: take all 21
Seat 1: Joe_Carlos (small blind) folded on the Flop
Seat 2: sutata (big blind) folded before Flop
Seat 3: xcinaz collected ($4.75)
Seat 4: frankie31404 folded before Flop (didn't bet)
Seat 5: Nicedaymybro (button) folded before Flop (didn't bet)



PokerStars Hand #254698347734:  Hold'em No Limit ($0.50/$1.00 USD) - 2025/02/03 3:17:31 WET [2025/02/03 22:17:31 ET]
Table 'Marbachia' 6-max Seat #1 is the button
Seat 6: take all 21 ($0 in chips) is sitting out
Seat 1: Joe_Carlos ($49.18 in chips) 
Seat 2: sutata ($100.50 in chips) 
Seat 3: xcinaz ($103.70 in chips) 
Seat 4: frankie31404 ($99.64 in chips) 
Seat 5: Nicedaymybro ($107.05 in chips) 
sutata: posts small blind $0.50
xcinaz: posts big blind $1
*** HOLE CARDS ***
frankie31404: raises $2 to $3
Nicedaymybro: raises $6 to $9
Joe_Carlos: folds 
sutata: folds 
xcinaz: raises $94.70 to $103.70 and is all-in
frankie31404: folds 
Nicedaymybro: folds 
Uncalled bet ($94.70) returned to xcinaz
xcinaz collected $21.50 from pot
xcinaz: doesn't show hand 
*** SUMMARY ***
Total pot $21.50 | Rake $0 
Seat 6: take all 21
Seat 1: Joe_Carlos (button) folded before Flop (didn't bet)
Seat 2: sutata (small blind) folded before Flop
Seat 3: xcinaz (big blind) collected ($21.50)
Seat 4: frankie31404 folded before Flop
Seat 5: Nicedaymybro folded before Flop



PokerStars Hand #254698353009:  Hold'em No Limit ($0.50/$1.00 USD) - 2025/02/03 3:18:14 WET [2025/02/03 22:18:14 ET]
Table 'Marbachia' 6-max Seat #2 is the button
Seat 6: take all 21 ($0 in chips) is sitting out
Seat 1: Joe_Carlos ($49.18 in chips) 
Seat 2: sutata ($100 in chips) 
Seat 3: xcinaz ($116.20 in chips) 
Seat 4: frankie31404 ($96.64 in chips) 
Seat 5: Nicedaymybro ($100 in chips) 
xcinaz: posts small blind $0.50
frankie31404: posts big blind $1
*** HOLE CARDS ***
Nicedaymybro: folds 
Joe_Carlos: folds 
sutata: folds 
xcinaz: raises $2 to $3
frankie31404: folds 
Uncalled bet ($2) returned to xcinaz
xcinaz collected $2 from pot
xcinaz: doesn't show hand 
*** SUMMARY ***
Total pot $2 | Rake $0 
Seat 6: take all 21
Seat 1: Joe_Carlos folded before Flop (didn't bet)
Seat 2: sutata (button) folded before Flop (didn't bet)
Seat 3: xcinaz (small blind) collected ($2)
Seat 4: frankie31404 (big blind) folded before Flop
Seat 5: Nicedaymybro folded before Flop (didn't bet)



PokerStars Hand #254698355825:  Hold'em No Limit ($0.50/$1.00 USD) - 2025/02/03 3:18:37 WET [2025/02/03 22:18:37 ET]
Table 'Marbachia' 6-max Seat #3 is the button
Seat 1: Joe_Carlos ($49.18 in chips) 
Seat 2: sutata ($100 in chips) 
Seat 3: xcinaz ($117.20 in chips) 
Seat 4: frankie31404 ($95.64 in chips) 
Seat 5: Nicedaymybro ($100 in chips) 
Seat 6: take all 21 ($46.95 in chips) 
frankie31404: posts small blind $0.50
Nicedaymybro: posts big blind $1
take all 21: posts small blind $0.50
*** HOLE CARDS ***
take all 21: folds 
take all 21 leaves the table
Joe_Carlos: folds 
sutata: folds 
xcinaz: folds 
frankie31404: folds 
Uncalled bet ($0.50) returned to Nicedaymybro
Nicedaymybro collected $1.50 from pot
Nicedaymybro: doesn't show hand 
*** SUMMARY ***
Total pot $1.50 | Rake $0 
Seat 1: Joe_Carlos folded before Flop (didn't bet)
Seat 2: sutata folded before Flop (didn't bet)
Seat 3: xcinaz (button) folded before Flop (didn't bet)
Seat 4: frankie31404 (small blind) folded before Flop
Seat 5: Nicedaymybro (big blind) collected ($1.50)
Seat 6: take all 21 folded before Flop (didn't bet)



PokerStars Hand #254698358334:  Hold'em No Limit ($0.50/$1.00 USD) - 2025/02/03 3:18:57 WET [2025/02/03 22:18:57 ET]
Table 'Marbachia' 6-max Seat #4 is the button
Seat 1: Joe_Carlos ($49.18 in chips) 
Seat 2: sutata ($100 in chips) 
Seat 3: xcinaz ($117.20 in chips) 
Seat 4: frankie31404 ($95.14 in chips) 
Seat 5: Nicedaymybro ($101 in chips) 
Nicedaymybro: posts small blind $0.50
Joe_Carlos: posts big blind $1
*** HOLE CARDS ***
sutata: folds 
MaRKiToScoK joins the table at seat #6 
xcinaz: folds 
frankie31404: folds 
Nicedaymybro: folds 
Uncalled bet ($0.50) returned to Joe_Carlos
Joe_Carlos collected $1 from pot
Joe_Carlos: doesn't show hand 
*** SUMMARY ***
Total pot $1 | Rake $0 
Seat 1: Joe_Carlos (big blind) collected ($1)
Seat 2: sutata folded before Flop (didn't bet)
Seat 3: xcinaz folded before Flop (didn't bet)
Seat 4: frankie31404 (button) folded before Flop (didn't bet)
Seat 5: Nicedaymybro (small blind) folded before Flop



PokerStars Hand #254698360313:  Hold'em No Limit ($0.50/$1.00 USD) - 2025/02/03 3:19:13 WET [2025/02/03 22:19:13 ET]
Table 'Marbachia' 6-max Seat #5 is the button
Seat 6: MaRKiToScoK ($100 in chips) is sitting out
Seat 1: Joe_Carlos ($49.68 in chips) 
Seat 2: sutata ($100 in chips) 
Seat 3: xcinaz ($117.20 in chips) 
Seat 4: frankie31404 ($95.14 in chips) 
Seat 5: Nicedaymybro ($100.50 in chips) 
Joe_Carlos: posts small blind $0.50
sutata: posts big blind $1
*** HOLE CARDS ***
xcinaz: folds 
frankie31404: raises $2 to $3
Nicedaymybro: folds 
Joe_Carlos: raises $6 to $9
sutata: folds 
frankie31404: raises $86.14 to $95.14 and is all-in
Joe_Carlos: calls $40.68 and is all-in
Uncalled bet ($45.46) returned to frankie31404
frankie31404 has timed out
*** FLOP *** [Ts 3h Th]
*** TURN *** [Ts 3h Th] [7d]
*** RIVER *** [Ts 3h Th 7d] [5s]
*** SHOW DOWN ***
Joe_Carlos: shows [Ad Kd] (a pair of Tens)
frankie31404: shows [Ah Qs] (a pair of Tens - lower kicker)
Joe_Carlos cashed out the hand for $72.47 | Cash Out Fee $1.48
*** SUMMARY ***
Total pot $100.36 | Rake $2.50 
Board [Ts 3h Th 7d 5s]
Seat 6: MaRKiToScoK
Seat 1: Joe_Carlos (small blind) showed [Ad Kd] and won ($97.86) with a pair of Tens (pot not awarded as player cashed out)
Seat 2: sutata (big blind) folded before Flop
Seat 3: xcinaz folded before Flop (didn't bet)
Seat 4: frankie31404 showed [Ah Qs] and lost with a pair of Tens
Seat 5: Nicedaymybro (button) folded before Flop (didn't bet)



PokerStars Hand #254698366677:  Hold'em No Limit ($0.50/$1.00 USD) - 2025/02/03 3:20:04 WET [2025/02/03 22:20:04 ET]
Table 'Marbachia' 6-max Seat #1 is the button
Seat 6: MaRKiToScoK ($100 in chips) is sitting out
Seat 1: Joe_Carlos ($72.47 in chips) 
Seat 2: sutata ($100 in chips) 
Seat 3: xcinaz ($117.20 in chips) 
Seat 4: frankie31404 ($45.46 in chips) 
Seat 5: Nicedaymybro ($100.50 in chips) 
sutata: posts small blind $0.50
xcinaz: posts big blind $1
MaRKiToScoK: sits out 
*** HOLE CARDS ***
frankie31404: calls $1
Nicedaymybro: folds 
Joe_Carlos: folds 
sutata: folds 
xcinaz: checks 
*** FLOP *** [3d 5h Td]
xcinaz: checks 
frankie31404: bets $3
xcinaz: folds 
Uncalled bet ($3) returned to frankie31404
frankie31404 collected $2.38 from pot
*** SUMMARY ***
Total pot $2.50 | Rake $0.12 
Board [3d 5h Td]
Seat 6: MaRKiToScoK
Seat 1: Joe_Carlos (button) folded before Flop (didn't bet)
Seat 2: sutata (small blind) folded before Flop
Seat 3: xcinaz (big blind) folded on the Flop
Seat 4: frankie31404 collected ($2.38)
Seat 5: Nicedaymybro folded before Flop (didn't bet)



PokerStars Hand #254698370178:  Hold'em No Limit ($0.50/$1.00 USD) - 2025/02/03 3:20:32 WET [2025/02/03 22:20:32 ET]
Table 'Marbachia' 6-max Seat #2 is the button
Seat 6: MaRKiToScoK ($100 in chips) is sitting out
Seat 1: Joe_Carlos ($72.47 in chips) 
Seat 2: sutata ($100 in chips) 
Seat 3: xcinaz ($116.20 in chips) 
Seat 4: frankie31404 ($46.84 in chips) 
Seat 5: Nicedaymybro ($100.50 in chips) 
xcinaz: posts small blind $0.50
frankie31404: posts big blind $1
MaRKiToScoK: sits out 
*** HOLE CARDS ***
Nicedaymybro: folds 
Joe_Carlos: folds 
sutata: raises $2 to $3
xcinaz: folds 
frankie31404: calls $2
*** FLOP *** [2c 3s 2d]
frankie31404: checks 
sutata: checks 
*** TURN *** [2c 3s 2d] [Ts]
frankie31404: checks 
sutata: bets $2.06
frankie31404: folds 
Uncalled bet ($2.06) returned to sutata
sutata collected $6.18 from pot
sutata: doesn't show hand 
*** SUMMARY ***
Total pot $6.50 | Rake $0.32 
Board [2c 3s 2d Ts]
Seat 6: MaRKiToScoK
Seat 1: Joe_Carlos folded before Flop (didn't bet)
Seat 2: sutata (button) collected ($6.18)
Seat 3: xcinaz (small blind) folded before Flop
Seat 4: frankie31404 (big blind) folded on the Turn
Seat 5: Nicedaymybro folded before Flop (didn't bet)



PokerStars Hand #254698374482:  Hold'em No Limit ($0.50/$1.00 USD) - 2025/02/03 3:21:07 WET [2025/02/03 22:21:07 ET]
Table 'Marbachia' 6-max Seat #3 is the button
Seat 6: MaRKiToScoK ($100 in chips) is sitting out
Seat 1: Joe_Carlos ($72.47 in chips) 
Seat 2: sutata ($103.18 in chips) 
Seat 3: xcinaz ($115.70 in chips) 
Seat 4: frankie31404 ($43.84 in chips) 
Seat 5: Nicedaymybro ($100.50 in chips) 
frankie31404: posts small blind $0.50
Nicedaymybro: posts big blind $1
MaRKiToScoK: sits out 
*** HOLE CARDS ***
Joe_Carlos has timed out
Joe_Carlos: folds 
sutata: folds 
xcinaz: folds 
frankie31404: calls $0.50
Nicedaymybro: raises $2.50 to $3.50
frankie31404: calls $2.50
*** FLOP *** [9h 6h Kc]
frankie31404: checks 
sutata leaves the table
Nicedaymybro: bets $3.33
frankie31404: raises $15.67 to $19
Magnodive joins the table at seat #2 
Nicedaymybro: raises $44.67 to $63.67
frankie31404: calls $21.34 and is all-in
Uncalled bet ($23.33) returned to Nicedaymybro
frankie31404 has timed out
*** TURN *** [9h 6h Kc] [5s]
*** RIVER *** [9h 6h Kc 5s] [2c]
*** SHOW DOWN ***
frankie31404: shows [8h 7h] (a straight, Five to Nine)
Nicedaymybro: shows [Kh Th] (a pair of Kings)
frankie31404 collected $85.18 from pot
*** SUMMARY ***
Total pot $87.68 | Rake $2.50 
Board [9h 6h Kc 5s 2c]
Seat 6: MaRKiToScoK
Seat 1: Joe_Carlos folded before Flop (didn't bet)
Seat 2: sutata folded before Flop (didn't bet)
Seat 3: xcinaz (button) folded before Flop (didn't bet)
Seat 4: frankie31404 (small blind) showed [8h 7h] and won ($85.18) with a straight, Five to Nine
Seat 5: Nicedaymybro (big blind) showed [Kh Th] and lost with a pair of Kings



PokerStars Hand #254698384384:  Hold'em No Limit ($0.50/$1.00 USD) - 2025/02/03 3:22:27 WET [2025/02/03 22:22:27 ET]
Table 'Marbachia' 6-max Seat #4 is the button
Seat 2: Magnodive ($100 in chips) is sitting out
Seat 1: Joe_Carlos ($72.47 in chips) 
Seat 3: xcinaz ($115.70 in chips) 
Seat 4: frankie31404 ($85.18 in chips) 
Seat 5: Nicedaymybro ($100 in chips) 
Seat 6: MaRKiToScoK ($100 in chips) 
Nicedaymybro: posts small blind $0.50
MaRKiToScoK: posts big blind $1
Magnodive: sits out 
*** HOLE CARDS ***
Joe_Carlos: folds 
xcinaz: folds 
frankie31404: folds 
Nicedaymybro: raises $2 to $3
MaRKiToScoK: raises $6 to $9
Nicedaymybro: calls $6
*** FLOP *** [Td 7d 2s]
Nicedaymybro: checks 
MaRKiToScoK: checks 
*** TURN *** [Td 7d 2s] [8d]
Nicedaymybro: bets $8.55
MaRKiToScoK: calls $8.55
*** RIVER *** [Td 7d 2s 8d] [Jc]
Nicedaymybro: bets $16.65
MaRKiToScoK: calls $16.65
*** SHOW DOWN ***
Nicedaymybro: shows [9s Js] (a straight, Seven to Jack)
MaRKiToScoK: mucks hand 
Nicedaymybro collected $65.90 from pot
*** SUMMARY ***
Total pot $68.40 | Rake $2.50 
Board [Td 7d 2s 8d Jc]
Seat 2: Magnodive
Seat 1: Joe_Carlos folded before Flop (didn't bet)
Seat 3: xcinaz folded before Flop (didn't bet)
Seat 4: frankie31404 (button) folded before Flop (didn't bet)
Seat 5: Nicedaymybro (small blind) showed [9s Js] and won ($65.90) with a straight, Seven to Jack
Seat 6: MaRKiToScoK (big blind) mucked



PokerStars Hand #254698391318:  Hold'em No Limit ($0.50/$1.00 USD) - 2025/02/03 3:23:24 WET [2025/02/03 22:23:24 ET]
Table 'Marbachia' 6-max Seat #5 is the button
Seat 2: Magnodive ($100 in chips) is sitting out
Seat 1: Joe_Carlos ($72.47 in chips) 
Seat 3: xcinaz ($115.70 in chips) 
Seat 4: frankie31404 ($85.18 in chips) 
Seat 5: Nicedaymybro ($131.70 in chips) 
Seat 6: MaRKiToScoK ($100 in chips) 
MaRKiToScoK: posts small blind $0.50
Joe_Carlos: posts big blind $1
Magnodive: sits out 
*** HOLE CARDS ***
xcinaz: folds 
frankie31404: folds 
Nicedaymybro: raises $1.50 to $2.50
MaRKiToScoK: folds 
Joe_Carlos: folds 
Uncalled bet ($1.50) returned to Nicedaymybro
Nicedaymybro collected $2.50 from pot
Nicedaymybro: doesn't show hand 
*** SUMMARY ***
Total pot $2.50 | Rake $0 
Seat 2: Magnodive
Seat 1: Joe_Carlos (big blind) folded before Flop
Seat 3: xcinaz folded before Flop (didn't bet)
Seat 4: frankie31404 folded before Flop (didn't bet)
Seat 5: Nicedaymybro (button) collected ($2.50)
Seat 6: MaRKiToScoK (small blind) folded before Flop



PokerStars Hand #254698394029:  Hold'em No Limit ($0.50/$1.00 USD) - 2025/02/03 3:23:46 WET [2025/02/03 22:23:46 ET]
Table 'Marbachia' 6-max Seat #6 is the button
Seat 1: Joe_Carlos ($71.47 in chips) 
Seat 2: Magnodive ($100 in chips) 
Seat 3: xcinaz ($115.70 in chips) 
Seat 4: frankie31404 ($85.18 in chips) 
Seat 5: Nicedaymybro ($133.20 in chips) 
Seat 6: MaRKiToScoK ($100 in chips) 
Joe_Carlos: posts small blind $0.50
Magnodive: posts big blind $1
*** HOLE CARDS ***
xcinaz: folds 
frankie31404: folds 
Nicedaymybro: folds 
MaRKiToScoK: raises $1.50 to $2.50
Joe_Carlos: raises $5 to $7.50
Magnodive: folds 
MaRKiToScoK: folds 
Uncalled bet ($5) returned to Joe_Carlos
Joe_Carlos collected $6 from pot
Joe_Carlos: doesn't show hand 
*** SUMMARY ***
Total pot $6 | Rake $0 
Seat 1: Joe_Carlos (small blind) collected ($6)
Seat 2: Magnodive (big blind) folded before Flop
Seat 3: xcinaz folded before Flop (didn't bet)
Seat 4: frankie31404 folded before Flop (didn't bet)
Seat 5: Nicedaymybro folded before Flop (didn't bet)
Seat 6: MaRKiToScoK (button) folded before Flop



PokerStars Hand #254698398611:  Hold'em No Limit ($0.50/$1.00 USD) - 2025/02/03 3:24:24 WET [2025/02/03 22:24:24 ET]
Table 'Marbachia' 6-max Seat #1 is the button
Seat 1: Joe_Carlos ($74.97 in chips) 
Seat 2: Magnodive ($100 in chips) 
Seat 3: xcinaz ($115.70 in chips) 
Seat 4: frankie31404 ($85.18 in chips) 
Seat 5: Nicedaymybro ($133.20 in chips) 
Seat 6: MaRKiToScoK ($100 in chips) 
Magnodive: posts small blind $0.50
xcinaz: posts big blind $1
*** HOLE CARDS ***
frankie31404: folds 
Nicedaymybro: folds 
MaRKiToScoK: folds 
Joe_Carlos: folds 
Magnodive: raises $2 to $3
xcinaz: raises $6 to $9
Magnodive: folds 
Uncalled bet ($6) returned to xcinaz
xcinaz collected $6 from pot
xcinaz: doesn't show hand 
*** SUMMARY ***
Total pot $6 | Rake $0 
Seat 1: Joe_Carlos (button) folded before Flop (didn't bet)
Seat 2: Magnodive (small blind) folded before Flop
Seat 3: xcinaz (big blind) collected ($6)
Seat 4: frankie31404 folded before Flop (didn't bet)
Seat 5: Nicedaymybro folded before Flop (didn't bet)
Seat 6: MaRKiToScoK folded before Flop (didn't bet)



PokerStars Hand #254698403570:  Hold'em No Limit ($0.50/$1.00 USD) - 2025/02/03 3:25:04 WET [2025/02/03 22:25:04 ET]
Table 'Marbachia' 6-max Seat #2 is the button
Seat 1: Joe_Carlos ($74.97 in chips) 
Seat 2: Magnodive ($100 in chips) 
Seat 3: xcinaz ($118.70 in chips) 
Seat 4: frankie31404 ($85.18 in chips) 
Seat 5: Nicedaymybro ($133.20 in chips) 
Seat 6: MaRKiToScoK ($100 in chips) 
xcinaz: posts small blind $0.50
frankie31404: posts big blind $1
*** HOLE CARDS ***
Nicedaymybro: folds 
MaRKiToScoK: folds 
Joe_Carlos: folds 
Magnodive: raises $1.50 to $2.50
xcinaz: folds 
frankie31404: folds 
Uncalled bet ($1.50) returned to Magnodive
Magnodive collected $2.50 from pot
Magnodive: doesn't show hand 
*** SUMMARY ***
Total pot $2.50 | Rake $0 
Seat 1: Joe_Carlos folded before Flop (didn't bet)
Seat 2: Magnodive (button) collected ($2.50)
Seat 3: xcinaz (small blind) folded before Flop
Seat 4: frankie31404 (big blind) folded before Flop
Seat 5: Nicedaymybro folded before Flop (didn't bet)
Seat 6: MaRKiToScoK folded before Flop (didn't bet)



PokerStars Hand #254698406023:  Hold'em No Limit ($0.50/$1.00 USD) - 2025/02/03 3:25:25 WET [2025/02/03 22:25:25 ET]
Table 'Marbachia' 6-max Seat #3 is the button
Seat 1: Joe_Carlos ($74.97 in chips) 
Seat 2: Magnodive ($101.50 in chips) 
Seat 3: xcinaz ($118.20 in chips) 
Seat 4: frankie31404 ($84.18 in chips) 
Seat 5: Nicedaymybro ($133.20 in chips) 
Seat 6: MaRKiToScoK ($100 in chips) 
frankie31404: posts small blind $0.50
Nicedaymybro: posts big blind $1
*** HOLE CARDS ***
MaRKiToScoK: raises $1 to $2
Joe_Carlos: folds 
Magnodive: raises $5.50 to $7.50
xcinaz: folds 
frankie31404: folds 
Nicedaymybro: folds 
MaRKiToScoK: folds 
Uncalled bet ($5.50) returned to Magnodive
Magnodive collected $5.50 from pot
Magnodive: doesn't show hand 
*** SUMMARY ***
Total pot $5.50 | Rake $0 
Seat 1: Joe_Carlos folded before Flop (didn't bet)
Seat 2: Magnodive collected ($5.50)
Seat 3: xcinaz (button) folded before Flop (didn't bet)
Seat 4: frankie31404 (small blind) folded before Flop
Seat 5: Nicedaymybro (big blind) folded before Flop
Seat 6: MaRKiToScoK folded before Flop



PokerStars Hand #254698417137:  Hold'em No Limit ($0.50/$1.00 USD) - 2025/02/03 3:26:57 WET [2025/02/03 22:26:57 ET]
Table 'Marbachia' 6-max Seat #5 is the button
Seat 1: Joe_Carlos ($138.86 in chips) 
Seat 2: Magnodive ($105 in chips) 
Seat 3: xcinaz ($118.20 in chips) 
Seat 4: frankie31404 ($83.68 in chips) 
Seat 5: Nicedaymybro ($100 in chips) 
Seat 6: MaRKiToScoK ($100 in chips) 
MaRKiToScoK: posts small blind $0.50
Joe_Carlos: posts big blind $1
*** HOLE CARDS ***
Magnodive: folds 
xcinaz: folds 
frankie31404: folds 
Nicedaymybro: folds 
MaRKiToScoK: raises $2 to $3
Joe_Carlos: folds 
Uncalled bet ($2) returned to MaRKiToScoK
MaRKiToScoK collected $2 from pot
*** SUMMARY ***
Total pot $2 | Rake $0 
Seat 1: Joe_Carlos (big blind) folded before Flop
Seat 2: Magnodive folded before Flop (didn't bet)
Seat 3: xcinaz folded before Flop (didn't bet)
Seat 4: frankie31404 folded before Flop (didn't bet)
Seat 5: Nicedaymybro (button) folded before Flop (didn't bet)
Seat 6: MaRKiToScoK (small blind) collected ($2)



PokerStars Hand #254698419127:  Hold'em No Limit ($0.50/$1.00 USD) - 2025/02/03 3:27:14 WET [2025/02/03 22:27:14 ET]
Table 'Marbachia' 6-max Seat #6 is the button
Seat 1: Joe_Carlos ($137.86 in chips) 
Seat 2: Magnodive ($105 in chips) 
Seat 3: xcinaz ($118.20 in chips) 
Seat 4: frankie31404 ($83.68 in chips) 
Seat 5: Nicedaymybro ($100 in chips) 
Seat 6: MaRKiToScoK ($101 in chips) 
Joe_Carlos: posts small blind $0.50
Magnodive: posts big blind $1
*** HOLE CARDS ***
xcinaz: folds 
frankie31404: calls $1
Nicedaymybro: folds 
MaRKiToScoK: folds 
Joe_Carlos: folds 
Magnodive: checks 
*** FLOP *** [Qd 7d 3c]
Magnodive: checks 
frankie31404: bets $2
Magnodive: folds 
Uncalled bet ($2) returned to frankie31404
frankie31404 collected $2.38 from pot
*** SUMMARY ***
Total pot $2.50 | Rake $0.12 
Board [Qd 7d 3c]
Seat 1: Joe_Carlos (small blind) folded before Flop
Seat 2: Magnodive (big blind) folded on the Flop
Seat 3: xcinaz folded before Flop (didn't bet)
Seat 4: frankie31404 collected ($2.38)
Seat 5: Nicedaymybro folded before Flop (didn't bet)
Seat 6: MaRKiToScoK (button) folded before Flop (didn't bet)



PokerStars Hand #254698424468:  Hold'em No Limit ($0.50/$1.00 USD) - 2025/02/03 3:27:59 WET [2025/02/03 22:27:59 ET]
Table 'Marbachia' 6-max Seat #1 is the button
Seat 1: Joe_Carlos ($137.36 in chips) 
Seat 2: Magnodive ($104 in chips) 
Seat 3: xcinaz ($118.20 in chips) 
Seat 4: frankie31404 ($85.06 in chips) 
Seat 5: Nicedaymybro ($100 in chips) 
Seat 6: MaRKiToScoK ($101 in chips) 
Magnodive: posts small blind $0.50
xcinaz: posts big blind $1
*** HOLE CARDS ***
frankie31404: folds 
Nicedaymybro: folds 
MaRKiToScoK: folds 
Joe_Carlos: folds 
Magnodive: folds 
Uncalled bet ($0.50) returned to xcinaz
xcinaz collected $1 from pot
xcinaz: doesn't show hand 
*** SUMMARY ***
Total pot $1 | Rake $0 
Seat 1: Joe_Carlos (button) folded before Flop (didn't bet)
Seat 2: Magnodive (small blind) folded before Flop
Seat 3: xcinaz (big blind) collected ($1)
Seat 4: frankie31404 folded before Flop (didn't bet)
Seat 5: Nicedaymybro folded before Flop (didn't bet)
Seat 6: MaRKiToScoK folded before Flop (didn't bet)



PokerStars Hand #254698426558:  Hold'em No Limit ($0.50/$1.00 USD) - 2025/02/03 3:28:17 WET [2025/02/03 22:28:17 ET]
Table 'Marbachia' 6-max Seat #2 is the button
Seat 1: Joe_Carlos ($137.36 in chips) 
Seat 2: Magnodive ($103.50 in chips) 
Seat 3: xcinaz ($118.70 in chips) 
Seat 4: frankie31404 ($85.06 in chips) 
Seat 5: Nicedaymybro ($100 in chips) 
Seat 6: MaRKiToScoK ($101 in chips) 
xcinaz: posts small blind $0.50
frankie31404: posts big blind $1
*** HOLE CARDS ***
Nicedaymybro: folds 
MaRKiToScoK: folds 
Joe_Carlos: folds 
Magnodive: folds 
xcinaz: folds 
Uncalled bet ($0.50) returned to frankie31404
frankie31404 collected $1 from pot
*** SUMMARY ***
Total pot $1 | Rake $0 
Seat 1: Joe_Carlos folded before Flop (didn't bet)
Seat 2: Magnodive (button) folded before Flop (didn't bet)
Seat 3: xcinaz (small blind) folded before Flop
Seat 4: frankie31404 (big blind) collected ($1)
Seat 5: Nicedaymybro folded before Flop (didn't bet)
Seat 6: MaRKiToScoK folded before Flop (didn't bet)



PokerStars Hand #254698428302:  Hold'em No Limit ($0.50/$1.00 USD) - 2025/02/03 3:28:32 WET [2025/02/03 22:28:32 ET]
Table 'Marbachia' 6-max Seat #3 is the button
Seat 1: Joe_Carlos ($137.36 in chips) 
Seat 2: Magnodive ($103.50 in chips) 
Seat 3: xcinaz ($118.20 in chips) 
Seat 4: frankie31404 ($85.56 in chips) 
Seat 5: Nicedaymybro ($100 in chips) 
Seat 6: MaRKiToScoK ($101 in chips) 
frankie31404: posts small blind $0.50
Nicedaymybro: posts big blind $1
*** HOLE CARDS ***
MaRKiToScoK: folds 
Joe_Carlos: folds 
Magnodive: folds 
xcinaz: folds 
frankie31404: raises $3 to $4
Nicedaymybro: folds 
Uncalled bet ($3) returned to frankie31404
frankie31404 collected $2 from pot
*** SUMMARY ***
Total pot $2 | Rake $0 
Seat 1: Joe_Carlos folded before Flop (didn't bet)
Seat 2: Magnodive folded before Flop (didn't bet)
Seat 3: xcinaz (button) folded before Flop (didn't bet)
Seat 4: frankie31404 (small blind) collected ($2)
Seat 5: Nicedaymybro (big blind) folded before Flop
Seat 6: MaRKiToScoK folded before Flop (didn't bet)



PokerStars Hand #254698431281:  Hold'em No Limit ($0.50/$1.00 USD) - 2025/02/03 3:28:57 WET [2025/02/03 22:28:57 ET]
Table 'Marbachia' 6-max Seat #4 is the button
Seat 1: Joe_Carlos ($137.36 in chips) 
Seat 2: Magnodive ($103.50 in chips) 
Seat 3: xcinaz ($118.20 in chips) 
Seat 4: frankie31404 ($86.56 in chips) 
Seat 5: Nicedaymybro ($100 in chips) 
Seat 6: MaRKiToScoK ($101 in chips) 
Nicedaymybro: posts small blind $0.50
MaRKiToScoK: posts big blind $1
*** HOLE CARDS ***
Joe_Carlos: folds 
Magnodive: folds 
xcinaz: raises $1.20 to $2.20
frankie31404: folds 
Nicedaymybro: folds 
MaRKiToScoK: calls $1.20
*** FLOP *** [Ks 7d 9h]
MaRKiToScoK: checks 
xcinaz: bets $1.17
MaRKiToScoK: folds 
Uncalled bet ($1.17) returned to xcinaz
xcinaz collected $4.66 from pot
xcinaz: doesn't show hand 
*** SUMMARY ***
Total pot $4.90 | Rake $0.24 
Board [Ks 7d 9h]
Seat 1: Joe_Carlos folded before Flop (didn't bet)
Seat 2: Magnodive folded before Flop (didn't bet)
Seat 3: xcinaz collected ($4.66)
Seat 4: frankie31404 (button) folded before Flop (didn't bet)
Seat 5: Nicedaymybro (small blind) folded before Flop
Seat 6: MaRKiToScoK (big blind) folded on the Flop



PokerStars Hand #254698436012:  Hold'em No Limit ($0.50/$1.00 USD) - 2025/02/03 3:29:37 WET [2025/02/03 22:29:37 ET]
Table 'Marbachia' 6-max Seat #5 is the button
Seat 1: Joe_Carlos ($137.36 in chips) 
Seat 2: Magnodive ($103.50 in chips) 
Seat 3: xcinaz ($120.66 in chips) 
Seat 4: frankie31404 ($86.56 in chips) 
Seat 5: Nicedaymybro ($100 in chips) 
Seat 6: MaRKiToScoK ($100 in chips) 
MaRKiToScoK: posts small blind $0.50
Joe_Carlos: posts big blind $1
*** HOLE CARDS ***
Magnodive: folds 
xcinaz: folds 
frankie31404: raises $2 to $3
Nicedaymybro: folds 
MaRKiToScoK: raises $6 to $9
Joe_Carlos: folds 
frankie31404: calls $6
*** FLOP *** [Ad 4s 7c]
MaRKiToScoK: bets $4.51
frankie31404: calls $4.51
*** TURN *** [Ad 4s 7c] [Kh]
MaRKiToScoK: bets $9
frankie31404: folds 
Uncalled bet ($9) returned to MaRKiToScoK
MaRKiToScoK collected $26.62 from pot
*** SUMMARY ***
Total pot $28.02 | Rake $1.40 
Board [Ad 4s 7c Kh]
Seat 1: Joe_Carlos (big blind) folded before Flop
Seat 2: Magnodive folded before Flop (didn't bet)
Seat 3: xcinaz folded before Flop (didn't bet)
Seat 4: frankie31404 folded on the Turn
Seat 5: Nicedaymybro (button) folded before Flop (didn't bet)
Seat 6: MaRKiToScoK (small blind) collected ($26.62)



PokerStars Hand #254698443900:  Hold'em No Limit ($0.50/$1.00 USD) - 2025/02/03 3:30:43 WET [2025/02/03 22:30:43 ET]
Table 'Marbachia' 6-max Seat #6 is the button
Seat 1: Joe_Carlos ($136.36 in chips) 
Seat 2: Magnodive ($103.50 in chips) 
Seat 3: xcinaz ($120.66 in chips) 
Seat 4: frankie31404 ($73.05 in chips) 
Seat 5: Nicedaymybro ($100 in chips) 
Seat 6: MaRKiToScoK ($113.11 in chips) 
Joe_Carlos: posts small blind $0.50
Magnodive: posts big blind $1
*** HOLE CARDS ***
xcinaz: folds 
frankie31404: folds 
Nicedaymybro: folds 
MaRKiToScoK: raises $1.50 to $2.50
Joe_Carlos: raises $5 to $7.50
Magnodive: folds 
MaRKiToScoK: calls $5
*** FLOP *** [3c 2c Qc]
Joe_Carlos: checks 
MaRKiToScoK: checks 
*** TURN *** [3c 2c Qc] [5d]
Joe_Carlos: checks 
MaRKiToScoK: checks 
*** RIVER *** [3c 2c Qc 5d] [6s]
Joe_Carlos: checks 
MaRKiToScoK: bets $15
Joe_Carlos: folds 
Uncalled bet ($15) returned to MaRKiToScoK
MaRKiToScoK collected $15.20 from pot
*** SUMMARY ***
Total pot $16 | Rake $0.80 
Board [3c 2c Qc 5d 6s]
Seat 1: Joe_Carlos (small blind) folded on the River
Seat 2: Magnodive (big blind) folded before Flop
Seat 3: xcinaz folded before Flop (didn't bet)
Seat 4: frankie31404 folded before Flop (didn't bet)
Seat 5: Nicedaymybro folded before Flop (didn't bet)
Seat 6: MaRKiToScoK (button) collected ($15.20)



PokerStars Hand #254698453023:  Hold'em No Limit ($0.50/$1.00 USD) - 2025/02/03 3:31:58 WET [2025/02/03 22:31:58 ET]
Table 'Marbachia' 6-max Seat #1 is the button
Seat 1: Joe_Carlos ($128.86 in chips) 
Seat 2: Magnodive ($102.50 in chips) 
Seat 3: xcinaz ($120.66 in chips) 
Seat 4: frankie31404 ($73.05 in chips) 
Seat 5: Nicedaymybro ($100 in chips) 
Seat 6: MaRKiToScoK ($120.81 in chips) 
Magnodive: posts small blind $0.50
xcinaz: posts big blind $1
*** HOLE CARDS ***
frankie31404: folds 
Nicedaymybro: folds 
MaRKiToScoK: raises $1.20 to $2.20
Joe_Carlos: folds 
Magnodive: folds 
xcinaz: folds 
Uncalled bet ($1.20) returned to MaRKiToScoK
MaRKiToScoK collected $2.50 from pot
*** SUMMARY ***
Total pot $2.50 | Rake $0 
Seat 1: Joe_Carlos (button) folded before Flop (didn't bet)
Seat 2: Magnodive (small blind) folded before Flop
Seat 3: xcinaz (big blind) folded before Flop
Seat 4: frankie31404 folded before Flop (didn't bet)
Seat 5: Nicedaymybro folded before Flop (didn't bet)
Seat 6: MaRKiToScoK collected ($2.50)



PokerStars Hand #254698455937:  Hold'em No Limit ($0.50/$1.00 USD) - 2025/02/03 3:32:23 WET [2025/02/03 22:32:23 ET]
Table 'Marbachia' 6-max Seat #2 is the button
Seat 1: Joe_Carlos ($128.86 in chips) 
Seat 2: Magnodive ($102 in chips) 
Seat 3: xcinaz ($119.66 in chips) 
Seat 4: frankie31404 ($73.05 in chips) 
Seat 5: Nicedaymybro ($100 in chips) 
Seat 6: MaRKiToScoK ($122.31 in chips) 
xcinaz: posts small blind $0.50
frankie31404: posts big blind $1
*** HOLE CARDS ***
Nicedaymybro: folds 
MaRKiToScoK: folds 
Joe_Carlos: folds 
Magnodive: folds 
xcinaz: folds 
Uncalled bet ($0.50) returned to frankie31404
frankie31404 collected $1 from pot
*** SUMMARY ***
Total pot $1 | Rake $0 
Seat 1: Joe_Carlos folded before Flop (didn't bet)
Seat 2: Magnodive (button) folded before Flop (didn't bet)
Seat 3: xcinaz (small blind) folded before Flop
Seat 4: frankie31404 (big blind) collected ($1)
Seat 5: Nicedaymybro folded before Flop (didn't bet)
Seat 6: MaRKiToScoK folded before Flop (didn't bet)



PokerStars Hand #254698458682:  Hold'em No Limit ($0.50/$1.00 USD) - 2025/02/03 3:32:46 WET [2025/02/03 22:32:46 ET]
Table 'Marbachia' 6-max Seat #3 is the button
Seat 1: Joe_Carlos ($128.86 in chips) 
Seat 2: Magnodive ($102 in chips) 
Seat 3: xcinaz ($119.16 in chips) 
Seat 4: frankie31404 ($73.55 in chips) 
Seat 5: Nicedaymybro ($100 in chips) 
Seat 6: MaRKiToScoK ($122.31 in chips) 
frankie31404: posts small blind $0.50
Nicedaymybro: posts big blind $1
*** HOLE CARDS ***
MaRKiToScoK: folds 
Joe_Carlos: folds 
Magnodive: raises $1.50 to $2.50
xcinaz: folds 
frankie31404: folds 
Nicedaymybro: raises $8.50 to $11
Magnodive: folds 
Uncalled bet ($8.50) returned to Nicedaymybro
Nicedaymybro collected $5.50 from pot
Nicedaymybro: doesn't show hand 
*** SUMMARY ***
Total pot $5.50 | Rake $0 
Seat 1: Joe_Carlos folded before Flop (didn't bet)
Seat 2: Magnodive folded before Flop
Seat 3: xcinaz (button) folded before Flop (didn't bet)
Seat 4: frankie31404 (small blind) folded before Flop
Seat 5: Nicedaymybro (big blind) collected ($5.50)
Seat 6: MaRKiToScoK folded before Flop (didn't bet)



PokerStars Hand #254698462523:  Hold'em No Limit ($0.50/$1.00 USD) - 2025/02/03 3:33:18 WET [2025/02/03 22:33:18 ET]
Table 'Marbachia' 6-max Seat #4 is the button
Seat 1: Joe_Carlos ($128.86 in chips) 
Seat 2: Magnodive ($100 in chips) 
Seat 3: xcinaz ($119.16 in chips) 
Seat 4: frankie31404 ($73.05 in chips) 
Seat 5: Nicedaymybro ($103 in chips) 
Seat 6: MaRKiToScoK ($122.31 in chips) 
Nicedaymybro: posts small blind $0.50
MaRKiToScoK: posts big blind $1
*** HOLE CARDS ***
Joe_Carlos: folds 
Magnodive: folds 
xcinaz: folds 
frankie31404: folds 
Nicedaymybro: folds 
Uncalled bet ($0.50) returned to MaRKiToScoK
MaRKiToScoK collected $1 from pot
*** SUMMARY ***
Total pot $1 | Rake $0 
Seat 1: Joe_Carlos folded before Flop (didn't bet)
Seat 2: Magnodive folded before Flop (didn't bet)
Seat 3: xcinaz folded before Flop (didn't bet)
Seat 4: frankie31404 (button) folded before Flop (didn't bet)
Seat 5: Nicedaymybro (small blind) folded before Flop
Seat 6: MaRKiToScoK (big blind) collected ($1)



PokerStars Hand #254698464547:  Hold'em No Limit ($0.50/$1.00 USD) - 2025/02/03 3:33:35 WET [2025/02/03 22:33:35 ET]
Table 'Marbachia' 6-max Seat #5 is the button
Seat 1: Joe_Carlos ($128.86 in chips) 
Seat 2: Magnodive ($100 in chips) 
Seat 3: xcinaz ($119.16 in chips) 
Seat 4: frankie31404 ($73.05 in chips) 
Seat 5: Nicedaymybro ($102.50 in chips) 
Seat 6: MaRKiToScoK ($122.81 in chips) 
MaRKiToScoK: posts small blind $0.50
Joe_Carlos: posts big blind $1
*** HOLE CARDS ***
Magnodive: folds 
Magnodive leaves the table
xcinaz: folds 
frankie31404: folds 
Nicedaymybro: raises $1.50 to $2.50
MaRKiToScoK: folds 
Joe_Carlos: folds 
Uncalled bet ($1.50) returned to Nicedaymybro
Nicedaymybro collected $2.50 from pot
Nicedaymybro: doesn't show hand 
*** SUMMARY ***
Total pot $2.50 | Rake $0 
Seat 1: Joe_Carlos (big blind) folded before Flop
Seat 2: Magnodive folded before Flop (didn't bet)
Seat 3: xcinaz folded before Flop (didn't bet)
Seat 4: frankie31404 folded before Flop (didn't bet)
Seat 5: Nicedaymybro (button) collected ($2.50)
Seat 6: MaRKiToScoK (small blind) folded before Flop



PokerStars Hand #254698468112:  Hold'em No Limit ($0.50/$1.00 USD) - 2025/02/03 3:34:06 WET [2025/02/03 22:34:06 ET]
Table 'Marbachia' 6-max Seat #6 is the button
Seat 1: Joe_Carlos ($127.86 in chips) 
Seat 3: xcinaz ($119.16 in chips) 
Seat 4: frankie31404 ($73.05 in chips) 
Seat 5: Nicedaymybro ($104 in chips) 
Seat 6: MaRKiToScoK ($122.31 in chips) 
Joe_Carlos: posts small blind $0.50
xcinaz: posts big blind $1
*** HOLE CARDS ***
frankie31404: folds 
Nicedaymybro: raises $1.50 to $2.50
MaRKiToScoK: folds 
Joe_Carlos: calls $2
xcinaz: folds 
*** FLOP *** [Kd 4s 7h]
Joe_Carlos: checks 
Nicedaymybro: bets $1.88
Joe_Carlos: folds 
Uncalled bet ($1.88) returned to Nicedaymybro
50CandyJoe joins the table at seat #2 
Nicedaymybro collected $5.70 from pot
Nicedaymybro: doesn't show hand 
*** SUMMARY ***
Total pot $6 | Rake $0.30 
Board [Kd 4s 7h]
Seat 1: Joe_Carlos (small blind) folded on the Flop
Seat 3: xcinaz (big blind) folded before Flop
Seat 4: frankie31404 folded before Flop (didn't bet)
Seat 5: Nicedaymybro collected ($5.70)
Seat 6: MaRKiToScoK (button) folded before Flop (didn't bet)



PokerStars Hand #254698472140:  Hold'em No Limit ($0.50/$1.00 USD) - 2025/02/03 3:34:40 WET [2025/02/03 22:34:40 ET]
Table 'Marbachia' 6-max Seat #1 is the button
Seat 2: 50CandyJoe ($100 in chips) is sitting out
Seat 1: Joe_Carlos ($125.36 in chips) 
Seat 3: xcinaz ($118.16 in chips) 
Seat 4: frankie31404 ($73.05 in chips) 
Seat 5: Nicedaymybro ($107.20 in chips) 
Seat 6: MaRKiToScoK ($122.31 in chips) 
xcinaz: posts small blind $0.50
frankie31404: posts big blind $1
*** HOLE CARDS ***
Nicedaymybro: folds 
Nicedaymybro leaves the table
sutata joins the table at seat #5 
MaRKiToScoK: folds 
Joe_Carlos: folds 
xcinaz: raises $2 to $3
frankie31404: folds 
Uncalled bet ($2) returned to xcinaz
xcinaz collected $2 from pot
xcinaz: doesn't show hand 
*** SUMMARY ***
Total pot $2 | Rake $0 
Seat 2: 50CandyJoe
Seat 1: Joe_Carlos (button) folded before Flop (didn't bet)
Seat 3: xcinaz (small blind) collected ($2)
Seat 4: frankie31404 (big blind) folded before Flop
Seat 5: Nicedaymybro folded before Flop (didn't bet)
Seat 6: MaRKiToScoK folded before Flop (didn't bet)



PokerStars Hand #254698475630:  Hold'em No Limit ($0.50/$1.00 USD) - 2025/02/03 3:35:09 WET [2025/02/03 22:35:09 ET]
Table 'Marbachia' 6-max Seat #3 is the button
Seat 2: 50CandyJoe ($100 in chips) is sitting out
Seat 1: Joe_Carlos ($125.36 in chips) 
Seat 3: xcinaz ($119.16 in chips) 
Seat 4: frankie31404 ($72.05 in chips) 
Seat 5: sutata ($103.18 in chips) 
Seat 6: MaRKiToScoK ($122.31 in chips) 
frankie31404: posts small blind $0.50
sutata: posts big blind $1
50CandyJoe: sits out 
*** HOLE CARDS ***
MaRKiToScoK: raises $1 to $2
Joe_Carlos: folds 
xcinaz: folds 
frankie31404: folds 
sutata: folds 
Uncalled bet ($1) returned to MaRKiToScoK
MaRKiToScoK collected $2.50 from pot
*** SUMMARY ***
Total pot $2.50 | Rake $0 
Seat 2: 50CandyJoe
Seat 1: Joe_Carlos folded before Flop (didn't bet)
Seat 3: xcinaz (button) folded before Flop (didn't bet)
Seat 4: frankie31404 (small blind) folded before Flop
Seat 5: sutata (big blind) folded before Flop
Seat 6: MaRKiToScoK collected ($2.50)



PokerStars Hand #254698409110:  Hold'em No Limit ($0.50/$1.00 USD) - 2025/02/03 3:25:50 WET [2025/02/03 22:25:50 ET]
Table 'Marbachia' 6-max Seat #4 is the button
Seat 1: Joe_Carlos ($74.97 in chips) 
Seat 2: Magnodive ($105 in chips) 
Seat 3: xcinaz ($118.20 in chips) 
Seat 4: frankie31404 ($83.68 in chips) 
Seat 5: Nicedaymybro ($132.20 in chips) 
Seat 6: MaRKiToScoK ($100 in chips) 
Nicedaymybro: posts small blind $0.50
MaRKiToScoK: posts big blind $1
*** HOLE CARDS ***
Joe_Carlos: raises $1.50 to $2.50
Magnodive: folds 
xcinaz: folds 
frankie31404: folds 
Nicedaymybro: raises $7.50 to $10
MaRKiToScoK: folds 
Joe_Carlos: calls $7.50
*** FLOP *** [2d 9d 2c]
Nicedaymybro: bets $15
Joe_Carlos: calls $15
*** TURN *** [2d 9d 2c] [6c]
Nicedaymybro: bets $67.90
Joe_Carlos: calls $49.97 and is all-in
Uncalled bet ($17.93) returned to Nicedaymybro
*** RIVER *** [2d 9d 2c 6c] [8h]
*** SHOW DOWN ***
Nicedaymybro: shows [Jd Jh] (two pair, Jacks and Deuces)
Joe_Carlos: shows [9s 9h] (a full house, Nines full of Deuces)
Joe_Carlos cashed out the hand for $138.86 | Cash Out Fee $2.83
*** SUMMARY ***
Total pot $150.94 | Rake $2.50 
Board [2d 9d 2c 6c 8h]
Seat 1: Joe_Carlos showed [9s 9h] and won ($148.44) with a full house, Nines full of Deuces (pot not awarded as player cashed out)
Seat 2: Magnodive folded before Flop (didn't bet)
Seat 3: xcinaz folded before Flop (didn't bet)
Seat 4: frankie31404 (button) folded before Flop (didn't bet)
Seat 5: Nicedaymybro (small blind) showed [Jd Jh] and lost with two pair, Jacks and Deuces
Seat 6: MaRKiToScoK (big blind) folded before Flop



