PokerStars Hand #254689883005:  Hold'em No Limit ($0.50/$1.00 USD) - 2025/02/03 18:16:08 WET [2025/02/03 13:16:08 ET]
Table 'Kleeia' 6-max Seat #4 is the button
Seat 6: app1e_j@ck ($100 in chips) is sitting out
Seat 2: antey89 ($100 in chips) 
Seat 3: mariofcd ($102.50 in chips) 
Seat 4: vadjkeee ($100 in chips) 
Seat 5: coeeeelho ($104.50 in chips) 
coeeeelho: posts small blind $0.50
app1e_j@ck: is sitting out 
antey89: posts big blind $1
*** HOLE CARDS ***
app1e_j@ck leaves the table
mariofcd has timed out
mariofcd: folds 
vadjkeee: folds 
coeeeelho: folds 
Uncalled bet ($0.50) returned to antey89
antey89 collected $1 from pot
antey89: doesn't show hand 
*** SUMMARY ***
Total pot $1 | Rake $0 
Seat 6: app1e_j@ck
Seat 2: antey89 (big blind) collected ($1)
Seat 3: mariofcd folded before Flop (didn't bet)
Seat 4: vadjkeee (button) folded before Flop (didn't bet)
Seat 5: coeeeelho (small blind) folded before Flop



PokerStars Hand #254689891817:  Hold'em No Limit ($0.50/$1.00 USD) - 2025/02/03 18:16:40 WET [2025/02/03 13:16:40 ET]
Table 'Kleeia' 6-max Seat #5 is the button
Seat 3: mariofcd ($102.50 in chips) is sitting out
Seat 2: antey89 ($100.50 in chips) 
Seat 4: vadjkeee ($100 in chips) 
Seat 5: coeeeelho ($104 in chips) 
antey89: posts small blind $0.50
vadjkeee: posts big blind $1
*** HOLE CARDS ***
mariofcd leaves the table
coeeeelho: folds 
antey89: raises $2 to $3
vadjkeee: raises $6 to $9
coeeeelho leaves the table
antey89: folds 
Uncalled bet ($6) returned to vadjkeee
vadjkeee collected $6 from pot
vadjkeee: doesn't show hand 
*** SUMMARY ***
Total pot $6 | Rake $0 
Seat 3: mariofcd
Seat 2: antey89 (small blind) folded before Flop
Seat 4: vadjkeee (big blind) collected ($6)
Seat 5: coeeeelho (button) folded before Flop (didn't bet)



PokerStars Hand #254689855273:  Hold'em No Limit ($0.50/$1.00 USD) - 2025/02/03 18:14:29 WET [2025/02/03 13:14:29 ET]
Table 'Kleeia' 6-max Seat #5 is the button
Seat 3: mariofcd ($102.50 in chips) 
Seat 4: vadjkeee ($100 in chips) 
Seat 5: coeeeelho ($100 in chips) 
Seat 6: app1e_j@ck ($100 in chips) 
app1e_j@ck: posts small blind $0.50
mariofcd: posts big blind $1
*** HOLE CARDS ***
vadjkeee: folds 
DamsAnne joins the table at seat #1 
antey89 joins the table at seat #2 
coeeeelho: folds 
app1e_j@ck: folds 
Uncalled bet ($0.50) returned to mariofcd
mariofcd collected $1 from pot
mariofcd: doesn't show hand 
*** SUMMARY ***
Total pot $1 | Rake $0 
Seat 3: mariofcd (big blind) collected ($1)
Seat 4: vadjkeee folded before Flop (didn't bet)
Seat 5: coeeeelho (button) folded before Flop (didn't bet)
Seat 6: app1e_j@ck (small blind) folded before Flop



PokerStars Hand #254689862920:  Hold'em No Limit ($0.50/$1.00 USD) - 2025/02/03 18:14:56 WET [2025/02/03 13:14:56 ET]
Table 'Kleeia' 6-max Seat #6 is the button
Seat 1: DamsAnne ($77.38 in chips) is sitting out
Seat 2: antey89 ($100 in chips) is sitting out
Seat 3: mariofcd ($103 in chips) 
Seat 4: vadjkeee ($100 in chips) 
Seat 5: coeeeelho ($100 in chips) 
Seat 6: app1e_j@ck ($100 in chips) 
mariofcd: posts small blind $0.50
vadjkeee: posts big blind $1
*** HOLE CARDS ***
coeeeelho: raises $1.20 to $2.20
app1e_j@ck: folds 
mariofcd: folds 
vadjkeee: folds 
Uncalled bet ($1.20) returned to coeeeelho
coeeeelho collected $2.50 from pot
*** SUMMARY ***
Total pot $2.50 | Rake $0 
Seat 1: DamsAnne
Seat 2: antey89
Seat 3: mariofcd (small blind) folded before Flop
Seat 4: vadjkeee (big blind) folded before Flop
Seat 5: coeeeelho collected ($2.50)
Seat 6: app1e_j@ck (button) folded before Flop (didn't bet)



PokerStars Hand #254689872027:  Hold'em No Limit ($0.50/$1.00 USD) - 2025/02/03 18:15:29 WET [2025/02/03 13:15:29 ET]
Table 'Kleeia' 6-max Seat #3 is the button
Seat 1: DamsAnne ($77.38 in chips) is sitting out
Seat 2: antey89 ($100 in chips) is sitting out
Seat 3: mariofcd ($102.50 in chips) 
Seat 4: vadjkeee ($100 in chips) 
Seat 5: coeeeelho ($101.50 in chips) 
Seat 6: app1e_j@ck ($100 in chips) 
vadjkeee: posts small blind $0.50
coeeeelho: posts big blind $1
DamsAnne: sits out 
antey89: sits out 
*** HOLE CARDS ***
app1e_j@ck: folds 
mariofcd: folds 
DamsAnne leaves the table
vadjkeee: raises $2 to $3
coeeeelho: raises $7 to $10
vadjkeee: folds 
Uncalled bet ($7) returned to coeeeelho
coeeeelho collected $6 from pot
*** SUMMARY ***
Total pot $6 | Rake $0 
Seat 1: DamsAnne
Seat 2: antey89
Seat 3: mariofcd (button) folded before Flop (didn't bet)
Seat 4: vadjkeee (small blind) folded before Flop
Seat 5: coeeeelho (big blind) collected ($6)
Seat 6: app1e_j@ck folded before Flop (didn't bet)



