PokerStars Hand #254697652970:  Hold'em No Limit ($0.50/$1.00 USD) - 2025/02/03 1:54:02 WET [2025/02/03 20:54:02 ET]
Table 'Tolosa II' 6-max Seat #2 is the button
Seat 1: 50CandyJoe ($103.55 in chips) 
Seat 2: DreamFlopz69 ($13.61 in chips) 
Seat 3: Supermegopro ($102 in chips) 
Seat 4: SorinS28 ($109.46 in chips) 
Supermegopro: posts small blind $0.50
SorinS28: posts big blind $1
*** HOLE CARDS ***
50CandyJoe: folds 
DreamFlopz69: raises $1 to $2
Supermegopro: raises $12 to $14
shootingGRID joins the table at seat #5 
SorinS28: calls $13
DreamFlopz69: folds 
*** FLOP *** [Jd Js 9s]
G.Andrei95 joins the table at seat #6 
Supermegopro: checks 
SorinS28: bets $7.25
Supermegopro: calls $7.25
*** TURN *** [Jd Js 9s] [Qd]
Supermegopro: checks 
SorinS28: checks 
*** RIVER *** [Jd Js 9s Qd] [5h]
Supermegopro: checks 
SorinS28: checks 
*** SHOW DOWN ***
Supermegopro: shows [6s 6h] (two pair, Jacks and Sixes)
SorinS28: shows [9d 8s] (two pair, Jacks and Nines)
SorinS28 collected $43.50 from pot
*** SUMMARY ***
Total pot $44.50 | Rake $1 
Board [Jd Js 9s Qd 5h]
Seat 1: 50CandyJoe folded before Flop (didn't bet)
Seat 2: DreamFlopz69 (button) folded before Flop
Seat 3: Supermegopro (small blind) showed [6s 6h] and lost with two pair, Jacks and Sixes
Seat 4: SorinS28 (big blind) showed [9d 8s] and won ($43.50) with two pair, Jacks and Nines



PokerStars Hand #254697661675:  Hold'em No Limit ($0.50/$1.00 USD) - 2025/02/03 1:54:56 WET [2025/02/03 20:54:56 ET]
Table 'Tolosa II' 6-max Seat #3 is the button
Seat 6: G.Andrei95 ($100 in chips) is sitting out
Seat 1: 50CandyJoe ($103.55 in chips) 
Seat 2: DreamFlopz69 ($11.61 in chips) 
Seat 3: Supermegopro ($100 in chips) 
Seat 4: SorinS28 ($131.71 in chips) 
Seat 5: shootingGRID ($100 in chips) 
SorinS28: posts small blind $0.50
shootingGRID: posts big blind $1
G.Andrei95: sits out 
*** HOLE CARDS ***
50CandyJoe: folds 
DreamFlopz69: raises $1.50 to $2.50
Supermegopro: calls $2.50
SorinS28: folds 
shootingGRID: folds 
*** FLOP *** [Ac 9s Qd]
DreamFlopz69: bets $3.09
Supermegopro: raises $7.91 to $11
DreamFlopz69: folds 
Uncalled bet ($7.91) returned to Supermegopro
Supermegopro collected $12.05 from pot
Supermegopro: doesn't show hand 
*** SUMMARY ***
Total pot $12.68 | Rake $0.63 
Board [Ac 9s Qd]
Seat 6: G.Andrei95
Seat 1: 50CandyJoe folded before Flop (didn't bet)
Seat 2: DreamFlopz69 folded on the Flop
Seat 3: Supermegopro (button) collected ($12.05)
Seat 4: SorinS28 (small blind) folded before Flop
Seat 5: shootingGRID (big blind) folded before Flop



PokerStars Hand #254697666748:  Hold'em No Limit ($0.50/$1.00 USD) - 2025/02/03 1:55:32 WET [2025/02/03 20:55:32 ET]
Table 'Tolosa II' 6-max Seat #4 is the button
Seat 1: 50CandyJoe ($103.55 in chips) 
Seat 2: DreamFlopz69 ($6.02 in chips) 
Seat 3: Supermegopro ($106.46 in chips) 
Seat 4: SorinS28 ($131.21 in chips) 
Seat 5: shootingGRID ($100 in chips) 
Seat 6: G.Andrei95 ($100 in chips) 
shootingGRID: posts small blind $0.50
G.Andrei95: posts big blind $1
*** HOLE CARDS ***
50CandyJoe: folds 
DreamFlopz69: raises $5.02 to $6.02 and is all-in
Supermegopro: folds 
SorinS28: calls $6.02
shootingGRID: folds 
G.Andrei95: folds 
*** FLOP *** [Ah Jd 6h]
*** TURN *** [Ah Jd 6h] [3d]
*** RIVER *** [Ah Jd 6h 3d] [7c]
*** SHOW DOWN ***
DreamFlopz69: shows [3c 2c] (a pair of Threes)
SorinS28: shows [Kd Qc] (high card Ace)
DreamFlopz69 collected $12.86 from pot
SorinS28 cashed out the hand for $7.96 | Cash Out Fee $0.16
*** SUMMARY ***
Total pot $13.54 | Rake $0.68 
Board [Ah Jd 6h 3d 7c]
Seat 1: 50CandyJoe folded before Flop (didn't bet)
Seat 2: DreamFlopz69 showed [3c 2c] and won ($12.86) with a pair of Threes
Seat 3: Supermegopro folded before Flop (didn't bet)
Seat 4: SorinS28 (button) showed [Kd Qc] and lost with high card Ace (cashed out).
Seat 5: shootingGRID (small blind) folded before Flop
Seat 6: G.Andrei95 (big blind) folded before Flop



PokerStars Hand #254697670902:  Hold'em No Limit ($0.50/$1.00 USD) - 2025/02/03 1:56:05 WET [2025/02/03 20:56:05 ET]
Table 'Tolosa II' 6-max Seat #5 is the button
Seat 1: 50CandyJoe ($103.55 in chips) 
Seat 2: DreamFlopz69 ($12.86 in chips) 
Seat 3: Supermegopro ($106.46 in chips) 
Seat 4: SorinS28 ($133.15 in chips) 
Seat 5: shootingGRID ($100 in chips) 
Seat 6: G.Andrei95 ($100 in chips) 
G.Andrei95: posts small blind $0.50
50CandyJoe: posts big blind $1
*** HOLE CARDS ***
DreamFlopz69: folds 
Supermegopro: folds 
SorinS28: folds 
shootingGRID: folds 
G.Andrei95: folds 
Uncalled bet ($0.50) returned to 50CandyJoe
50CandyJoe collected $1 from pot
50CandyJoe: doesn't show hand 
*** SUMMARY ***
Total pot $1 | Rake $0 
Seat 1: 50CandyJoe (big blind) collected ($1)
Seat 2: DreamFlopz69 folded before Flop (didn't bet)
Seat 3: Supermegopro folded before Flop (didn't bet)
Seat 4: SorinS28 folded before Flop (didn't bet)
Seat 5: shootingGRID (button) folded before Flop (didn't bet)
Seat 6: G.Andrei95 (small blind) folded before Flop



PokerStars Hand #254697672260:  Hold'em No Limit ($0.50/$1.00 USD) - 2025/02/03 1:56:16 WET [2025/02/03 20:56:16 ET]
Table 'Tolosa II' 6-max Seat #6 is the button
Seat 1: 50CandyJoe ($104.05 in chips) 
Seat 2: DreamFlopz69 ($12.86 in chips) 
Seat 3: Supermegopro ($106.46 in chips) 
Seat 4: SorinS28 ($133.15 in chips) 
Seat 5: shootingGRID ($100 in chips) 
Seat 6: G.Andrei95 ($100 in chips) 
50CandyJoe: posts small blind $0.50
DreamFlopz69: posts big blind $1
*** HOLE CARDS ***
Supermegopro: raises $1.50 to $2.50
SorinS28: folds 
shootingGRID: folds 
G.Andrei95: folds 
50CandyJoe: folds 
DreamFlopz69: folds 
Uncalled bet ($1.50) returned to Supermegopro
Supermegopro collected $2.50 from pot
Supermegopro: doesn't show hand 
*** SUMMARY ***
Total pot $2.50 | Rake $0 
Seat 1: 50CandyJoe (small blind) folded before Flop
Seat 2: DreamFlopz69 (big blind) folded before Flop
Seat 3: Supermegopro collected ($2.50)
Seat 4: SorinS28 folded before Flop (didn't bet)
Seat 5: shootingGRID folded before Flop (didn't bet)
Seat 6: G.Andrei95 (button) folded before Flop (didn't bet)



PokerStars Hand #254697673930:  Hold'em No Limit ($0.50/$1.00 USD) - 2025/02/03 1:56:29 WET [2025/02/03 20:56:29 ET]
Table 'Tolosa II' 6-max Seat #1 is the button
Seat 1: 50CandyJoe ($103.55 in chips) 
Seat 2: DreamFlopz69 ($11.86 in chips) 
Seat 3: Supermegopro ($107.96 in chips) 
Seat 4: SorinS28 ($133.15 in chips) 
Seat 5: shootingGRID ($100 in chips) 
Seat 6: G.Andrei95 ($100 in chips) 
DreamFlopz69: posts small blind $0.50
Supermegopro: posts big blind $1
*** HOLE CARDS ***
SorinS28: raises $1.02 to $2.02
shootingGRID: folds 
G.Andrei95: folds 
50CandyJoe: folds 
DreamFlopz69: folds 
Supermegopro: folds 
Uncalled bet ($1.02) returned to SorinS28
SorinS28 collected $2.50 from pot
SorinS28: doesn't show hand 
*** SUMMARY ***
Total pot $2.50 | Rake $0 
Seat 1: 50CandyJoe (button) folded before Flop (didn't bet)
Seat 2: DreamFlopz69 (small blind) folded before Flop
Seat 3: Supermegopro (big blind) folded before Flop
Seat 4: SorinS28 collected ($2.50)
Seat 5: shootingGRID folded before Flop (didn't bet)
Seat 6: G.Andrei95 folded before Flop (didn't bet)



PokerStars Hand #254697676065:  Hold'em No Limit ($0.50/$1.00 USD) - 2025/02/03 1:56:45 WET [2025/02/03 20:56:45 ET]
Table 'Tolosa II' 6-max Seat #2 is the button
Seat 1: 50CandyJoe ($103.55 in chips) 
Seat 2: DreamFlopz69 ($11.36 in chips) 
Seat 3: Supermegopro ($106.96 in chips) 
Seat 4: SorinS28 ($134.65 in chips) 
Seat 5: shootingGRID ($100 in chips) 
Seat 6: G.Andrei95 ($100 in chips) 
Supermegopro: posts small blind $0.50
SorinS28: posts big blind $1
*** HOLE CARDS ***
shootingGRID: folds 
G.Andrei95: folds 
50CandyJoe: folds 
DreamFlopz69: raises $1.50 to $2.50
Supermegopro: folds 
SorinS28: folds 
Uncalled bet ($1.50) returned to DreamFlopz69
DreamFlopz69 collected $2.50 from pot
DreamFlopz69: doesn't show hand 
*** SUMMARY ***
Total pot $2.50 | Rake $0 
Seat 1: 50CandyJoe folded before Flop (didn't bet)
Seat 2: DreamFlopz69 (button) collected ($2.50)
Seat 3: Supermegopro (small blind) folded before Flop
Seat 4: SorinS28 (big blind) folded before Flop
Seat 5: shootingGRID folded before Flop (didn't bet)
Seat 6: G.Andrei95 folded before Flop (didn't bet)



PokerStars Hand #254697678548:  Hold'em No Limit ($0.50/$1.00 USD) - 2025/02/03 1:57:04 WET [2025/02/03 20:57:04 ET]
Table 'Tolosa II' 6-max Seat #3 is the button
Seat 1: 50CandyJoe ($103.55 in chips) 
Seat 2: DreamFlopz69 ($12.86 in chips) 
Seat 3: Supermegopro ($106.46 in chips) 
Seat 4: SorinS28 ($133.65 in chips) 
Seat 5: shootingGRID ($100 in chips) 
Seat 6: G.Andrei95 ($100 in chips) 
SorinS28: posts small blind $0.50
shootingGRID: posts big blind $1
*** HOLE CARDS ***
G.Andrei95: folds 
50CandyJoe: folds 
G.Andrei95 leaves the table
DreamFlopz69: folds 
Supermegopro: raises $1.50 to $2.50
SorinS28: folds 
BumHuntKing joins the table at seat #6 
shootingGRID: folds 
Uncalled bet ($1.50) returned to Supermegopro
Supermegopro collected $2.50 from pot
Supermegopro: doesn't show hand 
*** SUMMARY ***
Total pot $2.50 | Rake $0 
Seat 1: 50CandyJoe folded before Flop (didn't bet)
Seat 2: DreamFlopz69 folded before Flop (didn't bet)
Seat 3: Supermegopro (button) collected ($2.50)
Seat 4: SorinS28 (small blind) folded before Flop
Seat 5: shootingGRID (big blind) folded before Flop
Seat 6: G.Andrei95 folded before Flop (didn't bet)



PokerStars Hand #254697682310:  Hold'em No Limit ($0.50/$1.00 USD) - 2025/02/03 1:57:34 WET [2025/02/03 20:57:34 ET]
Table 'Tolosa II' 6-max Seat #4 is the button
Seat 1: 50CandyJoe ($103.55 in chips) 
Seat 2: DreamFlopz69 ($12.86 in chips) 
Seat 3: Supermegopro ($107.96 in chips) 
Seat 4: SorinS28 ($133.15 in chips) 
Seat 5: shootingGRID ($100 in chips) 
Seat 6: BumHuntKing ($100 in chips) 
shootingGRID: posts small blind $0.50
BumHuntKing: posts big blind $1
*** HOLE CARDS ***
50CandyJoe: folds 
DreamFlopz69: calls $1
Supermegopro: folds 
SorinS28: folds 
shootingGRID: folds 
BumHuntKing: checks 
*** FLOP *** [Kd Kc 9s]
BumHuntKing: checks 
DreamFlopz69: checks 
*** TURN *** [Kd Kc 9s] [7c]
BumHuntKing: checks 
DreamFlopz69: checks 
*** RIVER *** [Kd Kc 9s 7c] [2h]
BumHuntKing: checks 
DreamFlopz69: checks 
*** SHOW DOWN ***
BumHuntKing: shows [7h Qs] (two pair, Kings and Sevens)
DreamFlopz69: mucks hand 
BumHuntKing collected $2.38 from pot
*** SUMMARY ***
Total pot $2.50 | Rake $0.12 
Board [Kd Kc 9s 7c 2h]
Seat 1: 50CandyJoe folded before Flop (didn't bet)
Seat 2: DreamFlopz69 mucked
Seat 3: Supermegopro folded before Flop (didn't bet)
Seat 4: SorinS28 (button) folded before Flop (didn't bet)
Seat 5: shootingGRID (small blind) folded before Flop
Seat 6: BumHuntKing (big blind) showed [7h Qs] and won ($2.38) with two pair, Kings and Sevens



PokerStars Hand #254697686520:  Hold'em No Limit ($0.50/$1.00 USD) - 2025/02/03 1:58:07 WET [2025/02/03 20:58:07 ET]
Table 'Tolosa II' 6-max Seat #5 is the button
Seat 1: 50CandyJoe ($103.55 in chips) 
Seat 2: DreamFlopz69 ($11.86 in chips) 
Seat 3: Supermegopro ($107.96 in chips) 
Seat 4: SorinS28 ($133.15 in chips) 
Seat 5: shootingGRID ($100 in chips) 
Seat 6: BumHuntKing ($101.38 in chips) 
BumHuntKing: posts small blind $0.50
50CandyJoe: posts big blind $1
*** HOLE CARDS ***
DreamFlopz69: raises $1.50 to $2.50
Supermegopro: folds 
SorinS28: folds 
shootingGRID: folds 
BumHuntKing: folds 
50CandyJoe: folds 
Uncalled bet ($1.50) returned to DreamFlopz69
DreamFlopz69 collected $2.50 from pot
DreamFlopz69: doesn't show hand 
*** SUMMARY ***
Total pot $2.50 | Rake $0 
Seat 1: 50CandyJoe (big blind) folded before Flop
Seat 2: DreamFlopz69 collected ($2.50)
Seat 3: Supermegopro folded before Flop (didn't bet)
Seat 4: SorinS28 folded before Flop (didn't bet)
Seat 5: shootingGRID (button) folded before Flop (didn't bet)
Seat 6: BumHuntKing (small blind) folded before Flop



PokerStars Hand #254697689661:  Hold'em No Limit ($0.50/$1.00 USD) - 2025/02/03 1:58:32 WET [2025/02/03 20:58:32 ET]
Table 'Tolosa II' 6-max Seat #6 is the button
Seat 1: 50CandyJoe ($102.55 in chips) 
Seat 2: DreamFlopz69 ($13.36 in chips) 
Seat 3: Supermegopro ($107.96 in chips) 
Seat 4: SorinS28 ($133.15 in chips) 
Seat 5: shootingGRID ($100 in chips) 
Seat 6: BumHuntKing ($100.88 in chips) 
50CandyJoe: posts small blind $0.50
DreamFlopz69: posts big blind $1
*** HOLE CARDS ***
Supermegopro: folds 
SorinS28: folds 
shootingGRID: raises $1.25 to $2.25
BumHuntKing: folds 
50CandyJoe: folds 
DreamFlopz69: folds 
Uncalled bet ($1.25) returned to shootingGRID
shootingGRID collected $2.50 from pot
*** SUMMARY ***
Total pot $2.50 | Rake $0 
Seat 1: 50CandyJoe (small blind) folded before Flop
Seat 2: DreamFlopz69 (big blind) folded before Flop
Seat 3: Supermegopro folded before Flop (didn't bet)
Seat 4: SorinS28 folded before Flop (didn't bet)
Seat 5: shootingGRID collected ($2.50)
Seat 6: BumHuntKing (button) folded before Flop (didn't bet)



PokerStars Hand #254697691697:  Hold'em No Limit ($0.50/$1.00 USD) - 2025/02/03 1:58:48 WET [2025/02/03 20:58:48 ET]
Table 'Tolosa II' 6-max Seat #1 is the button
Seat 1: 50CandyJoe ($102.05 in chips) 
Seat 2: DreamFlopz69 ($12.36 in chips) 
Seat 3: Supermegopro ($107.96 in chips) 
Seat 4: SorinS28 ($133.15 in chips) 
Seat 5: shootingGRID ($101.50 in chips) 
Seat 6: BumHuntKing ($100.88 in chips) 
DreamFlopz69: posts small blind $0.50
Supermegopro: posts big blind $1
*** HOLE CARDS ***
SorinS28: folds 
shootingGRID: folds 
BumHuntKing: folds 
50CandyJoe: folds 
DreamFlopz69: calls $0.50
Supermegopro: raises $13 to $14
DreamFlopz69: folds 
Uncalled bet ($13) returned to Supermegopro
Supermegopro collected $2 from pot
Supermegopro: doesn't show hand 
*** SUMMARY ***
Total pot $2 | Rake $0 
Seat 1: 50CandyJoe (button) folded before Flop (didn't bet)
Seat 2: DreamFlopz69 (small blind) folded before Flop
Seat 3: Supermegopro (big blind) collected ($2)
Seat 4: SorinS28 folded before Flop (didn't bet)
Seat 5: shootingGRID folded before Flop (didn't bet)
Seat 6: BumHuntKing folded before Flop (didn't bet)



PokerStars Hand #254697695277:  Hold'em No Limit ($0.50/$1.00 USD) - 2025/02/03 1:59:17 WET [2025/02/03 20:59:17 ET]
Table 'Tolosa II' 6-max Seat #2 is the button
Seat 1: 50CandyJoe ($102.05 in chips) 
Seat 2: DreamFlopz69 ($11.36 in chips) 
Seat 3: Supermegopro ($108.96 in chips) 
Seat 4: SorinS28 ($133.15 in chips) 
Seat 5: shootingGRID ($101.50 in chips) 
Seat 6: BumHuntKing ($100.88 in chips) 
Supermegopro: posts small blind $0.50
SorinS28: posts big blind $1
*** HOLE CARDS ***
shootingGRID: folds 
BumHuntKing: folds 
50CandyJoe: folds 
DreamFlopz69: raises $1.50 to $2.50
Supermegopro: folds 
SorinS28: calls $1.50
*** FLOP *** [9s 7s 2c]
SorinS28: checks 
DreamFlopz69: bets $1
SorinS28: folds 
Uncalled bet ($1) returned to DreamFlopz69
DreamFlopz69 collected $5.22 from pot
DreamFlopz69: doesn't show hand 
*** SUMMARY ***
Total pot $5.50 | Rake $0.28 
Board [9s 7s 2c]
Seat 1: 50CandyJoe folded before Flop (didn't bet)
Seat 2: DreamFlopz69 (button) collected ($5.22)
Seat 3: Supermegopro (small blind) folded before Flop
Seat 4: SorinS28 (big blind) folded on the Flop
Seat 5: shootingGRID folded before Flop (didn't bet)
Seat 6: BumHuntKing folded before Flop (didn't bet)



PokerStars Hand #254697700448:  Hold'em No Limit ($0.50/$1.00 USD) - 2025/02/03 1:59:57 WET [2025/02/03 20:59:57 ET]
Table 'Tolosa II' 6-max Seat #3 is the button
Seat 1: 50CandyJoe ($102.05 in chips) 
Seat 2: DreamFlopz69 ($14.08 in chips) 
Seat 3: Supermegopro ($108.46 in chips) 
Seat 4: SorinS28 ($130.65 in chips) 
Seat 5: shootingGRID ($101.50 in chips) 
Seat 6: BumHuntKing ($100.88 in chips) 
SorinS28: posts small blind $0.50
shootingGRID: posts big blind $1
*** HOLE CARDS ***
BumHuntKing: folds 
50CandyJoe: folds 
DreamFlopz69: raises $1.50 to $2.50
Supermegopro: raises $5.50 to $8
SorinS28: folds 
shootingGRID: folds 
DreamFlopz69: folds 
Uncalled bet ($5.50) returned to Supermegopro
Supermegopro collected $6.50 from pot
Supermegopro: doesn't show hand 
*** SUMMARY ***
Total pot $6.50 | Rake $0 
Seat 1: 50CandyJoe folded before Flop (didn't bet)
Seat 2: DreamFlopz69 folded before Flop
Seat 3: Supermegopro (button) collected ($6.50)
Seat 4: SorinS28 (small blind) folded before Flop
Seat 5: shootingGRID (big blind) folded before Flop
Seat 6: BumHuntKing folded before Flop (didn't bet)



PokerStars Hand #254697703472:  Hold'em No Limit ($0.50/$1.00 USD) - 2025/02/03 2:00:20 WET [2025/02/03 21:00:20 ET]
Table 'Tolosa II' 6-max Seat #4 is the button
Seat 1: 50CandyJoe ($102.05 in chips) 
Seat 2: DreamFlopz69 ($11.58 in chips) 
Seat 3: Supermegopro ($112.46 in chips) 
Seat 4: SorinS28 ($130.15 in chips) 
Seat 5: shootingGRID ($100.50 in chips) 
Seat 6: BumHuntKing ($100.88 in chips) 
shootingGRID: posts small blind $0.50
BumHuntKing: posts big blind $1
*** HOLE CARDS ***
50CandyJoe: raises $1.20 to $2.20
DreamFlopz69: calls $2.20
Supermegopro: folds 
SorinS28: folds 
shootingGRID: folds 
BumHuntKing: folds 
*** FLOP *** [4d Kd Ad]
50CandyJoe: checks 
DreamFlopz69: bets $2.80
50CandyJoe: raises $2.80 to $5.60
DreamFlopz69: raises $3.78 to $9.38 and is all-in
50CandyJoe: calls $3.78
*** TURN *** [4d Kd Ad] [2h]
*** RIVER *** [4d Kd Ad 2h] [Td]
*** SHOW DOWN ***
50CandyJoe: shows [4s As] (two pair, Aces and Fours)
DreamFlopz69: shows [Ah 9c] (a pair of Aces)
50CandyJoe collected $23.43 from pot
DreamFlopz69 cashed out the hand for $5.72 | Cash Out Fee $0.12
*** SUMMARY ***
Total pot $24.66 | Rake $1.23 
Board [4d Kd Ad 2h Td]
Seat 1: 50CandyJoe showed [4s As] and won ($23.43) with two pair, Aces and Fours
Seat 2: DreamFlopz69 showed [Ah 9c] and lost with a pair of Aces (cashed out).
Seat 3: Supermegopro folded before Flop (didn't bet)
Seat 4: SorinS28 (button) folded before Flop (didn't bet)
Seat 5: shootingGRID (small blind) folded before Flop
Seat 6: BumHuntKing (big blind) folded before Flop



PokerStars Hand #254697713767:  Hold'em No Limit ($0.50/$1.00 USD) - 2025/02/03 2:01:29 WET [2025/02/03 21:01:29 ET]
Table 'Tolosa II' 6-max Seat #5 is the button
Seat 1: 50CandyJoe ($113.90 in chips) 
Seat 2: DreamFlopz69 ($5.72 in chips) 
Seat 3: Supermegopro ($112.46 in chips) 
Seat 4: SorinS28 ($130.15 in chips) 
Seat 5: shootingGRID ($100 in chips) 
Seat 6: BumHuntKing ($100 in chips) 
BumHuntKing: posts small blind $0.50
50CandyJoe: posts big blind $1
*** HOLE CARDS ***
DreamFlopz69: raises $4.72 to $5.72 and is all-in
Supermegopro: folds 
SorinS28: folds 
shootingGRID: folds 
BumHuntKing: folds 
50CandyJoe: folds 
Uncalled bet ($4.72) returned to DreamFlopz69
DreamFlopz69 collected $2.50 from pot
DreamFlopz69: doesn't show hand 
*** SUMMARY ***
Total pot $2.50 | Rake $0 
Seat 1: 50CandyJoe (big blind) folded before Flop
Seat 2: DreamFlopz69 collected ($2.50)
Seat 3: Supermegopro folded before Flop (didn't bet)
Seat 4: SorinS28 folded before Flop (didn't bet)
Seat 5: shootingGRID (button) folded before Flop (didn't bet)
Seat 6: BumHuntKing (small blind) folded before Flop



PokerStars Hand #254697717601:  Hold'em No Limit ($0.50/$1.00 USD) - 2025/02/03 2:01:53 WET [2025/02/03 21:01:53 ET]
Table 'Tolosa II' 6-max Seat #6 is the button
Seat 1: 50CandyJoe ($112.90 in chips) 
Seat 2: DreamFlopz69 ($7.22 in chips) 
Seat 3: Supermegopro ($112.46 in chips) 
Seat 4: SorinS28 ($130.15 in chips) 
Seat 5: shootingGRID ($100 in chips) 
Seat 6: BumHuntKing ($100 in chips) 
50CandyJoe: posts small blind $0.50
DreamFlopz69: posts big blind $1
*** HOLE CARDS ***
Supermegopro: folds 
SorinS28: folds 
shootingGRID: raises $1.25 to $2.25
BumHuntKing: folds 
50CandyJoe: folds 
DreamFlopz69: raises $4.97 to $7.22 and is all-in
shootingGRID: calls $4.97
*** FLOP *** [Kh Jd 4c]
*** TURN *** [Kh Jd 4c] [6d]
*** RIVER *** [Kh Jd 4c 6d] [Qs]
*** SHOW DOWN ***
DreamFlopz69: shows [2h Th] (high card King)
shootingGRID: shows [Ad Jc] (a pair of Jacks)
shootingGRID collected $14.19 from pot
*** SUMMARY ***
Total pot $14.94 | Rake $0.75 
Board [Kh Jd 4c 6d Qs]
Seat 1: 50CandyJoe (small blind) folded before Flop
Seat 2: DreamFlopz69 (big blind) showed [2h Th] and lost with high card King
Seat 3: Supermegopro folded before Flop (didn't bet)
Seat 4: SorinS28 folded before Flop (didn't bet)
Seat 5: shootingGRID showed [Ad Jc] and won ($14.19) with a pair of Jacks
Seat 6: BumHuntKing (button) folded before Flop (didn't bet)



PokerStars Hand #254697723535:  Hold'em No Limit ($0.50/$1.00 USD) - 2025/02/03 2:02:31 WET [2025/02/03 21:02:31 ET]
Table 'Tolosa II' 6-max Seat #1 is the button
Seat 1: 50CandyJoe ($112.40 in chips) 
Seat 3: Supermegopro ($112.46 in chips) 
Seat 4: SorinS28 ($130.15 in chips) 
Seat 5: shootingGRID ($106.97 in chips) 
Seat 6: BumHuntKing ($100 in chips) 
Supermegopro: posts small blind $0.50
SorinS28: posts big blind $1
*** HOLE CARDS ***
shootingGRID: folds 
BumHuntKing: folds 
50CandyJoe: raises $1.50 to $2.50
Supermegopro: folds 
SorinS28: folds 
Uncalled bet ($1.50) returned to 50CandyJoe
50CandyJoe collected $2.50 from pot
50CandyJoe: doesn't show hand 
*** SUMMARY ***
Total pot $2.50 | Rake $0 
Seat 1: 50CandyJoe (button) collected ($2.50)
Seat 3: Supermegopro (small blind) folded before Flop
Seat 4: SorinS28 (big blind) folded before Flop
Seat 5: shootingGRID folded before Flop (didn't bet)
Seat 6: BumHuntKing folded before Flop (didn't bet)



PokerStars Hand #254697726491:  Hold'em No Limit ($0.50/$1.00 USD) - 2025/02/03 2:02:50 WET [2025/02/03 21:02:50 ET]
Table 'Tolosa II' 6-max Seat #3 is the button
Seat 1: 50CandyJoe ($113.90 in chips) 
Seat 3: Supermegopro ($111.96 in chips) 
Seat 4: SorinS28 ($129.15 in chips) 
Seat 5: shootingGRID ($106.97 in chips) 
Seat 6: BumHuntKing ($100 in chips) 
SorinS28: posts small blind $0.50
shootingGRID: posts big blind $1
*** HOLE CARDS ***
BumHuntKing: raises $1.20 to $2.20
50CandyJoe: folds 
Supermegopro: folds 
SorinS28: folds 
shootingGRID: folds 
Uncalled bet ($1.20) returned to BumHuntKing
BumHuntKing collected $2.50 from pot
BumHuntKing: doesn't show hand 
*** SUMMARY ***
Total pot $2.50 | Rake $0 
Seat 1: 50CandyJoe folded before Flop (didn't bet)
Seat 3: Supermegopro (button) folded before Flop (didn't bet)
Seat 4: SorinS28 (small blind) folded before Flop
Seat 5: shootingGRID (big blind) folded before Flop
Seat 6: BumHuntKing collected ($2.50)



PokerStars Hand #254697729108:  Hold'em No Limit ($0.50/$1.00 USD) - 2025/02/03 2:03:06 WET [2025/02/03 21:03:06 ET]
Table 'Tolosa II' 6-max Seat #4 is the button
Seat 1: 50CandyJoe ($113.90 in chips) 
Seat 3: Supermegopro ($111.96 in chips) 
Seat 4: SorinS28 ($128.65 in chips) 
Seat 5: shootingGRID ($105.97 in chips) 
Seat 6: BumHuntKing ($101.50 in chips) 
shootingGRID: posts small blind $0.50
BumHuntKing: posts big blind $1
*** HOLE CARDS ***
50CandyJoe: folds 
Supermegopro: raises $1.50 to $2.50
50CandyJoe leaves the table
SorinS28: folds 
shootingGRID: folds 
BumHuntKing: folds 
Uncalled bet ($1.50) returned to Supermegopro
Supermegopro collected $2.50 from pot
Supermegopro: doesn't show hand 
*** SUMMARY ***
Total pot $2.50 | Rake $0 
Seat 1: 50CandyJoe folded before Flop (didn't bet)
Seat 3: Supermegopro collected ($2.50)
Seat 4: SorinS28 (button) folded before Flop (didn't bet)
Seat 5: shootingGRID (small blind) folded before Flop
Seat 6: BumHuntKing (big blind) folded before Flop



PokerStars Hand #254697731513:  Hold'em No Limit ($0.50/$1.00 USD) - 2025/02/03 2:03:21 WET [2025/02/03 21:03:21 ET]
Table 'Tolosa II' 6-max Seat #6 is the button
Seat 3: Supermegopro ($113.46 in chips) is sitting out
Seat 4: SorinS28 ($128.65 in chips) is sitting out
Seat 5: shootingGRID ($105.47 in chips) 
Seat 6: BumHuntKing ($100.50 in chips) 
BumHuntKing: posts small blind $0.50
Supermegopro: is sitting out 
SorinS28: is sitting out 
Supermegopro leaves the table
shootingGRID: posts big blind $1
*** HOLE CARDS ***
SorinS28 leaves the table
BumHuntKing: raises $1.50 to $2.50
shootingGRID: folds 
Uncalled bet ($1.50) returned to BumHuntKing
BumHuntKing collected $2 from pot
BumHuntKing: doesn't show hand 
*** SUMMARY ***
Total pot $2 | Rake $0 
Seat 3: Supermegopro
Seat 4: SorinS28
Seat 5: shootingGRID (big blind) folded before Flop
Seat 6: BumHuntKing (button) (small blind) collected ($2)



PokerStars Hand #254697733426:  Hold'em No Limit ($0.50/$1.00 USD) - 2025/02/03 2:03:33 WET [2025/02/03 21:03:33 ET]
Table 'Tolosa II' 6-max Seat #5 is the button
Seat 5: shootingGRID ($104.47 in chips) 
Seat 6: BumHuntKing ($101.50 in chips) 
shootingGRID: posts small blind $0.50
BumHuntKing: posts big blind $1
*** HOLE CARDS ***
shootingGRID: raises $1.25 to $2.25
BumHuntKing: folds 
Uncalled bet ($1.25) returned to shootingGRID
shootingGRID collected $2 from pot
*** SUMMARY ***
Total pot $2 | Rake $0 
Seat 5: shootingGRID (button) (small blind) collected ($2)
Seat 6: BumHuntKing (big blind) folded before Flop



