PokerStars Hand #254696855596:  Hold'em No Limit ($0.50/$1.00 USD) - 2025/02/03 0:37:23 WET [2025/02/03 19:37:23 ET]
Table 'Genoveva' 6-max Seat #6 is the button
Seat 1: J0SHB0SH ($100 in chips) is sitting out
Seat 4: m0nTTu ($10 in chips) 
Seat 6: uuzka ($100 in chips) 
uuzka: posts small blind $0.50
m0nTTu: posts big blind $1
*** HOLE CARDS ***
J0SHB0SH leaves the table
uuzka: folds 
Uncalled bet ($0.50) returned to m0nTTu
m0nTTu collected $1 from pot
m0nTTu: doesn't show hand 
*** SUMMARY ***
Total pot $1 | Rake $0 
Seat 1: J0SHB0SH
Seat 4: m0nTTu (big blind) collected ($1)
Seat 6: uuzka (button) (small blind) folded before Flop



PokerStars Hand #254696857611:  Hold'em No Limit ($0.50/$1.00 USD) - 2025/02/03 0:37:34 WET [2025/02/03 19:37:34 ET]
Table 'Genoveva' 6-max Seat #4 is the button
Seat 4: m0nTTu ($10.50 in chips) 
Seat 6: uuzka ($100 in chips) 
m0nTTu: posts small blind $0.50
uuzka: posts big blind $1
*** HOLE CARDS ***
m0nTTu: folds 
Uncalled bet ($0.50) returned to uuzka
uuzka collected $1 from pot
uuzka: doesn't show hand 
*** SUMMARY ***
Total pot $1 | Rake $0 
Seat 4: m0nTTu (button) (small blind) folded before Flop
Seat 6: uuzka (big blind) collected ($1)



PokerStars Hand #254696893848:  Hold'em No Limit ($0.50/$1.00 USD) - 2025/02/03 0:40:38 WET [2025/02/03 19:40:38 ET]
Table 'Genoveva' 6-max Seat #6 is the button
Seat 3: Nabeelk360 ($100 in chips) 
Seat 4: Chryskd ($100 in chips) 
Seat 6: uuzka ($100.50 in chips) 
Nabeelk360: posts small blind $0.50
Chryskd: posts big blind $1
*** HOLE CARDS ***
uuzka: raises $1.50 to $2.50
Nabeelk360: folds 
Chryskd: calls $1.50
*** FLOP *** [2d Jd Kd]
Chryskd: checks 
uuzka: checks 
*** TURN *** [2d Jd Kd] [Ts]
Chryskd: checks 
uuzka: bets $6.47
Chryskd: folds 
Uncalled bet ($6.47) returned to uuzka
uuzka collected $5.22 from pot
uuzka: doesn't show hand 
*** SUMMARY ***
Total pot $5.50 | Rake $0.28 
Board [2d Jd Kd Ts]
Seat 3: Nabeelk360 (small blind) folded before Flop
Seat 4: Chryskd (big blind) folded on the Turn
Seat 6: uuzka (button) collected ($5.22)



PokerStars Hand #254696904063:  Hold'em No Limit ($0.50/$1.00 USD) - 2025/02/03 0:41:30 WET [2025/02/03 19:41:30 ET]
Table 'Genoveva' 6-max Seat #3 is the button
Seat 3: Nabeelk360 ($99.50 in chips) 
Seat 4: Chryskd ($100 in chips) 
Seat 6: uuzka ($103.22 in chips) 
Chryskd: posts small blind $0.50
uuzka: posts big blind $1
*** HOLE CARDS ***
Nabeelk360: folds 
Chryskd: folds 
Uncalled bet ($0.50) returned to uuzka
uuzka collected $1 from pot
uuzka: doesn't show hand 
*** SUMMARY ***
Total pot $1 | Rake $0 
Seat 3: Nabeelk360 (button) folded before Flop (didn't bet)
Seat 4: Chryskd (small blind) folded before Flop
Seat 6: uuzka (big blind) collected ($1)



PokerStars Hand #254696905984:  Hold'em No Limit ($0.50/$1.00 USD) - 2025/02/03 0:41:40 WET [2025/02/03 19:41:40 ET]
Table 'Genoveva' 6-max Seat #4 is the button
Seat 3: Nabeelk360 ($99.50 in chips) 
Seat 4: Chryskd ($100 in chips) 
Seat 6: uuzka ($103.72 in chips) 
uuzka: posts small blind $0.50
Nabeelk360: posts big blind $1
*** HOLE CARDS ***
Chryskd: raises $1.50 to $2.50
uuzka: folds 
Nabeelk360: calls $1.50
*** FLOP *** [Jh Qc 7s]
Nabeelk360: checks 
Chryskd: bets $1.72
Nabeelk360: calls $1.72
*** TURN *** [Jh Qc 7s] [Ac]
Nabeelk360: checks 
Chryskd: bets $10.61
Nabeelk360: calls $10.61
*** RIVER *** [Jh Qc 7s Ac] [Th]
Nabeelk360: bets $15
Chryskd: folds 
Uncalled bet ($15) returned to Nabeelk360
Chryskd leaves the table
Nabeelk360 collected $29.16 from pot
*** SUMMARY ***
Total pot $30.16 | Rake $1 
Board [Jh Qc 7s Ac Th]
Seat 3: Nabeelk360 (big blind) collected ($29.16)
Seat 4: Chryskd (button) folded on the River
Seat 6: uuzka (small blind) folded before Flop



PokerStars Hand #254696914846:  Hold'em No Limit ($0.50/$1.00 USD) - 2025/02/03 0:42:25 WET [2025/02/03 19:42:25 ET]
Table 'Genoveva' 6-max Seat #3 is the button
Seat 3: Nabeelk360 ($113.83 in chips) 
Seat 6: uuzka ($103.22 in chips) 
Nabeelk360: posts small blind $0.50
uuzka: posts big blind $1
*** HOLE CARDS ***
Nabeelk360: folds 
Uncalled bet ($0.50) returned to uuzka
uuzka collected $1 from pot
uuzka: doesn't show hand 
*** SUMMARY ***
Total pot $1 | Rake $0 
Seat 3: Nabeelk360 (button) (small blind) folded before Flop
Seat 6: uuzka (big blind) collected ($1)



PokerStars Hand #254696926084:  Hold'em No Limit ($0.50/$1.00 USD) - 2025/02/03 0:43:24 WET [2025/02/03 19:43:24 ET]
Table 'Genoveva' 6-max Seat #4 is the button
Seat 1: nastja336 ($100 in chips) 
Seat 4: Nabeelk360 ($113.33 in chips) 
Seat 5: m0nTTu ($10 in chips) 
Seat 6: uuzka ($103.72 in chips) 
m0nTTu: posts small blind $0.50
uuzka: posts big blind $1
*** HOLE CARDS ***
nastja336: folds 
Nabeelk360: folds 
Joe_Carlos joins the table at seat #2 
blackclan7 joins the table at seat #3 
m0nTTu: raises $9 to $10 and is all-in
uuzka: folds 
Uncalled bet ($9) returned to m0nTTu
m0nTTu collected $2 from pot
m0nTTu: doesn't show hand 
*** SUMMARY ***
Total pot $2 | Rake $0 
Seat 1: nastja336 folded before Flop (didn't bet)
Seat 4: Nabeelk360 (button) folded before Flop (didn't bet)
Seat 5: m0nTTu (small blind) collected ($2)
Seat 6: uuzka (big blind) folded before Flop



PokerStars Hand #254696930090:  Hold'em No Limit ($0.50/$1.00 USD) - 2025/02/03 0:43:45 WET [2025/02/03 19:43:45 ET]
Table 'Genoveva' 6-max Seat #5 is the button
Seat 2: Joe_Carlos ($60 in chips) is sitting out
Seat 3: blackclan7 ($100 in chips) is sitting out
Seat 1: nastja336 ($100 in chips) 
Seat 4: Nabeelk360 ($113.33 in chips) 
Seat 5: m0nTTu ($11 in chips) 
Seat 6: uuzka ($102.72 in chips) 
uuzka: posts small blind $0.50
nastja336: posts big blind $1
Joe_Carlos: sits out 
blackclan7: sits out 
*** HOLE CARDS ***
Nabeelk360: folds 
m0nTTu: folds 
uuzka: raises $1.77 to $2.77
nastja336: folds 
Uncalled bet ($1.77) returned to uuzka
uuzka collected $2 from pot
uuzka: doesn't show hand 
*** SUMMARY ***
Total pot $2 | Rake $0 
Seat 2: Joe_Carlos
Seat 3: blackclan7
Seat 1: nastja336 (big blind) folded before Flop
Seat 4: Nabeelk360 folded before Flop (didn't bet)
Seat 5: m0nTTu (button) folded before Flop (didn't bet)
Seat 6: uuzka (small blind) collected ($2)



PokerStars Hand #254696933809:  Hold'em No Limit ($0.50/$1.00 USD) - 2025/02/03 0:44:05 WET [2025/02/03 19:44:05 ET]
Table 'Genoveva' 6-max Seat #6 is the button
Seat 3: blackclan7 ($100 in chips) is sitting out
Seat 1: nastja336 ($100 in chips) 
Seat 2: Joe_Carlos ($60 in chips) 
Seat 4: Nabeelk360 ($113.33 in chips) 
Seat 5: m0nTTu ($11 in chips) 
Seat 6: uuzka ($103.72 in chips) 
nastja336: posts small blind $0.50
Joe_Carlos: posts big blind $1
blackclan7: sits out 
*** HOLE CARDS ***
Nabeelk360: folds 
m0nTTu: folds 
uuzka: raises $1.50 to $2.50
nastja336: folds 
Joe_Carlos: folds 
Uncalled bet ($1.50) returned to uuzka
uuzka collected $2.50 from pot
uuzka: doesn't show hand 
*** SUMMARY ***
Total pot $2.50 | Rake $0 
Seat 3: blackclan7
Seat 1: nastja336 (small blind) folded before Flop
Seat 2: Joe_Carlos (big blind) folded before Flop
Seat 4: Nabeelk360 folded before Flop (didn't bet)
Seat 5: m0nTTu folded before Flop (didn't bet)
Seat 6: uuzka (button) collected ($2.50)



PokerStars Hand #254696937137:  Hold'em No Limit ($0.50/$1.00 USD) - 2025/02/03 0:44:22 WET [2025/02/03 19:44:22 ET]
Table 'Genoveva' 6-max Seat #1 is the button
Seat 1: nastja336 ($100 in chips) 
Seat 2: Joe_Carlos ($59 in chips) 
Seat 3: blackclan7 ($100 in chips) 
Seat 4: Nabeelk360 ($113.33 in chips) 
Seat 5: m0nTTu ($11 in chips) 
Seat 6: uuzka ($105.22 in chips) 
Joe_Carlos: posts small blind $0.50
blackclan7: posts big blind $1
*** HOLE CARDS ***
Nabeelk360: calls $1
m0nTTu: folds 
uuzka: folds 
nastja336: folds 
Joe_Carlos: raises $2 to $3
blackclan7: folds 
Nabeelk360: calls $2
*** FLOP *** [5s Th 7h]
Joe_Carlos: bets $2.19
Nabeelk360: calls $2.19
*** TURN *** [5s Th 7h] [5h]
Joe_Carlos: checks 
Nabeelk360: checks 
*** RIVER *** [5s Th 7h 5h] [6d]
Joe_Carlos: checks 
Nabeelk360: checks 
*** SHOW DOWN ***
Joe_Carlos: shows [9c Js] (a pair of Fives)
Nabeelk360: shows [Tc 7c] (two pair, Tens and Sevens)
Nabeelk360 collected $10.81 from pot
*** SUMMARY ***
Total pot $11.38 | Rake $0.57 
Board [5s Th 7h 5h 6d]
Seat 1: nastja336 (button) folded before Flop (didn't bet)
Seat 2: Joe_Carlos (small blind) showed [9c Js] and lost with a pair of Fives
Seat 3: blackclan7 (big blind) folded before Flop
Seat 4: Nabeelk360 showed [Tc 7c] and won ($10.81) with two pair, Tens and Sevens
Seat 5: m0nTTu folded before Flop (didn't bet)
Seat 6: uuzka folded before Flop (didn't bet)



PokerStars Hand #254696946622:  Hold'em No Limit ($0.50/$1.00 USD) - 2025/02/03 0:45:12 WET [2025/02/03 19:45:12 ET]
Table 'Genoveva' 6-max Seat #2 is the button
Seat 1: nastja336 ($100 in chips) 
Seat 2: Joe_Carlos ($53.81 in chips) 
Seat 3: blackclan7 ($100 in chips) 
Seat 4: Nabeelk360 ($118.95 in chips) 
Seat 5: m0nTTu ($11 in chips) 
Seat 6: uuzka ($105.22 in chips) 
blackclan7: posts small blind $0.50
Nabeelk360: posts big blind $1
*** HOLE CARDS ***
m0nTTu: folds 
uuzka: folds 
nastja336: folds 
Joe_Carlos: folds 
blackclan7: folds 
Uncalled bet ($0.50) returned to Nabeelk360
Nabeelk360 collected $1 from pot
*** SUMMARY ***
Total pot $1 | Rake $0 
Seat 1: nastja336 folded before Flop (didn't bet)
Seat 2: Joe_Carlos (button) folded before Flop (didn't bet)
Seat 3: blackclan7 (small blind) folded before Flop
Seat 4: Nabeelk360 (big blind) collected ($1)
Seat 5: m0nTTu folded before Flop (didn't bet)
Seat 6: uuzka folded before Flop (didn't bet)



PokerStars Hand #254696949352:  Hold'em No Limit ($0.50/$1.00 USD) - 2025/02/03 0:45:26 WET [2025/02/03 19:45:26 ET]
Table 'Genoveva' 6-max Seat #3 is the button
Seat 1: nastja336 ($100 in chips) 
Seat 2: Joe_Carlos ($53.81 in chips) 
Seat 3: blackclan7 ($100 in chips) 
Seat 4: Nabeelk360 ($119.45 in chips) 
Seat 5: m0nTTu ($11 in chips) 
Seat 6: uuzka ($105.22 in chips) 
Nabeelk360: posts small blind $0.50
m0nTTu: posts big blind $1
*** HOLE CARDS ***
uuzka: folds 
nastja336: folds 
Joe_Carlos: folds 
blackclan7: folds 
Nabeelk360: folds 
Uncalled bet ($0.50) returned to m0nTTu
m0nTTu collected $1 from pot
m0nTTu: doesn't show hand 
*** SUMMARY ***
Total pot $1 | Rake $0 
Seat 1: nastja336 folded before Flop (didn't bet)
Seat 2: Joe_Carlos folded before Flop (didn't bet)
Seat 3: blackclan7 (button) folded before Flop (didn't bet)
Seat 4: Nabeelk360 (small blind) folded before Flop
Seat 5: m0nTTu (big blind) collected ($1)
Seat 6: uuzka folded before Flop (didn't bet)



PokerStars Hand #254696953934:  Hold'em No Limit ($0.50/$1.00 USD) - 2025/02/03 0:45:50 WET [2025/02/03 19:45:50 ET]
Table 'Genoveva' 6-max Seat #4 is the button
Seat 1: nastja336 ($100 in chips) 
Seat 2: Joe_Carlos ($53.81 in chips) 
Seat 3: blackclan7 ($100 in chips) 
Seat 4: Nabeelk360 ($118.95 in chips) 
Seat 5: m0nTTu ($11.50 in chips) 
Seat 6: uuzka ($105.22 in chips) 
m0nTTu: posts small blind $0.50
uuzka: posts big blind $1
*** HOLE CARDS ***
nastja336: folds 
Joe_Carlos: folds 
blackclan7: raises $1.30 to $2.30
Nabeelk360: folds 
nastja336 leaves the table
m0nTTu: folds 
uuzka: folds 
Uncalled bet ($1.30) returned to blackclan7
blackclan7 collected $2.50 from pot
blackclan7: doesn't show hand 
*** SUMMARY ***
Total pot $2.50 | Rake $0 
Seat 1: nastja336 folded before Flop (didn't bet)
Seat 2: Joe_Carlos folded before Flop (didn't bet)
Seat 3: blackclan7 collected ($2.50)
Seat 4: Nabeelk360 (button) folded before Flop (didn't bet)
Seat 5: m0nTTu (small blind) folded before Flop
Seat 6: uuzka (big blind) folded before Flop



PokerStars Hand #254696959573:  Hold'em No Limit ($0.50/$1.00 USD) - 2025/02/03 0:46:20 WET [2025/02/03 19:46:20 ET]
Table 'Genoveva' 6-max Seat #5 is the button
Seat 2: Joe_Carlos ($53.81 in chips) 
Seat 3: blackclan7 ($101.50 in chips) 
Seat 4: Nabeelk360 ($118.95 in chips) 
Seat 5: m0nTTu ($11 in chips) 
Seat 6: uuzka ($104.22 in chips) 
uuzka: posts small blind $0.50
Joe_Carlos: posts big blind $1
*** HOLE CARDS ***
blackclan7: folds 
Nabeelk360: folds 
m0nTTu: raises $10 to $11 and is all-in
uuzka: folds 
blackclan7 leaves the table
Joe_Carlos: calls $10
uuzka leaves the table
*** FLOP *** [Jh Kc Kh]
*** TURN *** [Jh Kc Kh] [6c]
*** RIVER *** [Jh Kc Kh 6c] [2d]
*** SHOW DOWN ***
Joe_Carlos: shows [Qd Qh] (two pair, Kings and Queens)
m0nTTu: shows [9h 8h] (a pair of Kings)
Joe_Carlos collected $21.38 from pot
*** SUMMARY ***
Total pot $22.50 | Rake $1.12 
Board [Jh Kc Kh 6c 2d]
Seat 2: Joe_Carlos (big blind) showed [Qd Qh] and won ($21.38) with two pair, Kings and Queens
Seat 3: blackclan7 folded before Flop (didn't bet)
Seat 4: Nabeelk360 folded before Flop (didn't bet)
Seat 5: m0nTTu (button) showed [9h 8h] and lost with a pair of Kings
Seat 6: uuzka (small blind) folded before Flop



PokerStars Hand #254696965318:  Hold'em No Limit ($0.50/$1.00 USD) - 2025/02/03 0:46:51 WET [2025/02/03 19:46:51 ET]
Table 'Genoveva' 6-max Seat #4 is the button
Seat 5: m0nTTu ($10 in chips) is sitting out
Seat 2: Joe_Carlos ($64.19 in chips) 
Seat 4: Nabeelk360 ($118.95 in chips) 
Nabeelk360: posts small blind $0.50
m0nTTu: is sitting out 
Joe_Carlos: posts big blind $1
*** HOLE CARDS ***
m0nTTu leaves the table
Nabeelk360: calls $0.50
Joe_Carlos: checks 
*** FLOP *** [2c 4d Jd]
m0nTTu joins the table at seat #5 
Joe_Carlos: checks 
Nabeelk360: bets $3
Joe_Carlos: folds 
Uncalled bet ($3) returned to Nabeelk360
Nabeelk360 collected $1.90 from pot
*** SUMMARY ***
Total pot $2 | Rake $0.10 
Board [2c 4d Jd]
Seat 5: m0nTTu
Seat 2: Joe_Carlos (big blind) folded on the Flop
Seat 4: Nabeelk360 (button) (small blind) collected ($1.90)



PokerStars Hand #254696970339:  Hold'em No Limit ($0.50/$1.00 USD) - 2025/02/03 0:47:18 WET [2025/02/03 19:47:18 ET]
Table 'Genoveva' 6-max Seat #2 is the button
Seat 2: Joe_Carlos ($63.19 in chips) 
Seat 4: Nabeelk360 ($119.85 in chips) 
Seat 5: m0nTTu ($10 in chips) 
Nabeelk360: posts small blind $0.50
m0nTTu: posts big blind $1
*** HOLE CARDS ***
Joe_Carlos has timed out
Joe_Carlos: folds 
Nabeelk360: folds 
Uncalled bet ($0.50) returned to m0nTTu
m0nTTu collected $1 from pot
m0nTTu: doesn't show hand 
*** SUMMARY ***
Total pot $1 | Rake $0 
Seat 2: Joe_Carlos (button) folded before Flop (didn't bet)
Seat 4: Nabeelk360 (small blind) folded before Flop
Seat 5: m0nTTu (big blind) collected ($1)



PokerStars Hand #254696973978:  Hold'em No Limit ($0.50/$1.00 USD) - 2025/02/03 0:47:37 WET [2025/02/03 19:47:37 ET]
Table 'Genoveva' 6-max Seat #4 is the button
Seat 2: Joe_Carlos ($63.19 in chips) 
Seat 4: Nabeelk360 ($119.35 in chips) 
Seat 5: m0nTTu ($10.50 in chips) 
m0nTTu: posts small blind $0.50
Joe_Carlos: posts big blind $1
*** HOLE CARDS ***
Nabeelk360: folds 
m0nTTu: folds 
Uncalled bet ($0.50) returned to Joe_Carlos
Joe_Carlos collected $1 from pot
Joe_Carlos: doesn't show hand 
*** SUMMARY ***
Total pot $1 | Rake $0 
Seat 2: Joe_Carlos (big blind) collected ($1)
Seat 4: Nabeelk360 (button) folded before Flop (didn't bet)
Seat 5: m0nTTu (small blind) folded before Flop



PokerStars Hand #254696975218:  Hold'em No Limit ($0.50/$1.00 USD) - 2025/02/03 0:47:44 WET [2025/02/03 19:47:44 ET]
Table 'Genoveva' 6-max Seat #2 is the button
Seat 4: Nabeelk360 ($119.35 in chips) is sitting out
Seat 2: Joe_Carlos ($63.69 in chips) 
Seat 5: m0nTTu ($10 in chips) 
Joe_Carlos: posts small blind $0.50
Nabeelk360: is sitting out 
m0nTTu: posts big blind $1
*** HOLE CARDS ***
Nabeelk360 leaves the table
Joe_Carlos: folds 
Uncalled bet ($0.50) returned to m0nTTu
m0nTTu collected $1 from pot
m0nTTu: doesn't show hand 
*** SUMMARY ***
Total pot $1 | Rake $0 
Seat 4: Nabeelk360
Seat 2: Joe_Carlos (button) (small blind) folded before Flop
Seat 5: m0nTTu (big blind) collected ($1)



PokerStars Hand #254696977350:  Hold'em No Limit ($0.50/$1.00 USD) - 2025/02/03 0:47:55 WET [2025/02/03 19:47:55 ET]
Table 'Genoveva' 6-max Seat #5 is the button
Seat 2: Joe_Carlos ($63.19 in chips) 
Seat 5: m0nTTu ($10.50 in chips) 
m0nTTu: posts small blind $0.50
Joe_Carlos: posts big blind $1
*** HOLE CARDS ***
m0nTTu: folds 
Uncalled bet ($0.50) returned to Joe_Carlos
Joe_Carlos collected $1 from pot
Joe_Carlos: doesn't show hand 
*** SUMMARY ***
Total pot $1 | Rake $0 
Seat 2: Joe_Carlos (big blind) collected ($1)
Seat 5: m0nTTu (button) (small blind) folded before Flop



PokerStars Hand #254696978476:  Hold'em No Limit ($0.50/$1.00 USD) - 2025/02/03 0:48:01 WET [2025/02/03 19:48:01 ET]
Table 'Genoveva' 6-max Seat #2 is the button
Seat 2: Joe_Carlos ($63.69 in chips) 
Seat 5: m0nTTu ($10 in chips) 
Joe_Carlos: posts small blind $0.50
m0nTTu: posts big blind $1
*** HOLE CARDS ***
Joe_Carlos: folds 
Uncalled bet ($0.50) returned to m0nTTu
m0nTTu collected $1 from pot
m0nTTu: doesn't show hand 
*** SUMMARY ***
Total pot $1 | Rake $0 
Seat 2: Joe_Carlos (button) (small blind) folded before Flop
Seat 5: m0nTTu (big blind) collected ($1)



PokerStars Hand #254696980260:  Hold'em No Limit ($0.50/$1.00 USD) - 2025/02/03 0:48:10 WET [2025/02/03 19:48:10 ET]
Table 'Genoveva' 6-max Seat #5 is the button
Seat 2: Joe_Carlos ($63.19 in chips) 
Seat 5: m0nTTu ($10.50 in chips) 
m0nTTu: posts small blind $0.50
Joe_Carlos: posts big blind $1
*** HOLE CARDS ***
m0nTTu: raises $9.50 to $10.50 and is all-in
Joe_Carlos: folds 
Uncalled bet ($9.50) returned to m0nTTu
m0nTTu collected $2 from pot
m0nTTu: doesn't show hand 
*** SUMMARY ***
Total pot $2 | Rake $0 
Seat 2: Joe_Carlos (big blind) folded before Flop
Seat 5: m0nTTu (button) (small blind) collected ($2)



PokerStars Hand #254696983524:  Hold'em No Limit ($0.50/$1.00 USD) - 2025/02/03 0:48:28 WET [2025/02/03 19:48:28 ET]
Table 'Genoveva' 6-max Seat #2 is the button
Seat 2: Joe_Carlos ($62.19 in chips) 
Seat 5: m0nTTu ($11.50 in chips) 
Joe_Carlos: posts small blind $0.50
m0nTTu: posts big blind $1
*** HOLE CARDS ***
Joe_Carlos: folds 
Uncalled bet ($0.50) returned to m0nTTu
m0nTTu collected $1 from pot
m0nTTu: doesn't show hand 
*** SUMMARY ***
Total pot $1 | Rake $0 
Seat 2: Joe_Carlos (button) (small blind) folded before Flop
Seat 5: m0nTTu (big blind) collected ($1)



PokerStars Hand #254696986062:  Hold'em No Limit ($0.50/$1.00 USD) - 2025/02/03 0:48:41 WET [2025/02/03 19:48:41 ET]
Table 'Genoveva' 6-max Seat #5 is the button
Seat 2: Joe_Carlos ($61.69 in chips) 
Seat 5: m0nTTu ($12 in chips) 
m0nTTu: posts small blind $0.50
Joe_Carlos: posts big blind $1
*** HOLE CARDS ***
m0nTTu: raises $11 to $12 and is all-in
Joe_Carlos: folds 
Uncalled bet ($11) returned to m0nTTu
m0nTTu collected $2 from pot
m0nTTu: doesn't show hand 
*** SUMMARY ***
Total pot $2 | Rake $0 
Seat 2: Joe_Carlos (big blind) folded before Flop
Seat 5: m0nTTu (button) (small blind) collected ($2)



PokerStars Hand #254696989994:  Hold'em No Limit ($0.50/$1.00 USD) - 2025/02/03 0:49:03 WET [2025/02/03 19:49:03 ET]
Table 'Genoveva' 6-max Seat #2 is the button
Seat 2: Joe_Carlos ($60.69 in chips) 
Seat 5: m0nTTu ($13 in chips) 
Joe_Carlos: posts small blind $0.50
m0nTTu: posts big blind $1
*** HOLE CARDS ***
Joe_Carlos: folds 
Uncalled bet ($0.50) returned to m0nTTu
m0nTTu collected $1 from pot
m0nTTu: doesn't show hand 
*** SUMMARY ***
Total pot $1 | Rake $0 
Seat 2: Joe_Carlos (button) (small blind) folded before Flop
Seat 5: m0nTTu (big blind) collected ($1)



PokerStars Hand #254696991446:  Hold'em No Limit ($0.50/$1.00 USD) - 2025/02/03 0:49:11 WET [2025/02/03 19:49:11 ET]
Table 'Genoveva' 6-max Seat #5 is the button
Seat 2: Joe_Carlos ($60.19 in chips) 
Seat 5: m0nTTu ($13.50 in chips) 
m0nTTu: posts small blind $0.50
Joe_Carlos: posts big blind $1
*** HOLE CARDS ***
m0nTTu: raises $12.50 to $13.50 and is all-in
Joe_Carlos: folds 
Uncalled bet ($12.50) returned to m0nTTu
m0nTTu collected $2 from pot
m0nTTu: doesn't show hand 
*** SUMMARY ***
Total pot $2 | Rake $0 
Seat 2: Joe_Carlos (big blind) folded before Flop
Seat 5: m0nTTu (button) (small blind) collected ($2)



PokerStars Hand #254696993247:  Hold'em No Limit ($0.50/$1.00 USD) - 2025/02/03 0:49:20 WET [2025/02/03 19:49:20 ET]
Table 'Genoveva' 6-max Seat #2 is the button
Seat 2: Joe_Carlos ($59.19 in chips) 
Seat 5: m0nTTu ($14.50 in chips) 
Joe_Carlos: posts small blind $0.50
m0nTTu: posts big blind $1
*** HOLE CARDS ***
Joe_Carlos: folds 
Uncalled bet ($0.50) returned to m0nTTu
m0nTTu collected $1 from pot
m0nTTu: doesn't show hand 
*** SUMMARY ***
Total pot $1 | Rake $0 
Seat 2: Joe_Carlos (button) (small blind) folded before Flop
Seat 5: m0nTTu (big blind) collected ($1)



PokerStars Hand #254696995494:  Hold'em No Limit ($0.50/$1.00 USD) - 2025/02/03 0:49:32 WET [2025/02/03 19:49:32 ET]
Table 'Genoveva' 6-max Seat #5 is the button
Seat 2: Joe_Carlos ($58.69 in chips) 
Seat 5: m0nTTu ($15 in chips) 
m0nTTu: posts small blind $0.50
Joe_Carlos: posts big blind $1
*** HOLE CARDS ***
m0nTTu: raises $14 to $15 and is all-in
Joe_Carlos: folds 
Uncalled bet ($14) returned to m0nTTu
m0nTTu collected $2 from pot
m0nTTu: doesn't show hand 
*** SUMMARY ***
Total pot $2 | Rake $0 
Seat 2: Joe_Carlos (big blind) folded before Flop
Seat 5: m0nTTu (button) (small blind) collected ($2)



PokerStars Hand #254696998561:  Hold'em No Limit ($0.50/$1.00 USD) - 2025/02/03 0:49:49 WET [2025/02/03 19:49:49 ET]
Table 'Genoveva' 6-max Seat #2 is the button
Seat 2: Joe_Carlos ($57.69 in chips) 
Seat 5: m0nTTu ($16 in chips) 
Joe_Carlos: posts small blind $0.50
m0nTTu: posts big blind $1
*** HOLE CARDS ***
Joe_Carlos: folds 
Uncalled bet ($0.50) returned to m0nTTu
m0nTTu collected $1 from pot
m0nTTu: doesn't show hand 
*** SUMMARY ***
Total pot $1 | Rake $0 
Seat 2: Joe_Carlos (button) (small blind) folded before Flop
Seat 5: m0nTTu (big blind) collected ($1)



PokerStars Hand #254697014673:  Hold'em No Limit ($0.50/$1.00 USD) - 2025/02/03 0:51:17 WET [2025/02/03 19:51:17 ET]
Table 'Genoveva' 6-max Seat #5 is the button
Seat 1: G.Andrei95 ($100 in chips) 
Seat 5: m0nTTu ($16.50 in chips) 
Seat 6: James $pecter ($43.56 in chips) 
James $pecter: posts small blind $0.50
G.Andrei95: posts big blind $1
*** HOLE CARDS ***
andutu34 joins the table at seat #3 
ReVeu710 joins the table at seat #2 
m0nTTu: folds 
James $pecter: calls $0.50
SorinS28 joins the table at seat #4 
G.Andrei95: checks 
*** FLOP *** [7h Qc 3d]
James $pecter: bets $2
G.Andrei95: calls $2
*** TURN *** [7h Qc 3d] [2d]
James $pecter: checks 
G.Andrei95: bets $4.05
James $pecter: folds 
Uncalled bet ($4.05) returned to G.Andrei95
G.Andrei95 collected $5.70 from pot
G.Andrei95: doesn't show hand 
*** SUMMARY ***
Total pot $6 | Rake $0.30 
Board [7h Qc 3d 2d]
Seat 1: G.Andrei95 (big blind) collected ($5.70)
Seat 5: m0nTTu (button) folded before Flop (didn't bet)
Seat 6: James $pecter (small blind) folded on the Turn



PokerStars Hand #254697021279:  Hold'em No Limit ($0.50/$1.00 USD) - 2025/02/03 0:51:52 WET [2025/02/03 19:51:52 ET]
Table 'Genoveva' 6-max Seat #6 is the button
Seat 3: andutu34 ($100 in chips) is sitting out
Seat 4: SorinS28 ($100 in chips) is sitting out
Seat 1: G.Andrei95 ($102.70 in chips) 
Seat 2: ReVeu710 ($100 in chips) 
Seat 5: m0nTTu ($16.50 in chips) 
Seat 6: James $pecter ($40.56 in chips) 
G.Andrei95: posts small blind $0.50
ReVeu710: posts big blind $1
andutu34: sits out 
SorinS28: sits out 
*** HOLE CARDS ***
m0nTTu: folds 
James $pecter: folds 
G.Andrei95: raises $2 to $3
ReVeu710: folds 
Uncalled bet ($2) returned to G.Andrei95
G.Andrei95 collected $2 from pot
G.Andrei95: doesn't show hand 
*** SUMMARY ***
Total pot $2 | Rake $0 
Seat 3: andutu34
Seat 4: SorinS28
Seat 1: G.Andrei95 (small blind) collected ($2)
Seat 2: ReVeu710 (big blind) folded before Flop
Seat 5: m0nTTu folded before Flop (didn't bet)
Seat 6: James $pecter (button) folded before Flop (didn't bet)



PokerStars Hand #254697023014:  Hold'em No Limit ($0.50/$1.00 USD) - 2025/02/03 0:52:02 WET [2025/02/03 19:52:02 ET]
Table 'Genoveva' 6-max Seat #1 is the button
Seat 4: SorinS28 ($100 in chips) is sitting out
Seat 1: G.Andrei95 ($103.70 in chips) 
Seat 2: ReVeu710 ($100 in chips) 
Seat 3: andutu34 ($100 in chips) 
Seat 5: m0nTTu ($16.50 in chips) 
Seat 6: James $pecter ($40.56 in chips) 
ReVeu710: posts small blind $0.50
andutu34: posts big blind $1
SorinS28: sits out 
*** HOLE CARDS ***
m0nTTu: folds 
James $pecter: folds 
G.Andrei95: raises $1.50 to $2.50
ReVeu710: folds 
andutu34: folds 
Uncalled bet ($1.50) returned to G.Andrei95
G.Andrei95 collected $2.50 from pot
G.Andrei95: doesn't show hand 
*** SUMMARY ***
Total pot $2.50 | Rake $0 
Seat 4: SorinS28
Seat 1: G.Andrei95 (button) collected ($2.50)
Seat 2: ReVeu710 (small blind) folded before Flop
Seat 3: andutu34 (big blind) folded before Flop
Seat 5: m0nTTu folded before Flop (didn't bet)
Seat 6: James $pecter folded before Flop (didn't bet)



PokerStars Hand #254697025361:  Hold'em No Limit ($0.50/$1.00 USD) - 2025/02/03 0:52:15 WET [2025/02/03 19:52:15 ET]
Table 'Genoveva' 6-max Seat #2 is the button
Seat 1: G.Andrei95 ($105.20 in chips) 
Seat 2: ReVeu710 ($100 in chips) 
Seat 3: andutu34 ($100 in chips) 
Seat 4: SorinS28 ($100 in chips) 
Seat 5: m0nTTu ($16.50 in chips) 
Seat 6: James $pecter ($40.56 in chips) 
andutu34: posts small blind $0.50
SorinS28: posts big blind $1
*** HOLE CARDS ***
m0nTTu: folds 
James $pecter: folds 
G.Andrei95: raises $1.50 to $2.50
ReVeu710: raises $5.50 to $8
andutu34: folds 
SorinS28: folds 
G.Andrei95: folds 
Uncalled bet ($5.50) returned to ReVeu710
ReVeu710 collected $6.50 from pot
ReVeu710: doesn't show hand 
*** SUMMARY ***
Total pot $6.50 | Rake $0 
Seat 1: G.Andrei95 folded before Flop
Seat 2: ReVeu710 (button) collected ($6.50)
Seat 3: andutu34 (small blind) folded before Flop
Seat 4: SorinS28 (big blind) folded before Flop
Seat 5: m0nTTu folded before Flop (didn't bet)
Seat 6: James $pecter folded before Flop (didn't bet)



PokerStars Hand #254697059148:  Hold'em No Limit ($0.50/$1.00 USD) - 2025/02/03 0:55:25 WET [2025/02/03 19:55:25 ET]
Table 'Genoveva' 6-max Seat #1 is the button
Seat 2: MaRKiToScoK ($100 in chips) is sitting out
Seat 5: jacobdabuck ($50.13 in chips) is sitting out
Seat 1: G.Andrei95 ($115.80 in chips) 
Seat 3: andutu34 ($100 in chips) 
Seat 4: SorinS28 ($100 in chips) 
Seat 6: James $pecter ($54.71 in chips) 
andutu34: posts small blind $0.50
SorinS28: posts big blind $1
jacobdabuck: sits out 
*** HOLE CARDS ***
James $pecter: calls $1
G.Andrei95: raises $3 to $4
andutu34: folds 
SorinS28: calls $3
James $pecter: calls $3
*** FLOP *** [6h Jh 6d]
SorinS28: checks 
James $pecter: checks 
G.Andrei95: checks 
*** TURN *** [6h Jh 6d] [9c]
SorinS28: checks 
James $pecter: checks 
G.Andrei95: checks 
*** RIVER *** [6h Jh 6d 9c] [Qd]
SorinS28: checks 
James $pecter: bets $50.71 and is all-in
G.Andrei95: folds 
SorinS28: folds 
Uncalled bet ($50.71) returned to James $pecter
James $pecter collected $11.88 from pot
*** SUMMARY ***
Total pot $12.50 | Rake $0.62 
Board [6h Jh 6d 9c Qd]
Seat 2: MaRKiToScoK
Seat 5: jacobdabuck
Seat 1: G.Andrei95 (button) folded on the River
Seat 3: andutu34 (small blind) folded before Flop
Seat 4: SorinS28 (big blind) folded on the River
Seat 6: James $pecter collected ($11.88)



PokerStars Hand #254697066812:  Hold'em No Limit ($0.50/$1.00 USD) - 2025/02/03 0:56:18 WET [2025/02/03 19:56:18 ET]
Table 'Genoveva' 6-max Seat #3 is the button
Seat 2: MaRKiToScoK ($100 in chips) is sitting out
Seat 1: G.Andrei95 ($111.80 in chips) 
Seat 3: andutu34 ($100 in chips) 
Seat 4: SorinS28 ($100 in chips) 
Seat 5: jacobdabuck ($50.13 in chips) 
Seat 6: James $pecter ($62.59 in chips) 
SorinS28: posts small blind $0.50
jacobdabuck: posts big blind $1
MaRKiToScoK: sits out 
*** HOLE CARDS ***
James $pecter: calls $1
G.Andrei95: folds 
andutu34: folds 
SorinS28: raises $4 to $5
jacobdabuck: folds 
James $pecter: calls $4
*** FLOP *** [As Td 6d]
SorinS28: bets $3.45
James $pecter: folds 
Uncalled bet ($3.45) returned to SorinS28
SorinS28 collected $10.45 from pot
SorinS28: doesn't show hand 
*** SUMMARY ***
Total pot $11 | Rake $0.55 
Board [As Td 6d]
Seat 2: MaRKiToScoK
Seat 1: G.Andrei95 folded before Flop (didn't bet)
Seat 3: andutu34 (button) folded before Flop (didn't bet)
Seat 4: SorinS28 (small blind) collected ($10.45)
Seat 5: jacobdabuck (big blind) folded before Flop
Seat 6: James $pecter folded on the Flop



PokerStars Hand #254697073008:  Hold'em No Limit ($0.50/$1.00 USD) - 2025/02/03 0:57:01 WET [2025/02/03 19:57:01 ET]
Table 'Genoveva' 6-max Seat #4 is the button
Seat 2: MaRKiToScoK ($100 in chips) is sitting out
Seat 1: G.Andrei95 ($111.80 in chips) 
Seat 3: andutu34 ($100 in chips) 
Seat 4: SorinS28 ($105.45 in chips) 
Seat 5: jacobdabuck ($49.13 in chips) 
Seat 6: James $pecter ($57.59 in chips) 
jacobdabuck: posts small blind $0.50
James $pecter: posts big blind $1
MaRKiToScoK: sits out 
*** HOLE CARDS ***
G.Andrei95: folds 
andutu34: raises $1.30 to $2.30
SorinS28: folds 
jacobdabuck: calls $1.80
James $pecter: folds 
*** FLOP *** [6d 8d Kd]
jacobdabuck: checks 
andutu34: bets $1.33
jacobdabuck: folds 
Uncalled bet ($1.33) returned to andutu34
andutu34 collected $5.32 from pot
andutu34: doesn't show hand 
*** SUMMARY ***
Total pot $5.60 | Rake $0.28 
Board [6d 8d Kd]
Seat 2: MaRKiToScoK
Seat 1: G.Andrei95 folded before Flop (didn't bet)
Seat 3: andutu34 collected ($5.32)
Seat 4: SorinS28 (button) folded before Flop (didn't bet)
Seat 5: jacobdabuck (small blind) folded on the Flop
Seat 6: James $pecter (big blind) folded before Flop



PokerStars Hand #254697076389:  Hold'em No Limit ($0.50/$1.00 USD) - 2025/02/03 0:57:25 WET [2025/02/03 19:57:25 ET]
Table 'Genoveva' 6-max Seat #5 is the button
Seat 2: MaRKiToScoK ($100 in chips) is sitting out
Seat 1: G.Andrei95 ($111.80 in chips) 
Seat 3: andutu34 ($103.02 in chips) 
Seat 4: SorinS28 ($105.45 in chips) 
Seat 5: jacobdabuck ($46.83 in chips) 
Seat 6: James $pecter ($56.59 in chips) 
James $pecter: posts small blind $0.50
G.Andrei95: posts big blind $1
MaRKiToScoK: sits out 
*** HOLE CARDS ***
andutu34: folds 
SorinS28: folds 
jacobdabuck: calls $1
James $pecter: calls $0.50
G.Andrei95: checks 
*** FLOP *** [Ks 7d 5s]
James $pecter: bets $5
G.Andrei95: folds 
jacobdabuck: folds 
Uncalled bet ($5) returned to James $pecter
James $pecter collected $2.85 from pot
*** SUMMARY ***
Total pot $3 | Rake $0.15 
Board [Ks 7d 5s]
Seat 2: MaRKiToScoK
Seat 1: G.Andrei95 (big blind) folded on the Flop
Seat 3: andutu34 folded before Flop (didn't bet)
Seat 4: SorinS28 folded before Flop (didn't bet)
Seat 5: jacobdabuck (button) folded on the Flop
Seat 6: James $pecter (small blind) collected ($2.85)



PokerStars Hand #254697079763:  Hold'em No Limit ($0.50/$1.00 USD) - 2025/02/03 0:57:48 WET [2025/02/03 19:57:48 ET]
Table 'Genoveva' 6-max Seat #6 is the button
Seat 1: G.Andrei95 ($110.80 in chips) 
Seat 2: MaRKiToScoK ($100 in chips) 
Seat 3: andutu34 ($103.02 in chips) 
Seat 4: SorinS28 ($105.45 in chips) 
Seat 5: jacobdabuck ($45.83 in chips) 
Seat 6: James $pecter ($58.44 in chips) 
G.Andrei95: posts small blind $0.50
MaRKiToScoK: posts big blind $1
*** HOLE CARDS ***
andutu34: folds 
SorinS28: folds 
jacobdabuck: calls $1
James $pecter: raises $2 to $3
G.Andrei95: raises $11.50 to $14.50
MaRKiToScoK: folds 
jacobdabuck: folds 
James $pecter: folds 
Uncalled bet ($11.50) returned to G.Andrei95
G.Andrei95 collected $8 from pot
G.Andrei95: doesn't show hand 
*** SUMMARY ***
Total pot $8 | Rake $0 
Seat 1: G.Andrei95 (small blind) collected ($8)
Seat 2: MaRKiToScoK (big blind) folded before Flop
Seat 3: andutu34 folded before Flop (didn't bet)
Seat 4: SorinS28 folded before Flop (didn't bet)
Seat 5: jacobdabuck folded before Flop
Seat 6: James $pecter (button) folded before Flop



PokerStars Hand #254697083887:  Hold'em No Limit ($0.50/$1.00 USD) - 2025/02/03 0:58:17 WET [2025/02/03 19:58:17 ET]
Table 'Genoveva' 6-max Seat #1 is the button
Seat 1: G.Andrei95 ($115.80 in chips) 
Seat 2: MaRKiToScoK ($100 in chips) 
Seat 3: andutu34 ($103.02 in chips) 
Seat 4: SorinS28 ($105.45 in chips) 
Seat 5: jacobdabuck ($44.83 in chips) 
Seat 6: James $pecter ($55.44 in chips) 
MaRKiToScoK: posts small blind $0.50
andutu34: posts big blind $1
*** HOLE CARDS ***
SorinS28: raises $1.02 to $2.02
jacobdabuck: folds 
James $pecter: folds 
G.Andrei95: folds 
MaRKiToScoK: folds 
andutu34: folds 
Uncalled bet ($1.02) returned to SorinS28
SorinS28 collected $2.50 from pot
SorinS28: doesn't show hand 
*** SUMMARY ***
Total pot $2.50 | Rake $0 
Seat 1: G.Andrei95 (button) folded before Flop (didn't bet)
Seat 2: MaRKiToScoK (small blind) folded before Flop
Seat 3: andutu34 (big blind) folded before Flop
Seat 4: SorinS28 collected ($2.50)
Seat 5: jacobdabuck folded before Flop (didn't bet)
Seat 6: James $pecter folded before Flop (didn't bet)



PokerStars Hand #254697085779:  Hold'em No Limit ($0.50/$1.00 USD) - 2025/02/03 0:58:30 WET [2025/02/03 19:58:30 ET]
Table 'Genoveva' 6-max Seat #2 is the button
Seat 1: G.Andrei95 ($115.80 in chips) 
Seat 2: MaRKiToScoK ($100 in chips) 
Seat 3: andutu34 ($102.02 in chips) 
Seat 4: SorinS28 ($106.95 in chips) 
Seat 5: jacobdabuck ($44.83 in chips) 
Seat 6: James $pecter ($55.44 in chips) 
andutu34: posts small blind $0.50
SorinS28: posts big blind $1
*** HOLE CARDS ***
jacobdabuck: folds 
James $pecter: folds 
G.Andrei95: raises $1.50 to $2.50
MaRKiToScoK: folds 
andutu34: folds 
SorinS28: folds 
Uncalled bet ($1.50) returned to G.Andrei95
G.Andrei95 collected $2.50 from pot
G.Andrei95: doesn't show hand 
*** SUMMARY ***
Total pot $2.50 | Rake $0 
Seat 1: G.Andrei95 collected ($2.50)
Seat 2: MaRKiToScoK (button) folded before Flop (didn't bet)
Seat 3: andutu34 (small blind) folded before Flop
Seat 4: SorinS28 (big blind) folded before Flop
Seat 5: jacobdabuck folded before Flop (didn't bet)
Seat 6: James $pecter folded before Flop (didn't bet)



PokerStars Hand #254697088054:  Hold'em No Limit ($0.50/$1.00 USD) - 2025/02/03 0:58:46 WET [2025/02/03 19:58:46 ET]
Table 'Genoveva' 6-max Seat #3 is the button
Seat 1: G.Andrei95 ($117.30 in chips) 
Seat 2: MaRKiToScoK ($100 in chips) 
Seat 3: andutu34 ($101.52 in chips) 
Seat 4: SorinS28 ($105.95 in chips) 
Seat 5: jacobdabuck ($44.83 in chips) 
Seat 6: James $pecter ($55.44 in chips) 
SorinS28: posts small blind $0.50
jacobdabuck: posts big blind $1
*** HOLE CARDS ***
James $pecter: calls $1
G.Andrei95: folds 
MaRKiToScoK: folds 
andutu34: folds 
SorinS28: calls $0.50
jacobdabuck: checks 
*** FLOP *** [9h 5d Ts]
SorinS28: checks 
jacobdabuck: checks 
James $pecter: bets $3
SorinS28: calls $3
jacobdabuck: calls $3
*** TURN *** [9h 5d Ts] [Ad]
SorinS28: checks 
jacobdabuck: bets $11.40
James $pecter: calls $11.40
SorinS28: folds 
*** RIVER *** [9h 5d Ts Ad] [2c]
jacobdabuck: checks 
James $pecter: checks 
*** SHOW DOWN ***
jacobdabuck: shows [4s 9d] (a pair of Nines)
James $pecter: mucks hand 
jacobdabuck collected $33.06 from pot
*** SUMMARY ***
Total pot $34.80 | Rake $1.74 
Board [9h 5d Ts Ad 2c]
Seat 1: G.Andrei95 folded before Flop (didn't bet)
Seat 2: MaRKiToScoK folded before Flop (didn't bet)
Seat 3: andutu34 (button) folded before Flop (didn't bet)
Seat 4: SorinS28 (small blind) folded on the Turn
Seat 5: jacobdabuck (big blind) showed [4s 9d] and won ($33.06) with a pair of Nines
Seat 6: James $pecter mucked



PokerStars Hand #254697100066:  Hold'em No Limit ($0.50/$1.00 USD) - 2025/02/03 1:00:10 WET [2025/02/03 20:00:10 ET]
Table 'Genoveva' 6-max Seat #4 is the button
Seat 1: G.Andrei95 ($117.30 in chips) 
Seat 2: MaRKiToScoK ($100 in chips) 
Seat 3: andutu34 ($101.52 in chips) 
Seat 4: SorinS28 ($101.95 in chips) 
Seat 5: jacobdabuck ($79.58 in chips) 
Seat 6: James $pecter ($40.04 in chips) 
jacobdabuck: posts small blind $0.50
James $pecter: posts big blind $1
*** HOLE CARDS ***
G.Andrei95: folds 
MaRKiToScoK: raises $1 to $2
andutu34: folds 
SorinS28: folds 
jacobdabuck: folds 
James $pecter: folds 
Uncalled bet ($1) returned to MaRKiToScoK
MaRKiToScoK collected $2.50 from pot
*** SUMMARY ***
Total pot $2.50 | Rake $0 
Seat 1: G.Andrei95 folded before Flop (didn't bet)
Seat 2: MaRKiToScoK collected ($2.50)
Seat 3: andutu34 folded before Flop (didn't bet)
Seat 4: SorinS28 (button) folded before Flop (didn't bet)
Seat 5: jacobdabuck (small blind) folded before Flop
Seat 6: James $pecter (big blind) folded before Flop



PokerStars Hand #254697103852:  Hold'em No Limit ($0.50/$1.00 USD) - 2025/02/03 1:00:35 WET [2025/02/03 20:00:35 ET]
Table 'Genoveva' 6-max Seat #5 is the button
Seat 1: G.Andrei95 ($117.30 in chips) 
Seat 2: MaRKiToScoK ($101.50 in chips) 
Seat 3: andutu34 ($101.52 in chips) 
Seat 4: SorinS28 ($101.95 in chips) 
Seat 5: jacobdabuck ($79.08 in chips) 
Seat 6: James $pecter ($39.04 in chips) 
James $pecter: posts small blind $0.50
G.Andrei95: posts big blind $1
*** HOLE CARDS ***
MaRKiToScoK: folds 
andutu34: folds 
SorinS28: folds 
jacobdabuck: calls $1
James $pecter: calls $0.50
G.Andrei95: checks 
*** FLOP *** [Js 9s Th]
James $pecter: bets $1
G.Andrei95: calls $1
jacobdabuck: calls $1
*** TURN *** [Js 9s Th] [Qh]
James $pecter: bets $3
G.Andrei95: folds 
jacobdabuck: calls $3
*** RIVER *** [Js 9s Th Qh] [8c]
James $pecter: bets $9
jacobdabuck: raises $9 to $18
James $pecter: raises $16.04 to $34.04 and is all-in
jacobdabuck: calls $16.04
*** SHOW DOWN ***
James $pecter: shows [Qd 9c] (a straight, Eight to Queen)
jacobdabuck: shows [8d Kd] (a straight, Nine to King)
jacobdabuck collected $77.58 from pot
*** SUMMARY ***
Total pot $80.08 | Rake $2.50 
Board [Js 9s Th Qh 8c]
Seat 1: G.Andrei95 (big blind) folded on the Turn
Seat 2: MaRKiToScoK folded before Flop (didn't bet)
Seat 3: andutu34 folded before Flop (didn't bet)
Seat 4: SorinS28 folded before Flop (didn't bet)
Seat 5: jacobdabuck (button) showed [8d Kd] and won ($77.58) with a straight, Nine to King
Seat 6: James $pecter (small blind) showed [Qd 9c] and lost with a straight, Eight to Queen



PokerStars Hand #254697114686:  Hold'em No Limit ($0.50/$1.00 USD) - 2025/02/03 1:01:39 WET [2025/02/03 20:01:39 ET]
Table 'Genoveva' 6-max Seat #1 is the button
Seat 6: James $pecter ($0 in chips) is sitting out
Seat 1: G.Andrei95 ($115.30 in chips) 
Seat 2: MaRKiToScoK ($101.50 in chips) 
Seat 3: andutu34 ($101.52 in chips) 
Seat 4: SorinS28 ($101.95 in chips) 
Seat 5: jacobdabuck ($117.62 in chips) 
MaRKiToScoK: posts small blind $0.50
andutu34: posts big blind $1
*** HOLE CARDS ***
SorinS28: folds 
jacobdabuck: folds 
G.Andrei95: raises $1.50 to $2.50
MaRKiToScoK: folds 
andutu34: folds 
Uncalled bet ($1.50) returned to G.Andrei95
G.Andrei95 collected $2.50 from pot
G.Andrei95: doesn't show hand 
*** SUMMARY ***
Total pot $2.50 | Rake $0 
Seat 6: James $pecter
Seat 1: G.Andrei95 (button) collected ($2.50)
Seat 2: MaRKiToScoK (small blind) folded before Flop
Seat 3: andutu34 (big blind) folded before Flop
Seat 4: SorinS28 folded before Flop (didn't bet)
Seat 5: jacobdabuck folded before Flop (didn't bet)



PokerStars Hand #254697121734:  Hold'em No Limit ($0.50/$1.00 USD) - 2025/02/03 1:02:19 WET [2025/02/03 20:02:19 ET]
Table 'Genoveva' 6-max Seat #2 is the button
Seat 1: G.Andrei95 ($116.80 in chips) 
Seat 2: MaRKiToScoK ($101 in chips) 
Seat 3: andutu34 ($100.52 in chips) 
Seat 4: SorinS28 ($101.95 in chips) 
Seat 5: jacobdabuck ($117.62 in chips) 
Seat 6: James $pecter ($37.10 in chips) 
andutu34: posts small blind $0.50
SorinS28: posts big blind $1
*** HOLE CARDS ***
jacobdabuck: folds 
James $pecter: folds 
G.Andrei95: folds 
MaRKiToScoK: folds 
andutu34: raises $2 to $3
SorinS28: calls $2
*** FLOP *** [Js 4h 5h]
andutu34: checks 
SorinS28: checks 
*** TURN *** [Js 4h 5h] [Qc]
andutu34: checks 
SorinS28: checks 
*** RIVER *** [Js 4h 5h Qc] [4s]
andutu34: bets $1.88
SorinS28: folds 
Uncalled bet ($1.88) returned to andutu34
andutu34 collected $5.70 from pot
andutu34: doesn't show hand 
*** SUMMARY ***
Total pot $6 | Rake $0.30 
Board [Js 4h 5h Qc 4s]
Seat 1: G.Andrei95 folded before Flop (didn't bet)
Seat 2: MaRKiToScoK (button) folded before Flop (didn't bet)
Seat 3: andutu34 (small blind) collected ($5.70)
Seat 4: SorinS28 (big blind) folded on the River
Seat 5: jacobdabuck folded before Flop (didn't bet)
Seat 6: James $pecter folded before Flop (didn't bet)



PokerStars Hand #254697138880:  Hold'em No Limit ($0.50/$1.00 USD) - 2025/02/03 1:03:57 WET [2025/02/03 20:03:57 ET]
Table 'Genoveva' 6-max Seat #3 is the button
Seat 1: G.Andrei95 ($116.80 in chips) 
Seat 2: MaRKiToScoK ($101 in chips) 
Seat 3: andutu34 ($103.22 in chips) 
Seat 4: SorinS28 ($100 in chips) 
Seat 5: jacobdabuck ($117.62 in chips) 
Seat 6: James $pecter ($37.10 in chips) 
SorinS28: posts small blind $0.50
jacobdabuck: posts big blind $1
*** HOLE CARDS ***
James $pecter: folds 
G.Andrei95: folds 
MaRKiToScoK: raises $1.20 to $2.20
andutu34: folds 
SorinS28: folds 
jacobdabuck: calls $1.20
*** FLOP *** [3c 2s 6h]
jacobdabuck: bets $2.33
MaRKiToScoK: calls $2.33
*** TURN *** [3c 2s 6h] [Jc]
jacobdabuck: bets $4.54
MaRKiToScoK: folds 
Uncalled bet ($4.54) returned to jacobdabuck
jacobdabuck collected $9.08 from pot
*** SUMMARY ***
Total pot $9.56 | Rake $0.48 
Board [3c 2s 6h Jc]
Seat 1: G.Andrei95 folded before Flop (didn't bet)
Seat 2: MaRKiToScoK folded on the Turn
Seat 3: andutu34 (button) folded before Flop (didn't bet)
Seat 4: SorinS28 (small blind) folded before Flop
Seat 5: jacobdabuck (big blind) collected ($9.08)
Seat 6: James $pecter folded before Flop (didn't bet)



PokerStars Hand #254697147375:  Hold'em No Limit ($0.50/$1.00 USD) - 2025/02/03 1:04:45 WET [2025/02/03 20:04:45 ET]
Table 'Genoveva' 6-max Seat #4 is the button
Seat 1: G.Andrei95 ($116.80 in chips) 
Seat 2: MaRKiToScoK ($100 in chips) 
Seat 3: andutu34 ($103.22 in chips) 
Seat 4: SorinS28 ($100 in chips) 
Seat 5: jacobdabuck ($122.17 in chips) 
Seat 6: James $pecter ($37.10 in chips) 
jacobdabuck: posts small blind $0.50
James $pecter: posts big blind $1
*** HOLE CARDS ***
G.Andrei95: folds 
MaRKiToScoK: folds 
andutu34: folds 
SorinS28: folds 
jacobdabuck: calls $0.50
James $pecter: checks 
*** FLOP *** [Tc 8c 2s]
jacobdabuck: checks 
James $pecter: bets $1
jacobdabuck: calls $1
*** TURN *** [Tc 8c 2s] [9d]
jacobdabuck: checks 
James $pecter: bets $1
jacobdabuck: raises $2.90 to $3.90
James $pecter: calls $2.90
*** RIVER *** [Tc 8c 2s 9d] [Jc]
jacobdabuck: checks 
James $pecter: bets $7
jacobdabuck: raises $7 to $14
James $pecter: raises $17.20 to $31.20 and is all-in
jacobdabuck: calls $17.20
*** SHOW DOWN ***
James $pecter: shows [5c 4c] (a flush, Jack high)
jacobdabuck: shows [9c Jh] (two pair, Jacks and Nines)
James $pecter collected $71.70 from pot
*** SUMMARY ***
Total pot $74.20 | Rake $2.50 
Board [Tc 8c 2s 9d Jc]
Seat 1: G.Andrei95 folded before Flop (didn't bet)
Seat 2: MaRKiToScoK folded before Flop (didn't bet)
Seat 3: andutu34 folded before Flop (didn't bet)
Seat 4: SorinS28 (button) folded before Flop (didn't bet)
Seat 5: jacobdabuck (small blind) showed [9c Jh] and lost with two pair, Jacks and Nines
Seat 6: James $pecter (big blind) showed [5c 4c] and won ($71.70) with a flush, Jack high



PokerStars Hand #254697158171:  Hold'em No Limit ($0.50/$1.00 USD) - 2025/02/03 1:05:45 WET [2025/02/03 20:05:45 ET]
Table 'Genoveva' 6-max Seat #5 is the button
Seat 1: G.Andrei95 ($116.80 in chips) 
Seat 2: MaRKiToScoK ($100 in chips) 
Seat 3: andutu34 ($103.22 in chips) 
Seat 4: SorinS28 ($100 in chips) 
Seat 5: jacobdabuck ($85.07 in chips) 
Seat 6: James $pecter ($71.70 in chips) 
James $pecter: posts small blind $0.50
G.Andrei95: posts big blind $1
*** HOLE CARDS ***
MaRKiToScoK: folds 
andutu34: folds 
SorinS28: folds 
jacobdabuck: calls $1
James $pecter: calls $0.50
G.Andrei95: raises $5.50 to $6.50
jacobdabuck: calls $5.50
James $pecter: calls $5.50
*** FLOP *** [8d 5h Qd]
James $pecter: bets $1
G.Andrei95: raises $14.57 to $15.57
jacobdabuck: raises $29.33 to $44.90
James $pecter: calls $43.90
G.Andrei95: raises $65.40 to $110.30 and is all-in
jacobdabuck: calls $33.67 and is all-in
James $pecter: calls $20.30 and is all-in
Uncalled bet ($31.73) returned to G.Andrei95
*** TURN *** [8d 5h Qd] [7d]
*** RIVER *** [8d 5h Qd 7d] [Jc]
*** SHOW DOWN ***
G.Andrei95: shows [Qc Ah] (a pair of Queens)
jacobdabuck: shows [Qh Js] (two pair, Queens and Jacks)
James $pecter: shows [7h 6h] (a pair of Sevens)
jacobdabuck cashed out the hand for $28.39 | Cash Out Fee $0.58
*** SUMMARY ***
Total pot $241.84 Main pot $212.60. Side pot $26.74. | Rake $2.50 
Board [8d 5h Qd 7d Jc]
Seat 1: G.Andrei95 (big blind) showed [Qc Ah] and lost with a pair of Queens
Seat 2: MaRKiToScoK folded before Flop (didn't bet)
Seat 3: andutu34 folded before Flop (didn't bet)
Seat 4: SorinS28 folded before Flop (didn't bet)
Seat 5: jacobdabuck (button) showed [Qh Js] and won ($239.34) with two pair, Queens and Jacks (pot not awarded as player cashed out)
Seat 6: James $pecter (small blind) showed [7h 6h] and lost with a pair of Sevens



PokerStars Hand #254697173824:  Hold'em No Limit ($0.50/$1.00 USD) - 2025/02/03 1:07:15 WET [2025/02/03 20:07:15 ET]
Table 'Genoveva' 6-max Seat #1 is the button
Seat 6: James $pecter ($0 in chips) is sitting out
Seat 1: G.Andrei95 ($100 in chips) 
Seat 2: MaRKiToScoK ($100 in chips) 
Seat 4: SorinS28 ($100 in chips) 
Seat 5: jacobdabuck ($28.39 in chips) 
andutu34 leaves the table
MaRKiToScoK: posts small blind $0.50
SorinS28: posts big blind $1
*** HOLE CARDS ***
jacobdabuck: calls $1
BumHuntKing joins the table at seat #3 
G.Andrei95: raises $3 to $4
MaRKiToScoK: folds 
SorinS28: folds 
jacobdabuck: calls $3
*** FLOP *** [Th 8h 6s]
jacobdabuck: checks 
G.Andrei95: checks 
*** TURN *** [Th 8h 6s] [Tc]
jacobdabuck: checks 
G.Andrei95: bets $3.50
jacobdabuck: folds 
Uncalled bet ($3.50) returned to G.Andrei95
G.Andrei95 collected $9.02 from pot
G.Andrei95: doesn't show hand 
*** SUMMARY ***
Total pot $9.50 | Rake $0.48 
Board [Th 8h 6s Tc]
Seat 6: James $pecter
Seat 1: G.Andrei95 (button) collected ($9.02)
Seat 2: MaRKiToScoK (small blind) folded before Flop
Seat 4: SorinS28 (big blind) folded before Flop
Seat 5: jacobdabuck folded on the Turn



PokerStars Hand #254697182130:  Hold'em No Limit ($0.50/$1.00 USD) - 2025/02/03 1:08:03 WET [2025/02/03 20:08:03 ET]
Table 'Genoveva' 6-max Seat #2 is the button
Seat 3: BumHuntKing ($100 in chips) is sitting out
Seat 6: James $pecter ($0 in chips) is sitting out
Seat 1: G.Andrei95 ($105.02 in chips) 
Seat 2: MaRKiToScoK ($100 in chips) 
Seat 4: SorinS28 ($100 in chips) 
Seat 5: jacobdabuck ($24.39 in chips) 
SorinS28: posts small blind $0.50
jacobdabuck: posts big blind $1
*** HOLE CARDS ***
G.Andrei95: folds 
MaRKiToScoK: folds 
SorinS28: folds 
Uncalled bet ($0.50) returned to jacobdabuck
jacobdabuck collected $1 from pot
*** SUMMARY ***
Total pot $1 | Rake $0 
Seat 3: BumHuntKing
Seat 6: James $pecter
Seat 1: G.Andrei95 folded before Flop (didn't bet)
Seat 2: MaRKiToScoK (button) folded before Flop (didn't bet)
Seat 4: SorinS28 (small blind) folded before Flop
Seat 5: jacobdabuck (big blind) collected ($1)



PokerStars Hand #254697185584:  Hold'em No Limit ($0.50/$1.00 USD) - 2025/02/03 1:08:23 WET [2025/02/03 20:08:23 ET]
Table 'Genoveva' 6-max Seat #4 is the button
Seat 3: BumHuntKing ($100 in chips) is sitting out
Seat 6: James $pecter ($0 in chips) is sitting out
Seat 1: G.Andrei95 ($105.02 in chips) 
Seat 2: MaRKiToScoK ($100 in chips) 
Seat 4: SorinS28 ($100 in chips) 
Seat 5: jacobdabuck ($24.89 in chips) 
jacobdabuck: posts small blind $0.50
G.Andrei95: posts big blind $1
BumHuntKing: sits out 
*** HOLE CARDS ***
MaRKiToScoK: raises $1.20 to $2.20
SorinS28: folds 
jacobdabuck: calls $1.70
G.Andrei95: folds 
*** FLOP *** [Qh 9h Qc]
jacobdabuck: bets $2.57
MaRKiToScoK: calls $2.57
*** TURN *** [Qh 9h Qc] [9c]
jacobdabuck: checks 
MaRKiToScoK: checks 
*** RIVER *** [Qh 9h Qc 9c] [6h]
James $pecter is disconnected 
jacobdabuck: bets $5.01
MaRKiToScoK: folds 
Uncalled bet ($5.01) returned to jacobdabuck
jacobdabuck collected $10.01 from pot
*** SUMMARY ***
Total pot $10.54 | Rake $0.53 
Board [Qh 9h Qc 9c 6h]
Seat 3: BumHuntKing
Seat 6: James $pecter
Seat 1: G.Andrei95 (big blind) folded before Flop
Seat 2: MaRKiToScoK folded on the River
Seat 4: SorinS28 (button) folded before Flop (didn't bet)
Seat 5: jacobdabuck (small blind) collected ($10.01)



PokerStars Hand #254697191861:  Hold'em No Limit ($0.50/$1.00 USD) - 2025/02/03 1:09:00 WET [2025/02/03 20:09:00 ET]
Table 'Genoveva' 6-max Seat #5 is the button
Seat 2: MaRKiToScoK ($100 in chips) is sitting out
Seat 6: James $pecter ($0 in chips) is sitting out
Seat 1: G.Andrei95 ($104.02 in chips) 
Seat 3: BumHuntKing ($100 in chips) 
Seat 4: SorinS28 ($100 in chips) 
Seat 5: jacobdabuck ($30.13 in chips) 
G.Andrei95: posts small blind $0.50
MaRKiToScoK: is sitting out 
BumHuntKing: posts big blind $1
*** HOLE CARDS ***
SorinS28: folds 
jacobdabuck: calls $1
G.Andrei95: raises $6.50 to $7.50
BumHuntKing: folds 
jacobdabuck: folds 
Uncalled bet ($6.50) returned to G.Andrei95
G.Andrei95 collected $3 from pot
G.Andrei95: doesn't show hand 
*** SUMMARY ***
Total pot $3 | Rake $0 
Seat 2: MaRKiToScoK
Seat 6: James $pecter
Seat 1: G.Andrei95 (small blind) collected ($3)
Seat 3: BumHuntKing (big blind) folded before Flop
Seat 4: SorinS28 folded before Flop (didn't bet)
Seat 5: jacobdabuck (button) folded before Flop



PokerStars Hand #254697194967:  Hold'em No Limit ($0.50/$1.00 USD) - 2025/02/03 1:09:18 WET [2025/02/03 20:09:18 ET]
Table 'Genoveva' 6-max Seat #3 is the button
Seat 2: MaRKiToScoK ($100 in chips) is sitting out
Seat 6: James $pecter ($0 in chips) is sitting out
Seat 3: BumHuntKing ($100 in chips) 
Seat 4: SorinS28 ($100 in chips) 
Seat 5: jacobdabuck ($29.13 in chips) 
G.Andrei95 leaves the table
SorinS28: posts small blind $0.50
jacobdabuck: posts big blind $1
*** HOLE CARDS ***
James $pecter leaves the table
BumHuntKing: raises $1.50 to $2.50
SorinS28: folds 
jacobdabuck: folds 
Uncalled bet ($1.50) returned to BumHuntKing
BumHuntKing collected $2.50 from pot
BumHuntKing: doesn't show hand 
*** SUMMARY ***
Total pot $2.50 | Rake $0 
Seat 2: MaRKiToScoK
Seat 6: James $pecter
Seat 3: BumHuntKing (button) collected ($2.50)
Seat 4: SorinS28 (small blind) folded before Flop
Seat 5: jacobdabuck (big blind) folded before Flop



PokerStars Hand #254697196832:  Hold'em No Limit ($0.50/$1.00 USD) - 2025/02/03 1:09:29 WET [2025/02/03 20:09:29 ET]
Table 'Genoveva' 6-max Seat #4 is the button
Seat 2: MaRKiToScoK ($100 in chips) is sitting out
Seat 3: BumHuntKing ($101.50 in chips) 
Seat 4: SorinS28 ($100 in chips) 
Seat 5: jacobdabuck ($28.13 in chips) 
jacobdabuck: posts small blind $0.50
BumHuntKing: posts big blind $1
*** HOLE CARDS ***
SorinS28: folds 
jacobdabuck: calls $0.50
BumHuntKing: checks 
*** FLOP *** [8c 5d 6h]
jacobdabuck: checks 
MaRKiToScoK leaves the table
Dima_Olen joins the table at seat #1 
Dima_Olen is disconnected 
BumHuntKing: checks 
*** TURN *** [8c 5d 6h] [8s]
jacobdabuck: checks 
BumHuntKing: bets $1.43
jacobdabuck: folds 
Uncalled bet ($1.43) returned to BumHuntKing
BumHuntKing collected $1.90 from pot
BumHuntKing: doesn't show hand 
*** SUMMARY ***
Total pot $2 | Rake $0.10 
Board [8c 5d 6h 8s]
Seat 2: MaRKiToScoK
Seat 3: BumHuntKing (big blind) collected ($1.90)
Seat 4: SorinS28 (button) folded before Flop (didn't bet)
Seat 5: jacobdabuck (small blind) folded on the Turn



PokerStars Hand #254697204895:  Hold'em No Limit ($0.50/$1.00 USD) - 2025/02/03 1:10:15 WET [2025/02/03 20:10:15 ET]
Table 'Genoveva' 6-max Seat #5 is the button
Seat 1: Dima_Olen ($10 in chips) is sitting out
Seat 3: BumHuntKing ($102.40 in chips) 
Seat 4: SorinS28 ($100 in chips) 
Seat 5: jacobdabuck ($27.13 in chips) 
BumHuntKing: posts small blind $0.50
SorinS28: posts big blind $1
*** HOLE CARDS ***
jacobdabuck: folds 
BumHuntKing: folds 
Uncalled bet ($0.50) returned to SorinS28
SorinS28 collected $1 from pot
SorinS28: doesn't show hand 
*** SUMMARY ***
Total pot $1 | Rake $0 
Seat 1: Dima_Olen
Seat 3: BumHuntKing (small blind) folded before Flop
Seat 4: SorinS28 (big blind) collected ($1)
Seat 5: jacobdabuck (button) folded before Flop (didn't bet)



PokerStars Hand #254697207352:  Hold'em No Limit ($0.50/$1.00 USD) - 2025/02/03 1:10:29 WET [2025/02/03 20:10:29 ET]
Table 'Genoveva' 6-max Seat #3 is the button
Seat 1: Dima_Olen ($10 in chips) 
Seat 3: BumHuntKing ($101.90 in chips) 
Seat 4: SorinS28 ($100.50 in chips) 
Seat 5: jacobdabuck ($27.13 in chips) 
SorinS28: posts small blind $0.50
jacobdabuck: posts big blind $1
Dima_Olen: posts big blind $1
*** HOLE CARDS ***
Dima_Olen: checks 
BumHuntKing: folds 
ru_ruu_ru joins the table at seat #6 
SorinS28: folds 
jacobdabuck: checks 
*** FLOP *** [7d 2h 4s]
jacobdabuck: checks 
Dima_Olen: checks 
*** TURN *** [7d 2h 4s] [8s]
jacobdabuck: checks 
Dima_Olen: checks 
*** RIVER *** [7d 2h 4s 8s] [Ad]
jacobdabuck: checks 
Dima_Olen: checks 
*** SHOW DOWN ***
jacobdabuck: shows [5d 9s] (high card Ace)
Dima_Olen: shows [8d Qs] (a pair of Eights)
Dima_Olen collected $2.38 from pot
*** SUMMARY ***
Total pot $2.50 | Rake $0.12 
Board [7d 2h 4s 8s Ad]
Seat 1: Dima_Olen showed [8d Qs] and won ($2.38) with a pair of Eights
Seat 3: BumHuntKing (button) folded before Flop (didn't bet)
Seat 4: SorinS28 (small blind) folded before Flop
Seat 5: jacobdabuck (big blind) showed [5d 9s] and lost with high card Ace



PokerStars Hand #254697213123:  Hold'em No Limit ($0.50/$1.00 USD) - 2025/02/03 1:11:02 WET [2025/02/03 20:11:02 ET]
Table 'Genoveva' 6-max Seat #4 is the button
Seat 1: Dima_Olen ($11.38 in chips) 
Seat 3: BumHuntKing ($101.90 in chips) 
Seat 4: SorinS28 ($100 in chips) 
Seat 5: jacobdabuck ($26.13 in chips) 
Seat 6: ru_ruu_ru ($100 in chips) 
jacobdabuck: posts small blind $0.50
ru_ruu_ru: posts big blind $1
*** HOLE CARDS ***
Dima_Olen: calls $1
BumHuntKing: folds 
SorinS28: folds 
jacobdabuck: folds 
ru_ruu_ru: checks 
*** FLOP *** [2s 6d Ah]
ru_ruu_ru: checks 
Dima_Olen: bets $1
ru_ruu_ru: folds 
Uncalled bet ($1) returned to Dima_Olen
Dima_Olen collected $2.38 from pot
*** SUMMARY ***
Total pot $2.50 | Rake $0.12 
Board [2s 6d Ah]
Seat 1: Dima_Olen collected ($2.38)
Seat 3: BumHuntKing folded before Flop (didn't bet)
Seat 4: SorinS28 (button) folded before Flop (didn't bet)
Seat 5: jacobdabuck (small blind) folded before Flop
Seat 6: ru_ruu_ru (big blind) folded on the Flop



PokerStars Hand #254697217592:  Hold'em No Limit ($0.50/$1.00 USD) - 2025/02/03 1:11:28 WET [2025/02/03 20:11:28 ET]
Table 'Genoveva' 6-max Seat #5 is the button
Seat 1: Dima_Olen ($12.76 in chips) 
Seat 3: BumHuntKing ($101.90 in chips) 
Seat 4: SorinS28 ($100 in chips) 
Seat 5: jacobdabuck ($25.63 in chips) 
Seat 6: ru_ruu_ru ($100 in chips) 
ru_ruu_ru: posts small blind $0.50
Dima_Olen: posts big blind $1
*** HOLE CARDS ***
BumHuntKing: folds 
SorinS28: folds 
jacobdabuck: folds 
ru_ruu_ru: folds 
Uncalled bet ($0.50) returned to Dima_Olen
Dima_Olen collected $1 from pot
*** SUMMARY ***
Total pot $1 | Rake $0 
Seat 1: Dima_Olen (big blind) collected ($1)
Seat 3: BumHuntKing folded before Flop (didn't bet)
Seat 4: SorinS28 folded before Flop (didn't bet)
Seat 5: jacobdabuck (button) folded before Flop (didn't bet)
Seat 6: ru_ruu_ru (small blind) folded before Flop



PokerStars Hand #254697220037:  Hold'em No Limit ($0.50/$1.00 USD) - 2025/02/03 1:11:42 WET [2025/02/03 20:11:42 ET]
Table 'Genoveva' 6-max Seat #6 is the button
Seat 1: Dima_Olen ($13.26 in chips) 
Seat 3: BumHuntKing ($101.90 in chips) 
Seat 4: SorinS28 ($100 in chips) 
Seat 5: jacobdabuck ($25.63 in chips) 
Seat 6: ru_ruu_ru ($100 in chips) 
Dima_Olen: posts small blind $0.50
BumHuntKing: posts big blind $1
*** HOLE CARDS ***
SorinS28: folds 
jacobdabuck: folds 
canstakes joins the table at seat #2 
ru_ruu_ru: folds 
Dima_Olen: calls $0.50
BumHuntKing: checks 
*** FLOP *** [Kd 5h 5c]
Dima_Olen: checks 
BumHuntKing: checks 
*** TURN *** [Kd 5h 5c] [Qs]
Dima_Olen: checks 
BumHuntKing: bets $1.43
Dima_Olen: folds 
Uncalled bet ($1.43) returned to BumHuntKing
BumHuntKing collected $1.90 from pot
BumHuntKing: doesn't show hand 
*** SUMMARY ***
Total pot $2 | Rake $0.10 
Board [Kd 5h 5c Qs]
Seat 1: Dima_Olen (small blind) folded on the Turn
Seat 3: BumHuntKing (big blind) collected ($1.90)
Seat 4: SorinS28 folded before Flop (didn't bet)
Seat 5: jacobdabuck folded before Flop (didn't bet)
Seat 6: ru_ruu_ru (button) folded before Flop (didn't bet)



PokerStars Hand #254697227322:  Hold'em No Limit ($0.50/$1.00 USD) - 2025/02/03 1:12:24 WET [2025/02/03 20:12:24 ET]
Table 'Genoveva' 6-max Seat #1 is the button
Seat 2: canstakes ($10 in chips) is sitting out
Seat 1: Dima_Olen ($12.26 in chips) 
Seat 3: BumHuntKing ($102.80 in chips) 
Seat 4: SorinS28 ($100 in chips) 
Seat 5: jacobdabuck ($25.63 in chips) 
Seat 6: ru_ruu_ru ($100 in chips) 
BumHuntKing: posts small blind $0.50
SorinS28: posts big blind $1
*** HOLE CARDS ***
jacobdabuck: calls $1
ru_ruu_ru: raises $3 to $4
Dima_Olen: folds 
BumHuntKing: folds 
SorinS28: folds 
jacobdabuck: folds 
Uncalled bet ($3) returned to ru_ruu_ru
ru_ruu_ru collected $3.50 from pot
ru_ruu_ru: doesn't show hand 
*** SUMMARY ***
Total pot $3.50 | Rake $0 
Seat 2: canstakes
Seat 1: Dima_Olen (button) folded before Flop (didn't bet)
Seat 3: BumHuntKing (small blind) folded before Flop
Seat 4: SorinS28 (big blind) folded before Flop
Seat 5: jacobdabuck folded before Flop
Seat 6: ru_ruu_ru collected ($3.50)



PokerStars Hand #254697230290:  Hold'em No Limit ($0.50/$1.00 USD) - 2025/02/03 1:12:41 WET [2025/02/03 20:12:41 ET]
Table 'Genoveva' 6-max Seat #3 is the button
Seat 2: canstakes ($10 in chips) is sitting out
Seat 1: Dima_Olen ($12.26 in chips) 
Seat 3: BumHuntKing ($102.30 in chips) 
Seat 4: SorinS28 ($100 in chips) 
Seat 5: jacobdabuck ($24.63 in chips) 
Seat 6: ru_ruu_ru ($102.50 in chips) 
SorinS28: posts small blind $0.50
jacobdabuck: posts big blind $1
canstakes: sits out 
*** HOLE CARDS ***
ru_ruu_ru: folds 
Dima_Olen: folds 
BumHuntKing: folds 
SorinS28: raises $2 to $3
jacobdabuck: calls $2
*** FLOP *** [4d 3d Td]
SorinS28: checks 
jacobdabuck: checks 
*** TURN *** [4d 3d Td] [Jc]
SorinS28: checks 
jacobdabuck: bets $3
SorinS28: folds 
Uncalled bet ($3) returned to jacobdabuck
jacobdabuck collected $5.70 from pot
*** SUMMARY ***
Total pot $6 | Rake $0.30 
Board [4d 3d Td Jc]
Seat 2: canstakes
Seat 1: Dima_Olen folded before Flop (didn't bet)
Seat 3: BumHuntKing (button) folded before Flop (didn't bet)
Seat 4: SorinS28 (small blind) folded on the Turn
Seat 5: jacobdabuck (big blind) collected ($5.70)
Seat 6: ru_ruu_ru folded before Flop (didn't bet)



PokerStars Hand #254697238677:  Hold'em No Limit ($0.50/$1.00 USD) - 2025/02/03 1:13:30 WET [2025/02/03 20:13:30 ET]
Table 'Genoveva' 6-max Seat #4 is the button
Seat 2: canstakes ($10 in chips) is sitting out
Seat 1: Dima_Olen ($12.26 in chips) 
Seat 3: BumHuntKing ($102.30 in chips) 
Seat 4: SorinS28 ($100 in chips) 
Seat 5: jacobdabuck ($27.33 in chips) 
Seat 6: ru_ruu_ru ($102.50 in chips) 
jacobdabuck: posts small blind $0.50
ru_ruu_ru: posts big blind $1
canstakes: sits out 
*** HOLE CARDS ***
Dima_Olen: folds 
BumHuntKing: folds 
SorinS28: folds 
jacobdabuck: calls $0.50
ru_ruu_ru: raises $3 to $4
jacobdabuck: calls $3
*** FLOP *** [6h Th 8c]
jacobdabuck: checks 
ru_ruu_ru has timed out
ru_ruu_ru: checks 
*** TURN *** [6h Th 8c] [9h]
jacobdabuck: bets $4.80
ru_ruu_ru: folds 
Uncalled bet ($4.80) returned to jacobdabuck
jacobdabuck collected $7.60 from pot
*** SUMMARY ***
Total pot $8 | Rake $0.40 
Board [6h Th 8c 9h]
Seat 2: canstakes
Seat 1: Dima_Olen folded before Flop (didn't bet)
Seat 3: BumHuntKing folded before Flop (didn't bet)
Seat 4: SorinS28 (button) folded before Flop (didn't bet)
Seat 5: jacobdabuck (small blind) collected ($7.60)
Seat 6: ru_ruu_ru (big blind) folded on the Turn



PokerStars Hand #254697252577:  Hold'em No Limit ($0.50/$1.00 USD) - 2025/02/03 1:14:51 WET [2025/02/03 20:14:51 ET]
Table 'Genoveva' 6-max Seat #5 is the button
Seat 2: canstakes ($10 in chips) is sitting out
Seat 1: Dima_Olen ($12.26 in chips) 
Seat 3: BumHuntKing ($102.30 in chips) 
Seat 4: SorinS28 ($100 in chips) 
Seat 5: jacobdabuck ($30.93 in chips) 
Seat 6: ru_ruu_ru ($100 in chips) 
ru_ruu_ru: posts small blind $0.50
Dima_Olen: posts big blind $1
canstakes: sits out 
*** HOLE CARDS ***
BumHuntKing: folds 
SorinS28: folds 
jacobdabuck: folds 
ru_ruu_ru: folds 
Uncalled bet ($0.50) returned to Dima_Olen
Dima_Olen collected $1 from pot
*** SUMMARY ***
Total pot $1 | Rake $0 
Seat 2: canstakes
Seat 1: Dima_Olen (big blind) collected ($1)
Seat 3: BumHuntKing folded before Flop (didn't bet)
Seat 4: SorinS28 folded before Flop (didn't bet)
Seat 5: jacobdabuck (button) folded before Flop (didn't bet)
Seat 6: ru_ruu_ru (small blind) folded before Flop



PokerStars Hand #254697254919:  Hold'em No Limit ($0.50/$1.00 USD) - 2025/02/03 1:15:04 WET [2025/02/03 20:15:04 ET]
Table 'Genoveva' 6-max Seat #6 is the button
Seat 1: Dima_Olen ($12.76 in chips) 
Seat 2: canstakes ($10 in chips) 
Seat 3: BumHuntKing ($102.30 in chips) 
Seat 4: SorinS28 ($100 in chips) 
Seat 5: jacobdabuck ($30.93 in chips) 
Seat 6: ru_ruu_ru ($100 in chips) 
Dima_Olen: posts small blind $0.50
canstakes: posts big blind $1
*** HOLE CARDS ***
BumHuntKing: raises $1.20 to $2.20
SorinS28: folds 
jacobdabuck: folds 
ru_ruu_ru: folds 
Dima_Olen: folds 
canstakes: folds 
Uncalled bet ($1.20) returned to BumHuntKing
BumHuntKing collected $2.50 from pot
BumHuntKing: doesn't show hand 
*** SUMMARY ***
Total pot $2.50 | Rake $0 
Seat 1: Dima_Olen (small blind) folded before Flop
Seat 2: canstakes (big blind) folded before Flop
Seat 3: BumHuntKing collected ($2.50)
Seat 4: SorinS28 folded before Flop (didn't bet)
Seat 5: jacobdabuck folded before Flop (didn't bet)
Seat 6: ru_ruu_ru (button) folded before Flop (didn't bet)



PokerStars Hand #254697261881:  Hold'em No Limit ($0.50/$1.00 USD) - 2025/02/03 1:15:45 WET [2025/02/03 20:15:45 ET]
Table 'Genoveva' 6-max Seat #1 is the button
Seat 1: Dima_Olen ($12.26 in chips) 
Seat 2: canstakes ($9 in chips) 
Seat 3: BumHuntKing ($103.80 in chips) 
Seat 4: SorinS28 ($100 in chips) 
Seat 5: jacobdabuck ($30.93 in chips) 
Seat 6: ru_ruu_ru ($100 in chips) 
canstakes: posts small blind $0.50
BumHuntKing: posts big blind $1
*** HOLE CARDS ***
SorinS28: folds 
jacobdabuck: folds 
ru_ruu_ru: folds 
Dima_Olen: folds 
canstakes: folds 
Uncalled bet ($0.50) returned to BumHuntKing
BumHuntKing collected $1 from pot
BumHuntKing: doesn't show hand 
*** SUMMARY ***
Total pot $1 | Rake $0 
Seat 1: Dima_Olen (button) folded before Flop (didn't bet)
Seat 2: canstakes (small blind) folded before Flop
Seat 3: BumHuntKing (big blind) collected ($1)
Seat 4: SorinS28 folded before Flop (didn't bet)
Seat 5: jacobdabuck folded before Flop (didn't bet)
Seat 6: ru_ruu_ru folded before Flop (didn't bet)



PokerStars Hand #254697264586:  Hold'em No Limit ($0.50/$1.00 USD) - 2025/02/03 1:16:00 WET [2025/02/03 20:16:00 ET]
Table 'Genoveva' 6-max Seat #2 is the button
Seat 1: Dima_Olen ($12.26 in chips) 
Seat 2: canstakes ($8.50 in chips) 
Seat 3: BumHuntKing ($104.30 in chips) 
Seat 4: SorinS28 ($100 in chips) 
Seat 5: jacobdabuck ($30.93 in chips) 
Seat 6: ru_ruu_ru ($100 in chips) 
BumHuntKing: posts small blind $0.50
SorinS28: posts big blind $1
*** HOLE CARDS ***
jacobdabuck: folds 
ru_ruu_ru: raises $1.20 to $2.20
Dima_Olen: folds 
canstakes: folds 
BumHuntKing: folds 
SorinS28: calls $1.20
*** FLOP *** [Kc Ks Kh]
SorinS28: checks 
ru_ruu_ru: bets $2.33
SorinS28: folds 
Uncalled bet ($2.33) returned to ru_ruu_ru
ru_ruu_ru collected $4.66 from pot
ru_ruu_ru: doesn't show hand 
*** SUMMARY ***
Total pot $4.90 | Rake $0.24 
Board [Kc Ks Kh]
Seat 1: Dima_Olen folded before Flop (didn't bet)
Seat 2: canstakes (button) folded before Flop (didn't bet)
Seat 3: BumHuntKing (small blind) folded before Flop
Seat 4: SorinS28 (big blind) folded on the Flop
Seat 5: jacobdabuck folded before Flop (didn't bet)
Seat 6: ru_ruu_ru collected ($4.66)



PokerStars Hand #254697272718:  Hold'em No Limit ($0.50/$1.00 USD) - 2025/02/03 1:16:47 WET [2025/02/03 20:16:47 ET]
Table 'Genoveva' 6-max Seat #3 is the button
Seat 1: Dima_Olen ($12.26 in chips) 
Seat 2: canstakes ($8.50 in chips) 
Seat 3: BumHuntKing ($103.80 in chips) 
Seat 4: SorinS28 ($100 in chips) 
Seat 5: jacobdabuck ($30.93 in chips) 
Seat 6: ru_ruu_ru ($102.46 in chips) 
SorinS28: posts small blind $0.50
jacobdabuck: posts big blind $1
*** HOLE CARDS ***
ru_ruu_ru: folds 
Dima_Olen: folds 
canstakes: folds 
BumHuntKing: folds 
SorinS28: raises $2 to $3
jacobdabuck: calls $2
*** FLOP *** [As 8d Jh]
SorinS28: bets $1.60
jacobdabuck: folds 
Uncalled bet ($1.60) returned to SorinS28
SorinS28 collected $5.70 from pot
SorinS28: doesn't show hand 
*** SUMMARY ***
Total pot $6 | Rake $0.30 
Board [As 8d Jh]
Seat 1: Dima_Olen folded before Flop (didn't bet)
Seat 2: canstakes folded before Flop (didn't bet)
Seat 3: BumHuntKing (button) folded before Flop (didn't bet)
Seat 4: SorinS28 (small blind) collected ($5.70)
Seat 5: jacobdabuck (big blind) folded on the Flop
Seat 6: ru_ruu_ru folded before Flop (didn't bet)



PokerStars Hand #254697278848:  Hold'em No Limit ($0.50/$1.00 USD) - 2025/02/03 1:17:22 WET [2025/02/03 20:17:22 ET]
Table 'Genoveva' 6-max Seat #4 is the button
Seat 1: Dima_Olen ($12.26 in chips) 
Seat 2: canstakes ($8.50 in chips) 
Seat 3: BumHuntKing ($103.80 in chips) 
Seat 4: SorinS28 ($102.70 in chips) 
Seat 5: jacobdabuck ($27.93 in chips) 
Seat 6: ru_ruu_ru ($102.46 in chips) 
jacobdabuck: posts small blind $0.50
ru_ruu_ru: posts big blind $1
*** HOLE CARDS ***
Dima_Olen: folds 
canstakes: folds 
BumHuntKing: folds 
SorinS28: folds 
jacobdabuck: calls $0.50
ru_ruu_ru: checks 
*** FLOP *** [5d As 6d]
jacobdabuck: checks 
ru_ruu_ru: checks 
*** TURN *** [5d As 6d] [Qh]
jacobdabuck: checks 
ru_ruu_ru: bets $1.25
jacobdabuck: calls $1.25
*** RIVER *** [5d As 6d Qh] [7s]
jacobdabuck: checks 
ru_ruu_ru: checks 
*** SHOW DOWN ***
jacobdabuck: shows [Kc Ts] (high card Ace)
ru_ruu_ru: mucks hand 
jacobdabuck collected $4.28 from pot
*** SUMMARY ***
Total pot $4.50 | Rake $0.22 
Board [5d As 6d Qh 7s]
Seat 1: Dima_Olen folded before Flop (didn't bet)
Seat 2: canstakes folded before Flop (didn't bet)
Seat 3: BumHuntKing folded before Flop (didn't bet)
Seat 4: SorinS28 (button) folded before Flop (didn't bet)
Seat 5: jacobdabuck (small blind) showed [Kc Ts] and won ($4.28) with high card Ace
Seat 6: ru_ruu_ru (big blind) mucked



PokerStars Hand #254697289000:  Hold'em No Limit ($0.50/$1.00 USD) - 2025/02/03 1:18:22 WET [2025/02/03 20:18:22 ET]
Table 'Genoveva' 6-max Seat #5 is the button
Seat 1: Dima_Olen ($12.26 in chips) 
Seat 2: canstakes ($8.50 in chips) 
Seat 3: BumHuntKing ($103.80 in chips) 
Seat 4: SorinS28 ($102.70 in chips) 
Seat 5: jacobdabuck ($29.96 in chips) 
Seat 6: ru_ruu_ru ($100.21 in chips) 
ru_ruu_ru: posts small blind $0.50
Dima_Olen: posts big blind $1
*** HOLE CARDS ***
canstakes: folds 
BumHuntKing: folds 
SorinS28: folds 
jacobdabuck: folds 
ru_ruu_ru: raises $2 to $3
Dima_Olen: folds 
Uncalled bet ($2) returned to ru_ruu_ru
ru_ruu_ru collected $2 from pot
ru_ruu_ru: doesn't show hand 
*** SUMMARY ***
Total pot $2 | Rake $0 
Seat 1: Dima_Olen (big blind) folded before Flop
Seat 2: canstakes folded before Flop (didn't bet)
Seat 3: BumHuntKing folded before Flop (didn't bet)
Seat 4: SorinS28 folded before Flop (didn't bet)
Seat 5: jacobdabuck (button) folded before Flop (didn't bet)
Seat 6: ru_ruu_ru (small blind) collected ($2)



PokerStars Hand #254697297107:  Hold'em No Limit ($0.50/$1.00 USD) - 2025/02/03 1:19:10 WET [2025/02/03 20:19:10 ET]
Table 'Genoveva' 6-max Seat #6 is the button
Seat 1: Dima_Olen ($11.26 in chips) 
Seat 2: canstakes ($8.50 in chips) 
Seat 3: BumHuntKing ($103.80 in chips) 
Seat 4: SorinS28 ($102.70 in chips) 
Seat 5: jacobdabuck ($29.96 in chips) 
Seat 6: ru_ruu_ru ($101.21 in chips) 
Dima_Olen: posts small blind $0.50
canstakes: posts big blind $1
*** HOLE CARDS ***
BumHuntKing: folds 
SorinS28: raises $1.02 to $2.02
jacobdabuck: folds 
ru_ruu_ru: folds 
Dima_Olen: calls $1.52
canstakes: raises $6.48 to $8.50 and is all-in
SorinS28: folds 
Dima_Olen: calls $6.48
canstakes has timed out
*** FLOP *** [3c 9c Ad]
*** TURN *** [3c 9c Ad] [5s]
*** RIVER *** [3c 9c Ad 5s] [6h]
*** SHOW DOWN ***
Dima_Olen: shows [Ks Th] (high card Ace)
canstakes: shows [9s 9d] (three of a kind, Nines)
canstakes collected $18.07 from pot
*** SUMMARY ***
Total pot $19.02 | Rake $0.95 
Board [3c 9c Ad 5s 6h]
Seat 1: Dima_Olen (small blind) showed [Ks Th] and lost with high card Ace
Seat 2: canstakes (big blind) showed [9s 9d] and won ($18.07) with three of a kind, Nines
Seat 3: BumHuntKing folded before Flop (didn't bet)
Seat 4: SorinS28 folded before Flop
Seat 5: jacobdabuck folded before Flop (didn't bet)
Seat 6: ru_ruu_ru (button) folded before Flop (didn't bet)



PokerStars Hand #254697304774:  Hold'em No Limit ($0.50/$1.00 USD) - 2025/02/03 1:19:54 WET [2025/02/03 20:19:54 ET]
Table 'Genoveva' 6-max Seat #1 is the button
Seat 1: Dima_Olen ($2.76 in chips) 
Seat 2: canstakes ($18.07 in chips) 
Seat 3: BumHuntKing ($103.80 in chips) 
Seat 4: SorinS28 ($100.68 in chips) 
Seat 5: jacobdabuck ($29.96 in chips) 
Seat 6: ru_ruu_ru ($101.21 in chips) 
canstakes: posts small blind $0.50
BumHuntKing: posts big blind $1
*** HOLE CARDS ***
SorinS28: folds 
jacobdabuck: folds 
ru_ruu_ru has timed out
ru_ruu_ru: folds 
Dima_Olen: raises $1.76 to $2.76 and is all-in
canstakes: folds 
BumHuntKing: calls $1.76
*** FLOP *** [9s 9c 5d]
*** TURN *** [9s 9c 5d] [2s]
*** RIVER *** [9s 9c 5d 2s] [6s]
*** SHOW DOWN ***
BumHuntKing: shows [Qd Td] (a pair of Nines)
Dima_Olen: shows [6h Th] (two pair, Nines and Sixes)
Dima_Olen collected $5.72 from pot
*** SUMMARY ***
Total pot $6.02 | Rake $0.30 
Board [9s 9c 5d 2s 6s]
Seat 1: Dima_Olen (button) showed [6h Th] and won ($5.72) with two pair, Nines and Sixes
Seat 2: canstakes (small blind) folded before Flop
Seat 3: BumHuntKing (big blind) showed [Qd Td] and lost with a pair of Nines
Seat 4: SorinS28 folded before Flop (didn't bet)
Seat 5: jacobdabuck folded before Flop (didn't bet)
Seat 6: ru_ruu_ru folded before Flop (didn't bet)



PokerStars Hand #254697312661:  Hold'em No Limit ($0.50/$1.00 USD) - 2025/02/03 1:20:41 WET [2025/02/03 20:20:41 ET]
Table 'Genoveva' 6-max Seat #2 is the button
Seat 1: Dima_Olen ($5.72 in chips) 
Seat 2: canstakes ($17.57 in chips) 
Seat 3: BumHuntKing ($101.04 in chips) 
Seat 4: SorinS28 ($100.68 in chips) 
Seat 5: jacobdabuck ($29.96 in chips) 
Seat 6: ru_ruu_ru ($101.21 in chips) 
BumHuntKing: posts small blind $0.50
SorinS28: posts big blind $1
*** HOLE CARDS ***
jacobdabuck: folds 
ru_ruu_ru: folds 
Dima_Olen: raises $4.72 to $5.72 and is all-in
canstakes: folds 
BumHuntKing: folds 
SorinS28: folds 
Uncalled bet ($4.72) returned to Dima_Olen
Dima_Olen collected $2.50 from pot
*** SUMMARY ***
Total pot $2.50 | Rake $0 
Seat 1: Dima_Olen collected ($2.50)
Seat 2: canstakes (button) folded before Flop (didn't bet)
Seat 3: BumHuntKing (small blind) folded before Flop
Seat 4: SorinS28 (big blind) folded before Flop
Seat 5: jacobdabuck folded before Flop (didn't bet)
Seat 6: ru_ruu_ru folded before Flop (didn't bet)



PokerStars Hand #254697318335:  Hold'em No Limit ($0.50/$1.00 USD) - 2025/02/03 1:21:14 WET [2025/02/03 20:21:14 ET]
Table 'Genoveva' 6-max Seat #3 is the button
Seat 1: Dima_Olen ($7.22 in chips) 
Seat 2: canstakes ($17.57 in chips) 
Seat 3: BumHuntKing ($100.54 in chips) 
Seat 4: SorinS28 ($100 in chips) 
Seat 5: jacobdabuck ($29.96 in chips) 
Seat 6: ru_ruu_ru ($101.21 in chips) 
SorinS28: posts small blind $0.50
jacobdabuck: posts big blind $1
*** HOLE CARDS ***
ru_ruu_ru: folds 
Dima_Olen: raises $6.22 to $7.22 and is all-in
canstakes: folds 
BumHuntKing: calls $7.22
SorinS28: folds 
jacobdabuck: folds 
*** FLOP *** [8d 5c Qc]
*** TURN *** [8d 5c Qc] [4s]
*** RIVER *** [8d 5c Qc 4s] [4d]
*** SHOW DOWN ***
Dima_Olen: shows [Ac As] (two pair, Aces and Fours)
BumHuntKing: shows [2c Kc] (a pair of Fours)
Dima_Olen collected $15.14 from pot
*** SUMMARY ***
Total pot $15.94 | Rake $0.80 
Board [8d 5c Qc 4s 4d]
Seat 1: Dima_Olen showed [Ac As] and won ($15.14) with two pair, Aces and Fours
Seat 2: canstakes folded before Flop (didn't bet)
Seat 3: BumHuntKing (button) showed [2c Kc] and lost with a pair of Fours
Seat 4: SorinS28 (small blind) folded before Flop
Seat 5: jacobdabuck (big blind) folded before Flop
Seat 6: ru_ruu_ru folded before Flop (didn't bet)



PokerStars Hand #254697323662:  Hold'em No Limit ($0.50/$1.00 USD) - 2025/02/03 1:21:45 WET [2025/02/03 20:21:45 ET]
Table 'Genoveva' 6-max Seat #4 is the button
Seat 1: Dima_Olen ($15.14 in chips) 
Seat 2: canstakes ($17.57 in chips) 
Seat 3: BumHuntKing ($100 in chips) 
Seat 4: SorinS28 ($100 in chips) 
Seat 5: jacobdabuck ($28.96 in chips) 
Seat 6: ru_ruu_ru ($101.21 in chips) 
jacobdabuck: posts small blind $0.50
ru_ruu_ru: posts big blind $1
*** HOLE CARDS ***
Dima_Olen: folds 
canstakes: folds 
BumHuntKing: raises $1.20 to $2.20
SorinS28: folds 
jacobdabuck: folds 
ru_ruu_ru: folds 
Uncalled bet ($1.20) returned to BumHuntKing
BumHuntKing collected $2.50 from pot
BumHuntKing: doesn't show hand 
*** SUMMARY ***
Total pot $2.50 | Rake $0 
Seat 1: Dima_Olen folded before Flop (didn't bet)
Seat 2: canstakes folded before Flop (didn't bet)
Seat 3: BumHuntKing collected ($2.50)
Seat 4: SorinS28 (button) folded before Flop (didn't bet)
Seat 5: jacobdabuck (small blind) folded before Flop
Seat 6: ru_ruu_ru (big blind) folded before Flop



PokerStars Hand #254697327981:  Hold'em No Limit ($0.50/$1.00 USD) - 2025/02/03 1:22:10 WET [2025/02/03 20:22:10 ET]
Table 'Genoveva' 6-max Seat #5 is the button
Seat 1: Dima_Olen ($15.14 in chips) 
Seat 2: canstakes ($17.57 in chips) 
Seat 3: BumHuntKing ($101.50 in chips) 
Seat 4: SorinS28 ($100 in chips) 
Seat 5: jacobdabuck ($28.46 in chips) 
Seat 6: ru_ruu_ru ($100.21 in chips) 
ru_ruu_ru: posts small blind $0.50
Dima_Olen: posts big blind $1
*** HOLE CARDS ***
canstakes: raises $1 to $2
BumHuntKing: folds 
SorinS28: folds 
jacobdabuck: folds 
ru_ruu_ru: folds 
Dima_Olen: calls $1
*** FLOP *** [6s Qs 5s]
Dima_Olen: checks 
canstakes: checks 
*** TURN *** [6s Qs 5s] [8h]
Dima_Olen: checks 
canstakes: checks 
*** RIVER *** [6s Qs 5s 8h] [7s]
Dima_Olen: checks 
canstakes: checks 
*** SHOW DOWN ***
Dima_Olen: shows [Td 5c] (a pair of Fives)
canstakes: mucks hand 
Dima_Olen collected $4.28 from pot
*** SUMMARY ***
Total pot $4.50 | Rake $0.22 
Board [6s Qs 5s 8h 7s]
Seat 1: Dima_Olen (big blind) showed [Td 5c] and won ($4.28) with a pair of Fives
Seat 2: canstakes mucked
Seat 3: BumHuntKing folded before Flop (didn't bet)
Seat 4: SorinS28 folded before Flop (didn't bet)
Seat 5: jacobdabuck (button) folded before Flop (didn't bet)
Seat 6: ru_ruu_ru (small blind) folded before Flop



PokerStars Hand #254697337095:  Hold'em No Limit ($0.50/$1.00 USD) - 2025/02/03 1:23:03 WET [2025/02/03 20:23:03 ET]
Table 'Genoveva' 6-max Seat #6 is the button
Seat 1: Dima_Olen ($17.42 in chips) 
Seat 2: canstakes ($15.57 in chips) 
Seat 3: BumHuntKing ($101.50 in chips) 
Seat 4: SorinS28 ($100 in chips) 
Seat 5: jacobdabuck ($28.46 in chips) 
Seat 6: ru_ruu_ru ($100 in chips) 
Dima_Olen: posts small blind $0.50
canstakes: posts big blind $1
*** HOLE CARDS ***
BumHuntKing: folds 
SorinS28: folds 
jacobdabuck: calls $1
ru_ruu_ru: folds 
Dima_Olen: calls $0.50
canstakes: checks 
*** FLOP *** [6s Tc 9d]
Dima_Olen: checks 
canstakes: checks 
jacobdabuck: checks 
*** TURN *** [6s Tc 9d] [9s]
Dima_Olen: checks 
canstakes: checks 
jacobdabuck: bets $1.43
Dima_Olen: calls $1.43
canstakes: folds 
*** RIVER *** [6s Tc 9d 9s] [7d]
Dima_Olen: checks 
jacobdabuck: bets $5.57
Dima_Olen: folds 
Uncalled bet ($5.57) returned to jacobdabuck
jacobdabuck collected $5.57 from pot
*** SUMMARY ***
Total pot $5.86 | Rake $0.29 
Board [6s Tc 9d 9s 7d]
Seat 1: Dima_Olen (small blind) folded on the River
Seat 2: canstakes (big blind) folded on the Turn
Seat 3: BumHuntKing folded before Flop (didn't bet)
Seat 4: SorinS28 folded before Flop (didn't bet)
Seat 5: jacobdabuck collected ($5.57)
Seat 6: ru_ruu_ru (button) folded before Flop (didn't bet)



PokerStars Hand #254697346071:  Hold'em No Limit ($0.50/$1.00 USD) - 2025/02/03 1:23:55 WET [2025/02/03 20:23:55 ET]
Table 'Genoveva' 6-max Seat #1 is the button
Seat 1: Dima_Olen ($14.99 in chips) 
Seat 2: canstakes ($14.57 in chips) 
Seat 3: BumHuntKing ($101.50 in chips) 
Seat 4: SorinS28 ($100 in chips) 
Seat 5: jacobdabuck ($31.60 in chips) 
Seat 6: ru_ruu_ru ($100 in chips) 
canstakes: posts small blind $0.50
BumHuntKing: posts big blind $1
*** HOLE CARDS ***
SorinS28: raises $1.02 to $2.02
jacobdabuck: folds 
ru_ruu_ru: folds 
Dima_Olen: calls $2.02
canstakes: folds 
BumHuntKing: folds 
*** FLOP *** [8h 6d Ts]
SorinS28: checks 
Dima_Olen: checks 
*** TURN *** [8h 6d Ts] [3s]
SorinS28: checks 
Dima_Olen: checks 
*** RIVER *** [8h 6d Ts 3s] [8d]
SorinS28: checks 
Dima_Olen: checks 
*** SHOW DOWN ***
SorinS28: shows [Ac 9c] (a pair of Eights)
Dima_Olen: shows [9h 9s] (two pair, Nines and Eights)
Dima_Olen collected $5.26 from pot
*** SUMMARY ***
Total pot $5.54 | Rake $0.28 
Board [8h 6d Ts 3s 8d]
Seat 1: Dima_Olen (button) showed [9h 9s] and won ($5.26) with two pair, Nines and Eights
Seat 2: canstakes (small blind) folded before Flop
Seat 3: BumHuntKing (big blind) folded before Flop
Seat 4: SorinS28 showed [Ac 9c] and lost with a pair of Eights
Seat 5: jacobdabuck folded before Flop (didn't bet)
Seat 6: ru_ruu_ru folded before Flop (didn't bet)



PokerStars Hand #254697353885:  Hold'em No Limit ($0.50/$1.00 USD) - 2025/02/03 1:24:40 WET [2025/02/03 20:24:40 ET]
Table 'Genoveva' 6-max Seat #2 is the button
Seat 1: Dima_Olen ($18.23 in chips) 
Seat 2: canstakes ($14.07 in chips) 
Seat 3: BumHuntKing ($100.50 in chips) 
Seat 4: SorinS28 ($100 in chips) 
Seat 5: jacobdabuck ($31.60 in chips) 
Seat 6: ru_ruu_ru ($100 in chips) 
BumHuntKing: posts small blind $0.50
SorinS28: posts big blind $1
*** HOLE CARDS ***
jacobdabuck: folds 
ru_ruu_ru: raises $1.50 to $2.50
Dima_Olen: folds 
canstakes: calls $2.50
BumHuntKing: folds 
SorinS28: folds 
*** FLOP *** [9s Jh 5s]
ru_ruu_ru: bets $2.04
canstakes: raises $9.53 to $11.57 and is all-in
ru_ruu_ru: calls $9.53
*** TURN *** [9s Jh 5s] [6c]
*** RIVER *** [9s Jh 5s 6c] [Ts]
*** SHOW DOWN ***
ru_ruu_ru: shows [Td Th] (three of a kind, Tens)
canstakes: shows [Jd Qd] (a pair of Jacks)
ru_ruu_ru collected $28.16 from pot
*** SUMMARY ***
Total pot $29.64 | Rake $1.48 
Board [9s Jh 5s 6c Ts]
Seat 1: Dima_Olen folded before Flop (didn't bet)
Seat 2: canstakes (button) showed [Jd Qd] and lost with a pair of Jacks
Seat 3: BumHuntKing (small blind) folded before Flop
Seat 4: SorinS28 (big blind) folded before Flop
Seat 5: jacobdabuck folded before Flop (didn't bet)
Seat 6: ru_ruu_ru showed [Td Th] and won ($28.16) with three of a kind, Tens



PokerStars Hand #254697364888:  Hold'em No Limit ($0.50/$1.00 USD) - 2025/02/03 1:25:43 WET [2025/02/03 20:25:43 ET]
Table 'Genoveva' 6-max Seat #3 is the button
Seat 1: Dima_Olen ($18.23 in chips) 
Seat 2: canstakes ($10 in chips) 
Seat 3: BumHuntKing ($100 in chips) 
Seat 4: SorinS28 ($100 in chips) 
Seat 5: jacobdabuck ($31.60 in chips) 
Seat 6: ru_ruu_ru ($114.09 in chips) 
SorinS28: posts small blind $0.50
jacobdabuck: posts big blind $1
*** HOLE CARDS ***
ru_ruu_ru: folds 
Dima_Olen: folds 
canstakes: folds 
BumHuntKing: folds 
SorinS28: raises $2 to $3
jacobdabuck: folds 
Uncalled bet ($2) returned to SorinS28
SorinS28 collected $2 from pot
SorinS28: doesn't show hand 
*** SUMMARY ***
Total pot $2 | Rake $0 
Seat 1: Dima_Olen folded before Flop (didn't bet)
Seat 2: canstakes folded before Flop (didn't bet)
Seat 3: BumHuntKing (button) folded before Flop (didn't bet)
Seat 4: SorinS28 (small blind) collected ($2)
Seat 5: jacobdabuck (big blind) folded before Flop
Seat 6: ru_ruu_ru folded before Flop (didn't bet)



PokerStars Hand #254697369238:  Hold'em No Limit ($0.50/$1.00 USD) - 2025/02/03 1:26:08 WET [2025/02/03 20:26:08 ET]
Table 'Genoveva' 6-max Seat #4 is the button
Seat 1: Dima_Olen ($18.23 in chips) 
Seat 2: canstakes ($10 in chips) 
Seat 3: BumHuntKing ($100 in chips) 
Seat 4: SorinS28 ($101 in chips) 
Seat 5: jacobdabuck ($30.60 in chips) 
Seat 6: ru_ruu_ru ($114.09 in chips) 
jacobdabuck: posts small blind $0.50
ru_ruu_ru: posts big blind $1
*** HOLE CARDS ***
Dima_Olen: calls $1
canstakes: folds 
BumHuntKing: folds 
SorinS28: folds 
jacobdabuck: folds 
ru_ruu_ru: checks 
*** FLOP *** [Jh 6h 5h]
ru_ruu_ru: checks 
Dima_Olen: checks 
*** TURN *** [Jh 6h 5h] [Qd]
ru_ruu_ru: bets $1.57
Dima_Olen: calls $1.57
*** RIVER *** [Jh 6h 5h Qd] [5c]
ru_ruu_ru: bets $3.54
Dima_Olen: folds 
Uncalled bet ($3.54) returned to ru_ruu_ru
ru_ruu_ru collected $5.36 from pot
ru_ruu_ru: doesn't show hand 
*** SUMMARY ***
Total pot $5.64 | Rake $0.28 
Board [Jh 6h 5h Qd 5c]
Seat 1: Dima_Olen folded on the River
Seat 2: canstakes folded before Flop (didn't bet)
Seat 3: BumHuntKing folded before Flop (didn't bet)
Seat 4: SorinS28 (button) folded before Flop (didn't bet)
Seat 5: jacobdabuck (small blind) folded before Flop
Seat 6: ru_ruu_ru (big blind) collected ($5.36)



PokerStars Hand #254697380171:  Hold'em No Limit ($0.50/$1.00 USD) - 2025/02/03 1:27:10 WET [2025/02/03 20:27:10 ET]
Table 'Genoveva' 6-max Seat #5 is the button
Seat 1: Dima_Olen ($15.66 in chips) 
Seat 2: canstakes ($10 in chips) 
Seat 3: BumHuntKing ($100 in chips) 
Seat 4: SorinS28 ($101 in chips) 
Seat 5: jacobdabuck ($30.10 in chips) 
Seat 6: ru_ruu_ru ($116.88 in chips) 
ru_ruu_ru: posts small blind $0.50
Dima_Olen: posts big blind $1
*** HOLE CARDS ***
canstakes: folds 
BumHuntKing: folds 
SorinS28: folds 
jacobdabuck: calls $1
ru_ruu_ru: folds 
Dima_Olen: checks 
*** FLOP *** [Jh 3d 8c]
Dima_Olen: checks 
jacobdabuck: checks 
*** TURN *** [Jh 3d 8c] [9d]
Dima_Olen: bets $1
jacobdabuck: calls $1
*** RIVER *** [Jh 3d 8c 9d] [As]
Dima_Olen: bets $4.28
jacobdabuck: folds 
Uncalled bet ($4.28) returned to Dima_Olen
Dima_Olen collected $4.28 from pot
*** SUMMARY ***
Total pot $4.50 | Rake $0.22 
Board [Jh 3d 8c 9d As]
Seat 1: Dima_Olen (big blind) collected ($4.28)
Seat 2: canstakes folded before Flop (didn't bet)
Seat 3: BumHuntKing folded before Flop (didn't bet)
Seat 4: SorinS28 folded before Flop (didn't bet)
Seat 5: jacobdabuck (button) folded on the River
Seat 6: ru_ruu_ru (small blind) folded before Flop



PokerStars Hand #254697386568:  Hold'em No Limit ($0.50/$1.00 USD) - 2025/02/03 1:27:47 WET [2025/02/03 20:27:47 ET]
Table 'Genoveva' 6-max Seat #6 is the button
Seat 1: Dima_Olen ($17.94 in chips) 
Seat 2: canstakes ($10 in chips) 
Seat 3: BumHuntKing ($100 in chips) 
Seat 4: SorinS28 ($101 in chips) 
Seat 5: jacobdabuck ($28.10 in chips) 
Seat 6: ru_ruu_ru ($116.38 in chips) 
Dima_Olen: posts small blind $0.50
canstakes: posts big blind $1
*** HOLE CARDS ***
BumHuntKing: folds 
SorinS28: folds 
jacobdabuck: calls $1
ru_ruu_ru: folds 
Dima_Olen: calls $0.50
canstakes: checks 
*** FLOP *** [As Jh Qc]
Dima_Olen: checks 
canstakes: checks 
jacobdabuck: checks 
*** TURN *** [As Jh Qc] [Kh]
Dima_Olen: checks 
canstakes: bets $1
jacobdabuck: raises $4.85 to $5.85
Dima_Olen: folds 
canstakes: raises $3.15 to $9 and is all-in
jacobdabuck: folds 
Uncalled bet ($3.15) returned to canstakes
canstakes collected $13.96 from pot
canstakes: doesn't show hand 
*** SUMMARY ***
Total pot $14.70 | Rake $0.74 
Board [As Jh Qc Kh]
Seat 1: Dima_Olen (small blind) folded on the Turn
Seat 2: canstakes (big blind) collected ($13.96)
Seat 3: BumHuntKing folded before Flop (didn't bet)
Seat 4: SorinS28 folded before Flop (didn't bet)
Seat 5: jacobdabuck folded on the Turn
Seat 6: ru_ruu_ru (button) folded before Flop (didn't bet)



PokerStars Hand #254697397155:  Hold'em No Limit ($0.50/$1.00 USD) - 2025/02/03 1:28:47 WET [2025/02/03 20:28:47 ET]
Table 'Genoveva' 6-max Seat #1 is the button
Seat 1: Dima_Olen ($16.94 in chips) 
Seat 2: canstakes ($17.11 in chips) 
Seat 3: BumHuntKing ($100 in chips) 
Seat 4: SorinS28 ($101 in chips) 
Seat 5: jacobdabuck ($21.25 in chips) 
Seat 6: ru_ruu_ru ($116.38 in chips) 
canstakes: posts small blind $0.50
BumHuntKing: posts big blind $1
*** HOLE CARDS ***
SorinS28: folds 
jacobdabuck: folds 
ru_ruu_ru: raises $1.50 to $2.50
Dima_Olen: folds 
canstakes: folds 
BumHuntKing: calls $1.50
*** FLOP *** [5c Ac Ah]
BumHuntKing: checks 
ru_ruu_ru: bets $1.72
BumHuntKing: folds 
Uncalled bet ($1.72) returned to ru_ruu_ru
ru_ruu_ru collected $5.22 from pot
ru_ruu_ru: doesn't show hand 
*** SUMMARY ***
Total pot $5.50 | Rake $0.28 
Board [5c Ac Ah]
Seat 1: Dima_Olen (button) folded before Flop (didn't bet)
Seat 2: canstakes (small blind) folded before Flop
Seat 3: BumHuntKing (big blind) folded on the Flop
Seat 4: SorinS28 folded before Flop (didn't bet)
Seat 5: jacobdabuck folded before Flop (didn't bet)
Seat 6: ru_ruu_ru collected ($5.22)



PokerStars Hand #254697402164:  Hold'em No Limit ($0.50/$1.00 USD) - 2025/02/03 1:29:16 WET [2025/02/03 20:29:16 ET]
Table 'Genoveva' 6-max Seat #2 is the button
Seat 1: Dima_Olen ($16.94 in chips) 
Seat 2: canstakes ($16.61 in chips) 
Seat 3: BumHuntKing ($100 in chips) 
Seat 4: SorinS28 ($101 in chips) 
Seat 5: jacobdabuck ($21.25 in chips) 
Seat 6: ru_ruu_ru ($119.10 in chips) 
BumHuntKing: posts small blind $0.50
SorinS28: posts big blind $1
*** HOLE CARDS ***
jacobdabuck: folds 
ru_ruu_ru has timed out
ru_ruu_ru: folds 
Dima_Olen: folds 
canstakes: folds 
BumHuntKing: folds 
Uncalled bet ($0.50) returned to SorinS28
SorinS28 collected $1 from pot
SorinS28: doesn't show hand 
*** SUMMARY ***
Total pot $1 | Rake $0 
Seat 1: Dima_Olen folded before Flop (didn't bet)
Seat 2: canstakes (button) folded before Flop (didn't bet)
Seat 3: BumHuntKing (small blind) folded before Flop
Seat 4: SorinS28 (big blind) collected ($1)
Seat 5: jacobdabuck folded before Flop (didn't bet)
Seat 6: ru_ruu_ru folded before Flop (didn't bet)



PokerStars Hand #254697407938:  Hold'em No Limit ($0.50/$1.00 USD) - 2025/02/03 1:29:49 WET [2025/02/03 20:29:49 ET]
Table 'Genoveva' 6-max Seat #3 is the button
Seat 6: ru_ruu_ru ($119.10 in chips) is sitting out
Seat 1: Dima_Olen ($16.94 in chips) 
Seat 2: canstakes ($16.61 in chips) 
Seat 3: BumHuntKing ($100 in chips) 
Seat 4: SorinS28 ($101.50 in chips) 
Seat 5: jacobdabuck ($21.25 in chips) 
SorinS28: posts small blind $0.50
jacobdabuck: posts big blind $1
*** HOLE CARDS ***
Dima_Olen: folds 
canstakes: raises $1 to $2
BumHuntKing: folds 
SorinS28: folds 
jacobdabuck: folds 
Uncalled bet ($1) returned to canstakes
canstakes collected $2.50 from pot
canstakes: doesn't show hand 
*** SUMMARY ***
Total pot $2.50 | Rake $0 
Seat 6: ru_ruu_ru
Seat 1: Dima_Olen folded before Flop (didn't bet)
Seat 2: canstakes collected ($2.50)
Seat 3: BumHuntKing (button) folded before Flop (didn't bet)
Seat 4: SorinS28 (small blind) folded before Flop
Seat 5: jacobdabuck (big blind) folded before Flop



PokerStars Hand #254697411642:  Hold'em No Limit ($0.50/$1.00 USD) - 2025/02/03 1:30:09 WET [2025/02/03 20:30:09 ET]
Table 'Genoveva' 6-max Seat #4 is the button
Seat 1: Dima_Olen ($16.94 in chips) 
Seat 2: canstakes ($18.11 in chips) 
Seat 3: BumHuntKing ($100 in chips) 
Seat 4: SorinS28 ($101 in chips) 
Seat 5: jacobdabuck ($20.25 in chips) 
Seat 6: ru_ruu_ru ($119.10 in chips) 
jacobdabuck: posts small blind $0.50
ru_ruu_ru: posts big blind $1
*** HOLE CARDS ***
Dima_Olen: folds 
canstakes: folds 
BumHuntKing: folds 
SorinS28: folds 
jacobdabuck: folds 
Uncalled bet ($0.50) returned to ru_ruu_ru
ru_ruu_ru collected $1 from pot
ru_ruu_ru: doesn't show hand 
*** SUMMARY ***
Total pot $1 | Rake $0 
Seat 1: Dima_Olen folded before Flop (didn't bet)
Seat 2: canstakes folded before Flop (didn't bet)
Seat 3: BumHuntKing folded before Flop (didn't bet)
Seat 4: SorinS28 (button) folded before Flop (didn't bet)
Seat 5: jacobdabuck (small blind) folded before Flop
Seat 6: ru_ruu_ru (big blind) collected ($1)



PokerStars Hand #254697415225:  Hold'em No Limit ($0.50/$1.00 USD) - 2025/02/03 1:30:30 WET [2025/02/03 20:30:30 ET]
Table 'Genoveva' 6-max Seat #5 is the button
Seat 1: Dima_Olen ($16.94 in chips) 
Seat 2: canstakes ($18.11 in chips) 
Seat 3: BumHuntKing ($100 in chips) 
Seat 4: SorinS28 ($101 in chips) 
Seat 5: jacobdabuck ($19.75 in chips) 
Seat 6: ru_ruu_ru ($119.60 in chips) 
ru_ruu_ru: posts small blind $0.50
Dima_Olen: posts big blind $1
*** HOLE CARDS ***
canstakes: raises $1 to $2
BumHuntKing: folds 
SorinS28: folds 
jacobdabuck: calls $2
ru_ruu_ru: folds 
Dima_Olen: calls $1
*** FLOP *** [Qc Ks Kh]
Dima_Olen: checks 
canstakes: checks 
jacobdabuck: checks 
*** TURN *** [Qc Ks Kh] [5c]
Dima_Olen: bets $3.09
canstakes: folds 
jacobdabuck: folds 
Uncalled bet ($3.09) returned to Dima_Olen
Dima_Olen collected $6.18 from pot
*** SUMMARY ***
Total pot $6.50 | Rake $0.32 
Board [Qc Ks Kh 5c]
Seat 1: Dima_Olen (big blind) collected ($6.18)
Seat 2: canstakes folded on the Turn
Seat 3: BumHuntKing folded before Flop (didn't bet)
Seat 4: SorinS28 folded before Flop (didn't bet)
Seat 5: jacobdabuck (button) folded on the Turn
Seat 6: ru_ruu_ru (small blind) folded before Flop



PokerStars Hand #254697430192:  Hold'em No Limit ($0.50/$1.00 USD) - 2025/02/03 1:31:55 WET [2025/02/03 20:31:55 ET]
Table 'Genoveva' 6-max Seat #6 is the button
Seat 1: Dima_Olen ($21.12 in chips) 
Seat 2: canstakes ($16.11 in chips) 
Seat 3: BumHuntKing ($100 in chips) 
Seat 4: SorinS28 ($101 in chips) 
Seat 5: jacobdabuck ($17.75 in chips) 
Seat 6: ru_ruu_ru ($119.10 in chips) 
Dima_Olen: posts small blind $0.50
canstakes: posts big blind $1
*** HOLE CARDS ***
BumHuntKing: calls $1
SorinS28: folds 
jacobdabuck: calls $1
ru_ruu_ru: folds 
Dima_Olen: calls $0.50
canstakes: checks 
*** FLOP *** [Jd 8d As]
Dima_Olen: checks 
canstakes: checks 
BumHuntKing: checks 
jacobdabuck: checks 
*** TURN *** [Jd 8d As] [Ah]
Dima_Olen: checks 
canstakes: checks 
BumHuntKing: checks 
jacobdabuck: checks 
*** RIVER *** [Jd 8d As Ah] [Qh]
Dima_Olen: checks 
canstakes: checks 
BumHuntKing: bets $3.50
jacobdabuck: raises $6.50 to $10
Dima_Olen: folds 
canstakes: folds 
BumHuntKing: raises $11 to $21
jacobdabuck: calls $6.75 and is all-in
Uncalled bet ($4.25) returned to BumHuntKing
*** SHOW DOWN ***
BumHuntKing: shows [Ac Ad] (four of a kind, Aces)
jacobdabuck: shows [Kh Qs] (two pair, Aces and Queens)
BumHuntKing collected $35.62 from pot
*** SUMMARY ***
Total pot $37.50 | Rake $1.88 
Board [Jd 8d As Ah Qh]
Seat 1: Dima_Olen (small blind) folded on the River
Seat 2: canstakes (big blind) folded on the River
Seat 3: BumHuntKing showed [Ac Ad] and won ($35.62) with four of a kind, Aces
Seat 4: SorinS28 folded before Flop (didn't bet)
Seat 5: jacobdabuck showed [Kh Qs] and lost with two pair, Aces and Queens
Seat 6: ru_ruu_ru (button) folded before Flop (didn't bet)



PokerStars Hand #254697445627:  Hold'em No Limit ($0.50/$1.00 USD) - 2025/02/03 1:33:23 WET [2025/02/03 20:33:23 ET]
Table 'Genoveva' 6-max Seat #1 is the button
Seat 5: jacobdabuck ($0 in chips) is sitting out
Seat 1: Dima_Olen ($20.12 in chips) 
Seat 2: canstakes ($15.11 in chips) 
Seat 3: BumHuntKing ($117.87 in chips) 
Seat 4: SorinS28 ($101 in chips) 
Seat 6: ru_ruu_ru ($119.10 in chips) 
canstakes: posts small blind $0.50
BumHuntKing: posts big blind $1
*** HOLE CARDS ***
SorinS28: raises $1.02 to $2.02
ru_ruu_ru: folds 
Dima_Olen: folds 
jacobdabuck leaves the table
canstakes: folds 
BumHuntKing: calls $1.02
*** FLOP *** [Qc 8d 7h]
BumHuntKing: checks 
skars07 joins the table at seat #5 
SorinS28: bets $1.21
BumHuntKing: calls $1.21
*** TURN *** [Qc 8d 7h] [5h]
BumHuntKing: checks 
SorinS28: checks 
*** RIVER *** [Qc 8d 7h 5h] [4c]
BumHuntKing: checks 
SorinS28: bets $6.54
BumHuntKing: calls $6.54
*** SHOW DOWN ***
SorinS28: shows [Ah 6h] (a straight, Four to Eight)
BumHuntKing: mucks hand 
SorinS28 collected $19.04 from pot
*** SUMMARY ***
Total pot $20.04 | Rake $1 
Board [Qc 8d 7h 5h 4c]
Seat 5: jacobdabuck
Seat 1: Dima_Olen (button) folded before Flop (didn't bet)
Seat 2: canstakes (small blind) folded before Flop
Seat 3: BumHuntKing (big blind) mucked
Seat 4: SorinS28 showed [Ah 6h] and won ($19.04) with a straight, Four to Eight
Seat 6: ru_ruu_ru folded before Flop (didn't bet)



PokerStars Hand #254697460138:  Hold'em No Limit ($0.50/$1.00 USD) - 2025/02/03 1:34:45 WET [2025/02/03 20:34:45 ET]
Table 'Genoveva' 6-max Seat #2 is the button
Seat 5: skars07 ($100 in chips) is sitting out
Seat 1: Dima_Olen ($20.12 in chips) 
Seat 2: canstakes ($14.61 in chips) 
Seat 3: BumHuntKing ($108.10 in chips) 
Seat 4: SorinS28 ($110.27 in chips) 
Seat 6: ru_ruu_ru ($119.10 in chips) 
BumHuntKing: posts small blind $0.50
SorinS28: posts big blind $1
skars07: sits out 
*** HOLE CARDS ***
ru_ruu_ru: raises $1.20 to $2.20
Dima_Olen: folds 
canstakes: folds 
BumHuntKing: folds 
SorinS28: calls $1.20
*** FLOP *** [4s 3c Tc]
SorinS28: checks 
ru_ruu_ru: checks 
*** TURN *** [4s 3c Tc] [8d]
SorinS28: bets $4.61
ru_ruu_ru: folds 
Uncalled bet ($4.61) returned to SorinS28
SorinS28 collected $4.66 from pot
SorinS28: doesn't show hand 
*** SUMMARY ***
Total pot $4.90 | Rake $0.24 
Board [4s 3c Tc 8d]
Seat 5: skars07
Seat 1: Dima_Olen folded before Flop (didn't bet)
Seat 2: canstakes (button) folded before Flop (didn't bet)
Seat 3: BumHuntKing (small blind) folded before Flop
Seat 4: SorinS28 (big blind) collected ($4.66)
Seat 6: ru_ruu_ru folded on the Turn



PokerStars Hand #254697469975:  Hold'em No Limit ($0.50/$1.00 USD) - 2025/02/03 1:35:43 WET [2025/02/03 20:35:43 ET]
Table 'Genoveva' 6-max Seat #3 is the button
Seat 1: Dima_Olen ($20.12 in chips) 
Seat 2: canstakes ($14.61 in chips) 
Seat 3: BumHuntKing ($107.60 in chips) 
Seat 4: SorinS28 ($112.73 in chips) 
Seat 5: skars07 ($100 in chips) 
Seat 6: ru_ruu_ru ($116.90 in chips) 
SorinS28: posts small blind $0.50
skars07: posts big blind $1
*** HOLE CARDS ***
ru_ruu_ru: folds 
Dima_Olen: calls $1
canstakes: folds 
BumHuntKing: raises $4.50 to $5.50
SorinS28: calls $5
skars07: folds 
Dima_Olen: folds 
*** FLOP *** [Td 2c Ac]
SorinS28: checks 
BumHuntKing: checks 
*** TURN *** [Td 2c Ac] [Ah]
SorinS28: bets $4.08
BumHuntKing: calls $4.08
*** RIVER *** [Td 2c Ac Ah] [6h]
SorinS28: checks 
BumHuntKing: bets $6.63
SorinS28: folds 
Uncalled bet ($6.63) returned to BumHuntKing
BumHuntKing collected $20.10 from pot
BumHuntKing: doesn't show hand 
*** SUMMARY ***
Total pot $21.16 | Rake $1.06 
Board [Td 2c Ac Ah 6h]
Seat 1: Dima_Olen folded before Flop
Seat 2: canstakes folded before Flop (didn't bet)
Seat 3: BumHuntKing (button) collected ($20.10)
Seat 4: SorinS28 (small blind) folded on the River
Seat 5: skars07 (big blind) folded before Flop
Seat 6: ru_ruu_ru folded before Flop (didn't bet)



PokerStars Hand #254697486531:  Hold'em No Limit ($0.50/$1.00 USD) - 2025/02/03 1:37:19 WET [2025/02/03 20:37:19 ET]
Table 'Genoveva' 6-max Seat #4 is the button
Seat 1: Dima_Olen ($19.12 in chips) 
Seat 2: canstakes ($14.61 in chips) 
Seat 3: BumHuntKing ($118.12 in chips) 
Seat 4: SorinS28 ($103.15 in chips) 
Seat 5: skars07 ($100 in chips) 
Seat 6: ru_ruu_ru ($116.90 in chips) 
skars07: posts small blind $0.50
ru_ruu_ru: posts big blind $1
*** HOLE CARDS ***
Dima_Olen: calls $1
canstakes: folds 
BumHuntKing: folds 
SorinS28: folds 
skars07: folds 
ru_ruu_ru: checks 
*** FLOP *** [9h Ad 5c]
ru_ruu_ru: checks 
Dima_Olen: checks 
*** TURN *** [9h Ad 5c] [9c]
ru_ruu_ru: checks 
Dima_Olen: checks 
*** RIVER *** [9h Ad 5c 9c] [Ah]
ru_ruu_ru: checks 
Dima_Olen: checks 
*** SHOW DOWN ***
ru_ruu_ru: shows [8h Th] (two pair, Aces and Nines)
Dima_Olen: shows [Qs Tc] (two pair, Aces and Nines - Queen kicker)
Dima_Olen collected $2.38 from pot
*** SUMMARY ***
Total pot $2.50 | Rake $0.12 
Board [9h Ad 5c 9c Ah]
Seat 1: Dima_Olen showed [Qs Tc] and won ($2.38) with two pair, Aces and Nines
Seat 2: canstakes folded before Flop (didn't bet)
Seat 3: BumHuntKing folded before Flop (didn't bet)
Seat 4: SorinS28 (button) folded before Flop (didn't bet)
Seat 5: skars07 (small blind) folded before Flop
Seat 6: ru_ruu_ru (big blind) showed [8h Th] and lost with two pair, Aces and Nines



PokerStars Hand #254697533528:  Hold'em No Limit ($0.50/$1.00 USD) - 2025/02/03 1:41:57 WET [2025/02/03 20:41:57 ET]
Table 'Genoveva' 6-max Seat #2 is the button
Seat 1: Dima_Olen ($19 in chips) 
Seat 2: canstakes ($27.43 in chips) 
Seat 3: BumHuntKing ($117.12 in chips) 
Seat 4: SorinS28 ($102.64 in chips) 
Seat 5: skars07 ($100 in chips) 
Seat 6: ru_ruu_ru ($116.90 in chips) 
BumHuntKing: posts small blind $0.50
SorinS28: posts big blind $1
*** HOLE CARDS ***
skars07: folds 
ru_ruu_ru: folds 
Dima_Olen: calls $1
canstakes has timed out
canstakes: folds 
canstakes leaves the table
BumHuntKing: calls $0.50
SorinS28: checks 
*** FLOP *** [2d Kh Jh]
BumHuntKing: checks 
SorinS28: checks 
Dima_Olen: checks 
*** TURN *** [2d Kh Jh] [Ac]
BumHuntKing: bets $2.14
SorinS28: calls $2.14
Dima_Olen: calls $2.14
*** RIVER *** [2d Kh Jh Ac] [Ad]
BumHuntKing: checks 
SorinS28: bets $8.86
Dima_Olen: calls $8.86
BumHuntKing: folds 
*** SHOW DOWN ***
SorinS28: shows [Qs Th] (a straight, Ten to Ace)
Dima_Olen: mucks hand 
SorinS28 collected $25.78 from pot
*** SUMMARY ***
Total pot $27.14 | Rake $1.36 
Board [2d Kh Jh Ac Ad]
Seat 1: Dima_Olen mucked
Seat 2: canstakes (button) folded before Flop (didn't bet)
Seat 3: BumHuntKing (small blind) folded on the River
Seat 4: SorinS28 (big blind) showed [Qs Th] and won ($25.78) with a straight, Ten to Ace
Seat 5: skars07 folded before Flop (didn't bet)
Seat 6: ru_ruu_ru folded before Flop (didn't bet)



PokerStars Hand #254697549211:  Hold'em No Limit ($0.50/$1.00 USD) - 2025/02/03 1:43:31 WET [2025/02/03 20:43:31 ET]
Table 'Genoveva' 6-max Seat #3 is the button
Seat 1: Dima_Olen ($7 in chips) 
Seat 3: BumHuntKing ($113.98 in chips) 
Seat 4: SorinS28 ($116.42 in chips) 
Seat 5: skars07 ($100 in chips) 
Seat 6: ru_ruu_ru ($116.90 in chips) 
SorinS28: posts small blind $0.50
skars07: posts big blind $1
*** HOLE CARDS ***
m0nTTu joins the table at seat #2 
ru_ruu_ru: folds 
Dima_Olen: folds 
BumHuntKing: folds 
SorinS28: folds 
Uncalled bet ($0.50) returned to skars07
skars07 collected $1 from pot
skars07: doesn't show hand 
*** SUMMARY ***
Total pot $1 | Rake $0 
Seat 1: Dima_Olen folded before Flop (didn't bet)
Seat 3: BumHuntKing (button) folded before Flop (didn't bet)
Seat 4: SorinS28 (small blind) folded before Flop
Seat 5: skars07 (big blind) collected ($1)
Seat 6: ru_ruu_ru folded before Flop (didn't bet)



PokerStars Hand #254697552786:  Hold'em No Limit ($0.50/$1.00 USD) - 2025/02/03 1:43:52 WET [2025/02/03 20:43:52 ET]
Table 'Genoveva' 6-max Seat #4 is the button
Seat 2: m0nTTu ($15 in chips) is sitting out
Seat 1: Dima_Olen ($7 in chips) 
Seat 3: BumHuntKing ($113.98 in chips) 
Seat 4: SorinS28 ($115.92 in chips) 
Seat 5: skars07 ($100.50 in chips) 
Seat 6: ru_ruu_ru ($116.90 in chips) 
skars07: posts small blind $0.50
ru_ruu_ru: posts big blind $1
m0nTTu: sits out 
*** HOLE CARDS ***
Dima_Olen: calls $1
BumHuntKing: folds 
SorinS28: folds 
skars07: raises $4 to $5
ru_ruu_ru: raises $10 to $15
Dima_Olen: calls $6 and is all-in
skars07: folds 
Uncalled bet ($8) returned to ru_ruu_ru
*** FLOP *** [Ac Jc 8h]
*** TURN *** [Ac Jc 8h] [5h]
*** RIVER *** [Ac Jc 8h 5h] [3s]
*** SHOW DOWN ***
ru_ruu_ru: shows [Ks Ad] (a pair of Aces)
Dima_Olen: shows [9c 8s] (a pair of Eights)
ru_ruu_ru collected $18.05 from pot
Dima_Olen cashed out the hand for $6.35 | Cash Out Fee $0.13
*** SUMMARY ***
Total pot $19 | Rake $0.95 
Board [Ac Jc 8h 5h 3s]
Seat 2: m0nTTu
Seat 1: Dima_Olen showed [9c 8s] and lost with a pair of Eights (cashed out).
Seat 3: BumHuntKing folded before Flop (didn't bet)
Seat 4: SorinS28 (button) folded before Flop (didn't bet)
Seat 5: skars07 (small blind) folded before Flop
Seat 6: ru_ruu_ru (big blind) showed [Ks Ad] and won ($18.05) with a pair of Aces



PokerStars Hand #254697562526:  Hold'em No Limit ($0.50/$1.00 USD) - 2025/02/03 1:44:50 WET [2025/02/03 20:44:50 ET]
Table 'Genoveva' 6-max Seat #5 is the button
Seat 2: m0nTTu ($15 in chips) is sitting out
Seat 1: Dima_Olen ($6.35 in chips) 
Seat 3: BumHuntKing ($113.98 in chips) 
Seat 4: SorinS28 ($115.92 in chips) 
Seat 5: skars07 ($100 in chips) 
Seat 6: ru_ruu_ru ($127.95 in chips) 
ru_ruu_ru: posts small blind $0.50
Dima_Olen: posts big blind $1
m0nTTu: sits out 
*** HOLE CARDS ***
BumHuntKing: folds 
SorinS28: folds 
skars07: folds 
ru_ruu_ru: folds 
Uncalled bet ($0.50) returned to Dima_Olen
Dima_Olen collected $1 from pot
Dima_Olen: doesn't show hand 
*** SUMMARY ***
Total pot $1 | Rake $0 
Seat 2: m0nTTu
Seat 1: Dima_Olen (big blind) collected ($1)
Seat 3: BumHuntKing folded before Flop (didn't bet)
Seat 4: SorinS28 folded before Flop (didn't bet)
Seat 5: skars07 (button) folded before Flop (didn't bet)
Seat 6: ru_ruu_ru (small blind) folded before Flop



PokerStars Hand #254697564632:  Hold'em No Limit ($0.50/$1.00 USD) - 2025/02/03 1:45:02 WET [2025/02/03 20:45:02 ET]
Table 'Genoveva' 6-max Seat #6 is the button
Seat 1: Dima_Olen ($6.85 in chips) 
Seat 2: m0nTTu ($15 in chips) 
Seat 3: BumHuntKing ($113.98 in chips) 
Seat 4: SorinS28 ($115.92 in chips) 
Seat 5: skars07 ($100 in chips) 
Seat 6: ru_ruu_ru ($127.45 in chips) 
Dima_Olen: posts small blind $0.50
m0nTTu: posts big blind $1
*** HOLE CARDS ***
BumHuntKing: raises $1.20 to $2.20
SorinS28: folds 
skars07: folds 
ru_ruu_ru: folds 
Dima_Olen: folds 
m0nTTu: folds 
Uncalled bet ($1.20) returned to BumHuntKing
BumHuntKing collected $2.50 from pot
BumHuntKing: doesn't show hand 
*** SUMMARY ***
Total pot $2.50 | Rake $0 
Seat 1: Dima_Olen (small blind) folded before Flop
Seat 2: m0nTTu (big blind) folded before Flop
Seat 3: BumHuntKing collected ($2.50)
Seat 4: SorinS28 folded before Flop (didn't bet)
Seat 5: skars07 folded before Flop (didn't bet)
Seat 6: ru_ruu_ru (button) folded before Flop (didn't bet)



PokerStars Hand #254697569727:  Hold'em No Limit ($0.50/$1.00 USD) - 2025/02/03 1:45:33 WET [2025/02/03 20:45:33 ET]
Table 'Genoveva' 6-max Seat #1 is the button
Seat 1: Dima_Olen ($6.35 in chips) 
Seat 2: m0nTTu ($14 in chips) 
Seat 3: BumHuntKing ($115.48 in chips) 
Seat 4: SorinS28 ($115.92 in chips) 
Seat 5: skars07 ($100 in chips) 
Seat 6: ru_ruu_ru ($127.45 in chips) 
m0nTTu: posts small blind $0.50
BumHuntKing: posts big blind $1
*** HOLE CARDS ***
SorinS28: folds 
skars07: folds 
ru_ruu_ru: folds 
Dima_Olen: folds 
m0nTTu: raises $13 to $14 and is all-in
BumHuntKing: folds 
Uncalled bet ($13) returned to m0nTTu
m0nTTu collected $2 from pot
m0nTTu: doesn't show hand 
*** SUMMARY ***
Total pot $2 | Rake $0 
Seat 1: Dima_Olen (button) folded before Flop (didn't bet)
Seat 2: m0nTTu (small blind) collected ($2)
Seat 3: BumHuntKing (big blind) folded before Flop
Seat 4: SorinS28 folded before Flop (didn't bet)
Seat 5: skars07 folded before Flop (didn't bet)
Seat 6: ru_ruu_ru folded before Flop (didn't bet)



PokerStars Hand #254697573546:  Hold'em No Limit ($0.50/$1.00 USD) - 2025/02/03 1:45:56 WET [2025/02/03 20:45:56 ET]
Table 'Genoveva' 6-max Seat #2 is the button
Seat 1: Dima_Olen ($6.35 in chips) 
Seat 2: m0nTTu ($15 in chips) 
Seat 3: BumHuntKing ($114.48 in chips) 
Seat 4: SorinS28 ($115.92 in chips) 
Seat 5: skars07 ($100 in chips) 
Seat 6: ru_ruu_ru ($127.45 in chips) 
BumHuntKing: posts small blind $0.50
SorinS28: posts big blind $1
*** HOLE CARDS ***
skars07: folds 
ru_ruu_ru: folds 
Dima_Olen: calls $1
m0nTTu: folds 
BumHuntKing: folds 
SorinS28: checks 
*** FLOP *** [Ks Qs 9c]
SorinS28: checks 
Dima_Olen: checks 
*** TURN *** [Ks Qs 9c] [5s]
SorinS28: checks 
Dima_Olen: checks 
*** RIVER *** [Ks Qs 9c 5s] [6c]
SorinS28: checks 
Dima_Olen: checks 
*** SHOW DOWN ***
SorinS28: shows [Qh 8d] (a pair of Queens)
Dima_Olen: mucks hand 
SorinS28 collected $2.38 from pot
*** SUMMARY ***
Total pot $2.50 | Rake $0.12 
Board [Ks Qs 9c 5s 6c]
Seat 1: Dima_Olen mucked
Seat 2: m0nTTu (button) folded before Flop (didn't bet)
Seat 3: BumHuntKing (small blind) folded before Flop
Seat 4: SorinS28 (big blind) showed [Qh 8d] and won ($2.38) with a pair of Queens
Seat 5: skars07 folded before Flop (didn't bet)
Seat 6: ru_ruu_ru folded before Flop (didn't bet)



PokerStars Hand #254697581790:  Hold'em No Limit ($0.50/$1.00 USD) - 2025/02/03 1:46:45 WET [2025/02/03 20:46:45 ET]
Table 'Genoveva' 6-max Seat #3 is the button
Seat 1: Dima_Olen ($5.35 in chips) 
Seat 2: m0nTTu ($15 in chips) 
Seat 3: BumHuntKing ($113.98 in chips) 
Seat 4: SorinS28 ($117.30 in chips) 
Seat 5: skars07 ($100 in chips) 
Seat 6: ru_ruu_ru ($127.45 in chips) 
SorinS28: posts small blind $0.50
skars07: posts big blind $1
*** HOLE CARDS ***
ru_ruu_ru: folds 
Dima_Olen: raises $4.35 to $5.35 and is all-in
m0nTTu: folds 
BumHuntKing: calls $5.35
SorinS28: folds 
skars07: folds 
*** FLOP *** [As Ac 3c]
*** TURN *** [As Ac 3c] [5h]
*** RIVER *** [As Ac 3c 5h] [9s]
*** SHOW DOWN ***
Dima_Olen: shows [Tc 8c] (a pair of Aces)
BumHuntKing: shows [Qd Kd] (a pair of Aces - King kicker)
BumHuntKing collected $11.59 from pot
Dima_Olen cashed out the hand for $4.18 | Cash Out Fee $0.09
*** SUMMARY ***
Total pot $12.20 | Rake $0.61 
Board [As Ac 3c 5h 9s]
Seat 1: Dima_Olen showed [Tc 8c] and lost with a pair of Aces (cashed out).
Seat 2: m0nTTu folded before Flop (didn't bet)
Seat 3: BumHuntKing (button) showed [Qd Kd] and won ($11.59) with a pair of Aces
Seat 4: SorinS28 (small blind) folded before Flop
Seat 5: skars07 (big blind) folded before Flop
Seat 6: ru_ruu_ru folded before Flop (didn't bet)



PokerStars Hand #254697588320:  Hold'em No Limit ($0.50/$1.00 USD) - 2025/02/03 1:47:25 WET [2025/02/03 20:47:25 ET]
Table 'Genoveva' 6-max Seat #4 is the button
Seat 1: Dima_Olen ($4.18 in chips) 
Seat 2: m0nTTu ($15 in chips) 
Seat 3: BumHuntKing ($120.22 in chips) 
Seat 4: SorinS28 ($116.80 in chips) 
Seat 5: skars07 ($100 in chips) 
Seat 6: ru_ruu_ru ($127.45 in chips) 
skars07: posts small blind $0.50
ru_ruu_ru: posts big blind $1
*** HOLE CARDS ***
Dima_Olen: raises $3.18 to $4.18 and is all-in
m0nTTu: folds 
BumHuntKing: folds 
SorinS28: folds 
skars07: folds 
ru_ruu_ru: calls $3.18
*** FLOP *** [3h Ac Ts]
*** TURN *** [3h Ac Ts] [2s]
*** RIVER *** [3h Ac Ts 2s] [7c]
*** SHOW DOWN ***
ru_ruu_ru: shows [Qd Qc] (a pair of Queens)
Dima_Olen: shows [8s Ah] (a pair of Aces)
Dima_Olen cashed out the hand for $2.36 | Cash Out Fee $0.05
*** SUMMARY ***
Total pot $8.86 | Rake $0.44 
Board [3h Ac Ts 2s 7c]
Seat 1: Dima_Olen showed [8s Ah] and won ($8.42) with a pair of Aces (pot not awarded as player cashed out)
Seat 2: m0nTTu folded before Flop (didn't bet)
Seat 3: BumHuntKing folded before Flop (didn't bet)
Seat 4: SorinS28 (button) folded before Flop (didn't bet)
Seat 5: skars07 (small blind) folded before Flop
Seat 6: ru_ruu_ru (big blind) showed [Qd Qc] and lost with a pair of Queens



PokerStars Hand #254697596427:  Hold'em No Limit ($0.50/$1.00 USD) - 2025/02/03 1:48:15 WET [2025/02/03 20:48:15 ET]
Table 'Genoveva' 6-max Seat #5 is the button
Seat 1: Dima_Olen ($2.36 in chips) 
Seat 2: m0nTTu ($15 in chips) 
Seat 3: BumHuntKing ($120.22 in chips) 
Seat 4: SorinS28 ($116.80 in chips) 
Seat 5: skars07 ($100 in chips) 
Seat 6: ru_ruu_ru ($123.27 in chips) 
ru_ruu_ru: posts small blind $0.50
Dima_Olen: posts big blind $1
*** HOLE CARDS ***
m0nTTu: folds 
BumHuntKing: folds 
SorinS28: folds 
skars07: folds 
ru_ruu_ru: folds 
Uncalled bet ($0.50) returned to Dima_Olen
Dima_Olen collected $1 from pot
*** SUMMARY ***
Total pot $1 | Rake $0 
Seat 1: Dima_Olen (big blind) collected ($1)
Seat 2: m0nTTu folded before Flop (didn't bet)
Seat 3: BumHuntKing folded before Flop (didn't bet)
Seat 4: SorinS28 folded before Flop (didn't bet)
Seat 5: skars07 (button) folded before Flop (didn't bet)
Seat 6: ru_ruu_ru (small blind) folded before Flop



PokerStars Hand #254697599636:  Hold'em No Limit ($0.50/$1.00 USD) - 2025/02/03 1:48:35 WET [2025/02/03 20:48:35 ET]
Table 'Genoveva' 6-max Seat #6 is the button
Seat 1: Dima_Olen ($2.86 in chips) 
Seat 2: m0nTTu ($15 in chips) 
Seat 3: BumHuntKing ($120.22 in chips) 
Seat 4: SorinS28 ($116.80 in chips) 
Seat 5: skars07 ($100 in chips) 
Seat 6: ru_ruu_ru ($122.77 in chips) 
Dima_Olen: posts small blind $0.50
m0nTTu: posts big blind $1
*** HOLE CARDS ***
BumHuntKing: folds 
SorinS28: folds 
skars07: folds 
ru_ruu_ru: folds 
Dima_Olen: calls $0.50
m0nTTu: raises $14 to $15 and is all-in
Dima_Olen: calls $1.86 and is all-in
Uncalled bet ($12.14) returned to m0nTTu
*** FLOP *** [Ac As 8s]
*** TURN *** [Ac As 8s] [7c]
*** RIVER *** [Ac As 8s 7c] [5c]
*** SHOW DOWN ***
Dima_Olen: shows [3c 9c] (a flush, Ace high)
m0nTTu: shows [2h Ah] (three of a kind, Aces)
Dima_Olen collected $5.43 from pot
*** SUMMARY ***
Total pot $5.72 | Rake $0.29 
Board [Ac As 8s 7c 5c]
Seat 1: Dima_Olen (small blind) showed [3c 9c] and won ($5.43) with a flush, Ace high
Seat 2: m0nTTu (big blind) showed [2h Ah] and lost with three of a kind, Aces
Seat 3: BumHuntKing folded before Flop (didn't bet)
Seat 4: SorinS28 folded before Flop (didn't bet)
Seat 5: skars07 folded before Flop (didn't bet)
Seat 6: ru_ruu_ru (button) folded before Flop (didn't bet)



PokerStars Hand #254697604823:  Hold'em No Limit ($0.50/$1.00 USD) - 2025/02/03 1:49:06 WET [2025/02/03 20:49:06 ET]
Table 'Genoveva' 6-max Seat #1 is the button
Seat 1: Dima_Olen ($5.43 in chips) 
Seat 2: m0nTTu ($12.14 in chips) 
Seat 3: BumHuntKing ($120.22 in chips) 
Seat 4: SorinS28 ($116.80 in chips) 
Seat 5: skars07 ($100 in chips) 
Seat 6: ru_ruu_ru ($122.77 in chips) 
m0nTTu: posts small blind $0.50
BumHuntKing: posts big blind $1
*** HOLE CARDS ***
SorinS28: folds 
skars07: folds 
ru_ruu_ru: folds 
Dima_Olen: folds 
m0nTTu: folds 
Uncalled bet ($0.50) returned to BumHuntKing
BumHuntKing collected $1 from pot
BumHuntKing: doesn't show hand 
*** SUMMARY ***
Total pot $1 | Rake $0 
Seat 1: Dima_Olen (button) folded before Flop (didn't bet)
Seat 2: m0nTTu (small blind) folded before Flop
Seat 3: BumHuntKing (big blind) collected ($1)
Seat 4: SorinS28 folded before Flop (didn't bet)
Seat 5: skars07 folded before Flop (didn't bet)
Seat 6: ru_ruu_ru folded before Flop (didn't bet)



PokerStars Hand #254697606894:  Hold'em No Limit ($0.50/$1.00 USD) - 2025/02/03 1:49:19 WET [2025/02/03 20:49:19 ET]
Table 'Genoveva' 6-max Seat #2 is the button
Seat 1: Dima_Olen ($5.43 in chips) 
Seat 2: m0nTTu ($11.64 in chips) 
Seat 3: BumHuntKing ($120.72 in chips) 
Seat 4: SorinS28 ($116.80 in chips) 
Seat 5: skars07 ($100 in chips) 
Seat 6: ru_ruu_ru ($122.77 in chips) 
BumHuntKing: posts small blind $0.50
SorinS28: posts big blind $1
*** HOLE CARDS ***
skars07: folds 
ru_ruu_ru: folds 
Dima_Olen: folds 
m0nTTu: raises $10.64 to $11.64 and is all-in
BumHuntKing: folds 
SorinS28: folds 
Uncalled bet ($10.64) returned to m0nTTu
m0nTTu collected $2.50 from pot
m0nTTu: doesn't show hand 
*** SUMMARY ***
Total pot $2.50 | Rake $0 
Seat 1: Dima_Olen folded before Flop (didn't bet)
Seat 2: m0nTTu (button) collected ($2.50)
Seat 3: BumHuntKing (small blind) folded before Flop
Seat 4: SorinS28 (big blind) folded before Flop
Seat 5: skars07 folded before Flop (didn't bet)
Seat 6: ru_ruu_ru folded before Flop (didn't bet)



PokerStars Hand #254697610024:  Hold'em No Limit ($0.50/$1.00 USD) - 2025/02/03 1:49:38 WET [2025/02/03 20:49:38 ET]
Table 'Genoveva' 6-max Seat #3 is the button
Seat 1: Dima_Olen ($5.43 in chips) 
Seat 2: m0nTTu ($13.14 in chips) 
Seat 3: BumHuntKing ($120.22 in chips) 
Seat 4: SorinS28 ($115.80 in chips) 
Seat 5: skars07 ($100 in chips) 
Seat 6: ru_ruu_ru ($122.77 in chips) 
SorinS28: posts small blind $0.50
skars07: posts big blind $1
*** HOLE CARDS ***
ru_ruu_ru: folds 
Dima_Olen: folds 
m0nTTu: folds 
BumHuntKing: folds 
SorinS28: folds 
Uncalled bet ($0.50) returned to skars07
skars07 collected $1 from pot
skars07: doesn't show hand 
*** SUMMARY ***
Total pot $1 | Rake $0 
Seat 1: Dima_Olen folded before Flop (didn't bet)
Seat 2: m0nTTu folded before Flop (didn't bet)
Seat 3: BumHuntKing (button) folded before Flop (didn't bet)
Seat 4: SorinS28 (small blind) folded before Flop
Seat 5: skars07 (big blind) collected ($1)
Seat 6: ru_ruu_ru folded before Flop (didn't bet)



PokerStars Hand #254697613664:  Hold'em No Limit ($0.50/$1.00 USD) - 2025/02/03 1:50:00 WET [2025/02/03 20:50:00 ET]
Table 'Genoveva' 6-max Seat #4 is the button
Seat 1: Dima_Olen ($5.43 in chips) 
Seat 2: m0nTTu ($13.14 in chips) 
Seat 3: BumHuntKing ($120.22 in chips) 
Seat 4: SorinS28 ($115.30 in chips) 
Seat 5: skars07 ($100.50 in chips) 
Seat 6: ru_ruu_ru ($122.77 in chips) 
skars07: posts small blind $0.50
ru_ruu_ru: posts big blind $1
*** HOLE CARDS ***
Dima_Olen: folds 
m0nTTu: folds 
BumHuntKing: folds 
SorinS28: folds 
skars07: raises $2 to $3
ru_ruu_ru: folds 
Uncalled bet ($2) returned to skars07
skars07 collected $2 from pot
skars07: doesn't show hand 
*** SUMMARY ***
Total pot $2 | Rake $0 
Seat 1: Dima_Olen folded before Flop (didn't bet)
Seat 2: m0nTTu folded before Flop (didn't bet)
Seat 3: BumHuntKing folded before Flop (didn't bet)
Seat 4: SorinS28 (button) folded before Flop (didn't bet)
Seat 5: skars07 (small blind) collected ($2)
Seat 6: ru_ruu_ru (big blind) folded before Flop



PokerStars Hand #254697616365:  Hold'em No Limit ($0.50/$1.00 USD) - 2025/02/03 1:50:17 WET [2025/02/03 20:50:17 ET]
Table 'Genoveva' 6-max Seat #5 is the button
Seat 1: Dima_Olen ($5.43 in chips) 
Seat 2: m0nTTu ($13.14 in chips) 
Seat 3: BumHuntKing ($120.22 in chips) 
Seat 4: SorinS28 ($115.30 in chips) 
Seat 5: skars07 ($101.50 in chips) 
Seat 6: ru_ruu_ru ($121.77 in chips) 
ru_ruu_ru: posts small blind $0.50
Dima_Olen: posts big blind $1
*** HOLE CARDS ***
m0nTTu: folds 
BumHuntKing: raises $1.20 to $2.20
SorinS28: folds 
skars07: folds 
ru_ruu_ru: folds 
Dima_Olen: calls $1.20
*** FLOP *** [6h Jc Kc]
Dima_Olen: checks 
BumHuntKing: bets $1.54
Dima_Olen: folds 
Uncalled bet ($1.54) returned to BumHuntKing
BumHuntKing collected $4.66 from pot
BumHuntKing: doesn't show hand 
*** SUMMARY ***
Total pot $4.90 | Rake $0.24 
Board [6h Jc Kc]
Seat 1: Dima_Olen (big blind) folded on the Flop
Seat 2: m0nTTu folded before Flop (didn't bet)
Seat 3: BumHuntKing collected ($4.66)
Seat 4: SorinS28 folded before Flop (didn't bet)
Seat 5: skars07 (button) folded before Flop (didn't bet)
Seat 6: ru_ruu_ru (small blind) folded before Flop



PokerStars Hand #254697623340:  Hold'em No Limit ($0.50/$1.00 USD) - 2025/02/03 1:50:59 WET [2025/02/03 20:50:59 ET]
Table 'Genoveva' 6-max Seat #6 is the button
Seat 1: Dima_Olen ($3.23 in chips) 
Seat 2: m0nTTu ($13.14 in chips) 
Seat 3: BumHuntKing ($122.68 in chips) 
Seat 4: SorinS28 ($115.30 in chips) 
Seat 5: skars07 ($101.50 in chips) 
Seat 6: ru_ruu_ru ($121.27 in chips) 
Dima_Olen: posts small blind $0.50
m0nTTu: posts big blind $1
*** HOLE CARDS ***
BumHuntKing: raises $1.20 to $2.20
SorinS28: folds 
skars07: folds 
ru_ruu_ru: folds 
Dima_Olen: raises $1.03 to $3.23 and is all-in
m0nTTu: folds 
BumHuntKing: calls $1.03
*** FLOP *** [9c 3d 6d]
*** TURN *** [9c 3d 6d] [5d]
*** RIVER *** [9c 3d 6d 5d] [Kc]
*** SHOW DOWN ***
Dima_Olen: shows [9d Kh] (two pair, Kings and Nines)
BumHuntKing: shows [Ts Jh] (high card King)
Dima_Olen collected $7.09 from pot
*** SUMMARY ***
Total pot $7.46 | Rake $0.37 
Board [9c 3d 6d 5d Kc]
Seat 1: Dima_Olen (small blind) showed [9d Kh] and won ($7.09) with two pair, Kings and Nines
Seat 2: m0nTTu (big blind) folded before Flop
Seat 3: BumHuntKing showed [Ts Jh] and lost with high card King
Seat 4: SorinS28 folded before Flop (didn't bet)
Seat 5: skars07 folded before Flop (didn't bet)
Seat 6: ru_ruu_ru (button) folded before Flop (didn't bet)



PokerStars Hand #254697629372:  Hold'em No Limit ($0.50/$1.00 USD) - 2025/02/03 1:51:37 WET [2025/02/03 20:51:37 ET]
Table 'Genoveva' 6-max Seat #1 is the button
Seat 1: Dima_Olen ($7.09 in chips) 
Seat 2: m0nTTu ($12.14 in chips) 
Seat 3: BumHuntKing ($119.45 in chips) 
Seat 4: SorinS28 ($115.30 in chips) 
Seat 5: skars07 ($101.50 in chips) 
Seat 6: ru_ruu_ru ($121.27 in chips) 
m0nTTu: posts small blind $0.50
BumHuntKing: posts big blind $1
*** HOLE CARDS ***
SorinS28: folds 
skars07: folds 
ru_ruu_ru: folds 
Dima_Olen: calls $1
m0nTTu: folds 
BumHuntKing: raises $7.50 to $8.50
Dima_Olen: calls $6.09 and is all-in
Uncalled bet ($1.41) returned to BumHuntKing
*** FLOP *** [8h 5c 6d]
*** TURN *** [8h 5c 6d] [Td]
*** RIVER *** [8h 5c 6d Td] [4c]
*** SHOW DOWN ***
BumHuntKing: shows [Qs Ks] (high card King)
Dima_Olen: shows [Qh Th] (a pair of Tens)
Dima_Olen cashed out the hand for $4.02 | Cash Out Fee $0.08
*** SUMMARY ***
Total pot $14.68 | Rake $0.73 
Board [8h 5c 6d Td 4c]
Seat 1: Dima_Olen (button) showed [Qh Th] and won ($13.95) with a pair of Tens (pot not awarded as player cashed out)
Seat 2: m0nTTu (small blind) folded before Flop
Seat 3: BumHuntKing (big blind) showed [Qs Ks] and lost with high card King
Seat 4: SorinS28 folded before Flop (didn't bet)
Seat 5: skars07 folded before Flop (didn't bet)
Seat 6: ru_ruu_ru folded before Flop (didn't bet)



PokerStars Hand #254697636541:  Hold'em No Limit ($0.50/$1.00 USD) - 2025/02/03 1:52:21 WET [2025/02/03 20:52:21 ET]
Table 'Genoveva' 6-max Seat #2 is the button
Seat 1: Dima_Olen ($4.02 in chips) 
Seat 2: m0nTTu ($11.64 in chips) 
Seat 3: BumHuntKing ($112.36 in chips) 
Seat 4: SorinS28 ($115.30 in chips) 
Seat 5: skars07 ($101.50 in chips) 
Seat 6: ru_ruu_ru ($121.27 in chips) 
BumHuntKing: posts small blind $0.50
SorinS28: posts big blind $1
*** HOLE CARDS ***
skars07: folds 
ru_ruu_ru: folds 
Dima_Olen: folds 
m0nTTu: folds 
BumHuntKing: raises $2 to $3
SorinS28: folds 
Uncalled bet ($2) returned to BumHuntKing
BumHuntKing collected $2 from pot
BumHuntKing: doesn't show hand 
*** SUMMARY ***
Total pot $2 | Rake $0 
Seat 1: Dima_Olen folded before Flop (didn't bet)
Seat 2: m0nTTu (button) folded before Flop (didn't bet)
Seat 3: BumHuntKing (small blind) collected ($2)
Seat 4: SorinS28 (big blind) folded before Flop
Seat 5: skars07 folded before Flop (didn't bet)
Seat 6: ru_ruu_ru folded before Flop (didn't bet)



PokerStars Hand #254697638843:  Hold'em No Limit ($0.50/$1.00 USD) - 2025/02/03 1:52:36 WET [2025/02/03 20:52:36 ET]
Table 'Genoveva' 6-max Seat #3 is the button
Seat 1: Dima_Olen ($4.02 in chips) 
Seat 2: m0nTTu ($11.64 in chips) 
Seat 3: BumHuntKing ($113.36 in chips) 
Seat 4: SorinS28 ($114.30 in chips) 
Seat 5: skars07 ($101.50 in chips) 
Seat 6: ru_ruu_ru ($121.27 in chips) 
SorinS28: posts small blind $0.50
skars07: posts big blind $1
*** HOLE CARDS ***
ru_ruu_ru: raises $1.20 to $2.20
Dima_Olen: raises $1.82 to $4.02 and is all-in
m0nTTu: folds 
BumHuntKing: folds 
SorinS28: folds 
skars07: folds 
ru_ruu_ru: calls $1.82
*** FLOP *** [4c 7d 4s]
*** TURN *** [4c 7d 4s] [9d]
*** RIVER *** [4c 7d 4s 9d] [Jh]
*** SHOW DOWN ***
ru_ruu_ru: shows [Ah Kd] (a pair of Fours)
Dima_Olen: shows [Ac 6c] (a pair of Fours - lower kicker)
ru_ruu_ru collected $9.06 from pot
*** SUMMARY ***
Total pot $9.54 | Rake $0.48 
Board [4c 7d 4s 9d Jh]
Seat 1: Dima_Olen showed [Ac 6c] and lost with a pair of Fours
Seat 2: m0nTTu folded before Flop (didn't bet)
Seat 3: BumHuntKing (button) folded before Flop (didn't bet)
Seat 4: SorinS28 (small blind) folded before Flop
Seat 5: skars07 (big blind) folded before Flop
Seat 6: ru_ruu_ru showed [Ah Kd] and won ($9.06) with a pair of Fours



PokerStars Hand #254697642621:  Hold'em No Limit ($0.50/$1.00 USD) - 2025/02/03 1:52:59 WET [2025/02/03 20:52:59 ET]
Table 'Genoveva' 6-max Seat #4 is the button
Seat 1: Dima_Olen ($0 in chips) is sitting out
Seat 2: m0nTTu ($11.64 in chips) 
Seat 3: BumHuntKing ($113.36 in chips) 
Seat 4: SorinS28 ($113.80 in chips) 
Seat 5: skars07 ($100.50 in chips) 
Seat 6: ru_ruu_ru ($126.31 in chips) 
skars07: posts small blind $0.50
ru_ruu_ru: posts big blind $1
*** HOLE CARDS ***
m0nTTu: folds 
BumHuntKing: folds 
SorinS28: folds 
Dima_Olen leaves the table
skars07: raises $2 to $3
ru_ruu_ru: folds 
Uncalled bet ($2) returned to skars07
skars07 collected $2 from pot
skars07: doesn't show hand 
*** SUMMARY ***
Total pot $2 | Rake $0 
Seat 1: Dima_Olen
Seat 2: m0nTTu folded before Flop (didn't bet)
Seat 3: BumHuntKing folded before Flop (didn't bet)
Seat 4: SorinS28 (button) folded before Flop (didn't bet)
Seat 5: skars07 (small blind) collected ($2)
Seat 6: ru_ruu_ru (big blind) folded before Flop



PokerStars Hand #254697647074:  Hold'em No Limit ($0.50/$1.00 USD) - 2025/02/03 1:53:26 WET [2025/02/03 20:53:26 ET]
Table 'Genoveva' 6-max Seat #5 is the button
Seat 2: m0nTTu ($11.64 in chips) is sitting out
Seat 3: BumHuntKing ($113.36 in chips) 
Seat 4: SorinS28 ($113.80 in chips) 
Seat 5: skars07 ($101.50 in chips) 
Seat 6: ru_ruu_ru ($125.31 in chips) 
ru_ruu_ru: posts small blind $0.50
m0nTTu: is sitting out 
BumHuntKing: posts big blind $1
*** HOLE CARDS ***
SorinS28: raises $1.30 to $2.30
skars07: folds 
m0nTTu leaves the table
ru_ruu_ru: folds 
BumHuntKing: calls $1.30
*** FLOP *** [9d Js 2h]
BumHuntKing: checks 
SorinS28: bets $1.36
BumHuntKing: folds 
Uncalled bet ($1.36) returned to SorinS28
SorinS28 collected $4.84 from pot
SorinS28: doesn't show hand 
*** SUMMARY ***
Total pot $5.10 | Rake $0.26 
Board [9d Js 2h]
Seat 2: m0nTTu
Seat 3: BumHuntKing (big blind) folded on the Flop
Seat 4: SorinS28 collected ($4.84)
Seat 5: skars07 (button) folded before Flop (didn't bet)
Seat 6: ru_ruu_ru (small blind) folded before Flop



