PokerStars Hand #254687861727:  Hold'em No Limit ($0.50/$1.00 USD) - 2025/02/03 15:52:31 WET [2025/02/03 10:52:31 ET]
Table 'Cheruskia' 6-max Seat #3 is the button
Seat 5: v.sting ($109.44 in chips) is sitting out
Seat 1: Maximysss85 ($100 in chips) 
Seat 2: VahTang_89 ($102 in chips) 
Seat 3: gudrozd ($149.50 in chips) 
Seat 4: ReVeu710 ($100 in chips) 
Seat 6: wiley2025 ($40.67 in chips) 
ReVeu710: posts small blind $0.50
v.sting: is sitting out 
wiley2025: posts big blind $1
*** HOLE CARDS ***
Maximysss85: folds 
Maximysss85 leaves the table
VahTang_89: raises $1.20 to $2.20
gudrozd: folds 
ReVeu710: folds 
wiley2025: calls $1.20
*** FLOP *** [Qc 7d Ad]
v.sting leaves the table
wiley2025: checks 
VahTang_89: bets $3.08
wiley2025: folds 
Uncalled bet ($3.08) returned to VahTang_89
VahTang_89 collected $4.66 from pot
VahTang_89: doesn't show hand 
*** SUMMARY ***
Total pot $4.90 | Rake $0.24 
Board [Qc 7d Ad]
Seat 5: v.sting
Seat 1: Maximysss85 folded before Flop (didn't bet)
Seat 2: VahTang_89 collected ($4.66)
Seat 3: gudrozd (button) folded before Flop (didn't bet)
Seat 4: ReVeu710 (small blind) folded before Flop
Seat 6: wiley2025 (big blind) folded on the Flop



PokerStars Hand #254687865644:  Hold'em No Limit ($0.50/$1.00 USD) - 2025/02/03 15:52:50 WET [2025/02/03 10:52:50 ET]
Table 'Cheruskia' 6-max Seat #4 is the button
Seat 2: VahTang_89 ($104.46 in chips) 
Seat 3: gudrozd ($149.50 in chips) 
Seat 4: ReVeu710 ($100 in chips) 
Seat 6: wiley2025 ($38.47 in chips) 
wiley2025: posts small blind $0.50
VahTang_89: posts big blind $1
*** HOLE CARDS ***
gudrozd: raises $1.50 to $2.50
ReVeu710: calls $2.50
wiley2025: calls $2
VahTang_89: folds 
*** FLOP *** [4d 7s Ah]
wiley2025: checks 
gudrozd: checks 
ReVeu710: bets $2.67
wiley2025: calls $2.67
gudrozd: calls $2.67
*** TURN *** [4d 7s Ah] [4c]
Burlica2013 joins the table at seat #5 
kuhclemO joins the table at seat #1 
wiley2025: checks 
gudrozd: checks 
ReVeu710: checks 
*** RIVER *** [4d 7s Ah 4c] [7d]
wiley2025: checks 
gudrozd: checks 
ReVeu710: checks 
*** SHOW DOWN ***
wiley2025: shows [2d Ac] (two pair, Aces and Sevens)
gudrozd: mucks hand 
ReVeu710: shows [Ad Td] (two pair, Aces and Sevens - Ten kicker)
ReVeu710 collected $15.68 from pot
*** SUMMARY ***
Total pot $16.51 | Rake $0.83 
Board [4d 7s Ah 4c 7d]
Seat 2: VahTang_89 (big blind) folded before Flop
Seat 3: gudrozd mucked
Seat 4: ReVeu710 (button) showed [Ad Td] and won ($15.68) with two pair, Aces and Sevens
Seat 6: wiley2025 (small blind) showed [2d Ac] and lost with two pair, Aces and Sevens



PokerStars Hand #254687877498:  Hold'em No Limit ($0.50/$1.00 USD) - 2025/02/03 15:53:45 WET [2025/02/03 10:53:45 ET]
Table 'Cheruskia' 6-max Seat #6 is the button
Seat 1: kuhclemO ($40 in chips) is sitting out
Seat 5: Burlica2013 ($100 in chips) is sitting out
Seat 2: VahTang_89 ($103.46 in chips) 
Seat 3: gudrozd ($144.33 in chips) 
Seat 4: ReVeu710 ($110.51 in chips) 
Seat 6: wiley2025 ($33.30 in chips) 
VahTang_89: posts small blind $0.50
gudrozd: posts big blind $1
Burlica2013: sits out 
*** HOLE CARDS ***
ReVeu710: folds 
wiley2025: calls $1
VahTang_89: folds 
gudrozd: checks 
*** FLOP *** [Jd 9h Ts]
gudrozd: checks 
wiley2025: checks 
*** TURN *** [Jd 9h Ts] [Jh]
gudrozd: checks 
wiley2025: bets $1
gudrozd: calls $1
*** RIVER *** [Jd 9h Ts Jh] [7h]
gudrozd: checks 
wiley2025: checks 
*** SHOW DOWN ***
gudrozd: shows [4c Ks] (a pair of Jacks)
wiley2025: shows [As 4h] (a pair of Jacks - Ace kicker)
wiley2025 collected $4.28 from pot
*** SUMMARY ***
Total pot $4.50 | Rake $0.22 
Board [Jd 9h Ts Jh 7h]
Seat 1: kuhclemO
Seat 5: Burlica2013
Seat 2: VahTang_89 (small blind) folded before Flop
Seat 3: gudrozd (big blind) showed [4c Ks] and lost with a pair of Jacks
Seat 4: ReVeu710 folded before Flop (didn't bet)
Seat 6: wiley2025 (button) showed [As 4h] and won ($4.28) with a pair of Jacks



PokerStars Hand #254687884956:  Hold'em No Limit ($0.50/$1.00 USD) - 2025/02/03 15:54:21 WET [2025/02/03 10:54:21 ET]
Table 'Cheruskia' 6-max Seat #2 is the button
Seat 1: kuhclemO ($40 in chips) is sitting out
Seat 4: ReVeu710 ($110.51 in chips) is sitting out
Seat 2: VahTang_89 ($102.96 in chips) 
Seat 3: gudrozd ($142.33 in chips) 
Seat 5: Burlica2013 ($100 in chips) 
Seat 6: wiley2025 ($35.58 in chips) 
gudrozd: posts small blind $0.50
ReVeu710: is sitting out 
Burlica2013: posts big blind $1
kuhclemO: sits out 
*** HOLE CARDS ***
wiley2025: folds 
VahTang_89: folds 
gudrozd: raises $2 to $3
ReVeu710 leaves the table
Burlica2013: raises $6 to $9
gudrozd: folds 
Uncalled bet ($6) returned to Burlica2013
sta$igk joins the table at seat #4 
Burlica2013 collected $6 from pot
Burlica2013: doesn't show hand 
*** SUMMARY ***
Total pot $6 | Rake $0 
Seat 1: kuhclemO
Seat 4: ReVeu710
Seat 2: VahTang_89 (button) folded before Flop (didn't bet)
Seat 3: gudrozd (small blind) folded before Flop
Seat 5: Burlica2013 (big blind) collected ($6)
Seat 6: wiley2025 folded before Flop (didn't bet)



PokerStars Hand #254687888801:  Hold'em No Limit ($0.50/$1.00 USD) - 2025/02/03 15:54:39 WET [2025/02/03 10:54:39 ET]
Table 'Cheruskia' 6-max Seat #3 is the button
Seat 1: kuhclemO ($40 in chips) is sitting out
Seat 4: sta$igk ($100 in chips) is sitting out
Seat 2: VahTang_89 ($102.96 in chips) 
Seat 3: gudrozd ($139.33 in chips) 
Seat 5: Burlica2013 ($103 in chips) 
Seat 6: wiley2025 ($35.58 in chips) 
Burlica2013: posts small blind $0.50
wiley2025: posts big blind $1
kuhclemO: sits out 
*** HOLE CARDS ***
VahTang_89: folds 
gudrozd: raises $1.50 to $2.50
Burlica2013: folds 
wiley2025: calls $1.50
*** FLOP *** [5s 9s 9c]
wiley2025: checks 
gudrozd: bets $1.72
wiley2025: calls $1.72
*** TURN *** [5s 9s 9c] [Td]
wiley2025: checks 
gudrozd: bets $2.80
wiley2025: folds 
Uncalled bet ($2.80) returned to gudrozd
gudrozd collected $8.49 from pot
gudrozd: doesn't show hand 
*** SUMMARY ***
Total pot $8.94 | Rake $0.45 
Board [5s 9s 9c Td]
Seat 1: kuhclemO
Seat 4: sta$igk
Seat 2: VahTang_89 folded before Flop (didn't bet)
Seat 3: gudrozd (button) collected ($8.49)
Seat 5: Burlica2013 (small blind) folded before Flop
Seat 6: wiley2025 (big blind) folded on the Turn



PokerStars Hand #254687896547:  Hold'em No Limit ($0.50/$1.00 USD) - 2025/02/03 15:55:18 WET [2025/02/03 10:55:18 ET]
Table 'Cheruskia' 6-max Seat #5 is the button
Seat 4: sta$igk ($100 in chips) is sitting out
Seat 1: kuhclemO ($40 in chips) 
Seat 2: VahTang_89 ($102.96 in chips) 
Seat 3: gudrozd ($143.60 in chips) 
Seat 5: Burlica2013 ($102.50 in chips) 
Seat 6: wiley2025 ($31.36 in chips) 
wiley2025: posts small blind $0.50
kuhclemO: posts big blind $1
sta$igk: sits out 
*** HOLE CARDS ***
VahTang_89: folds 
gudrozd: folds 
Burlica2013: raises $1.45 to $2.45
wiley2025: raises $28.91 to $31.36 and is all-in
kuhclemO: folds 
Burlica2013: folds 
Uncalled bet ($28.91) returned to wiley2025
wiley2025 collected $5.90 from pot
*** SUMMARY ***
Total pot $5.90 | Rake $0 
Seat 4: sta$igk
Seat 1: kuhclemO (big blind) folded before Flop
Seat 2: VahTang_89 folded before Flop (didn't bet)
Seat 3: gudrozd folded before Flop (didn't bet)
Seat 5: Burlica2013 (button) folded before Flop
Seat 6: wiley2025 (small blind) collected ($5.90)



PokerStars Hand #254687900840:  Hold'em No Limit ($0.50/$1.00 USD) - 2025/02/03 15:55:45 WET [2025/02/03 10:55:45 ET]
Table 'Cheruskia' 6-max Seat #6 is the button
Seat 4: sta$igk ($100 in chips) is sitting out
Seat 1: kuhclemO ($40 in chips) 
Seat 2: VahTang_89 ($102.96 in chips) 
Seat 3: gudrozd ($143.60 in chips) 
Seat 5: Burlica2013 ($100.05 in chips) 
Seat 6: wiley2025 ($34.81 in chips) 
kuhclemO: posts small blind $0.50
VahTang_89: posts big blind $1
sta$igk: sits out 
*** HOLE CARDS ***
gudrozd: folds 
Burlica2013: folds 
wiley2025: folds 
kuhclemO: raises $2 to $3
VahTang_89: calls $2
*** FLOP *** [9s 7d Qh]
kuhclemO: bets $1.88
VahTang_89: calls $1.88
*** TURN *** [9s 7d Qh] [7s]
kuhclemO: checks 
VahTang_89: bets $6.12
kuhclemO: folds 
Uncalled bet ($6.12) returned to VahTang_89
VahTang_89 collected $9.27 from pot
VahTang_89: doesn't show hand 
*** SUMMARY ***
Total pot $9.76 | Rake $0.49 
Board [9s 7d Qh 7s]
Seat 4: sta$igk
Seat 1: kuhclemO (small blind) folded on the Turn
Seat 2: VahTang_89 (big blind) collected ($9.27)
Seat 3: gudrozd folded before Flop (didn't bet)
Seat 5: Burlica2013 folded before Flop (didn't bet)
Seat 6: wiley2025 (button) folded before Flop (didn't bet)



PokerStars Hand #254687911358:  Hold'em No Limit ($0.50/$1.00 USD) - 2025/02/03 15:56:50 WET [2025/02/03 10:56:50 ET]
Table 'Cheruskia' 6-max Seat #1 is the button
Seat 4: sta$igk ($100 in chips) is sitting out
Seat 1: kuhclemO ($40 in chips) 
Seat 2: VahTang_89 ($107.35 in chips) 
Seat 3: gudrozd ($143.60 in chips) 
Seat 5: Burlica2013 ($100.05 in chips) 
Seat 6: wiley2025 ($34.81 in chips) 
VahTang_89: posts small blind $0.50
gudrozd: posts big blind $1
sta$igk: sits out 
*** HOLE CARDS ***
Burlica2013: folds 
wiley2025: folds 
kuhclemO: folds 
VahTang_89: raises $2 to $3
gudrozd: raises $6 to $9
VahTang_89: folds 
Uncalled bet ($6) returned to gudrozd
gudrozd collected $6 from pot
gudrozd: doesn't show hand 
*** SUMMARY ***
Total pot $6 | Rake $0 
Seat 4: sta$igk
Seat 1: kuhclemO (button) folded before Flop (didn't bet)
Seat 2: VahTang_89 (small blind) folded before Flop
Seat 3: gudrozd (big blind) collected ($6)
Seat 5: Burlica2013 folded before Flop (didn't bet)
Seat 6: wiley2025 folded before Flop (didn't bet)



PokerStars Hand #254687915763:  Hold'em No Limit ($0.50/$1.00 USD) - 2025/02/03 15:57:18 WET [2025/02/03 10:57:18 ET]
Table 'Cheruskia' 6-max Seat #2 is the button
Seat 1: kuhclemO ($40 in chips) 
Seat 2: VahTang_89 ($104.35 in chips) 
Seat 3: gudrozd ($146.60 in chips) 
Seat 4: sta$igk ($100 in chips) 
Seat 5: Burlica2013 ($100.05 in chips) 
Seat 6: wiley2025 ($34.81 in chips) 
gudrozd: posts small blind $0.50
sta$igk: posts big blind $1
*** HOLE CARDS ***
Burlica2013: folds 
wiley2025: folds 
kuhclemO: folds 
VahTang_89: raises $1.20 to $2.20
gudrozd: folds 
sta$igk: folds 
Uncalled bet ($1.20) returned to VahTang_89
VahTang_89 collected $2.50 from pot
VahTang_89: doesn't show hand 
*** SUMMARY ***
Total pot $2.50 | Rake $0 
Seat 1: kuhclemO folded before Flop (didn't bet)
Seat 2: VahTang_89 (button) collected ($2.50)
Seat 3: gudrozd (small blind) folded before Flop
Seat 4: sta$igk (big blind) folded before Flop
Seat 5: Burlica2013 folded before Flop (didn't bet)
Seat 6: wiley2025 folded before Flop (didn't bet)



PokerStars Hand #254687919010:  Hold'em No Limit ($0.50/$1.00 USD) - 2025/02/03 15:57:38 WET [2025/02/03 10:57:38 ET]
Table 'Cheruskia' 6-max Seat #3 is the button
Seat 1: kuhclemO ($40 in chips) 
Seat 2: VahTang_89 ($105.85 in chips) 
Seat 3: gudrozd ($146.10 in chips) 
Seat 4: sta$igk ($100 in chips) 
Seat 5: Burlica2013 ($100.05 in chips) 
Seat 6: wiley2025 ($34.81 in chips) 
sta$igk: posts small blind $0.50
Burlica2013: posts big blind $1
*** HOLE CARDS ***
wiley2025: folds 
kuhclemO: folds 
VahTang_89: raises $1.20 to $2.20
gudrozd: folds 
sta$igk: folds 
Burlica2013: calls $1.20
*** FLOP *** [4h 2h Td]
Burlica2013: checks 
VahTang_89: bets $3.49
Burlica2013: calls $3.49
*** TURN *** [4h 2h Td] [Qd]
Burlica2013: checks 
VahTang_89: bets $16.94
Burlica2013: folds 
Uncalled bet ($16.94) returned to VahTang_89
VahTang_89 collected $11.29 from pot
VahTang_89: doesn't show hand 
*** SUMMARY ***
Total pot $11.88 | Rake $0.59 
Board [4h 2h Td Qd]
Seat 1: kuhclemO folded before Flop (didn't bet)
Seat 2: VahTang_89 collected ($11.29)
Seat 3: gudrozd (button) folded before Flop (didn't bet)
Seat 4: sta$igk (small blind) folded before Flop
Seat 5: Burlica2013 (big blind) folded on the Turn
Seat 6: wiley2025 folded before Flop (didn't bet)



PokerStars Hand #254687928425:  Hold'em No Limit ($0.50/$1.00 USD) - 2025/02/03 15:58:37 WET [2025/02/03 10:58:37 ET]
Table 'Cheruskia' 6-max Seat #4 is the button
Seat 1: kuhclemO ($40 in chips) 
Seat 2: VahTang_89 ($111.45 in chips) 
Seat 3: gudrozd ($146.10 in chips) 
Seat 4: sta$igk ($100 in chips) 
Seat 5: Burlica2013 ($100 in chips) 
Seat 6: wiley2025 ($34.81 in chips) 
Burlica2013: posts small blind $0.50
wiley2025: posts big blind $1
*** HOLE CARDS ***
kuhclemO: folds 
VahTang_89: folds 
gudrozd: folds 
sta$igk: folds 
Burlica2013: folds 
Uncalled bet ($0.50) returned to wiley2025
wiley2025 collected $1 from pot
*** SUMMARY ***
Total pot $1 | Rake $0 
Seat 1: kuhclemO folded before Flop (didn't bet)
Seat 2: VahTang_89 folded before Flop (didn't bet)
Seat 3: gudrozd folded before Flop (didn't bet)
Seat 4: sta$igk (button) folded before Flop (didn't bet)
Seat 5: Burlica2013 (small blind) folded before Flop
Seat 6: wiley2025 (big blind) collected ($1)



PokerStars Hand #254687929960:  Hold'em No Limit ($0.50/$1.00 USD) - 2025/02/03 15:58:47 WET [2025/02/03 10:58:47 ET]
Table 'Cheruskia' 6-max Seat #5 is the button
Seat 1: kuhclemO ($40 in chips) 
Seat 2: VahTang_89 ($111.45 in chips) 
Seat 3: gudrozd ($146.10 in chips) 
Seat 4: sta$igk ($100 in chips) 
Seat 5: Burlica2013 ($100 in chips) 
Seat 6: wiley2025 ($35.31 in chips) 
wiley2025: posts small blind $0.50
kuhclemO: posts big blind $1
*** HOLE CARDS ***
VahTang_89: raises $1.20 to $2.20
gudrozd: folds 
sta$igk: folds 
Burlica2013: folds 
wiley2025: calls $1.70
kuhclemO: calls $1.20
*** FLOP *** [Jh 9s 6s]
wiley2025: bets $1
kuhclemO: calls $1
VahTang_89: raises $5.13 to $6.13
wiley2025: calls $5.13
kuhclemO: folds 
*** TURN *** [Jh 9s 6s] [8s]
wiley2025: bets $26.98 and is all-in
VahTang_89: calls $26.98
*** RIVER *** [Jh 9s 6s 8s] [7d]
*** SHOW DOWN ***
wiley2025: shows [Qs 4s] (a flush, Queen high)
VahTang_89: shows [Jc Kd] (a pair of Jacks)
wiley2025 collected $71.32 from pot
*** SUMMARY ***
Total pot $73.82 | Rake $2.50 
Board [Jh 9s 6s 8s 7d]
Seat 1: kuhclemO (big blind) folded on the Flop
Seat 2: VahTang_89 showed [Jc Kd] and lost with a pair of Jacks
Seat 3: gudrozd folded before Flop (didn't bet)
Seat 4: sta$igk folded before Flop (didn't bet)
Seat 5: Burlica2013 (button) folded before Flop (didn't bet)
Seat 6: wiley2025 (small blind) showed [Qs 4s] and won ($71.32) with a flush, Queen high



PokerStars Hand #254687939075:  Hold'em No Limit ($0.50/$1.00 USD) - 2025/02/03 15:59:43 WET [2025/02/03 10:59:43 ET]
Table 'Cheruskia' 6-max Seat #6 is the button
Seat 1: kuhclemO ($40 in chips) 
Seat 2: VahTang_89 ($100 in chips) 
Seat 3: gudrozd ($146.10 in chips) 
Seat 4: sta$igk ($100 in chips) 
Seat 5: Burlica2013 ($100 in chips) 
Seat 6: wiley2025 ($71.32 in chips) 
kuhclemO: posts small blind $0.50
VahTang_89: posts big blind $1
*** HOLE CARDS ***
gudrozd: folds 
sta$igk: folds 
Burlica2013: raises $1.25 to $2.25
wiley2025: folds 
kuhclemO: folds 
VahTang_89: folds 
Uncalled bet ($1.25) returned to Burlica2013
Burlica2013 collected $2.50 from pot
Burlica2013: doesn't show hand 
*** SUMMARY ***
Total pot $2.50 | Rake $0 
Seat 1: kuhclemO (small blind) folded before Flop
Seat 2: VahTang_89 (big blind) folded before Flop
Seat 3: gudrozd folded before Flop (didn't bet)
Seat 4: sta$igk folded before Flop (didn't bet)
Seat 5: Burlica2013 collected ($2.50)
Seat 6: wiley2025 (button) folded before Flop (didn't bet)



PokerStars Hand #254687942392:  Hold'em No Limit ($0.50/$1.00 USD) - 2025/02/03 16:00:03 WET [2025/02/03 11:00:03 ET]
Table 'Cheruskia' 6-max Seat #1 is the button
Seat 1: kuhclemO ($40 in chips) 
Seat 2: VahTang_89 ($100 in chips) 
Seat 3: gudrozd ($146.10 in chips) 
Seat 4: sta$igk ($100 in chips) 
Seat 5: Burlica2013 ($101.50 in chips) 
Seat 6: wiley2025 ($71.32 in chips) 
VahTang_89: posts small blind $0.50
gudrozd: posts big blind $1
*** HOLE CARDS ***
sta$igk: folds 
Burlica2013: folds 
wiley2025: folds 
kuhclemO: raises $1.25 to $2.25
VahTang_89: folds 
gudrozd: folds 
Uncalled bet ($1.25) returned to kuhclemO
kuhclemO collected $2.50 from pot
kuhclemO: doesn't show hand 
*** SUMMARY ***
Total pot $2.50 | Rake $0 
Seat 1: kuhclemO (button) collected ($2.50)
Seat 2: VahTang_89 (small blind) folded before Flop
Seat 3: gudrozd (big blind) folded before Flop
Seat 4: sta$igk folded before Flop (didn't bet)
Seat 5: Burlica2013 folded before Flop (didn't bet)
Seat 6: wiley2025 folded before Flop (didn't bet)



PokerStars Hand #254687947150:  Hold'em No Limit ($0.50/$1.00 USD) - 2025/02/03 16:00:33 WET [2025/02/03 11:00:33 ET]
Table 'Cheruskia' 6-max Seat #2 is the button
Seat 1: kuhclemO ($41.50 in chips) 
Seat 2: VahTang_89 ($100 in chips) 
Seat 3: gudrozd ($145.10 in chips) 
Seat 4: sta$igk ($100 in chips) 
Seat 5: Burlica2013 ($101.50 in chips) 
Seat 6: wiley2025 ($71.32 in chips) 
gudrozd: posts small blind $0.50
sta$igk: posts big blind $1
*** HOLE CARDS ***
Burlica2013: folds 
wiley2025: calls $1
kuhclemO: folds 
VahTang_89: folds 
gudrozd: raises $4 to $5
sta$igk: folds 
wiley2025: calls $4
*** FLOP *** [Td Qh 5c]
gudrozd: bets $7.84
wiley2025: calls $7.84
*** TURN *** [Td Qh 5c] [Jc]
gudrozd: checks 
wiley2025: bets $12.68
gudrozd: calls $12.68
*** RIVER *** [Td Qh 5c Jc] [9d]
gudrozd: checks 
wiley2025: bets $45.80 and is all-in
gudrozd: folds 
Uncalled bet ($45.80) returned to wiley2025
wiley2025 collected $49.54 from pot
*** SUMMARY ***
Total pot $52.04 | Rake $2.50 
Board [Td Qh 5c Jc 9d]
Seat 1: kuhclemO folded before Flop (didn't bet)
Seat 2: VahTang_89 (button) folded before Flop (didn't bet)
Seat 3: gudrozd (small blind) folded on the River
Seat 4: sta$igk (big blind) folded before Flop
Seat 5: Burlica2013 folded before Flop (didn't bet)
Seat 6: wiley2025 collected ($49.54)



PokerStars Hand #254687961895:  Hold'em No Limit ($0.50/$1.00 USD) - 2025/02/03 16:01:49 WET [2025/02/03 11:01:49 ET]
Table 'Cheruskia' 6-max Seat #3 is the button
Seat 1: kuhclemO ($100 in chips) 
Seat 2: VahTang_89 ($100 in chips) 
Seat 3: gudrozd ($119.58 in chips) 
Seat 4: sta$igk ($100 in chips) 
Seat 5: Burlica2013 ($101.50 in chips) 
Seat 6: wiley2025 ($95.34 in chips) 
sta$igk: posts small blind $0.50
Burlica2013: posts big blind $1
*** HOLE CARDS ***
wiley2025: raises $1 to $2
kuhclemO: folds 
VahTang_89: folds 
gudrozd: folds 
sta$igk: folds 
Burlica2013: calls $1
*** FLOP *** [8d Ts 2c]
Burlica2013: checks 
wiley2025: bets $1
Burlica2013: folds 
Uncalled bet ($1) returned to wiley2025
wiley2025 collected $4.28 from pot
*** SUMMARY ***
Total pot $4.50 | Rake $0.22 
Board [8d Ts 2c]
Seat 1: kuhclemO folded before Flop (didn't bet)
Seat 2: VahTang_89 folded before Flop (didn't bet)
Seat 3: gudrozd (button) folded before Flop (didn't bet)
Seat 4: sta$igk (small blind) folded before Flop
Seat 5: Burlica2013 (big blind) folded on the Flop
Seat 6: wiley2025 collected ($4.28)



PokerStars Hand #254687967009:  Hold'em No Limit ($0.50/$1.00 USD) - 2025/02/03 16:02:14 WET [2025/02/03 11:02:14 ET]
Table 'Cheruskia' 6-max Seat #4 is the button
Seat 1: kuhclemO ($100 in chips) 
Seat 2: VahTang_89 ($100 in chips) 
Seat 3: gudrozd ($119.58 in chips) 
Seat 4: sta$igk ($100 in chips) 
Seat 5: Burlica2013 ($100 in chips) 
Seat 6: wiley2025 ($97.62 in chips) 
Burlica2013: posts small blind $0.50
wiley2025: posts big blind $1
*** HOLE CARDS ***
kuhclemO: folds 
VahTang_89: folds 
gudrozd: folds 
sta$igk: raises $1.50 to $2.50
Burlica2013: folds 
wiley2025: raises $1.50 to $4
sta$igk: calls $1.50
*** FLOP *** [Qs 2s Kc]
wiley2025: checks 
sta$igk: checks 
*** TURN *** [Qs 2s Kc] [Th]
wiley2025: bets $8.08
sta$igk: raises $17.92 to $26
wiley2025: raises $67.62 to $93.62 and is all-in
sta$igk: calls $67.62
*** RIVER *** [Qs 2s Kc Th] [Jh]
*** SHOW DOWN ***
wiley2025: shows [Ah Ac] (a straight, Ten to Ace)
sta$igk: shows [Qc Td] (two pair, Queens and Tens)
wiley2025 cashed out the hand for $51.66 | Cash Out Fee $1.05
*** SUMMARY ***
Total pot $195.74 | Rake $2.50 
Board [Qs 2s Kc Th Jh]
Seat 1: kuhclemO folded before Flop (didn't bet)
Seat 2: VahTang_89 folded before Flop (didn't bet)
Seat 3: gudrozd folded before Flop (didn't bet)
Seat 4: sta$igk (button) showed [Qc Td] and lost with two pair, Queens and Tens
Seat 5: Burlica2013 (small blind) folded before Flop
Seat 6: wiley2025 (big blind) showed [Ah Ac] and won ($193.24) with a straight, Ten to Ace (pot not awarded as player cashed out)



PokerStars Hand #254687977361:  Hold'em No Limit ($0.50/$1.00 USD) - 2025/02/03 16:03:03 WET [2025/02/03 11:03:03 ET]
Table 'Cheruskia' 6-max Seat #5 is the button
Seat 1: kuhclemO ($100 in chips) 
Seat 2: VahTang_89 ($100 in chips) 
Seat 3: gudrozd ($119.58 in chips) 
Seat 4: sta$igk ($100 in chips) 
Seat 5: Burlica2013 ($100 in chips) 
Seat 6: wiley2025 ($51.66 in chips) 
wiley2025: posts small blind $0.50
kuhclemO: posts big blind $1
*** HOLE CARDS ***
VahTang_89: folds 
gudrozd: folds 
sta$igk: raises $1.50 to $2.50
Burlica2013: raises $5.53 to $8.03
wiley2025: calls $7.53
kuhclemO: folds 
sta$igk: folds 
*** FLOP *** [8h 2c 5h]
wiley2025: checks 
Burlica2013: bets $6.13
wiley2025: calls $6.13
*** TURN *** [8h 2c 5h] [5c]
wiley2025: checks 
Burlica2013: bets $85.84 and is all-in
wiley2025: folds 
Uncalled bet ($85.84) returned to Burlica2013
Burlica2013 collected $30.23 from pot
Burlica2013: doesn't show hand 
*** SUMMARY ***
Total pot $31.82 | Rake $1.59 
Board [8h 2c 5h 5c]
Seat 1: kuhclemO (big blind) folded before Flop
Seat 2: VahTang_89 folded before Flop (didn't bet)
Seat 3: gudrozd folded before Flop (didn't bet)
Seat 4: sta$igk folded before Flop
Seat 5: Burlica2013 (button) collected ($30.23)
Seat 6: wiley2025 (small blind) folded on the Turn



PokerStars Hand #254687990011:  Hold'em No Limit ($0.50/$1.00 USD) - 2025/02/03 16:04:02 WET [2025/02/03 11:04:02 ET]
Table 'Cheruskia' 6-max Seat #6 is the button
Seat 1: kuhclemO ($99 in chips) 
Seat 2: VahTang_89 ($100 in chips) 
Seat 3: gudrozd ($119.58 in chips) 
Seat 4: sta$igk ($100 in chips) 
Seat 5: Burlica2013 ($116.07 in chips) 
Seat 6: wiley2025 ($37.50 in chips) 
kuhclemO: posts small blind $0.50
VahTang_89: posts big blind $1
*** HOLE CARDS ***
gudrozd: folds 
sta$igk: folds 
Burlica2013: folds 
wiley2025: raises $2 to $3
kuhclemO: folds 
VahTang_89: folds 
Uncalled bet ($2) returned to wiley2025
wiley2025 collected $2.50 from pot
*** SUMMARY ***
Total pot $2.50 | Rake $0 
Seat 1: kuhclemO (small blind) folded before Flop
Seat 2: VahTang_89 (big blind) folded before Flop
Seat 3: gudrozd folded before Flop (didn't bet)
Seat 4: sta$igk folded before Flop (didn't bet)
Seat 5: Burlica2013 folded before Flop (didn't bet)
Seat 6: wiley2025 (button) collected ($2.50)



PokerStars Hand #254687993977:  Hold'em No Limit ($0.50/$1.00 USD) - 2025/02/03 16:04:21 WET [2025/02/03 11:04:21 ET]
Table 'Cheruskia' 6-max Seat #1 is the button
Seat 1: kuhclemO ($98.50 in chips) 
Seat 2: VahTang_89 ($100 in chips) 
Seat 3: gudrozd ($119.58 in chips) 
Seat 4: sta$igk ($100 in chips) 
Seat 5: Burlica2013 ($116.07 in chips) 
Seat 6: wiley2025 ($39 in chips) 
VahTang_89: posts small blind $0.50
gudrozd: posts big blind $1
*** HOLE CARDS ***
sta$igk: folds 
Burlica2013: folds 
wiley2025: calls $1
kuhclemO: folds 
VahTang_89: raises $3.50 to $4.50
gudrozd: folds 
wiley2025: calls $3.50
*** FLOP *** [Kh As Ks]
VahTang_89: bets $3.14
wiley2025: folds 
Uncalled bet ($3.14) returned to VahTang_89
VahTang_89 collected $9.50 from pot
VahTang_89: doesn't show hand 
*** SUMMARY ***
Total pot $10 | Rake $0.50 
Board [Kh As Ks]
Seat 1: kuhclemO (button) folded before Flop (didn't bet)
Seat 2: VahTang_89 (small blind) collected ($9.50)
Seat 3: gudrozd (big blind) folded before Flop
Seat 4: sta$igk folded before Flop (didn't bet)
Seat 5: Burlica2013 folded before Flop (didn't bet)
Seat 6: wiley2025 folded on the Flop



PokerStars Hand #254687997549:  Hold'em No Limit ($0.50/$1.00 USD) - 2025/02/03 16:04:38 WET [2025/02/03 11:04:38 ET]
Table 'Cheruskia' 6-max Seat #2 is the button
Seat 1: kuhclemO ($98.50 in chips) 
Seat 2: VahTang_89 ($105 in chips) 
Seat 3: gudrozd ($118.58 in chips) 
Seat 4: sta$igk ($100 in chips) 
Seat 5: Burlica2013 ($116.07 in chips) 
Seat 6: wiley2025 ($34.50 in chips) 
gudrozd: posts small blind $0.50
sta$igk: posts big blind $1
*** HOLE CARDS ***
Burlica2013: folds 
wiley2025: raises $2 to $3
kuhclemO: folds 
VahTang_89: folds 
gudrozd: folds 
sta$igk: folds 
Uncalled bet ($2) returned to wiley2025
wiley2025 collected $2.50 from pot
*** SUMMARY ***
Total pot $2.50 | Rake $0 
Seat 1: kuhclemO folded before Flop (didn't bet)
Seat 2: VahTang_89 (button) folded before Flop (didn't bet)
Seat 3: gudrozd (small blind) folded before Flop
Seat 4: sta$igk (big blind) folded before Flop
Seat 5: Burlica2013 folded before Flop (didn't bet)
Seat 6: wiley2025 collected ($2.50)



PokerStars Hand #254688000985:  Hold'em No Limit ($0.50/$1.00 USD) - 2025/02/03 16:04:54 WET [2025/02/03 11:04:54 ET]
Table 'Cheruskia' 6-max Seat #3 is the button
Seat 1: kuhclemO ($98.50 in chips) 
Seat 2: VahTang_89 ($105 in chips) 
Seat 3: gudrozd ($118.08 in chips) 
Seat 4: sta$igk ($100 in chips) 
Seat 5: Burlica2013 ($116.07 in chips) 
Seat 6: wiley2025 ($36 in chips) 
sta$igk: posts small blind $0.50
Burlica2013: posts big blind $1
*** HOLE CARDS ***
wiley2025: calls $1
kuhclemO: folds 
VahTang_89: folds 
gudrozd: folds 
sta$igk: raises $4 to $5
Burlica2013: folds 
wiley2025: calls $4
*** FLOP *** [8s 2h Qs]
sta$igk: bets $7
wiley2025: calls $7
*** TURN *** [8s 2h Qs] [Ac]
sta$igk: bets $27.31
wiley2025: calls $24 and is all-in
Uncalled bet ($3.31) returned to sta$igk
*** RIVER *** [8s 2h Qs Ac] [Tc]
*** SHOW DOWN ***
sta$igk: shows [Th Ah] (two pair, Aces and Tens)
wiley2025: shows [Jh Ts] (a pair of Tens)
sta$igk collected $70.50 from pot
*** SUMMARY ***
Total pot $73 | Rake $2.50 
Board [8s 2h Qs Ac Tc]
Seat 1: kuhclemO folded before Flop (didn't bet)
Seat 2: VahTang_89 folded before Flop (didn't bet)
Seat 3: gudrozd (button) folded before Flop (didn't bet)
Seat 4: sta$igk (small blind) showed [Th Ah] and won ($70.50) with two pair, Aces and Tens
Seat 5: Burlica2013 (big blind) folded before Flop
Seat 6: wiley2025 showed [Jh Ts] and lost with a pair of Tens



PokerStars Hand #254688009052:  Hold'em No Limit ($0.50/$1.00 USD) - 2025/02/03 16:05:32 WET [2025/02/03 11:05:32 ET]
Table 'Cheruskia' 6-max Seat #4 is the button
Seat 6: wiley2025 ($0 in chips) is sitting out
Seat 1: kuhclemO ($98.50 in chips) 
Seat 2: VahTang_89 ($105 in chips) 
Seat 3: gudrozd ($118.08 in chips) 
Seat 4: sta$igk ($134.50 in chips) 
Seat 5: Burlica2013 ($115.07 in chips) 
Burlica2013: posts small blind $0.50
kuhclemO: posts big blind $1
*** HOLE CARDS ***
VahTang_89: folds 
gudrozd: folds 
sta$igk: folds 
wiley2025 leaves the table
Burlica2013: folds 
Uncalled bet ($0.50) returned to kuhclemO
kuhclemO collected $1 from pot
kuhclemO: doesn't show hand 
xxxZeka joins the table at seat #6 
*** SUMMARY ***
Total pot $1 | Rake $0 
Seat 6: wiley2025
Seat 1: kuhclemO (big blind) collected ($1)
Seat 2: VahTang_89 folded before Flop (didn't bet)
Seat 3: gudrozd folded before Flop (didn't bet)
Seat 4: sta$igk (button) folded before Flop (didn't bet)
Seat 5: Burlica2013 (small blind) folded before Flop



PokerStars Hand #254688011847:  Hold'em No Limit ($0.50/$1.00 USD) - 2025/02/03 16:05:45 WET [2025/02/03 11:05:45 ET]
Table 'Cheruskia' 6-max Seat #5 is the button
Seat 6: xxxZeka ($100 in chips) is sitting out
Seat 1: kuhclemO ($99 in chips) 
Seat 2: VahTang_89 ($105 in chips) 
Seat 3: gudrozd ($118.08 in chips) 
Seat 4: sta$igk ($134.50 in chips) 
Seat 5: Burlica2013 ($114.57 in chips) 
kuhclemO: posts small blind $0.50
VahTang_89: posts big blind $1
*** HOLE CARDS ***
gudrozd: raises $1.50 to $2.50
sta$igk: raises $5.50 to $8
Burlica2013: folds 
kuhclemO: folds 
VahTang_89: folds 
xxxZeka leaves the table
gudrozd: folds 
Uncalled bet ($5.50) returned to sta$igk
sta$igk collected $6.50 from pot
sta$igk: doesn't show hand 
*** SUMMARY ***
Total pot $6.50 | Rake $0 
Seat 6: xxxZeka
Seat 1: kuhclemO (small blind) folded before Flop
Seat 2: VahTang_89 (big blind) folded before Flop
Seat 3: gudrozd folded before Flop
Seat 4: sta$igk collected ($6.50)
Seat 5: Burlica2013 (button) folded before Flop (didn't bet)



