PokerStars Hand #254683002870:  Hold'em No Limit ($0.50/$1.00 USD) - 2025/02/03 3:44:40 WET [2025/02/02 22:44:40 ET]
Table 'Vogtia' 6-max Seat #3 is the button
Seat 1: XneferX ($120.96 in chips) 
Seat 2: B1GBankroll ($103.30 in chips) 
Seat 3: Spac396 ($75.14 in chips) 
Seat 4: An1an1 ($100 in chips) 
Seat 5: G.Andrei95 ($102.50 in chips) 
Seat 6: SorinS28 ($101.08 in chips) 
An1an1: posts small blind $0.50
G.Andrei95: posts big blind $1
*** HOLE CARDS ***
SorinS28: folds 
XneferX: folds 
B1GBankroll: folds 
Spac396: calls $1
An1an1: folds 
G.Andrei95: checks 
*** FLOP *** [9h 2c 7c]
G.Andrei95: bets $1.69
Spac396: calls $1.69
*** TURN *** [9h 2c 7c] [7s]
G.Andrei95: bets $3.97
Spac396: calls $3.97
*** RIVER *** [9h 2c 7c 7s] [Ac]
G.Andrei95: checks 
Spac396: bets $9
G.Andrei95: calls $9
*** SHOW DOWN ***
Spac396: shows [5s 7d] (three of a kind, Sevens)
G.Andrei95: mucks hand 
Spac396 collected $30.23 from pot
*** SUMMARY ***
Total pot $31.82 | Rake $1.59 
Board [9h 2c 7c 7s Ac]
Seat 1: XneferX folded before Flop (didn't bet)
Seat 2: B1GBankroll folded before Flop (didn't bet)
Seat 3: Spac396 (button) showed [5s 7d] and won ($30.23) with three of a kind, Sevens
Seat 4: An1an1 (small blind) folded before Flop
Seat 5: G.Andrei95 (big blind) mucked
Seat 6: SorinS28 folded before Flop (didn't bet)



PokerStars Hand #254683008724:  Hold'em No Limit ($0.50/$1.00 USD) - 2025/02/03 3:45:36 WET [2025/02/02 22:45:36 ET]
Table 'Vogtia' 6-max Seat #4 is the button
Seat 1: XneferX ($120.96 in chips) 
Seat 2: B1GBankroll ($103.30 in chips) 
Seat 3: Spac396 ($100 in chips) 
Seat 4: An1an1 ($100 in chips) 
Seat 5: G.Andrei95 ($100 in chips) 
Seat 6: SorinS28 ($101.08 in chips) 
G.Andrei95: posts small blind $0.50
SorinS28: posts big blind $1
*** HOLE CARDS ***
XneferX: folds 
B1GBankroll: folds 
Spac396: calls $1
An1an1: folds 
G.Andrei95: folds 
SorinS28: checks 
*** FLOP *** [5d Qc Kh]
SorinS28: checks 
Spac396: checks 
*** TURN *** [5d Qc Kh] [Ac]
SorinS28: bets $1.19
Spac396: calls $1.19
*** RIVER *** [5d Qc Kh Ac] [9h]
SorinS28: bets $6.96
Spac396: folds 
Uncalled bet ($6.96) returned to SorinS28
SorinS28 collected $4.64 from pot
SorinS28: doesn't show hand 
*** SUMMARY ***
Total pot $4.88 | Rake $0.24 
Board [5d Qc Kh Ac 9h]
Seat 1: XneferX folded before Flop (didn't bet)
Seat 2: B1GBankroll folded before Flop (didn't bet)
Seat 3: Spac396 folded on the River
Seat 4: An1an1 (button) folded before Flop (didn't bet)
Seat 5: G.Andrei95 (small blind) folded before Flop
Seat 6: SorinS28 (big blind) collected ($4.64)



PokerStars Hand #254683013503:  Hold'em No Limit ($0.50/$1.00 USD) - 2025/02/03 3:46:21 WET [2025/02/02 22:46:21 ET]
Table 'Vogtia' 6-max Seat #5 is the button
Seat 1: XneferX ($120.96 in chips) 
Seat 2: B1GBankroll ($103.30 in chips) 
Seat 3: Spac396 ($97.81 in chips) 
Seat 4: An1an1 ($100 in chips) 
Seat 5: G.Andrei95 ($100 in chips) 
Seat 6: SorinS28 ($103.53 in chips) 
SorinS28: posts small blind $0.50
XneferX: posts big blind $1
*** HOLE CARDS ***
B1GBankroll: folds 
Spac396: folds 
An1an1: folds 
G.Andrei95: folds 
SorinS28: folds 
Uncalled bet ($0.50) returned to XneferX
XneferX collected $1 from pot
XneferX: doesn't show hand 
*** SUMMARY ***
Total pot $1 | Rake $0 
Seat 1: XneferX (big blind) collected ($1)
Seat 2: B1GBankroll folded before Flop (didn't bet)
Seat 3: Spac396 folded before Flop (didn't bet)
Seat 4: An1an1 folded before Flop (didn't bet)
Seat 5: G.Andrei95 (button) folded before Flop (didn't bet)
Seat 6: SorinS28 (small blind) folded before Flop



PokerStars Hand #254683014898:  Hold'em No Limit ($0.50/$1.00 USD) - 2025/02/03 3:46:34 WET [2025/02/02 22:46:34 ET]
Table 'Vogtia' 6-max Seat #6 is the button
Seat 1: XneferX ($121.46 in chips) 
Seat 2: B1GBankroll ($103.30 in chips) 
Seat 3: Spac396 ($97.81 in chips) 
Seat 4: An1an1 ($100 in chips) 
Seat 5: G.Andrei95 ($100 in chips) 
Seat 6: SorinS28 ($103.03 in chips) 
XneferX: posts small blind $0.50
B1GBankroll: posts big blind $1
*** HOLE CARDS ***
Spac396: folds 
An1an1: raises $1 to $2
G.Andrei95: folds 
SorinS28: folds 
XneferX: folds 
B1GBankroll: folds 
Uncalled bet ($1) returned to An1an1
An1an1 collected $2.50 from pot
An1an1: doesn't show hand 
*** SUMMARY ***
Total pot $2.50 | Rake $0 
Seat 1: XneferX (small blind) folded before Flop
Seat 2: B1GBankroll (big blind) folded before Flop
Seat 3: Spac396 folded before Flop (didn't bet)
Seat 4: An1an1 collected ($2.50)
Seat 5: G.Andrei95 folded before Flop (didn't bet)
Seat 6: SorinS28 (button) folded before Flop (didn't bet)



PokerStars Hand #254683016831:  Hold'em No Limit ($0.50/$1.00 USD) - 2025/02/03 3:46:52 WET [2025/02/02 22:46:52 ET]
Table 'Vogtia' 6-max Seat #1 is the button
Seat 1: XneferX ($120.96 in chips) 
Seat 2: B1GBankroll ($102.30 in chips) 
Seat 3: Spac396 ($97.81 in chips) 
Seat 4: An1an1 ($101.50 in chips) 
Seat 5: G.Andrei95 ($100 in chips) 
Seat 6: SorinS28 ($103.03 in chips) 
B1GBankroll: posts small blind $0.50
Spac396: posts big blind $1
*** HOLE CARDS ***
An1an1: folds 
G.Andrei95: folds 
SorinS28: folds 
XneferX: raises $1.77 to $2.77
B1GBankroll: folds 
Spac396: calls $1.77
*** FLOP *** [Ac 9c Kc]
Spac396: checks 
XneferX: bets $1.20
Spac396: calls $1.20
*** TURN *** [Ac 9c Kc] [4c]
Spac396: checks 
XneferX: checks 
*** RIVER *** [Ac 9c Kc 4c] [4h]
Spac396: bets $5
XneferX: folds 
Uncalled bet ($5) returned to Spac396
Spac396 collected $8.02 from pot
*** SUMMARY ***
Total pot $8.44 | Rake $0.42 
Board [Ac 9c Kc 4c 4h]
Seat 1: XneferX (button) folded on the River
Seat 2: B1GBankroll (small blind) folded before Flop
Seat 3: Spac396 (big blind) collected ($8.02)
Seat 4: An1an1 folded before Flop (didn't bet)
Seat 5: G.Andrei95 folded before Flop (didn't bet)
Seat 6: SorinS28 folded before Flop (didn't bet)



PokerStars Hand #254683023061:  Hold'em No Limit ($0.50/$1.00 USD) - 2025/02/03 3:47:50 WET [2025/02/02 22:47:50 ET]
Table 'Vogtia' 6-max Seat #2 is the button
Seat 1: XneferX ($116.99 in chips) 
Seat 2: B1GBankroll ($101.80 in chips) 
Seat 3: Spac396 ($101.86 in chips) 
Seat 4: An1an1 ($101.50 in chips) 
Seat 5: G.Andrei95 ($100 in chips) 
Seat 6: SorinS28 ($103.03 in chips) 
Spac396: posts small blind $0.50
An1an1: posts big blind $1
*** HOLE CARDS ***
G.Andrei95: folds 
SorinS28: raises $1.02 to $2.02
XneferX: folds 
B1GBankroll: folds 
Spac396: folds 
An1an1: folds 
Uncalled bet ($1.02) returned to SorinS28
SorinS28 collected $2.50 from pot
SorinS28: doesn't show hand 
*** SUMMARY ***
Total pot $2.50 | Rake $0 
Seat 1: XneferX folded before Flop (didn't bet)
Seat 2: B1GBankroll (button) folded before Flop (didn't bet)
Seat 3: Spac396 (small blind) folded before Flop
Seat 4: An1an1 (big blind) folded before Flop
Seat 5: G.Andrei95 folded before Flop (didn't bet)
Seat 6: SorinS28 collected ($2.50)



PokerStars Hand #254683025011:  Hold'em No Limit ($0.50/$1.00 USD) - 2025/02/03 3:48:09 WET [2025/02/02 22:48:09 ET]
Table 'Vogtia' 6-max Seat #3 is the button
Seat 1: XneferX ($116.99 in chips) 
Seat 2: B1GBankroll ($101.80 in chips) 
Seat 3: Spac396 ($101.36 in chips) 
Seat 4: An1an1 ($100.50 in chips) 
Seat 5: G.Andrei95 ($100 in chips) 
Seat 6: SorinS28 ($104.53 in chips) 
An1an1: posts small blind $0.50
G.Andrei95: posts big blind $1
*** HOLE CARDS ***
SorinS28: folds 
XneferX: folds 
B1GBankroll: folds 
Spac396: folds 
An1an1: folds 
Uncalled bet ($0.50) returned to G.Andrei95
G.Andrei95 collected $1 from pot
G.Andrei95: doesn't show hand 
*** SUMMARY ***
Total pot $1 | Rake $0 
Seat 1: XneferX folded before Flop (didn't bet)
Seat 2: B1GBankroll folded before Flop (didn't bet)
Seat 3: Spac396 (button) folded before Flop (didn't bet)
Seat 4: An1an1 (small blind) folded before Flop
Seat 5: G.Andrei95 (big blind) collected ($1)
Seat 6: SorinS28 folded before Flop (didn't bet)



PokerStars Hand #254683026647:  Hold'em No Limit ($0.50/$1.00 USD) - 2025/02/03 3:48:24 WET [2025/02/02 22:48:24 ET]
Table 'Vogtia' 6-max Seat #4 is the button
Seat 1: XneferX ($116.99 in chips) 
Seat 2: B1GBankroll ($101.80 in chips) 
Seat 3: Spac396 ($101.36 in chips) 
Seat 4: An1an1 ($100 in chips) 
Seat 5: G.Andrei95 ($100.50 in chips) 
Seat 6: SorinS28 ($104.53 in chips) 
G.Andrei95: posts small blind $0.50
SorinS28: posts big blind $1
*** HOLE CARDS ***
XneferX: folds 
B1GBankroll: folds 
Spac396: calls $1
An1an1: folds 
G.Andrei95: calls $0.50
SorinS28: checks 
*** FLOP *** [Qs 3h 5d]
G.Andrei95: checks 
SorinS28: checks 
Spac396: bets $3
G.Andrei95: folds 
SorinS28: folds 
Uncalled bet ($3) returned to Spac396
Spac396 collected $2.85 from pot
*** SUMMARY ***
Total pot $3 | Rake $0.15 
Board [Qs 3h 5d]
Seat 1: XneferX folded before Flop (didn't bet)
Seat 2: B1GBankroll folded before Flop (didn't bet)
Seat 3: Spac396 collected ($2.85)
Seat 4: An1an1 (button) folded before Flop (didn't bet)
Seat 5: G.Andrei95 (small blind) folded on the Flop
Seat 6: SorinS28 (big blind) folded on the Flop



PokerStars Hand #254683030597:  Hold'em No Limit ($0.50/$1.00 USD) - 2025/02/03 3:49:02 WET [2025/02/02 22:49:02 ET]
Table 'Vogtia' 6-max Seat #5 is the button
Seat 1: XneferX ($116.99 in chips) 
Seat 2: B1GBankroll ($101.80 in chips) 
Seat 3: Spac396 ($103.21 in chips) 
Seat 4: An1an1 ($100 in chips) 
Seat 5: G.Andrei95 ($100 in chips) 
Seat 6: SorinS28 ($103.53 in chips) 
SorinS28: posts small blind $0.50
XneferX: posts big blind $1
*** HOLE CARDS ***
B1GBankroll: folds 
Spac396: calls $1
An1an1: raises $5 to $6
G.Andrei95: folds 
SorinS28: folds 
XneferX: folds 
Spac396: calls $5
*** FLOP *** [3d 6h Js]
Spac396: checks 
An1an1: bets $3.08
Spac396: calls $3.08
*** TURN *** [3d 6h Js] [7h]
Spac396: checks 
G.Andrei95 leaves the table
joaquin612 joins the table at seat #5 
An1an1: checks 
*** RIVER *** [3d 6h Js 7h] [6d]
Spac396: bets $8
SorinS28 leaves the table
An1an1: calls $8
*** SHOW DOWN ***
Spac396: shows [9c 9d] (two pair, Nines and Sixes)
An1an1: mucks hand 
Spac396 collected $33.88 from pot
*** SUMMARY ***
Total pot $35.66 | Rake $1.78 
Board [3d 6h Js 7h 6d]
Seat 1: XneferX (big blind) folded before Flop
Seat 2: B1GBankroll folded before Flop (didn't bet)
Seat 3: Spac396 showed [9c 9d] and won ($33.88) with two pair, Nines and Sixes
Seat 4: An1an1 mucked
Seat 5: G.Andrei95 (button) folded before Flop (didn't bet)
Seat 6: SorinS28 (small blind) folded before Flop



PokerStars Hand #254683039358:  Hold'em No Limit ($0.50/$1.00 USD) - 2025/02/03 3:50:27 WET [2025/02/02 22:50:27 ET]
Table 'Vogtia' 6-max Seat #1 is the button
Seat 5: joaquin612 ($100 in chips) is sitting out
Seat 1: XneferX ($115.99 in chips) 
Seat 2: B1GBankroll ($101.80 in chips) 
Seat 3: Spac396 ($120.01 in chips) 
Seat 4: An1an1 ($100 in chips) 
B1GBankroll: posts small blind $0.50
Spac396: posts big blind $1
joaquin612: sits out 
*** HOLE CARDS ***
An1an1: raises $1 to $2
m0nTTu joins the table at seat #6 
XneferX: folds 
B1GBankroll: folds 
Spac396: calls $1
*** FLOP *** [9h Ad 5d]
Spac396: checks 
An1an1: bets $1.03
Spac396: raises $2.03 to $3.06
An1an1: calls $2.03
*** TURN *** [9h Ad 5d] [Qc]
Spac396: bets $1
An1an1: calls $1
*** RIVER *** [9h Ad 5d Qc] [8s]
Spac396: bets $1
An1an1: raises $1.99 to $2.99
Spac396: calls $1.99
*** SHOW DOWN ***
An1an1: shows [7s As] (a pair of Aces)
Spac396: mucks hand 
An1an1 collected $17.67 from pot
*** SUMMARY ***
Total pot $18.60 | Rake $0.93 
Board [9h Ad 5d Qc 8s]
Seat 5: joaquin612
Seat 1: XneferX (button) folded before Flop (didn't bet)
Seat 2: B1GBankroll (small blind) folded before Flop
Seat 3: Spac396 (big blind) mucked
Seat 4: An1an1 showed [7s As] and won ($17.67) with a pair of Aces



PokerStars Hand #254683047164:  Hold'em No Limit ($0.50/$1.00 USD) - 2025/02/03 3:51:43 WET [2025/02/02 22:51:43 ET]
Table 'Vogtia' 6-max Seat #2 is the button
Seat 5: joaquin612 ($100 in chips) is sitting out
Seat 6: m0nTTu ($10 in chips) is sitting out
Seat 1: XneferX ($115.99 in chips) 
Seat 2: B1GBankroll ($101.30 in chips) 
Seat 3: Spac396 ($110.96 in chips) 
Seat 4: An1an1 ($108.62 in chips) 
Spac396: posts small blind $0.50
An1an1: posts big blind $1
joaquin612: sits out 
m0nTTu: sits out 
*** HOLE CARDS ***
XneferX: raises $1.30 to $2.30
B1GBankroll: folds 
Spac396: folds 
An1an1: folds 
Uncalled bet ($1.30) returned to XneferX
XneferX collected $2.50 from pot
XneferX: doesn't show hand 
*** SUMMARY ***
Total pot $2.50 | Rake $0 
Seat 5: joaquin612
Seat 6: m0nTTu
Seat 1: XneferX collected ($2.50)
Seat 2: B1GBankroll (button) folded before Flop (didn't bet)
Seat 3: Spac396 (small blind) folded before Flop
Seat 4: An1an1 (big blind) folded before Flop



PokerStars Hand #254683048442:  Hold'em No Limit ($0.50/$1.00 USD) - 2025/02/03 3:51:56 WET [2025/02/02 22:51:56 ET]
Table 'Vogtia' 6-max Seat #3 is the button
Seat 6: m0nTTu ($10 in chips) is sitting out
Seat 1: XneferX ($117.49 in chips) 
Seat 2: B1GBankroll ($101.30 in chips) 
Seat 3: Spac396 ($110.46 in chips) 
Seat 4: An1an1 ($107.62 in chips) 
Seat 5: joaquin612 ($100 in chips) 
An1an1: posts small blind $0.50
joaquin612: posts big blind $1
m0nTTu: sits out 
*** HOLE CARDS ***
XneferX: raises $1.10 to $2.10
B1GBankroll: folds 
Spac396: folds 
An1an1: raises $9.90 to $12
joaquin612: folds 
XneferX: folds 
Uncalled bet ($9.90) returned to An1an1
An1an1 collected $5.20 from pot
An1an1: doesn't show hand 
*** SUMMARY ***
Total pot $5.20 | Rake $0 
Seat 6: m0nTTu
Seat 1: XneferX folded before Flop
Seat 2: B1GBankroll folded before Flop (didn't bet)
Seat 3: Spac396 (button) folded before Flop (didn't bet)
Seat 4: An1an1 (small blind) collected ($5.20)
Seat 5: joaquin612 (big blind) folded before Flop



PokerStars Hand #254683051443:  Hold'em No Limit ($0.50/$1.00 USD) - 2025/02/03 3:52:25 WET [2025/02/02 22:52:25 ET]
Table 'Vogtia' 6-max Seat #4 is the button
Seat 1: XneferX ($115.39 in chips) 
Seat 2: B1GBankroll ($101.30 in chips) 
Seat 3: Spac396 ($110.46 in chips) 
Seat 4: An1an1 ($110.72 in chips) 
Seat 5: joaquin612 ($100 in chips) 
Seat 6: m0nTTu ($10 in chips) 
joaquin612: posts small blind $0.50
m0nTTu: posts big blind $1
*** HOLE CARDS ***
XneferX: folds 
B1GBankroll: folds 
Spac396: calls $1
An1an1: folds 
joaquin612: calls $0.50
m0nTTu: checks 
*** FLOP *** [Tc 7s 5c]
joaquin612: checks 
m0nTTu: bets $9 and is all-in
Spac396: folds 
joaquin612: folds 
Uncalled bet ($9) returned to m0nTTu
m0nTTu collected $2.85 from pot
m0nTTu: doesn't show hand 
*** SUMMARY ***
Total pot $3 | Rake $0.15 
Board [Tc 7s 5c]
Seat 1: XneferX folded before Flop (didn't bet)
Seat 2: B1GBankroll folded before Flop (didn't bet)
Seat 3: Spac396 folded on the Flop
Seat 4: An1an1 (button) folded before Flop (didn't bet)
Seat 5: joaquin612 (small blind) folded on the Flop
Seat 6: m0nTTu (big blind) collected ($2.85)



PokerStars Hand #254683056457:  Hold'em No Limit ($0.50/$1.00 USD) - 2025/02/03 3:53:15 WET [2025/02/02 22:53:15 ET]
Table 'Vogtia' 6-max Seat #5 is the button
Seat 1: XneferX ($115.39 in chips) 
Seat 2: B1GBankroll ($101.30 in chips) 
Seat 3: Spac396 ($109.46 in chips) 
Seat 4: An1an1 ($110.72 in chips) 
Seat 5: joaquin612 ($100 in chips) 
Seat 6: m0nTTu ($11.85 in chips) 
m0nTTu: posts small blind $0.50
XneferX: posts big blind $1
*** HOLE CARDS ***
B1GBankroll: folds 
Spac396: calls $1
An1an1: folds 
joaquin612: folds 
m0nTTu: raises $10.85 to $11.85 and is all-in
XneferX: folds 
Spac396: calls $10.85
*** FLOP *** [8c 2c Td]
*** TURN *** [8c 2c Td] [Ad]
*** RIVER *** [8c 2c Td Ad] [Th]
*** SHOW DOWN ***
m0nTTu: shows [Ts Tc] (four of a kind, Tens)
Spac396: shows [Ah Jc] (two pair, Aces and Tens)
m0nTTu collected $23.46 from pot
*** SUMMARY ***
Total pot $24.70 | Rake $1.24 
Board [8c 2c Td Ad Th]
Seat 1: XneferX (big blind) folded before Flop
Seat 2: B1GBankroll folded before Flop (didn't bet)
Seat 3: Spac396 showed [Ah Jc] and lost with two pair, Aces and Tens
Seat 4: An1an1 folded before Flop (didn't bet)
Seat 5: joaquin612 (button) folded before Flop (didn't bet)
Seat 6: m0nTTu (small blind) showed [Ts Tc] and won ($23.46) with four of a kind, Tens



PokerStars Hand #254683059374:  Hold'em No Limit ($0.50/$1.00 USD) - 2025/02/03 3:53:43 WET [2025/02/02 22:53:43 ET]
Table 'Vogtia' 6-max Seat #6 is the button
Seat 1: XneferX ($114.39 in chips) 
Seat 2: B1GBankroll ($101.30 in chips) 
Seat 3: Spac396 ($97.61 in chips) 
Seat 4: An1an1 ($110.72 in chips) 
Seat 5: joaquin612 ($100 in chips) 
Seat 6: m0nTTu ($100 in chips) 
XneferX: posts small blind $0.50
B1GBankroll: posts big blind $1
*** HOLE CARDS ***
Spac396: folds 
An1an1: folds 
joaquin612: folds 
m0nTTu: folds 
XneferX: folds 
Uncalled bet ($0.50) returned to B1GBankroll
B1GBankroll collected $1 from pot
B1GBankroll: doesn't show hand 
*** SUMMARY ***
Total pot $1 | Rake $0 
Seat 1: XneferX (small blind) folded before Flop
Seat 2: B1GBankroll (big blind) collected ($1)
Seat 3: Spac396 folded before Flop (didn't bet)
Seat 4: An1an1 folded before Flop (didn't bet)
Seat 5: joaquin612 folded before Flop (didn't bet)
Seat 6: m0nTTu (button) folded before Flop (didn't bet)



PokerStars Hand #254683061742:  Hold'em No Limit ($0.50/$1.00 USD) - 2025/02/03 3:54:06 WET [2025/02/02 22:54:06 ET]
Table 'Vogtia' 6-max Seat #1 is the button
Seat 1: XneferX ($113.89 in chips) 
Seat 2: B1GBankroll ($101.80 in chips) 
Seat 3: Spac396 ($97.61 in chips) 
Seat 4: An1an1 ($110.72 in chips) 
Seat 5: joaquin612 ($100 in chips) 
Seat 6: m0nTTu ($100 in chips) 
B1GBankroll: posts small blind $0.50
Spac396: posts big blind $1
*** HOLE CARDS ***
An1an1: folds 
joaquin612: folds 
m0nTTu: raises $1.50 to $2.50
XneferX: calls $2.50
B1GBankroll: folds 
Spac396: calls $1.50
*** FLOP *** [8h Kh 3d]
Spac396: checks 
m0nTTu: checks 
XneferX: bets $3.88
Spac396: calls $3.88
m0nTTu: folds 
*** TURN *** [8h Kh 3d] [Jc]
Spac396: bets $1
XneferX: raises $8.65 to $9.65
Spac396: calls $8.65
*** RIVER *** [8h Kh 3d Jc] [3s]
Spac396: checks 
XneferX: bets $11.33
Spac396: folds 
Uncalled bet ($11.33) returned to XneferX
XneferX collected $33.31 from pot
XneferX: doesn't show hand 
*** SUMMARY ***
Total pot $35.06 | Rake $1.75 
Board [8h Kh 3d Jc 3s]
Seat 1: XneferX (button) collected ($33.31)
Seat 2: B1GBankroll (small blind) folded before Flop
Seat 3: Spac396 (big blind) folded on the River
Seat 4: An1an1 folded before Flop (didn't bet)
Seat 5: joaquin612 folded before Flop (didn't bet)
Seat 6: m0nTTu folded on the Flop



PokerStars Hand #254683071254:  Hold'em No Limit ($0.50/$1.00 USD) - 2025/02/03 3:55:47 WET [2025/02/02 22:55:47 ET]
Table 'Vogtia' 6-max Seat #2 is the button
Seat 1: XneferX ($131.17 in chips) 
Seat 2: B1GBankroll ($101.30 in chips) 
Seat 3: Spac396 ($100 in chips) 
Seat 4: An1an1 ($110.72 in chips) 
Seat 5: joaquin612 ($100 in chips) 
Seat 6: m0nTTu ($97.50 in chips) 
Spac396: posts small blind $0.50
An1an1: posts big blind $1
*** HOLE CARDS ***
joaquin612: folds 
m0nTTu: raises $1.50 to $2.50
XneferX: folds 
B1GBankroll: folds 
Spac396: calls $2
An1an1: folds 
*** FLOP *** [Qs 2d Qd]
Spac396: checks 
m0nTTu: bets $1.88
Spac396: folds 
Uncalled bet ($1.88) returned to m0nTTu
m0nTTu collected $5.70 from pot
m0nTTu: doesn't show hand 
*** SUMMARY ***
Total pot $6 | Rake $0.30 
Board [Qs 2d Qd]
Seat 1: XneferX folded before Flop (didn't bet)
Seat 2: B1GBankroll (button) folded before Flop (didn't bet)
Seat 3: Spac396 (small blind) folded on the Flop
Seat 4: An1an1 (big blind) folded before Flop
Seat 5: joaquin612 folded before Flop (didn't bet)
Seat 6: m0nTTu collected ($5.70)



PokerStars Hand #254683073316:  Hold'em No Limit ($0.50/$1.00 USD) - 2025/02/03 3:56:12 WET [2025/02/02 22:56:12 ET]
Table 'Vogtia' 6-max Seat #3 is the button
Seat 1: XneferX ($131.17 in chips) 
Seat 2: B1GBankroll ($101.30 in chips) 
Seat 3: Spac396 ($97.50 in chips) 
Seat 4: An1an1 ($109.72 in chips) 
Seat 5: joaquin612 ($100 in chips) 
Seat 6: m0nTTu ($100.70 in chips) 
An1an1: posts small blind $0.50
joaquin612: posts big blind $1
*** HOLE CARDS ***
m0nTTu: folds 
XneferX: folds 
B1GBankroll: folds 
Spac396: calls $1
An1an1: folds 
joaquin612: checks 
*** FLOP *** [7c 9h 3h]
joaquin612: checks 
Spac396: checks 
*** TURN *** [7c 9h 3h] [8d]
joaquin612: checks 
Spac396: checks 
*** RIVER *** [7c 9h 3h 8d] [2d]
joaquin612: bets $1.31
Spac396: folds 
Uncalled bet ($1.31) returned to joaquin612
joaquin612 collected $2.38 from pot
joaquin612: doesn't show hand 
*** SUMMARY ***
Total pot $2.50 | Rake $0.12 
Board [7c 9h 3h 8d 2d]
Seat 1: XneferX folded before Flop (didn't bet)
Seat 2: B1GBankroll folded before Flop (didn't bet)
Seat 3: Spac396 (button) folded on the River
Seat 4: An1an1 (small blind) folded before Flop
Seat 5: joaquin612 (big blind) collected ($2.38)
Seat 6: m0nTTu folded before Flop (didn't bet)



PokerStars Hand #254683077039:  Hold'em No Limit ($0.50/$1.00 USD) - 2025/02/03 3:56:57 WET [2025/02/02 22:56:57 ET]
Table 'Vogtia' 6-max Seat #4 is the button
Seat 1: XneferX ($131.17 in chips) 
Seat 2: B1GBankroll ($101.30 in chips) 
Seat 3: Spac396 ($96.50 in chips) 
Seat 4: An1an1 ($109.22 in chips) 
Seat 5: joaquin612 ($101.38 in chips) 
Seat 6: m0nTTu ($100.70 in chips) 
joaquin612: posts small blind $0.50
m0nTTu: posts big blind $1
*** HOLE CARDS ***
XneferX: folds 
B1GBankroll: folds 
Spac396: calls $1
An1an1: folds 
joaquin612: calls $0.50
m0nTTu: checks 
*** FLOP *** [8c 4h Th]
joaquin612: bets $1.57
m0nTTu: folds 
Spac396: calls $1.57
*** TURN *** [8c 4h Th] [9d]
joaquin612: checks 
Spac396: checks 
*** RIVER *** [8c 4h Th 9d] [8s]
joaquin612: bets $14.50
Spac396: folds 
Uncalled bet ($14.50) returned to joaquin612
joaquin612 collected $5.83 from pot
joaquin612: doesn't show hand 
*** SUMMARY ***
Total pot $6.14 | Rake $0.31 
Board [8c 4h Th 9d 8s]
Seat 1: XneferX folded before Flop (didn't bet)
Seat 2: B1GBankroll folded before Flop (didn't bet)
Seat 3: Spac396 folded on the River
Seat 4: An1an1 (button) folded before Flop (didn't bet)
Seat 5: joaquin612 (small blind) collected ($5.83)
Seat 6: m0nTTu (big blind) folded on the Flop



PokerStars Hand #254683081214:  Hold'em No Limit ($0.50/$1.00 USD) - 2025/02/03 3:57:48 WET [2025/02/02 22:57:48 ET]
Table 'Vogtia' 6-max Seat #5 is the button
Seat 1: XneferX ($131.17 in chips) 
Seat 2: B1GBankroll ($101.30 in chips) 
Seat 3: Spac396 ($93.93 in chips) 
Seat 4: An1an1 ($109.22 in chips) 
Seat 5: joaquin612 ($104.64 in chips) 
Seat 6: m0nTTu ($99.70 in chips) 
m0nTTu: posts small blind $0.50
XneferX: posts big blind $1
*** HOLE CARDS ***
B1GBankroll: folds 
Spac396: folds 
An1an1: folds 
joaquin612 has timed out
joaquin612: folds 
m0nTTu: folds 
Uncalled bet ($0.50) returned to XneferX
XneferX collected $1 from pot
XneferX: doesn't show hand 
*** SUMMARY ***
Total pot $1 | Rake $0 
Seat 1: XneferX (big blind) collected ($1)
Seat 2: B1GBankroll folded before Flop (didn't bet)
Seat 3: Spac396 folded before Flop (didn't bet)
Seat 4: An1an1 folded before Flop (didn't bet)
Seat 5: joaquin612 (button) folded before Flop (didn't bet)
Seat 6: m0nTTu (small blind) folded before Flop



PokerStars Hand #254683083082:  Hold'em No Limit ($0.50/$1.00 USD) - 2025/02/03 3:58:11 WET [2025/02/02 22:58:11 ET]
Table 'Vogtia' 6-max Seat #6 is the button
Seat 1: XneferX ($131.67 in chips) 
Seat 2: B1GBankroll ($101.30 in chips) 
Seat 3: Spac396 ($100 in chips) 
Seat 4: An1an1 ($109.22 in chips) 
Seat 5: joaquin612 ($104.64 in chips) 
Seat 6: m0nTTu ($99.20 in chips) 
XneferX: posts small blind $0.50
B1GBankroll: posts big blind $1
*** HOLE CARDS ***
Spac396: calls $1
An1an1: folds 
joaquin612: raises $2.50 to $3.50
m0nTTu: raises $6.50 to $10
XneferX: folds 
B1GBankroll: folds 
Spac396: folds 
joaquin612: folds 
Uncalled bet ($6.50) returned to m0nTTu
m0nTTu collected $9.50 from pot
m0nTTu: doesn't show hand 
*** SUMMARY ***
Total pot $9.50 | Rake $0 
Seat 1: XneferX (small blind) folded before Flop
Seat 2: B1GBankroll (big blind) folded before Flop
Seat 3: Spac396 folded before Flop
Seat 4: An1an1 folded before Flop (didn't bet)
Seat 5: joaquin612 folded before Flop
Seat 6: m0nTTu (button) collected ($9.50)



PokerStars Hand #254683086056:  Hold'em No Limit ($0.50/$1.00 USD) - 2025/02/03 3:58:48 WET [2025/02/02 22:58:48 ET]
Table 'Vogtia' 6-max Seat #1 is the button
Seat 1: XneferX ($131.17 in chips) 
Seat 2: B1GBankroll ($100.30 in chips) 
Seat 3: Spac396 ($99 in chips) 
Seat 4: An1an1 ($109.22 in chips) 
Seat 5: joaquin612 ($101.14 in chips) 
Seat 6: m0nTTu ($105.20 in chips) 
B1GBankroll: posts small blind $0.50
Spac396: posts big blind $1
*** HOLE CARDS ***
An1an1: raises $1 to $2
joaquin612: folds 
m0nTTu: folds 
XneferX: folds 
B1GBankroll: folds 
Spac396: raises $3 to $5
An1an1: calls $3
*** FLOP *** [6h Kd 2h]
Spac396: bets $4
An1an1: calls $4
*** TURN *** [6h Kd 2h] [8h]
Spac396: bets $4
An1an1: calls $4
*** RIVER *** [6h Kd 2h 8h] [3c]
Spac396: bets $2
An1an1: calls $2
*** SHOW DOWN ***
Spac396: shows [Tc Kc] (a pair of Kings)
An1an1: mucks hand 
Spac396 collected $28.98 from pot
*** SUMMARY ***
Total pot $30.50 | Rake $1.52 
Board [6h Kd 2h 8h 3c]
Seat 1: XneferX (button) folded before Flop (didn't bet)
Seat 2: B1GBankroll (small blind) folded before Flop
Seat 3: Spac396 (big blind) showed [Tc Kc] and won ($28.98) with a pair of Kings
Seat 4: An1an1 mucked
Seat 5: joaquin612 folded before Flop (didn't bet)
Seat 6: m0nTTu folded before Flop (didn't bet)



PokerStars Hand #254683090316:  Hold'em No Limit ($0.50/$1.00 USD) - 2025/02/03 3:59:41 WET [2025/02/02 22:59:41 ET]
Table 'Vogtia' 6-max Seat #2 is the button
Seat 1: XneferX ($131.17 in chips) 
Seat 2: B1GBankroll ($100 in chips) 
Seat 3: Spac396 ($112.98 in chips) 
Seat 4: An1an1 ($100 in chips) 
Seat 5: joaquin612 ($101.14 in chips) 
Seat 6: m0nTTu ($105.20 in chips) 
Spac396: posts small blind $0.50
An1an1: posts big blind $1
*** HOLE CARDS ***
joaquin612: folds 
m0nTTu: folds 
XneferX: folds 
B1GBankroll: raises $1.50 to $2.50
Spac396: folds 
An1an1: folds 
Uncalled bet ($1.50) returned to B1GBankroll
B1GBankroll collected $2.50 from pot
B1GBankroll: doesn't show hand 
*** SUMMARY ***
Total pot $2.50 | Rake $0 
Seat 1: XneferX folded before Flop (didn't bet)
Seat 2: B1GBankroll (button) collected ($2.50)
Seat 3: Spac396 (small blind) folded before Flop
Seat 4: An1an1 (big blind) folded before Flop
Seat 5: joaquin612 folded before Flop (didn't bet)
Seat 6: m0nTTu folded before Flop (didn't bet)



PokerStars Hand #254683091737:  Hold'em No Limit ($0.50/$1.00 USD) - 2025/02/03 3:59:59 WET [2025/02/02 22:59:59 ET]
Table 'Vogtia' 6-max Seat #3 is the button
Seat 1: XneferX ($131.17 in chips) 
Seat 2: B1GBankroll ($101.50 in chips) 
Seat 3: Spac396 ($112.48 in chips) 
Seat 4: An1an1 ($100 in chips) 
Seat 5: joaquin612 ($101.14 in chips) 
Seat 6: m0nTTu ($105.20 in chips) 
An1an1: posts small blind $0.50
joaquin612: posts big blind $1
*** HOLE CARDS ***
m0nTTu: folds 
XneferX: raises $1.10 to $2.10
B1GBankroll: folds 
Spac396: folds 
An1an1: folds 
joaquin612: folds 
Uncalled bet ($1.10) returned to XneferX
XneferX collected $2.50 from pot
XneferX: doesn't show hand 
*** SUMMARY ***
Total pot $2.50 | Rake $0 
Seat 1: XneferX collected ($2.50)
Seat 2: B1GBankroll folded before Flop (didn't bet)
Seat 3: Spac396 (button) folded before Flop (didn't bet)
Seat 4: An1an1 (small blind) folded before Flop
Seat 5: joaquin612 (big blind) folded before Flop
Seat 6: m0nTTu folded before Flop (didn't bet)



PokerStars Hand #254683093228:  Hold'em No Limit ($0.50/$1.00 USD) - 2025/02/03 4:00:17 WET [2025/02/02 23:00:17 ET]
Table 'Vogtia' 6-max Seat #4 is the button
Seat 1: XneferX ($132.67 in chips) 
Seat 2: B1GBankroll ($101.50 in chips) 
Seat 3: Spac396 ($112.48 in chips) 
Seat 4: An1an1 ($100 in chips) 
Seat 5: joaquin612 ($100.14 in chips) 
Seat 6: m0nTTu ($105.20 in chips) 
joaquin612: posts small blind $0.50
m0nTTu: posts big blind $1
*** HOLE CARDS ***
XneferX: raises $1.10 to $2.10
B1GBankroll: raises $5.23 to $7.33
Spac396: calls $7.33
An1an1: folds 
joaquin612: folds 
m0nTTu: folds 
XneferX: folds 
*** FLOP *** [Js 5c Jc]
B1GBankroll: bets $8.50
Spac396: raises $96.65 to $105.15 and is all-in
B1GBankroll: calls $85.67 and is all-in
Uncalled bet ($10.98) returned to Spac396
*** TURN *** [Js 5c Jc] [7h]
*** RIVER *** [Js 5c Jc 7h] [8h]
*** SHOW DOWN ***
B1GBankroll: shows [Qc Qs] (two pair, Queens and Jacks)
Spac396: shows [2s As] (a pair of Jacks)
B1GBankroll collected $204.10 from pot
*** SUMMARY ***
Total pot $206.60 | Rake $2.50 
Board [Js 5c Jc 7h 8h]
Seat 1: XneferX folded before Flop
Seat 2: B1GBankroll showed [Qc Qs] and won ($204.10) with two pair, Queens and Jacks
Seat 3: Spac396 showed [2s As] and lost with a pair of Jacks
Seat 4: An1an1 (button) folded before Flop (didn't bet)
Seat 5: joaquin612 (small blind) folded before Flop
Seat 6: m0nTTu (big blind) folded before Flop



PokerStars Hand #254683100914:  Hold'em No Limit ($0.50/$1.00 USD) - 2025/02/03 4:01:40 WET [2025/02/02 23:01:40 ET]
Table 'Vogtia' 6-max Seat #5 is the button
Seat 1: XneferX ($130.57 in chips) 
Seat 2: B1GBankroll ($204.10 in chips) 
Seat 3: Spac396 ($10.98 in chips) 
Seat 4: An1an1 ($100 in chips) 
Seat 5: joaquin612 ($100 in chips) 
Seat 6: m0nTTu ($104.20 in chips) 
m0nTTu: posts small blind $0.50
XneferX: posts big blind $1
*** HOLE CARDS ***
B1GBankroll: folds 
Spac396: folds 
Spac396 leaves the table
An1an1: raises $1 to $2
joaquin612: folds 
m0nTTu: folds 
XneferX: calls $1
*** FLOP *** [Td Tc 4h]
XneferX: checks 
An1an1: bets $1.03
XneferX: raises $3.23 to $4.26
An1an1: calls $3.23
*** TURN *** [Td Tc 4h] [8c]
XneferX: bets $8.29
An1an1: folds 
Uncalled bet ($8.29) returned to XneferX
XneferX collected $12.37 from pot
XneferX: doesn't show hand 
*** SUMMARY ***
Total pot $13.02 | Rake $0.65 
Board [Td Tc 4h 8c]
Seat 1: XneferX (big blind) collected ($12.37)
Seat 2: B1GBankroll folded before Flop (didn't bet)
Seat 3: Spac396 folded before Flop (didn't bet)
Seat 4: An1an1 folded on the Turn
Seat 5: joaquin612 (button) folded before Flop (didn't bet)
Seat 6: m0nTTu (small blind) folded before Flop



PokerStars Hand #254683108679:  Hold'em No Limit ($0.50/$1.00 USD) - 2025/02/03 4:03:00 WET [2025/02/02 23:03:00 ET]
Table 'Vogtia' 6-max Seat #6 is the button
Seat 1: XneferX ($136.68 in chips) 
Seat 2: B1GBankroll ($204.10 in chips) 
Seat 4: An1an1 ($100 in chips) 
Seat 5: joaquin612 ($100 in chips) 
Seat 6: m0nTTu ($103.70 in chips) 
XneferX: posts small blind $0.50
B1GBankroll: posts big blind $1
*** HOLE CARDS ***
An1an1: raises $1 to $2
joaquin612: folds 
m0nTTu: folds 
XneferX: folds 
B1GBankroll: folds 
Uncalled bet ($1) returned to An1an1
An1an1 collected $2.50 from pot
An1an1: doesn't show hand 
*** SUMMARY ***
Total pot $2.50 | Rake $0 
Seat 1: XneferX (small blind) folded before Flop
Seat 2: B1GBankroll (big blind) folded before Flop
Seat 4: An1an1 collected ($2.50)
Seat 5: joaquin612 folded before Flop (didn't bet)
Seat 6: m0nTTu (button) folded before Flop (didn't bet)



