PokerStars Hand #254698379995:  Hold'em No Limit ($0.50/$1.00 USD) - 2025/02/03 3:21:51 WET [2025/02/03 22:21:51 ET]
Table 'Polyxenos' 6-max Seat #4 is the button
Seat 2: Timonessb ($100 in chips) is sitting out
Seat 1: Magnodive ($101 in chips) 
Seat 3: AnabelZago ($98.50 in chips) 
Seat 4: 50CandyJoe ($100 in chips) 
Seat 5: Nicedaymybro ($103 in chips) 
Seat 6: Rysiff ($100 in chips) 
Nicedaymybro: posts small blind $0.50
Rysiff: posts big blind $1
Timonessb: sits out 
*** HOLE CARDS ***
Magnodive: folds 
AnabelZago: folds 
50CandyJoe: raises $1.50 to $2.50
Nicedaymybro: folds 
Rysiff: folds 
Uncalled bet ($1.50) returned to 50CandyJoe
50CandyJoe collected $2.50 from pot
50CandyJoe: doesn't show hand 
*** SUMMARY ***
Total pot $2.50 | Rake $0 
Seat 2: Timonessb
Seat 1: Magnodive folded before Flop (didn't bet)
Seat 3: AnabelZago folded before Flop (didn't bet)
Seat 4: 50CandyJoe (button) collected ($2.50)
Seat 5: Nicedaymybro (small blind) folded before Flop
Seat 6: Rysiff (big blind) folded before Flop



PokerStars Hand #254698382826:  Hold'em No Limit ($0.50/$1.00 USD) - 2025/02/03 3:22:14 WET [2025/02/03 22:22:14 ET]
Table 'Polyxenos' 6-max Seat #5 is the button
Seat 2: Timonessb ($100 in chips) is sitting out
Seat 1: Magnodive ($101 in chips) 
Seat 3: AnabelZago ($98.50 in chips) 
Seat 4: 50CandyJoe ($101.50 in chips) 
Seat 5: Nicedaymybro ($102.50 in chips) 
Seat 6: Rysiff ($100 in chips) 
Rysiff: posts small blind $0.50
Magnodive: posts big blind $1
Timonessb: sits out 
*** HOLE CARDS ***
AnabelZago: folds 
50CandyJoe: folds 
Nicedaymybro: raises $1.50 to $2.50
Rysiff: folds 
Magnodive: calls $1.50
*** FLOP *** [7s 2c 6d]
Magnodive: checks 
Nicedaymybro: bets $1.72
Magnodive: calls $1.72
*** TURN *** [7s 2c 6d] [9d]
Magnodive: checks 
Nicedaymybro: checks 
*** RIVER *** [7s 2c 6d 9d] [8s]
Magnodive: checks 
Nicedaymybro: checks 
*** SHOW DOWN ***
Magnodive: shows [Qs 6s] (a pair of Sixes)
Nicedaymybro: shows [Ad 6h] (a pair of Sixes - Ace kicker)
Nicedaymybro collected $8.49 from pot
*** SUMMARY ***
Total pot $8.94 | Rake $0.45 
Board [7s 2c 6d 9d 8s]
Seat 2: Timonessb
Seat 1: Magnodive (big blind) showed [Qs 6s] and lost with a pair of Sixes
Seat 3: AnabelZago folded before Flop (didn't bet)
Seat 4: 50CandyJoe folded before Flop (didn't bet)
Seat 5: Nicedaymybro (button) showed [Ad 6h] and won ($8.49) with a pair of Sixes
Seat 6: Rysiff (small blind) folded before Flop



PokerStars Hand #254698388378:  Hold'em No Limit ($0.50/$1.00 USD) - 2025/02/03 3:23:00 WET [2025/02/03 22:23:00 ET]
Table 'Polyxenos' 6-max Seat #6 is the button
Seat 1: Magnodive ($100 in chips) 
Seat 2: Timonessb ($100 in chips) 
Seat 3: AnabelZago ($98.50 in chips) 
Seat 4: 50CandyJoe ($101.50 in chips) 
Seat 5: Nicedaymybro ($106.77 in chips) 
Seat 6: Rysiff ($100 in chips) 
Magnodive: posts small blind $0.50
Timonessb: posts big blind $1
*** HOLE CARDS ***
AnabelZago: folds 
50CandyJoe: folds 
Nicedaymybro: raises $1.50 to $2.50
Rysiff: folds 
Magnodive: folds 
Timonessb: folds 
Uncalled bet ($1.50) returned to Nicedaymybro
Nicedaymybro collected $2.50 from pot
Nicedaymybro: doesn't show hand 
*** SUMMARY ***
Total pot $2.50 | Rake $0 
Seat 1: Magnodive (small blind) folded before Flop
Seat 2: Timonessb (big blind) folded before Flop
Seat 3: AnabelZago folded before Flop (didn't bet)
Seat 4: 50CandyJoe folded before Flop (didn't bet)
Seat 5: Nicedaymybro collected ($2.50)
Seat 6: Rysiff (button) folded before Flop (didn't bet)



PokerStars Hand #254698468616:  Hold'em No Limit ($0.50/$1.00 USD) - 2025/02/03 3:34:10 WET [2025/02/03 22:34:10 ET]
Table 'Polyxenos' 6-max Seat #5 is the button
Seat 1: Magnodive ($100 in chips) 
Seat 2: Timonessb ($103.72 in chips) 
Seat 3: AnabelZago ($55.84 in chips) 
Seat 4: 50CandyJoe ($114.92 in chips) 
Seat 5: Nicedaymybro ($151.99 in chips) 
Seat 6: Rysiff ($100 in chips) 
Rysiff: posts small blind $0.50
Magnodive: posts big blind $1
*** HOLE CARDS ***
Timonessb: raises $1.30 to $2.30
AnabelZago: folds 
AnabelZago leaves the table
50CandyJoe: folds 
Nicedaymybro: folds 
Rysiff: folds 
Magnodive: folds 
Uncalled bet ($1.30) returned to Timonessb
Timonessb collected $2.50 from pot
*** SUMMARY ***
Total pot $2.50 | Rake $0 
Seat 1: Magnodive (big blind) folded before Flop
Seat 2: Timonessb collected ($2.50)
Seat 3: AnabelZago folded before Flop (didn't bet)
Seat 4: 50CandyJoe folded before Flop (didn't bet)
Seat 5: Nicedaymybro (button) folded before Flop (didn't bet)
Seat 6: Rysiff (small blind) folded before Flop



PokerStars Hand #254698470947:  Hold'em No Limit ($0.50/$1.00 USD) - 2025/02/03 3:34:30 WET [2025/02/03 22:34:30 ET]
Table 'Polyxenos' 6-max Seat #6 is the button
Seat 1: Magnodive ($100 in chips) 
Seat 2: Timonessb ($105.22 in chips) 
Seat 4: 50CandyJoe ($114.92 in chips) 
Seat 5: Nicedaymybro ($151.99 in chips) 
Seat 6: Rysiff ($100 in chips) 
Magnodive: posts small blind $0.50
Timonessb: posts big blind $1
*** HOLE CARDS ***
50CandyJoe: folds 
50CandyJoe leaves the table
Nicedaymybro: folds 
Rysiff: folds 
Magnodive: raises $2 to $3
Timonessb: folds 
Uncalled bet ($2) returned to Magnodive
Magnodive collected $2 from pot
Magnodive: doesn't show hand 
*** SUMMARY ***
Total pot $2 | Rake $0 
Seat 1: Magnodive (small blind) collected ($2)
Seat 2: Timonessb (big blind) folded before Flop
Seat 4: 50CandyJoe folded before Flop (didn't bet)
Seat 5: Nicedaymybro folded before Flop (didn't bet)
Seat 6: Rysiff (button) folded before Flop (didn't bet)



PokerStars Hand #254698473091:  Hold'em No Limit ($0.50/$1.00 USD) - 2025/02/03 3:34:48 WET [2025/02/03 22:34:48 ET]
Table 'Polyxenos' 6-max Seat #1 is the button
Seat 5: Nicedaymybro ($151.99 in chips) is sitting out
Seat 1: Magnodive ($101 in chips) 
Seat 2: Timonessb ($104.22 in chips) 
Seat 6: Rysiff ($100 in chips) 
Timonessb: posts small blind $0.50
MaRKiToScoK joins the table at seat #4 
Nicedaymybro: is sitting out 
Rysiff: posts big blind $1
*** HOLE CARDS ***
Magnodive: folds 
Timonessb: raises $2 to $3
Nicedaymybro leaves the table
Rysiff: folds 
Uncalled bet ($2) returned to Timonessb
Timonessb collected $2 from pot
*** SUMMARY ***
Total pot $2 | Rake $0 
Seat 5: Nicedaymybro
Seat 1: Magnodive (button) folded before Flop (didn't bet)
Seat 2: Timonessb (small blind) collected ($2)
Seat 6: Rysiff (big blind) folded before Flop



