PokerStars Hand #254239479967:  Hold'em No Limit ($0.50/$1.00 USD) - 2025/01/06 1:37:04 WET [2025/01/06 20:37:04 ET]
Table 'Briseis II' 6-max Seat #2 is the button
Seat 1: Rysiff ($105.77 in chips) 
Seat 2: DonTony84 ($46.09 in chips) 
Seat 3: m0nTTu ($10 in chips) 
Seat 4: kekoccc ($100 in chips) 
Seat 5: Manifestorr ($100 in chips) 
Seat 6: easy_sarcasm ($100 in chips) 
m0nTTu: posts small blind $0.50
kekoccc: posts big blind $1
*** HOLE CARDS ***
Manifestorr: folds 
easy_sarcasm: folds 
Rysiff: folds 
DonTony84: calls $1
m0nTTu: folds 
kekoccc: checks 
*** FLOP *** [9c 9s 7h]
kekoccc: checks 
DonTony84: bets $2.38
kekoccc: folds 
Uncalled bet ($2.38) returned to DonTony84
DonTony84 collected $2.35 from pot
*** SUMMARY ***
Total pot $2.50 | Rake $0.15 
Board [9c 9s 7h]
Seat 1: Rysiff folded before Flop (didn't bet)
Seat 2: DonTony84 (button) collected ($2.35)
Seat 3: m0nTTu (small blind) folded before Flop
Seat 4: kekoccc (big blind) folded on the Flop
Seat 5: Manifestorr folded before Flop (didn't bet)
Seat 6: easy_sarcasm folded before Flop (didn't bet)



PokerStars Hand #254239485233:  Hold'em No Limit ($0.50/$1.00 USD) - 2025/01/06 1:37:32 WET [2025/01/06 20:37:32 ET]
Table 'Briseis II' 6-max Seat #3 is the button
Seat 1: Rysiff ($105.77 in chips) 
Seat 2: DonTony84 ($47.44 in chips) 
Seat 3: m0nTTu ($100 in chips) 
Seat 4: kekoccc ($100 in chips) 
Seat 5: Manifestorr ($100 in chips) 
Seat 6: easy_sarcasm ($100 in chips) 
kekoccc: posts small blind $0.50
Manifestorr: posts big blind $1
*** HOLE CARDS ***
easy_sarcasm: raises $2 to $3
Rysiff: folds 
DonTony84: calls $3
m0nTTu: folds 
kekoccc: folds 
Manifestorr: folds 
*** FLOP *** [3d 4s 9d]
easy_sarcasm: checks 
DonTony84: checks 
*** TURN *** [3d 4s 9d] [3s]
easy_sarcasm: bets $3
DonTony84: folds 
Uncalled bet ($3) returned to easy_sarcasm
easy_sarcasm collected $7.12 from pot
*** SUMMARY ***
Total pot $7.50 | Rake $0.38 
Board [3d 4s 9d 3s]
Seat 1: Rysiff folded before Flop (didn't bet)
Seat 2: DonTony84 folded on the Turn
Seat 3: m0nTTu (button) folded before Flop (didn't bet)
Seat 4: kekoccc (small blind) folded before Flop
Seat 5: Manifestorr (big blind) folded before Flop
Seat 6: easy_sarcasm collected ($7.12)



PokerStars Hand #254239493674:  Hold'em No Limit ($0.50/$1.00 USD) - 2025/01/06 1:38:18 WET [2025/01/06 20:38:18 ET]
Table 'Briseis II' 6-max Seat #4 is the button
Seat 1: Rysiff ($105.77 in chips) 
Seat 2: DonTony84 ($44.44 in chips) 
Seat 3: m0nTTu ($100 in chips) 
Seat 4: kekoccc ($100 in chips) 
Seat 5: Manifestorr ($100 in chips) 
Seat 6: easy_sarcasm ($104.12 in chips) 
Manifestorr: posts small blind $0.50
easy_sarcasm: posts big blind $1
*** HOLE CARDS ***
Rysiff: folds 
DonTony84: raises $1 to $2
m0nTTu: folds 
kekoccc: folds 
Manifestorr: folds 
easy_sarcasm: raises $9 to $11
DonTony84: calls $9
*** FLOP *** [6s 7c 3s]
easy_sarcasm: checks 
DonTony84: bets $33.44 and is all-in
easy_sarcasm: calls $33.44
*** TURN *** [6s 7c 3s] [4d]
*** RIVER *** [6s 7c 3s 4d] [6h]
*** SHOW DOWN ***
easy_sarcasm: shows [7d 7s] (a full house, Sevens full of Sixes)
DonTony84: shows [Qh Tc] (a pair of Sixes)
easy_sarcasm collected $86.88 from pot
*** SUMMARY ***
Total pot $89.38 | Rake $2.50 
Board [6s 7c 3s 4d 6h]
Seat 1: Rysiff folded before Flop (didn't bet)
Seat 2: DonTony84 showed [Qh Tc] and lost with a pair of Sixes
Seat 3: m0nTTu folded before Flop (didn't bet)
Seat 4: kekoccc (button) folded before Flop (didn't bet)
Seat 5: Manifestorr (small blind) folded before Flop
Seat 6: easy_sarcasm (big blind) showed [7d 7s] and won ($86.88) with a full house, Sevens full of Sixes



PokerStars Hand #254239499402:  Hold'em No Limit ($0.50/$1.00 USD) - 2025/01/06 1:38:49 WET [2025/01/06 20:38:49 ET]
Table 'Briseis II' 6-max Seat #5 is the button
Seat 2: DonTony84 ($0 in chips) is sitting out
Seat 1: Rysiff ($105.77 in chips) 
Seat 3: m0nTTu ($100 in chips) 
Seat 4: kekoccc ($100 in chips) 
Seat 5: Manifestorr ($100 in chips) 
Seat 6: easy_sarcasm ($146.56 in chips) 
easy_sarcasm: posts small blind $0.50
Rysiff: posts big blind $1
*** HOLE CARDS ***
m0nTTu: folds 
kekoccc: raises $1.50 to $2.50
Manifestorr: folds 
easy_sarcasm: folds 
Rysiff: calls $1.50
*** FLOP *** [Qs Jc As]
Rysiff: checks 
kekoccc: bets $2.61
Rysiff: calls $2.61
*** TURN *** [Qs Jc As] [7h]
Rysiff: checks 
kekoccc: checks 
*** RIVER *** [Qs Jc As 7h] [2d]
Rysiff: bets $8.14
kekoccc: folds 
Uncalled bet ($8.14) returned to Rysiff
Rysiff collected $10.18 from pot
Rysiff: doesn't show hand 
*** SUMMARY ***
Total pot $10.72 | Rake $0.54 
Board [Qs Jc As 7h 2d]
Seat 2: DonTony84
Seat 1: Rysiff (big blind) collected ($10.18)
Seat 3: m0nTTu folded before Flop (didn't bet)
Seat 4: kekoccc folded on the River
Seat 5: Manifestorr (button) folded before Flop (didn't bet)
Seat 6: easy_sarcasm (small blind) folded before Flop



PokerStars Hand #254239510465:  Hold'em No Limit ($0.50/$1.00 USD) - 2025/01/06 1:39:49 WET [2025/01/06 20:39:49 ET]
Table 'Briseis II' 6-max Seat #6 is the button
Seat 1: Rysiff ($110.84 in chips) 
Seat 2: DonTony84 ($60.16 in chips) 
Seat 3: m0nTTu ($100 in chips) 
Seat 4: kekoccc ($100 in chips) 
Seat 5: Manifestorr ($100 in chips) 
Seat 6: easy_sarcasm ($146.06 in chips) 
Rysiff: posts small blind $0.50
DonTony84: posts big blind $1
*** HOLE CARDS ***
m0nTTu: folds 
kekoccc: folds 
Manifestorr: folds 
easy_sarcasm: raises $1.20 to $2.20
Rysiff: folds 
DonTony84: raises $1.20 to $3.40
easy_sarcasm: calls $1.20
*** FLOP *** [4s 4d 7c]
DonTony84: bets $6.94
easy_sarcasm: calls $6.94
*** TURN *** [4s 4d 7c] [Ts]
DonTony84: checks 
easy_sarcasm: checks 
*** RIVER *** [4s 4d 7c Ts] [3h]
DonTony84: bets $20.12
easy_sarcasm: calls $20.12
*** SHOW DOWN ***
DonTony84: shows [Ad Qd] (a pair of Fours)
easy_sarcasm: shows [Kd 7s] (two pair, Sevens and Fours)
easy_sarcasm collected $58.92 from pot
*** SUMMARY ***
Total pot $61.42 | Rake $2.50 
Board [4s 4d 7c Ts 3h]
Seat 1: Rysiff (small blind) folded before Flop
Seat 2: DonTony84 (big blind) showed [Ad Qd] and lost with a pair of Fours
Seat 3: m0nTTu folded before Flop (didn't bet)
Seat 4: kekoccc folded before Flop (didn't bet)
Seat 5: Manifestorr folded before Flop (didn't bet)
Seat 6: easy_sarcasm (button) showed [Kd 7s] and won ($58.92) with two pair, Sevens and Fours



PokerStars Hand #254239518472:  Hold'em No Limit ($0.50/$1.00 USD) - 2025/01/06 1:40:32 WET [2025/01/06 20:40:32 ET]
Table 'Briseis II' 6-max Seat #1 is the button
Seat 1: Rysiff ($110.34 in chips) 
Seat 2: DonTony84 ($29.70 in chips) 
Seat 3: m0nTTu ($100 in chips) 
Seat 4: kekoccc ($100 in chips) 
Seat 5: Manifestorr ($100 in chips) 
Seat 6: easy_sarcasm ($174.52 in chips) 
DonTony84: posts small blind $0.50
m0nTTu: posts big blind $1
*** HOLE CARDS ***
kekoccc: folds 
Manifestorr: folds 
easy_sarcasm: raises $2 to $3
Rysiff: raises $6 to $9
DonTony84: calls $8.50
m0nTTu: folds 
easy_sarcasm: raises $16 to $25
Rysiff: folds 
DonTony84: raises $4.70 to $29.70 and is all-in
easy_sarcasm: calls $4.70
*** FLOP *** [8d 6h Qh]
*** TURN *** [8d 6h Qh] [8h]
*** RIVER *** [8d 6h Qh 8h] [Ts]
*** SHOW DOWN ***
DonTony84: shows [3s 8c] (three of a kind, Eights)
easy_sarcasm: shows [As Ah] (two pair, Aces and Eights)
DonTony84 collected $66.28 from pot
*** SUMMARY ***
Total pot $69.40 | Rake $3.12 
Board [8d 6h Qh 8h Ts]
Seat 1: Rysiff (button) folded before Flop
Seat 2: DonTony84 (small blind) showed [3s 8c] and won ($66.28) with three of a kind, Eights
Seat 3: m0nTTu (big blind) folded before Flop
Seat 4: kekoccc folded before Flop (didn't bet)
Seat 5: Manifestorr folded before Flop (didn't bet)
Seat 6: easy_sarcasm showed [As Ah] and lost with two pair, Aces and Eights



PokerStars Hand #254239526393:  Hold'em No Limit ($0.50/$1.00 USD) - 2025/01/06 1:41:15 WET [2025/01/06 20:41:15 ET]
Table 'Briseis II' 6-max Seat #2 is the button
Seat 1: Rysiff ($101.34 in chips) 
Seat 2: DonTony84 ($66.28 in chips) 
Seat 3: m0nTTu ($99 in chips) 
Seat 4: kekoccc ($100 in chips) 
Seat 5: Manifestorr ($100 in chips) 
Seat 6: easy_sarcasm ($144.82 in chips) 
m0nTTu: posts small blind $0.50
kekoccc: posts big blind $1
*** HOLE CARDS ***
Manifestorr: raises $1.20 to $2.20
easy_sarcasm: folds 
Rysiff: folds 
DonTony84: calls $2.20
m0nTTu: folds 
kekoccc: calls $1.20
*** FLOP *** [Qh 7d 8c]
kekoccc: checks 
Manifestorr: checks 
DonTony84: checks 
*** TURN *** [Qh 7d 8c] [9d]
kekoccc: checks 
Manifestorr: checks 
DonTony84: checks 
*** RIVER *** [Qh 7d 8c 9d] [Ad]
kekoccc: checks 
Manifestorr: bets $2.22
DonTony84: raises $2.22 to $4.44
kekoccc: calls $4.44
Manifestorr: calls $2.22
*** SHOW DOWN ***
DonTony84: shows [Ah Jc] (a pair of Aces)
kekoccc: shows [Jd 8d] (a flush, Ace high)
Manifestorr: mucks hand 
kekoccc collected $19.40 from pot
*** SUMMARY ***
Total pot $20.42 | Rake $1.02 
Board [Qh 7d 8c 9d Ad]
Seat 1: Rysiff folded before Flop (didn't bet)
Seat 2: DonTony84 (button) showed [Ah Jc] and lost with a pair of Aces
Seat 3: m0nTTu (small blind) folded before Flop
Seat 4: kekoccc (big blind) showed [Jd 8d] and won ($19.40) with a flush, Ace high
Seat 5: Manifestorr mucked
Seat 6: easy_sarcasm folded before Flop (didn't bet)



PokerStars Hand #254239538332:  Hold'em No Limit ($0.50/$1.00 USD) - 2025/01/06 1:42:20 WET [2025/01/06 20:42:20 ET]
Table 'Briseis II' 6-max Seat #3 is the button
Seat 1: Rysiff ($101.34 in chips) 
Seat 2: DonTony84 ($59.64 in chips) 
Seat 3: m0nTTu ($98.50 in chips) 
Seat 4: kekoccc ($112.76 in chips) 
Seat 5: Manifestorr ($100 in chips) 
Seat 6: easy_sarcasm ($144.82 in chips) 
kekoccc: posts small blind $0.50
Manifestorr: posts big blind $1
*** HOLE CARDS ***
easy_sarcasm: raises $2 to $3
Rysiff: folds 
DonTony84: calls $3
m0nTTu: calls $3
kekoccc: folds 
Manifestorr: folds 
*** FLOP *** [5h 6s Ac]
easy_sarcasm: checks 
DonTony84: checks 
m0nTTu: bets $1.70
easy_sarcasm: folds 
DonTony84: calls $1.70
*** TURN *** [5h 6s Ac] [Kh]
DonTony84: checks 
m0nTTu: checks 
*** RIVER *** [5h 6s Ac Kh] [4h]
DonTony84: bets $6
m0nTTu: calls $6
*** SHOW DOWN ***
DonTony84: shows [Qc 2s] (high card Ace)
m0nTTu: shows [8s 8c] (a pair of Eights)
m0nTTu collected $24.60 from pot
*** SUMMARY ***
Total pot $25.90 | Rake $1.30 
Board [5h 6s Ac Kh 4h]
Seat 1: Rysiff folded before Flop (didn't bet)
Seat 2: DonTony84 showed [Qc 2s] and lost with high card Ace
Seat 3: m0nTTu (button) showed [8s 8c] and won ($24.60) with a pair of Eights
Seat 4: kekoccc (small blind) folded before Flop
Seat 5: Manifestorr (big blind) folded before Flop
Seat 6: easy_sarcasm folded on the Flop



PokerStars Hand #254239546033:  Hold'em No Limit ($0.50/$1.00 USD) - 2025/01/06 1:43:02 WET [2025/01/06 20:43:02 ET]
Table 'Briseis II' 6-max Seat #4 is the button
Seat 1: Rysiff ($101.34 in chips) 
Seat 2: DonTony84 ($48.94 in chips) 
Seat 3: m0nTTu ($112.40 in chips) 
Seat 4: kekoccc ($112.26 in chips) 
Seat 5: Manifestorr ($100 in chips) 
Seat 6: easy_sarcasm ($141.82 in chips) 
Manifestorr: posts small blind $0.50
easy_sarcasm: posts big blind $1
*** HOLE CARDS ***
Rysiff: folds 
DonTony84: calls $1
m0nTTu: folds 
kekoccc: raises $3.50 to $4.50
Manifestorr: folds 
easy_sarcasm: folds 
DonTony84: calls $3.50
*** FLOP *** [Tc 4s 5c]
DonTony84: checks 
kekoccc: bets $3.99
DonTony84: calls $3.99
*** TURN *** [Tc 4s 5c] [Kc]
DonTony84: checks 
kekoccc: bets $8.80
DonTony84: folds 
Uncalled bet ($8.80) returned to kekoccc
kekoccc collected $17.56 from pot
kekoccc: doesn't show hand 
*** SUMMARY ***
Total pot $18.48 | Rake $0.92 
Board [Tc 4s 5c Kc]
Seat 1: Rysiff folded before Flop (didn't bet)
Seat 2: DonTony84 folded on the Turn
Seat 3: m0nTTu folded before Flop (didn't bet)
Seat 4: kekoccc (button) collected ($17.56)
Seat 5: Manifestorr (small blind) folded before Flop
Seat 6: easy_sarcasm (big blind) folded before Flop



PokerStars Hand #254239676175:  Hold'em No Limit ($0.50/$1.00 USD) - 2025/01/06 1:55:10 WET [2025/01/06 20:55:10 ET]
Table 'Briseis II' 6-max Seat #6 is the button
Seat 1: Rysiff ($154.36 in chips) 
Seat 2: GP42535 ($10 in chips) 
Seat 4: cloudbreath ($47.42 in chips) 
Seat 5: easy_sarcasm ($131.82 in chips) 
Seat 6: m0nTTu ($110.62 in chips) 
Rysiff: posts small blind $0.50
GP42535: posts big blind $1
*** HOLE CARDS ***
cloudbreath: folds 
easy_sarcasm: folds 
m0nTTu: raises $1 to $2
Rysiff: folds 
GP42535: calls $1
*** FLOP *** [8s 4s 3c]
GP42535: checks 
m0nTTu: bets $8.56
GP42535: calls $8 and is all-in
Uncalled bet ($0.56) returned to m0nTTu
*** TURN *** [8s 4s 3c] [Ad]
*** RIVER *** [8s 4s 3c Ad] [6s]
*** SHOW DOWN ***
GP42535: shows [Ks 4h] (a pair of Fours)
m0nTTu: shows [Qs Kd] (high card Ace)
GP42535 collected $19.48 from pot
*** SUMMARY ***
Total pot $20.50 | Rake $1.02 
Board [8s 4s 3c Ad 6s]
Seat 1: Rysiff (small blind) folded before Flop
Seat 2: GP42535 (big blind) showed [Ks 4h] and won ($19.48) with a pair of Fours
Seat 4: cloudbreath folded before Flop (didn't bet)
Seat 5: easy_sarcasm folded before Flop (didn't bet)
Seat 6: m0nTTu (button) showed [Qs Kd] and lost with high card Ace



PokerStars Hand #254239681882:  Hold'em No Limit ($0.50/$1.00 USD) - 2025/01/06 1:55:53 WET [2025/01/06 20:55:53 ET]
Table 'Briseis II' 6-max Seat #1 is the button
Seat 1: Rysiff ($153.86 in chips) 
Seat 2: GP42535 ($19.48 in chips) 
Seat 4: cloudbreath ($47.42 in chips) 
Seat 5: easy_sarcasm ($131.82 in chips) 
Seat 6: m0nTTu ($100.62 in chips) 
GP42535: posts small blind $0.50
cloudbreath: posts big blind $1
*** HOLE CARDS ***
easy_sarcasm: folds 
S3MPR3IGUAL joins the table at seat #3 
m0nTTu: folds 
Rysiff: folds 
GP42535: calls $0.50
cloudbreath: raises $2 to $3
GP42535: calls $2
*** FLOP *** [3c Ks Tc]
GP42535: bets $2
cloudbreath: calls $2
*** TURN *** [3c Ks Tc] [7h]
GP42535: checks 
cloudbreath: bets $3.75
GP42535: calls $3.75
*** RIVER *** [3c Ks Tc 7h] [Ac]
GP42535: bets $3
cloudbreath: calls $3
*** SHOW DOWN ***
GP42535: shows [9h 9c] (a pair of Nines)
cloudbreath: shows [Ad 9d] (a pair of Aces)
cloudbreath collected $22.32 from pot
*** SUMMARY ***
Total pot $23.50 | Rake $1.18 
Board [3c Ks Tc 7h Ac]
Seat 1: Rysiff (button) folded before Flop (didn't bet)
Seat 2: GP42535 (small blind) showed [9h 9c] and lost with a pair of Nines
Seat 4: cloudbreath (big blind) showed [Ad 9d] and won ($22.32) with a pair of Aces
Seat 5: easy_sarcasm folded before Flop (didn't bet)
Seat 6: m0nTTu folded before Flop (didn't bet)



PokerStars Hand #254239687138:  Hold'em No Limit ($0.50/$1.00 USD) - 2025/01/06 1:56:33 WET [2025/01/06 20:56:33 ET]
Table 'Briseis II' 6-max Seat #2 is the button
Seat 3: S3MPR3IGUAL ($100 in chips) is sitting out
Seat 1: Rysiff ($153.86 in chips) 
Seat 2: GP42535 ($7.73 in chips) 
Seat 4: cloudbreath ($57.99 in chips) 
Seat 5: easy_sarcasm ($131.82 in chips) 
Seat 6: m0nTTu ($100.62 in chips) 
cloudbreath: posts small blind $0.50
easy_sarcasm: posts big blind $1
*** HOLE CARDS ***
m0nTTu: folds 
Rysiff: folds 
GP42535: calls $1
cloudbreath: calls $0.50
easy_sarcasm: checks 
*** FLOP *** [Jh 5c Tc]
cloudbreath: checks 
easy_sarcasm: checks 
GP42535: checks 
*** TURN *** [Jh 5c Tc] [Ks]
cloudbreath: checks 
easy_sarcasm: checks 
GP42535: checks 
*** RIVER *** [Jh 5c Tc Ks] [Th]
cloudbreath: checks 
easy_sarcasm: checks 
GP42535: checks 
*** SHOW DOWN ***
cloudbreath: shows [6d 9d] (a pair of Tens)
easy_sarcasm: shows [5d Qc] (two pair, Tens and Fives)
GP42535: mucks hand 
easy_sarcasm collected $2.85 from pot
*** SUMMARY ***
Total pot $3 | Rake $0.15 
Board [Jh 5c Tc Ks Th]
Seat 3: S3MPR3IGUAL
Seat 1: Rysiff folded before Flop (didn't bet)
Seat 2: GP42535 (button) mucked
Seat 4: cloudbreath (small blind) showed [6d 9d] and lost with a pair of Tens
Seat 5: easy_sarcasm (big blind) showed [5d Qc] and won ($2.85) with two pair, Tens and Fives
Seat 6: m0nTTu folded before Flop (didn't bet)



PokerStars Hand #254239691652:  Hold'em No Limit ($0.50/$1.00 USD) - 2025/01/06 1:57:07 WET [2025/01/06 20:57:07 ET]
Table 'Briseis II' 6-max Seat #4 is the button
Seat 3: S3MPR3IGUAL ($100 in chips) is sitting out
Seat 1: Rysiff ($153.86 in chips) 
Seat 2: GP42535 ($6.73 in chips) 
Seat 4: cloudbreath ($56.99 in chips) 
Seat 5: easy_sarcasm ($133.67 in chips) 
Seat 6: m0nTTu ($100.62 in chips) 
easy_sarcasm: posts small blind $0.50
m0nTTu: posts big blind $1
S3MPR3IGUAL: sits out 
*** HOLE CARDS ***
Rysiff: folds 
GP42535: folds 
cloudbreath: folds 
easy_sarcasm: folds 
Uncalled bet ($0.50) returned to m0nTTu
m0nTTu collected $1 from pot
m0nTTu: doesn't show hand 
*** SUMMARY ***
Total pot $1 | Rake $0 
Seat 3: S3MPR3IGUAL
Seat 1: Rysiff folded before Flop (didn't bet)
Seat 2: GP42535 folded before Flop (didn't bet)
Seat 4: cloudbreath (button) folded before Flop (didn't bet)
Seat 5: easy_sarcasm (small blind) folded before Flop
Seat 6: m0nTTu (big blind) collected ($1)



PokerStars Hand #254239692912:  Hold'em No Limit ($0.50/$1.00 USD) - 2025/01/06 1:57:17 WET [2025/01/06 20:57:17 ET]
Table 'Briseis II' 6-max Seat #5 is the button
Seat 3: S3MPR3IGUAL ($100 in chips) is sitting out
Seat 1: Rysiff ($153.86 in chips) 
Seat 2: GP42535 ($6.73 in chips) 
Seat 4: cloudbreath ($56.99 in chips) 
Seat 5: easy_sarcasm ($133.17 in chips) 
Seat 6: m0nTTu ($101.12 in chips) 
m0nTTu: posts small blind $0.50
Rysiff: posts big blind $1
S3MPR3IGUAL: sits out 
*** HOLE CARDS ***
GP42535: calls $1
cloudbreath: folds 
easy_sarcasm: folds 
m0nTTu: calls $0.50
Rysiff: checks 
*** FLOP *** [7d 9c Qc]
m0nTTu: checks 
Rysiff: checks 
GP42535: bets $2
m0nTTu: calls $2
Rysiff: folds 
*** TURN *** [7d 9c Qc] [8d]
m0nTTu: checks 
GP42535: bets $3.73 and is all-in
m0nTTu: calls $3.73
*** RIVER *** [7d 9c Qc 8d] [2d]
*** SHOW DOWN ***
m0nTTu: shows [Qh 7h] (two pair, Queens and Sevens)
GP42535: shows [6h Jh] (high card Queen)
m0nTTu collected $13.74 from pot
*** SUMMARY ***
Total pot $14.46 | Rake $0.72 
Board [7d 9c Qc 8d 2d]
Seat 3: S3MPR3IGUAL
Seat 1: Rysiff (big blind) folded on the Flop
Seat 2: GP42535 showed [6h Jh] and lost with high card Queen
Seat 4: cloudbreath folded before Flop (didn't bet)
Seat 5: easy_sarcasm (button) folded before Flop (didn't bet)
Seat 6: m0nTTu (small blind) showed [Qh 7h] and won ($13.74) with two pair, Queens and Sevens



PokerStars Hand #254239698885:  Hold'em No Limit ($0.50/$1.00 USD) - 2025/01/06 1:58:01 WET [2025/01/06 20:58:01 ET]
Table 'Briseis II' 6-max Seat #6 is the button
Seat 2: GP42535 ($0 in chips) is sitting out
Seat 1: Rysiff ($152.86 in chips) 
Seat 3: S3MPR3IGUAL ($100 in chips) 
Seat 4: cloudbreath ($56.99 in chips) 
Seat 5: easy_sarcasm ($133.17 in chips) 
Seat 6: m0nTTu ($108.13 in chips) 
Rysiff: posts small blind $0.50
S3MPR3IGUAL: posts big blind $1
*** HOLE CARDS ***
cloudbreath: folds 
easy_sarcasm: folds 
m0nTTu: folds 
Rysiff: folds 
Uncalled bet ($0.50) returned to S3MPR3IGUAL
S3MPR3IGUAL collected $1 from pot
S3MPR3IGUAL: doesn't show hand 
*** SUMMARY ***
Total pot $1 | Rake $0 
Seat 2: GP42535
Seat 1: Rysiff (small blind) folded before Flop
Seat 3: S3MPR3IGUAL (big blind) collected ($1)
Seat 4: cloudbreath folded before Flop (didn't bet)
Seat 5: easy_sarcasm folded before Flop (didn't bet)
Seat 6: m0nTTu (button) folded before Flop (didn't bet)



PokerStars Hand #254239701313:  Hold'em No Limit ($0.50/$1.00 USD) - 2025/01/06 1:58:19 WET [2025/01/06 20:58:19 ET]
Table 'Briseis II' 6-max Seat #1 is the button
Seat 2: GP42535 ($0 in chips) is sitting out
Seat 1: Rysiff ($152.36 in chips) 
Seat 3: S3MPR3IGUAL ($100.50 in chips) 
Seat 4: cloudbreath ($56.99 in chips) 
Seat 5: easy_sarcasm ($133.17 in chips) 
Seat 6: m0nTTu ($108.13 in chips) 
S3MPR3IGUAL: posts small blind $0.50
cloudbreath: posts big blind $1
*** HOLE CARDS ***
easy_sarcasm: folds 
m0nTTu: folds 
Rysiff: raises $1.50 to $2.50
S3MPR3IGUAL: folds 
cloudbreath: calls $1.50
*** FLOP *** [Qs Qh 3s]
cloudbreath: checks 
Rysiff: bets $2.61
cloudbreath: folds 
Uncalled bet ($2.61) returned to Rysiff
Rysiff collected $5.22 from pot
Rysiff: doesn't show hand 
*** SUMMARY ***
Total pot $5.50 | Rake $0.28 
Board [Qs Qh 3s]
Seat 2: GP42535
Seat 1: Rysiff (button) collected ($5.22)
Seat 3: S3MPR3IGUAL (small blind) folded before Flop
Seat 4: cloudbreath (big blind) folded on the Flop
Seat 5: easy_sarcasm folded before Flop (didn't bet)
Seat 6: m0nTTu folded before Flop (didn't bet)



PokerStars Hand #254239710914:  Hold'em No Limit ($0.50/$1.00 USD) - 2025/01/06 1:59:29 WET [2025/01/06 20:59:29 ET]
Table 'Briseis II' 6-max Seat #3 is the button
Seat 5: easy_sarcasm ($133.17 in chips) is sitting out
Seat 1: Rysiff ($155.08 in chips) 
Seat 2: GP42535 ($14.07 in chips) 
Seat 3: S3MPR3IGUAL ($100 in chips) 
Seat 4: cloudbreath ($54.49 in chips) 
Seat 6: m0nTTu ($108.13 in chips) 
cloudbreath: posts small blind $0.50
easy_sarcasm: is sitting out 
m0nTTu: posts big blind $1
GP42535: posts small & big blinds $1.50
*** HOLE CARDS ***
easy_sarcasm leaves the table
Rysiff: folds 
GP42535: checks 
S3MPR3IGUAL has timed out
S3MPR3IGUAL: folds 
Nurlanstar92 joins the table at seat #5 
cloudbreath: folds 
m0nTTu: raises $107.13 to $108.13 and is all-in
GP42535: folds 
Uncalled bet ($107.13) returned to m0nTTu
m0nTTu collected $3 from pot
m0nTTu: doesn't show hand 
*** SUMMARY ***
Total pot $3 | Rake $0 
Seat 5: easy_sarcasm
Seat 1: Rysiff folded before Flop (didn't bet)
Seat 2: GP42535 folded before Flop (didn't bet)
Seat 3: S3MPR3IGUAL (button) folded before Flop (didn't bet)
Seat 4: cloudbreath (small blind) folded before Flop
Seat 6: m0nTTu (big blind) collected ($3)



PokerStars Hand #254239715265:  Hold'em No Limit ($0.50/$1.00 USD) - 2025/01/06 2:00:02 WET [2025/01/06 21:00:02 ET]
Table 'Briseis II' 6-max Seat #4 is the button
Seat 1: Rysiff ($155.08 in chips) is sitting out
Seat 5: Nurlanstar92 ($100 in chips) is sitting out
Seat 2: GP42535 ($12.57 in chips) 
Seat 3: S3MPR3IGUAL ($100 in chips) 
Seat 4: cloudbreath ($53.99 in chips) 
Seat 6: m0nTTu ($110.13 in chips) 
m0nTTu: posts small blind $0.50
GP42535: posts big blind $1
*** HOLE CARDS ***
S3MPR3IGUAL: raises $1.25 to $2.25
cloudbreath: folds 
m0nTTu: folds 
GP42535: calls $1.25
*** FLOP *** [Kc Kd 7c]
GP42535: checks 
S3MPR3IGUAL: bets $1.33
GP42535: folds 
Uncalled bet ($1.33) returned to S3MPR3IGUAL
S3MPR3IGUAL collected $4.75 from pot
S3MPR3IGUAL: doesn't show hand 
*** SUMMARY ***
Total pot $5 | Rake $0.25 
Board [Kc Kd 7c]
Seat 1: Rysiff
Seat 5: Nurlanstar92
Seat 2: GP42535 (big blind) folded on the Flop
Seat 3: S3MPR3IGUAL collected ($4.75)
Seat 4: cloudbreath (button) folded before Flop (didn't bet)
Seat 6: m0nTTu (small blind) folded before Flop



PokerStars Hand #254239717685:  Hold'em No Limit ($0.50/$1.00 USD) - 2025/01/06 2:00:19 WET [2025/01/06 21:00:19 ET]
Table 'Briseis II' 6-max Seat #6 is the button
Seat 1: Rysiff ($155.08 in chips) is sitting out
Seat 5: Nurlanstar92 ($100 in chips) is sitting out
Seat 2: GP42535 ($10.32 in chips) 
Seat 3: S3MPR3IGUAL ($102.50 in chips) 
Seat 4: cloudbreath ($53.99 in chips) 
Seat 6: m0nTTu ($109.63 in chips) 
GP42535: posts small blind $0.50
S3MPR3IGUAL: posts big blind $1
Nurlanstar92: sits out 
*** HOLE CARDS ***
cloudbreath: raises $1 to $2
m0nTTu: folds 
GP42535: folds 
S3MPR3IGUAL: calls $1
*** FLOP *** [8h 6s Kc]
S3MPR3IGUAL: checks 
cloudbreath: checks 
*** TURN *** [8h 6s Kc] [8c]
S3MPR3IGUAL: bets $2.82
cloudbreath: calls $2.82
*** RIVER *** [8h 6s Kc 8c] [Td]
S3MPR3IGUAL: bets $14.45
cloudbreath: raises $34.72 to $49.17 and is all-in
S3MPR3IGUAL: calls $34.72
*** SHOW DOWN ***
cloudbreath: shows [6c 6d] (a full house, Sixes full of Eights)
S3MPR3IGUAL: shows [7d 9d] (a straight, Six to Ten)
cloudbreath collected $107.48 from pot
*** SUMMARY ***
Total pot $108.48 | Rake $1 
Board [8h 6s Kc 8c Td]
Seat 1: Rysiff
Seat 5: Nurlanstar92
Seat 2: GP42535 (small blind) folded before Flop
Seat 3: S3MPR3IGUAL (big blind) showed [7d 9d] and lost with a straight, Six to Ten
Seat 4: cloudbreath showed [6c 6d] and won ($107.48) with a full house, Sixes full of Eights
Seat 6: m0nTTu (button) folded before Flop (didn't bet)



PokerStars Hand #254239723692:  Hold'em No Limit ($0.50/$1.00 USD) - 2025/01/06 2:00:59 WET [2025/01/06 21:00:59 ET]
Table 'Briseis II' 6-max Seat #2 is the button
Seat 1: Rysiff ($155.08 in chips) is sitting out
Seat 5: Nurlanstar92 ($100 in chips) is sitting out
Seat 2: GP42535 ($9.82 in chips) 
Seat 3: S3MPR3IGUAL ($100 in chips) 
Seat 4: cloudbreath ($107.48 in chips) 
Seat 6: m0nTTu ($109.63 in chips) 
S3MPR3IGUAL: posts small blind $0.50
cloudbreath: posts big blind $1
Nurlanstar92: sits out 
*** HOLE CARDS ***
m0nTTu: raises $1.50 to $2.50
GP42535: calls $2.50
S3MPR3IGUAL: folds 
cloudbreath: folds 
*** FLOP *** [6d 5s 5d]
m0nTTu: bets $9.27
GP42535: calls $7.32 and is all-in
Uncalled bet ($1.95) returned to m0nTTu
*** TURN *** [6d 5s 5d] [Qd]
*** RIVER *** [6d 5s 5d Qd] [Tc]
*** SHOW DOWN ***
m0nTTu: shows [Ks Ts] (two pair, Tens and Fives)
GP42535: shows [9h 6h] (two pair, Sixes and Fives)
m0nTTu collected $20.14 from pot
*** SUMMARY ***
Total pot $21.14 | Rake $1 
Board [6d 5s 5d Qd Tc]
Seat 1: Rysiff
Seat 5: Nurlanstar92
Seat 2: GP42535 (button) showed [9h 6h] and lost with two pair, Sixes and Fives
Seat 3: S3MPR3IGUAL (small blind) folded before Flop
Seat 4: cloudbreath (big blind) folded before Flop
Seat 6: m0nTTu showed [Ks Ts] and won ($20.14) with two pair, Tens and Fives



PokerStars Hand #254239728158:  Hold'em No Limit ($0.50/$1.00 USD) - 2025/01/06 2:01:26 WET [2025/01/06 21:01:26 ET]
Table 'Briseis II' 6-max Seat #3 is the button
Seat 1: Rysiff ($155.08 in chips) is sitting out
Seat 2: GP42535 ($0 in chips) is sitting out
Seat 3: S3MPR3IGUAL ($100 in chips) 
Seat 4: cloudbreath ($106.48 in chips) 
Seat 5: Nurlanstar92 ($100 in chips) 
Seat 6: m0nTTu ($119.95 in chips) 
cloudbreath: posts small blind $0.50
Nurlanstar92: posts big blind $1
*** HOLE CARDS ***
m0nTTu: raises $1.50 to $2.50
S3MPR3IGUAL: folds 
cloudbreath: folds 
Nurlanstar92: folds 
Uncalled bet ($1.50) returned to m0nTTu
m0nTTu collected $2.50 from pot
m0nTTu: doesn't show hand 
*** SUMMARY ***
Total pot $2.50 | Rake $0 
Seat 1: Rysiff
Seat 2: GP42535
Seat 3: S3MPR3IGUAL (button) folded before Flop (didn't bet)
Seat 4: cloudbreath (small blind) folded before Flop
Seat 5: Nurlanstar92 (big blind) folded before Flop
Seat 6: m0nTTu collected ($2.50)



PokerStars Hand #254239730054:  Hold'em No Limit ($0.50/$1.00 USD) - 2025/01/06 2:01:38 WET [2025/01/06 21:01:38 ET]
Table 'Briseis II' 6-max Seat #4 is the button
Seat 1: Rysiff ($155.08 in chips) is sitting out
Seat 2: GP42535 ($10 in chips) 
Seat 3: S3MPR3IGUAL ($100 in chips) 
Seat 4: cloudbreath ($105.98 in chips) 
Seat 5: Nurlanstar92 ($100 in chips) 
Seat 6: m0nTTu ($121.45 in chips) 
Nurlanstar92: posts small blind $0.50
m0nTTu: posts big blind $1
*** HOLE CARDS ***
GP42535: calls $1
S3MPR3IGUAL: folds 
cloudbreath: folds 
Nurlanstar92: calls $0.50
m0nTTu: raises $5 to $6
GP42535: calls $5
Nurlanstar92: folds 
*** FLOP *** [5h 2h 4h]
m0nTTu: bets $4.08
GP42535: calls $4 and is all-in
Uncalled bet ($0.08) returned to m0nTTu
*** TURN *** [5h 2h 4h] [Th]
*** RIVER *** [5h 2h 4h Th] [6s]
*** SHOW DOWN ***
m0nTTu: shows [Js Jd] (a pair of Jacks)
GP42535: shows [3c 3s] (a straight, Deuce to Six)
GP42535 collected $19.95 from pot
*** SUMMARY ***
Total pot $21 | Rake $1.05 
Board [5h 2h 4h Th 6s]
Seat 1: Rysiff
Seat 2: GP42535 showed [3c 3s] and won ($19.95) with a straight, Deuce to Six
Seat 3: S3MPR3IGUAL folded before Flop (didn't bet)
Seat 4: cloudbreath (button) folded before Flop (didn't bet)
Seat 5: Nurlanstar92 (small blind) folded before Flop
Seat 6: m0nTTu (big blind) showed [Js Jd] and lost with a pair of Jacks



PokerStars Hand #254239736235:  Hold'em No Limit ($0.50/$1.00 USD) - 2025/01/06 2:02:15 WET [2025/01/06 21:02:15 ET]
Table 'Briseis II' 6-max Seat #5 is the button
Seat 1: Rysiff ($155.08 in chips) is sitting out
Seat 2: GP42535 ($19.95 in chips) 
Seat 3: S3MPR3IGUAL ($100 in chips) 
Seat 4: cloudbreath ($105.98 in chips) 
Seat 5: Nurlanstar92 ($100 in chips) 
Seat 6: m0nTTu ($111.45 in chips) 
m0nTTu: posts small blind $0.50
GP42535: posts big blind $1
*** HOLE CARDS ***
S3MPR3IGUAL: folds 
cloudbreath: folds 
Nurlanstar92: folds 
m0nTTu: raises $110.45 to $111.45 and is all-in
GP42535: folds 
Uncalled bet ($110.45) returned to m0nTTu
m0nTTu collected $2 from pot
m0nTTu: doesn't show hand 
*** SUMMARY ***
Total pot $2 | Rake $0 
Seat 1: Rysiff
Seat 2: GP42535 (big blind) folded before Flop
Seat 3: S3MPR3IGUAL folded before Flop (didn't bet)
Seat 4: cloudbreath folded before Flop (didn't bet)
Seat 5: Nurlanstar92 (button) folded before Flop (didn't bet)
Seat 6: m0nTTu (small blind) collected ($2)



PokerStars Hand #254239739054:  Hold'em No Limit ($0.50/$1.00 USD) - 2025/01/06 2:02:31 WET [2025/01/06 21:02:31 ET]
Table 'Briseis II' 6-max Seat #6 is the button
Seat 1: Rysiff ($155.08 in chips) is sitting out
Seat 2: GP42535 ($18.95 in chips) 
Seat 3: S3MPR3IGUAL ($100 in chips) 
Seat 4: cloudbreath ($105.98 in chips) 
Seat 5: Nurlanstar92 ($100 in chips) 
Seat 6: m0nTTu ($112.45 in chips) 
GP42535: posts small blind $0.50
S3MPR3IGUAL: posts big blind $1
*** HOLE CARDS ***
cloudbreath: raises $1 to $2
Nurlanstar92: folds 
m0nTTu: folds 
GP42535: calls $1.50
S3MPR3IGUAL: raises $12 to $14
m0nTTu leaves the table
cloudbreath: folds 
GP42535: calls $12
*** FLOP *** [5c Ac 4d]
GP42535: checks 
S3MPR3IGUAL: bets $7.98
GP42535: folds 
Uncalled bet ($7.98) returned to S3MPR3IGUAL
S3MPR3IGUAL collected $28.50 from pot
S3MPR3IGUAL: doesn't show hand 
*** SUMMARY ***
Total pot $30 | Rake $1.50 
Board [5c Ac 4d]
Seat 1: Rysiff
Seat 2: GP42535 (small blind) folded on the Flop
Seat 3: S3MPR3IGUAL (big blind) collected ($28.50)
Seat 4: cloudbreath folded before Flop
Seat 5: Nurlanstar92 folded before Flop (didn't bet)
Seat 6: m0nTTu (button) folded before Flop (didn't bet)



PokerStars Hand #254239745393:  Hold'em No Limit ($0.50/$1.00 USD) - 2025/01/06 2:03:09 WET [2025/01/06 21:03:09 ET]
Table 'Briseis II' 6-max Seat #2 is the button
Seat 1: Rysiff ($155.08 in chips) is sitting out
Seat 2: GP42535 ($4.95 in chips) 
Seat 3: S3MPR3IGUAL ($114.50 in chips) 
Seat 4: cloudbreath ($103.98 in chips) 
Seat 5: Nurlanstar92 ($100 in chips) 
S3MPR3IGUAL: posts small blind $0.50
cloudbreath: posts big blind $1
*** HOLE CARDS ***
Nurlanstar92: folds 
GP42535: folds 
MaRKiToScoK joins the table at seat #6 
S3MPR3IGUAL: folds 
Uncalled bet ($0.50) returned to cloudbreath
cloudbreath collected $1 from pot
*** SUMMARY ***
Total pot $1 | Rake $0 
Seat 1: Rysiff
Seat 2: GP42535 (button) folded before Flop (didn't bet)
Seat 3: S3MPR3IGUAL (small blind) folded before Flop
Seat 4: cloudbreath (big blind) collected ($1)
Seat 5: Nurlanstar92 folded before Flop (didn't bet)



PokerStars Hand #254239746697:  Hold'em No Limit ($0.50/$1.00 USD) - 2025/01/06 2:03:17 WET [2025/01/06 21:03:17 ET]
Table 'Briseis II' 6-max Seat #3 is the button
Seat 1: Rysiff ($155.08 in chips) is sitting out
Seat 6: MaRKiToScoK ($100 in chips) is sitting out
Seat 2: GP42535 ($4.95 in chips) 
Seat 3: S3MPR3IGUAL ($114 in chips) 
Seat 4: cloudbreath ($104.48 in chips) 
Seat 5: Nurlanstar92 ($100 in chips) 
cloudbreath: posts small blind $0.50
Nurlanstar92: posts big blind $1
MaRKiToScoK: sits out 
*** HOLE CARDS ***
GP42535: calls $1
S3MPR3IGUAL: folds 
cloudbreath: folds 
Nurlanstar92: raises $5 to $6
GP42535: calls $3.95 and is all-in
Uncalled bet ($1.05) returned to Nurlanstar92
*** FLOP *** [Js Qs Tc]
*** TURN *** [Js Qs Tc] [8h]
*** RIVER *** [Js Qs Tc 8h] [Jd]
*** SHOW DOWN ***
Nurlanstar92: shows [As Qc] (two pair, Queens and Jacks)
GP42535: shows [Qh 8s] (two pair, Queens and Jacks - lower kicker)
Nurlanstar92 collected $9.88 from pot
*** SUMMARY ***
Total pot $10.40 | Rake $0.52 
Board [Js Qs Tc 8h Jd]
Seat 1: Rysiff
Seat 6: MaRKiToScoK
Seat 2: GP42535 showed [Qh 8s] and lost with two pair, Queens and Jacks
Seat 3: S3MPR3IGUAL (button) folded before Flop (didn't bet)
Seat 4: cloudbreath (small blind) folded before Flop
Seat 5: Nurlanstar92 (big blind) showed [As Qc] and won ($9.88) with two pair, Queens and Jacks



PokerStars Hand #254239750899:  Hold'em No Limit ($0.50/$1.00 USD) - 2025/01/06 2:03:42 WET [2025/01/06 21:03:42 ET]
Table 'Briseis II' 6-max Seat #4 is the button
Seat 1: Rysiff ($155.08 in chips) is sitting out
Seat 2: GP42535 ($0 in chips) is sitting out
Seat 3: S3MPR3IGUAL ($114 in chips) 
Seat 4: cloudbreath ($103.98 in chips) 
Seat 5: Nurlanstar92 ($104.93 in chips) 
Seat 6: MaRKiToScoK ($100 in chips) 
Nurlanstar92: posts small blind $0.50
MaRKiToScoK: posts big blind $1
*** HOLE CARDS ***
S3MPR3IGUAL: folds 
cloudbreath: folds 
Nurlanstar92: folds 
Uncalled bet ($0.50) returned to MaRKiToScoK
MaRKiToScoK collected $1 from pot
*** SUMMARY ***
Total pot $1 | Rake $0 
Seat 1: Rysiff
Seat 2: GP42535
Seat 3: S3MPR3IGUAL folded before Flop (didn't bet)
Seat 4: cloudbreath (button) folded before Flop (didn't bet)
Seat 5: Nurlanstar92 (small blind) folded before Flop
Seat 6: MaRKiToScoK (big blind) collected ($1)



PokerStars Hand #254239752320:  Hold'em No Limit ($0.50/$1.00 USD) - 2025/01/06 2:03:50 WET [2025/01/06 21:03:50 ET]
Table 'Briseis II' 6-max Seat #5 is the button
Seat 1: Rysiff ($155.08 in chips) is sitting out
Seat 2: GP42535 ($10.26 in chips) 
Seat 3: S3MPR3IGUAL ($114 in chips) 
Seat 4: cloudbreath ($103.98 in chips) 
Seat 5: Nurlanstar92 ($104.43 in chips) 
Seat 6: MaRKiToScoK ($100.50 in chips) 
MaRKiToScoK: posts small blind $0.50
GP42535: posts big blind $1
*** HOLE CARDS ***
S3MPR3IGUAL: folds 
cloudbreath: folds 
Nurlanstar92: folds 
MaRKiToScoK: folds 
Uncalled bet ($0.50) returned to GP42535
GP42535 collected $1 from pot
*** SUMMARY ***
Total pot $1 | Rake $0 
Seat 1: Rysiff
Seat 2: GP42535 (big blind) collected ($1)
Seat 3: S3MPR3IGUAL folded before Flop (didn't bet)
Seat 4: cloudbreath folded before Flop (didn't bet)
Seat 5: Nurlanstar92 (button) folded before Flop (didn't bet)
Seat 6: MaRKiToScoK (small blind) folded before Flop



PokerStars Hand #254239754330:  Hold'em No Limit ($0.50/$1.00 USD) - 2025/01/06 2:04:01 WET [2025/01/06 21:04:01 ET]
Table 'Briseis II' 6-max Seat #6 is the button
Seat 1: Rysiff ($155.08 in chips) is sitting out
Seat 2: GP42535 ($10.76 in chips) 
Seat 3: S3MPR3IGUAL ($114 in chips) 
Seat 4: cloudbreath ($103.98 in chips) 
Seat 5: Nurlanstar92 ($104.43 in chips) 
Seat 6: MaRKiToScoK ($100 in chips) 
GP42535: posts small blind $0.50
S3MPR3IGUAL: posts big blind $1
*** HOLE CARDS ***
cloudbreath: folds 
Nurlanstar92: folds 
MaRKiToScoK: raises $1.50 to $2.50
GP42535: calls $2
S3MPR3IGUAL: folds 
*** FLOP *** [7s 7h Qh]
GP42535: checks 
MaRKiToScoK: bets $7.13
GP42535: raises $1.13 to $8.26 and is all-in
MaRKiToScoK: calls $1.13
*** TURN *** [7s 7h Qh] [2c]
*** RIVER *** [7s 7h Qh 2c] [3c]
*** SHOW DOWN ***
GP42535: shows [Qs Ah] (two pair, Queens and Sevens)
MaRKiToScoK: shows [3h Th] (two pair, Sevens and Threes)
GP42535 collected $21.39 from pot
*** SUMMARY ***
Total pot $22.52 | Rake $1.13 
Board [7s 7h Qh 2c 3c]
Seat 1: Rysiff
Seat 2: GP42535 (small blind) showed [Qs Ah] and won ($21.39) with two pair, Queens and Sevens
Seat 3: S3MPR3IGUAL (big blind) folded before Flop
Seat 4: cloudbreath folded before Flop (didn't bet)
Seat 5: Nurlanstar92 folded before Flop (didn't bet)
Seat 6: MaRKiToScoK (button) showed [3h Th] and lost with two pair, Sevens and Threes



PokerStars Hand #254239759528:  Hold'em No Limit ($0.50/$1.00 USD) - 2025/01/06 2:04:31 WET [2025/01/06 21:04:31 ET]
Table 'Briseis II' 6-max Seat #2 is the button
Seat 1: Rysiff ($155.08 in chips) is sitting out
Seat 2: GP42535 ($21.39 in chips) 
Seat 3: S3MPR3IGUAL ($113 in chips) 
Seat 4: cloudbreath ($103.98 in chips) 
Seat 5: Nurlanstar92 ($104.43 in chips) 
Seat 6: MaRKiToScoK ($100 in chips) 
S3MPR3IGUAL: posts small blind $0.50
cloudbreath: posts big blind $1
*** HOLE CARDS ***
Nurlanstar92: folds 
MaRKiToScoK: folds 
MaRKiToScoK leaves the table
GP42535: calls $1
S3MPR3IGUAL: folds 
cloudbreath: checks 
*** FLOP *** [Td 9h 6d]
cloudbreath: checks 
GP42535: checks 
*** TURN *** [Td 9h 6d] [7h]
cloudbreath: bets $1
GP42535: calls $1
*** RIVER *** [Td 9h 6d 7h] [Jd]
yxo_opka joins the table at seat #6 
cloudbreath: checks 
GP42535: bets $5
cloudbreath: folds 
Uncalled bet ($5) returned to GP42535
GP42535 collected $4.28 from pot
*** SUMMARY ***
Total pot $4.50 | Rake $0.22 
Board [Td 9h 6d 7h Jd]
Seat 1: Rysiff
Seat 2: GP42535 (button) collected ($4.28)
Seat 3: S3MPR3IGUAL (small blind) folded before Flop
Seat 4: cloudbreath (big blind) folded on the River
Seat 5: Nurlanstar92 folded before Flop (didn't bet)
Seat 6: MaRKiToScoK folded before Flop (didn't bet)



PokerStars Hand #254239765394:  Hold'em No Limit ($0.50/$1.00 USD) - 2025/01/06 2:05:05 WET [2025/01/06 21:05:05 ET]
Table 'Briseis II' 6-max Seat #3 is the button
Seat 1: Rysiff ($155.08 in chips) is sitting out
Seat 6: yxo_opka ($40 in chips) is sitting out
Seat 2: GP42535 ($23.67 in chips) 
Seat 3: S3MPR3IGUAL ($112.50 in chips) 
Seat 4: cloudbreath ($101.98 in chips) 
Seat 5: Nurlanstar92 ($104.43 in chips) 
cloudbreath: posts small blind $0.50
Nurlanstar92: posts big blind $1
yxo_opka: sits out 
*** HOLE CARDS ***
GP42535: folds 
S3MPR3IGUAL: folds 
cloudbreath: folds 
Uncalled bet ($0.50) returned to Nurlanstar92
Nurlanstar92 collected $1 from pot
Nurlanstar92: doesn't show hand 
*** SUMMARY ***
Total pot $1 | Rake $0 
Seat 1: Rysiff
Seat 6: yxo_opka
Seat 2: GP42535 folded before Flop (didn't bet)
Seat 3: S3MPR3IGUAL (button) folded before Flop (didn't bet)
Seat 4: cloudbreath (small blind) folded before Flop
Seat 5: Nurlanstar92 (big blind) collected ($1)



PokerStars Hand #254239767134:  Hold'em No Limit ($0.50/$1.00 USD) - 2025/01/06 2:05:16 WET [2025/01/06 21:05:16 ET]
Table 'Briseis II' 6-max Seat #4 is the button
Seat 1: Rysiff ($155.08 in chips) is sitting out
Seat 2: GP42535 ($23.67 in chips) 
Seat 3: S3MPR3IGUAL ($112.50 in chips) 
Seat 4: cloudbreath ($101.48 in chips) 
Seat 5: Nurlanstar92 ($104.93 in chips) 
Seat 6: yxo_opka ($40 in chips) 
Nurlanstar92: posts small blind $0.50
yxo_opka: posts big blind $1
*** HOLE CARDS ***
GP42535: calls $1
S3MPR3IGUAL: folds 
cloudbreath: calls $1
Nurlanstar92: folds 
yxo_opka: checks 
*** FLOP *** [7s Kh 3d]
yxo_opka: checks 
GP42535: checks 
cloudbreath: bets $2
yxo_opka: folds 
GP42535: folds 
Uncalled bet ($2) returned to cloudbreath
cloudbreath collected $3.32 from pot
*** SUMMARY ***
Total pot $3.50 | Rake $0.18 
Board [7s Kh 3d]
Seat 1: Rysiff
Seat 2: GP42535 folded on the Flop
Seat 3: S3MPR3IGUAL folded before Flop (didn't bet)
Seat 4: cloudbreath (button) collected ($3.32)
Seat 5: Nurlanstar92 (small blind) folded before Flop
Seat 6: yxo_opka (big blind) folded on the Flop



PokerStars Hand #254239772624:  Hold'em No Limit ($0.50/$1.00 USD) - 2025/01/06 2:05:48 WET [2025/01/06 21:05:48 ET]
Table 'Briseis II' 6-max Seat #5 is the button
Seat 1: Rysiff ($155.08 in chips) 
Seat 2: GP42535 ($22.67 in chips) 
Seat 3: S3MPR3IGUAL ($112.50 in chips) 
Seat 4: cloudbreath ($103.80 in chips) 
Seat 5: Nurlanstar92 ($104.43 in chips) 
Seat 6: yxo_opka ($39 in chips) 
yxo_opka: posts small blind $0.50
Rysiff: posts big blind $1
*** HOLE CARDS ***
GP42535: folds 
S3MPR3IGUAL: folds 
cloudbreath: folds 
Nurlanstar92: folds 
yxo_opka: folds 
Uncalled bet ($0.50) returned to Rysiff
Rysiff collected $1 from pot
Rysiff: doesn't show hand 
*** SUMMARY ***
Total pot $1 | Rake $0 
Seat 1: Rysiff (big blind) collected ($1)
Seat 2: GP42535 folded before Flop (didn't bet)
Seat 3: S3MPR3IGUAL folded before Flop (didn't bet)
Seat 4: cloudbreath folded before Flop (didn't bet)
Seat 5: Nurlanstar92 (button) folded before Flop (didn't bet)
Seat 6: yxo_opka (small blind) folded before Flop



PokerStars Hand #254239775054:  Hold'em No Limit ($0.50/$1.00 USD) - 2025/01/06 2:06:02 WET [2025/01/06 21:06:02 ET]
Table 'Briseis II' 6-max Seat #6 is the button
Seat 1: Rysiff ($155.58 in chips) 
Seat 2: GP42535 ($22.67 in chips) 
Seat 3: S3MPR3IGUAL ($112.50 in chips) 
Seat 4: cloudbreath ($103.80 in chips) 
Seat 5: Nurlanstar92 ($104.43 in chips) 
Seat 6: yxo_opka ($38.50 in chips) 
Rysiff: posts small blind $0.50
GP42535: posts big blind $1
*** HOLE CARDS ***
S3MPR3IGUAL: folds 
cloudbreath: folds 
Nurlanstar92: folds 
yxo_opka: raises $1 to $2
Rysiff: folds 
GP42535: calls $1
*** FLOP *** [7s Jh 8c]
GP42535: checks 
yxo_opka: bets $3.50
GP42535: calls $3.50
*** TURN *** [7s Jh 8c] [Qc]
GP42535: checks 
yxo_opka: bets $8
GP42535: folds 
Uncalled bet ($8) returned to yxo_opka
yxo_opka collected $10.92 from pot
yxo_opka: doesn't show hand 
*** SUMMARY ***
Total pot $11.50 | Rake $0.58 
Board [7s Jh 8c Qc]
Seat 1: Rysiff (small blind) folded before Flop
Seat 2: GP42535 (big blind) folded on the Turn
Seat 3: S3MPR3IGUAL folded before Flop (didn't bet)
Seat 4: cloudbreath folded before Flop (didn't bet)
Seat 5: Nurlanstar92 folded before Flop (didn't bet)
Seat 6: yxo_opka (button) collected ($10.92)



PokerStars Hand #254239781402:  Hold'em No Limit ($0.50/$1.00 USD) - 2025/01/06 2:06:40 WET [2025/01/06 21:06:40 ET]
Table 'Briseis II' 6-max Seat #1 is the button
Seat 1: Rysiff ($155.08 in chips) 
Seat 2: GP42535 ($17.17 in chips) 
Seat 3: S3MPR3IGUAL ($112.50 in chips) 
Seat 4: cloudbreath ($103.80 in chips) 
Seat 5: Nurlanstar92 ($104.43 in chips) 
Seat 6: yxo_opka ($43.92 in chips) 
GP42535: posts small blind $0.50
S3MPR3IGUAL: posts big blind $1
*** HOLE CARDS ***
cloudbreath: folds 
Nurlanstar92: folds 
yxo_opka: folds 
Rysiff: raises $1.50 to $2.50
GP42535: folds 
S3MPR3IGUAL: folds 
Uncalled bet ($1.50) returned to Rysiff
Rysiff collected $2.50 from pot
Rysiff: doesn't show hand 
*** SUMMARY ***
Total pot $2.50 | Rake $0 
Seat 1: Rysiff (button) collected ($2.50)
Seat 2: GP42535 (small blind) folded before Flop
Seat 3: S3MPR3IGUAL (big blind) folded before Flop
Seat 4: cloudbreath folded before Flop (didn't bet)
Seat 5: Nurlanstar92 folded before Flop (didn't bet)
Seat 6: yxo_opka folded before Flop (didn't bet)



PokerStars Hand #254239783952:  Hold'em No Limit ($0.50/$1.00 USD) - 2025/01/06 2:06:55 WET [2025/01/06 21:06:55 ET]
Table 'Briseis II' 6-max Seat #2 is the button
Seat 1: Rysiff ($156.58 in chips) 
Seat 2: GP42535 ($16.67 in chips) 
Seat 3: S3MPR3IGUAL ($111.50 in chips) 
Seat 4: cloudbreath ($103.80 in chips) 
Seat 5: Nurlanstar92 ($104.43 in chips) 
Seat 6: yxo_opka ($43.92 in chips) 
S3MPR3IGUAL: posts small blind $0.50
cloudbreath: posts big blind $1
*** HOLE CARDS ***
Nurlanstar92: folds 
yxo_opka: folds 
Rysiff: folds 
GP42535: raises $2 to $3
S3MPR3IGUAL: folds 
cloudbreath: folds 
Uncalled bet ($2) returned to GP42535
GP42535 collected $2.50 from pot
*** SUMMARY ***
Total pot $2.50 | Rake $0 
Seat 1: Rysiff folded before Flop (didn't bet)
Seat 2: GP42535 (button) collected ($2.50)
Seat 3: S3MPR3IGUAL (small blind) folded before Flop
Seat 4: cloudbreath (big blind) folded before Flop
Seat 5: Nurlanstar92 folded before Flop (didn't bet)
Seat 6: yxo_opka folded before Flop (didn't bet)



PokerStars Hand #254239787689:  Hold'em No Limit ($0.50/$1.00 USD) - 2025/01/06 2:07:17 WET [2025/01/06 21:07:17 ET]
Table 'Briseis II' 6-max Seat #3 is the button
Seat 1: Rysiff ($156.58 in chips) 
Seat 2: GP42535 ($18.17 in chips) 
Seat 3: S3MPR3IGUAL ($111 in chips) 
Seat 4: cloudbreath ($102.80 in chips) 
Seat 5: Nurlanstar92 ($104.43 in chips) 
Seat 6: yxo_opka ($43.92 in chips) 
cloudbreath: posts small blind $0.50
Nurlanstar92: posts big blind $1
*** HOLE CARDS ***
yxo_opka: folds 
Rysiff: raises $1.50 to $2.50
GP42535: folds 
S3MPR3IGUAL: folds 
cloudbreath: folds 
Nurlanstar92: folds 
Uncalled bet ($1.50) returned to Rysiff
Rysiff collected $2.50 from pot
Rysiff: doesn't show hand 
*** SUMMARY ***
Total pot $2.50 | Rake $0 
Seat 1: Rysiff collected ($2.50)
Seat 2: GP42535 folded before Flop (didn't bet)
Seat 3: S3MPR3IGUAL (button) folded before Flop (didn't bet)
Seat 4: cloudbreath (small blind) folded before Flop
Seat 5: Nurlanstar92 (big blind) folded before Flop
Seat 6: yxo_opka folded before Flop (didn't bet)



PokerStars Hand #254239789881:  Hold'em No Limit ($0.50/$1.00 USD) - 2025/01/06 2:07:30 WET [2025/01/06 21:07:30 ET]
Table 'Briseis II' 6-max Seat #4 is the button
Seat 1: Rysiff ($158.08 in chips) 
Seat 2: GP42535 ($18.17 in chips) 
Seat 3: S3MPR3IGUAL ($111 in chips) 
Seat 4: cloudbreath ($102.30 in chips) 
Seat 5: Nurlanstar92 ($103.43 in chips) 
Seat 6: yxo_opka ($43.92 in chips) 
Nurlanstar92: posts small blind $0.50
yxo_opka: posts big blind $1
*** HOLE CARDS ***
Rysiff: folds 
GP42535: calls $1
S3MPR3IGUAL: folds 
cloudbreath: folds 
Nurlanstar92: calls $0.50
yxo_opka: checks 
*** FLOP *** [3s Ts 4c]
Nurlanstar92: checks 
yxo_opka: bets $5
GP42535: folds 
Nurlanstar92: folds 
Uncalled bet ($5) returned to yxo_opka
yxo_opka collected $2.85 from pot
yxo_opka: doesn't show hand 
*** SUMMARY ***
Total pot $3 | Rake $0.15 
Board [3s Ts 4c]
Seat 1: Rysiff folded before Flop (didn't bet)
Seat 2: GP42535 folded on the Flop
Seat 3: S3MPR3IGUAL folded before Flop (didn't bet)
Seat 4: cloudbreath (button) folded before Flop (didn't bet)
Seat 5: Nurlanstar92 (small blind) folded on the Flop
Seat 6: yxo_opka (big blind) collected ($2.85)



PokerStars Hand #254239793831:  Hold'em No Limit ($0.50/$1.00 USD) - 2025/01/06 2:07:53 WET [2025/01/06 21:07:53 ET]
Table 'Briseis II' 6-max Seat #5 is the button
Seat 1: Rysiff ($158.08 in chips) 
Seat 2: GP42535 ($17.17 in chips) 
Seat 3: S3MPR3IGUAL ($111 in chips) 
Seat 4: cloudbreath ($102.30 in chips) 
Seat 5: Nurlanstar92 ($102.43 in chips) 
Seat 6: yxo_opka ($45.77 in chips) 
yxo_opka: posts small blind $0.50
Rysiff: posts big blind $1
*** HOLE CARDS ***
GP42535: folds 
S3MPR3IGUAL: folds 
cloudbreath: folds 
Nurlanstar92: folds 
yxo_opka: folds 
Uncalled bet ($0.50) returned to Rysiff
Rysiff collected $1 from pot
Rysiff: doesn't show hand 
*** SUMMARY ***
Total pot $1 | Rake $0 
Seat 1: Rysiff (big blind) collected ($1)
Seat 2: GP42535 folded before Flop (didn't bet)
Seat 3: S3MPR3IGUAL folded before Flop (didn't bet)
Seat 4: cloudbreath folded before Flop (didn't bet)
Seat 5: Nurlanstar92 (button) folded before Flop (didn't bet)
Seat 6: yxo_opka (small blind) folded before Flop



PokerStars Hand #254239795933:  Hold'em No Limit ($0.50/$1.00 USD) - 2025/01/06 2:08:06 WET [2025/01/06 21:08:06 ET]
Table 'Briseis II' 6-max Seat #6 is the button
Seat 1: Rysiff ($158.58 in chips) 
Seat 2: GP42535 ($17.17 in chips) 
Seat 3: S3MPR3IGUAL ($111 in chips) 
Seat 4: cloudbreath ($102.30 in chips) 
Seat 5: Nurlanstar92 ($102.43 in chips) 
Seat 6: yxo_opka ($45.27 in chips) 
Rysiff: posts small blind $0.50
GP42535: posts big blind $1
*** HOLE CARDS ***
S3MPR3IGUAL: folds 
cloudbreath: folds 
Nurlanstar92: raises $1.30 to $2.30
yxo_opka: calls $2.30
Rysiff: folds 
GP42535: calls $1.30
*** FLOP *** [9h Kc 3d]
GP42535: checks 
Nurlanstar92: bets $2.32
yxo_opka: calls $2.32
GP42535: folds 
*** TURN *** [9h Kc 3d] [3c]
Nurlanstar92: bets $9
yxo_opka: calls $9
*** RIVER *** [9h Kc 3d 3c] [2c]
Nurlanstar92: bets $88.81 and is all-in
yxo_opka: folds 
Uncalled bet ($88.81) returned to Nurlanstar92
Nurlanstar92 collected $28.54 from pot
Nurlanstar92: doesn't show hand 
*** SUMMARY ***
Total pot $30.04 | Rake $1.50 
Board [9h Kc 3d 3c 2c]
Seat 1: Rysiff (small blind) folded before Flop
Seat 2: GP42535 (big blind) folded on the Flop
Seat 3: S3MPR3IGUAL folded before Flop (didn't bet)
Seat 4: cloudbreath folded before Flop (didn't bet)
Seat 5: Nurlanstar92 collected ($28.54)
Seat 6: yxo_opka (button) folded on the River



PokerStars Hand #254239806184:  Hold'em No Limit ($0.50/$1.00 USD) - 2025/01/06 2:09:07 WET [2025/01/06 21:09:07 ET]
Table 'Briseis II' 6-max Seat #1 is the button
Seat 1: Rysiff ($158.08 in chips) 
Seat 2: GP42535 ($14.87 in chips) 
Seat 3: S3MPR3IGUAL ($111 in chips) 
Seat 4: cloudbreath ($102.30 in chips) 
Seat 5: Nurlanstar92 ($117.35 in chips) 
Seat 6: yxo_opka ($40 in chips) 
GP42535: posts small blind $0.50
S3MPR3IGUAL: posts big blind $1
*** HOLE CARDS ***
cloudbreath: calls $1
Nurlanstar92: folds 
yxo_opka: folds 
Rysiff: folds 
GP42535: folds 
S3MPR3IGUAL: checks 
*** FLOP *** [Ad Kh Js]
S3MPR3IGUAL: checks 
cloudbreath: bets $1
S3MPR3IGUAL: calls $1
*** TURN *** [Ad Kh Js] [Td]
S3MPR3IGUAL: checks 
cloudbreath: bets $2
S3MPR3IGUAL: folds 
Uncalled bet ($2) returned to cloudbreath
cloudbreath collected $4.28 from pot
*** SUMMARY ***
Total pot $4.50 | Rake $0.22 
Board [Ad Kh Js Td]
Seat 1: Rysiff (button) folded before Flop (didn't bet)
Seat 2: GP42535 (small blind) folded before Flop
Seat 3: S3MPR3IGUAL (big blind) folded on the Turn
Seat 4: cloudbreath collected ($4.28)
Seat 5: Nurlanstar92 folded before Flop (didn't bet)
Seat 6: yxo_opka folded before Flop (didn't bet)



PokerStars Hand #254239812007:  Hold'em No Limit ($0.50/$1.00 USD) - 2025/01/06 2:09:42 WET [2025/01/06 21:09:42 ET]
Table 'Briseis II' 6-max Seat #2 is the button
Seat 1: Rysiff ($158.08 in chips) 
Seat 2: GP42535 ($14.37 in chips) 
Seat 3: S3MPR3IGUAL ($109 in chips) 
Seat 4: cloudbreath ($104.58 in chips) 
Seat 5: Nurlanstar92 ($117.35 in chips) 
Seat 6: yxo_opka ($40 in chips) 
S3MPR3IGUAL: posts small blind $0.50
cloudbreath: posts big blind $1
*** HOLE CARDS ***
Nurlanstar92: folds 
yxo_opka: folds 
Rysiff: folds 
GP42535: folds 
S3MPR3IGUAL: raises $2 to $3
cloudbreath: calls $2
*** FLOP *** [4h Jd 4s]
S3MPR3IGUAL: checks 
cloudbreath: bets $2
S3MPR3IGUAL: folds 
Uncalled bet ($2) returned to cloudbreath
cloudbreath collected $5.70 from pot
*** SUMMARY ***
Total pot $6 | Rake $0.30 
Board [4h Jd 4s]
Seat 1: Rysiff folded before Flop (didn't bet)
Seat 2: GP42535 (button) folded before Flop (didn't bet)
Seat 3: S3MPR3IGUAL (small blind) folded on the Flop
Seat 4: cloudbreath (big blind) collected ($5.70)
Seat 5: Nurlanstar92 folded before Flop (didn't bet)
Seat 6: yxo_opka folded before Flop (didn't bet)



PokerStars Hand #254239816105:  Hold'em No Limit ($0.50/$1.00 USD) - 2025/01/06 2:10:07 WET [2025/01/06 21:10:07 ET]
Table 'Briseis II' 6-max Seat #3 is the button
Seat 1: Rysiff ($158.08 in chips) 
Seat 2: GP42535 ($14.37 in chips) 
Seat 3: S3MPR3IGUAL ($106 in chips) 
Seat 4: cloudbreath ($107.28 in chips) 
Seat 5: Nurlanstar92 ($117.35 in chips) 
Seat 6: yxo_opka ($40 in chips) 
cloudbreath: posts small blind $0.50
Nurlanstar92: posts big blind $1
*** HOLE CARDS ***
yxo_opka: folds 
Rysiff: folds 
GP42535: folds 
S3MPR3IGUAL: folds 
cloudbreath: raises $2 to $3
Nurlanstar92: folds 
Uncalled bet ($2) returned to cloudbreath
cloudbreath collected $2 from pot
*** SUMMARY ***
Total pot $2 | Rake $0 
Seat 1: Rysiff folded before Flop (didn't bet)
Seat 2: GP42535 folded before Flop (didn't bet)
Seat 3: S3MPR3IGUAL (button) folded before Flop (didn't bet)
Seat 4: cloudbreath (small blind) collected ($2)
Seat 5: Nurlanstar92 (big blind) folded before Flop
Seat 6: yxo_opka folded before Flop (didn't bet)



PokerStars Hand #254239818281:  Hold'em No Limit ($0.50/$1.00 USD) - 2025/01/06 2:10:20 WET [2025/01/06 21:10:20 ET]
Table 'Briseis II' 6-max Seat #4 is the button
Seat 1: Rysiff ($158.08 in chips) 
Seat 2: GP42535 ($14.37 in chips) 
Seat 3: S3MPR3IGUAL ($106 in chips) 
Seat 4: cloudbreath ($108.28 in chips) 
Seat 5: Nurlanstar92 ($116.35 in chips) 
Seat 6: yxo_opka ($40 in chips) 
Nurlanstar92: posts small blind $0.50
yxo_opka: posts big blind $1
*** HOLE CARDS ***
Rysiff: raises $1.50 to $2.50
GP42535: calls $2.50
S3MPR3IGUAL: folds 
cloudbreath: folds 
Nurlanstar92: folds 
yxo_opka: folds 
*** FLOP *** [3c 4c As]
Rysiff: checks 
GP42535: checks 
*** TURN *** [3c 4c As] [8d]
Rysiff: bets $1
GP42535: calls $1
*** RIVER *** [3c 4c As 8d] [6d]
Rysiff: bets $2
GP42535: raises $2 to $4
Rysiff: calls $2
*** SHOW DOWN ***
GP42535: shows [6c 6h] (three of a kind, Sixes)
Rysiff: mucks hand 
GP42535 collected $15.68 from pot
*** SUMMARY ***
Total pot $16.50 | Rake $0.82 
Board [3c 4c As 8d 6d]
Seat 1: Rysiff mucked
Seat 2: GP42535 showed [6c 6h] and won ($15.68) with three of a kind, Sixes
Seat 3: S3MPR3IGUAL folded before Flop (didn't bet)
Seat 4: cloudbreath (button) folded before Flop (didn't bet)
Seat 5: Nurlanstar92 (small blind) folded before Flop
Seat 6: yxo_opka (big blind) folded before Flop



PokerStars Hand #254239822628:  Hold'em No Limit ($0.50/$1.00 USD) - 2025/01/06 2:10:46 WET [2025/01/06 21:10:46 ET]
Table 'Briseis II' 6-max Seat #5 is the button
Seat 1: Rysiff ($150.58 in chips) 
Seat 2: GP42535 ($22.55 in chips) 
Seat 3: S3MPR3IGUAL ($106 in chips) 
Seat 4: cloudbreath ($108.28 in chips) 
Seat 5: Nurlanstar92 ($115.85 in chips) 
Seat 6: yxo_opka ($39 in chips) 
yxo_opka: posts small blind $0.50
Rysiff: posts big blind $1
*** HOLE CARDS ***
GP42535: folds 
S3MPR3IGUAL: folds 
cloudbreath: folds 
Nurlanstar92: raises $1.50 to $2.50
yxo_opka: folds 
Rysiff: folds 
Uncalled bet ($1.50) returned to Nurlanstar92
Nurlanstar92 collected $2.50 from pot
Nurlanstar92: doesn't show hand 
*** SUMMARY ***
Total pot $2.50 | Rake $0 
Seat 1: Rysiff (big blind) folded before Flop
Seat 2: GP42535 folded before Flop (didn't bet)
Seat 3: S3MPR3IGUAL folded before Flop (didn't bet)
Seat 4: cloudbreath folded before Flop (didn't bet)
Seat 5: Nurlanstar92 (button) collected ($2.50)
Seat 6: yxo_opka (small blind) folded before Flop



PokerStars Hand #254239826822:  Hold'em No Limit ($0.50/$1.00 USD) - 2025/01/06 2:11:12 WET [2025/01/06 21:11:12 ET]
Table 'Briseis II' 6-max Seat #6 is the button
Seat 1: Rysiff ($149.58 in chips) 
Seat 2: GP42535 ($22.55 in chips) 
Seat 3: S3MPR3IGUAL ($106 in chips) 
Seat 4: cloudbreath ($108.28 in chips) 
Seat 5: Nurlanstar92 ($117.35 in chips) 
Seat 6: yxo_opka ($38.50 in chips) 
Rysiff: posts small blind $0.50
GP42535: posts big blind $1
*** HOLE CARDS ***
S3MPR3IGUAL: folds 
cloudbreath: folds 
Nurlanstar92: folds 
yxo_opka: raises $1.49 to $2.49
Rysiff: folds 
GP42535: calls $1.49
*** FLOP *** [Kc Jd 6c]
GP42535: checks 
yxo_opka: bets $5
GP42535: folds 
Uncalled bet ($5) returned to yxo_opka
yxo_opka collected $5.21 from pot
yxo_opka: doesn't show hand 
*** SUMMARY ***
Total pot $5.48 | Rake $0.27 
Board [Kc Jd 6c]
Seat 1: Rysiff (small blind) folded before Flop
Seat 2: GP42535 (big blind) folded on the Flop
Seat 3: S3MPR3IGUAL folded before Flop (didn't bet)
Seat 4: cloudbreath folded before Flop (didn't bet)
Seat 5: Nurlanstar92 folded before Flop (didn't bet)
Seat 6: yxo_opka (button) collected ($5.21)



PokerStars Hand #254239831612:  Hold'em No Limit ($0.50/$1.00 USD) - 2025/01/06 2:11:41 WET [2025/01/06 21:11:41 ET]
Table 'Briseis II' 6-max Seat #1 is the button
Seat 1: Rysiff ($149.08 in chips) 
Seat 2: GP42535 ($20.06 in chips) 
Seat 3: S3MPR3IGUAL ($106 in chips) 
Seat 4: cloudbreath ($108.28 in chips) 
Seat 5: Nurlanstar92 ($117.35 in chips) 
Seat 6: yxo_opka ($41.22 in chips) 
GP42535: posts small blind $0.50
S3MPR3IGUAL: posts big blind $1
*** HOLE CARDS ***
cloudbreath: folds 
Nurlanstar92: folds 
yxo_opka: raises $1.50 to $2.50
Rysiff: folds 
GP42535: folds 
S3MPR3IGUAL: calls $1.50
*** FLOP *** [2s Ts Qs]
S3MPR3IGUAL: checks 
yxo_opka: bets $1.74
S3MPR3IGUAL: folds 
Uncalled bet ($1.74) returned to yxo_opka
yxo_opka collected $5.22 from pot
yxo_opka: doesn't show hand 
*** SUMMARY ***
Total pot $5.50 | Rake $0.28 
Board [2s Ts Qs]
Seat 1: Rysiff (button) folded before Flop (didn't bet)
Seat 2: GP42535 (small blind) folded before Flop
Seat 3: S3MPR3IGUAL (big blind) folded on the Flop
Seat 4: cloudbreath folded before Flop (didn't bet)
Seat 5: Nurlanstar92 folded before Flop (didn't bet)
Seat 6: yxo_opka collected ($5.22)



PokerStars Hand #254239835579:  Hold'em No Limit ($0.50/$1.00 USD) - 2025/01/06 2:12:05 WET [2025/01/06 21:12:05 ET]
Table 'Briseis II' 6-max Seat #2 is the button
Seat 1: Rysiff ($149.08 in chips) 
Seat 2: GP42535 ($19.56 in chips) 
Seat 3: S3MPR3IGUAL ($103.50 in chips) 
Seat 4: cloudbreath ($108.28 in chips) 
Seat 5: Nurlanstar92 ($117.35 in chips) 
Seat 6: yxo_opka ($43.94 in chips) 
S3MPR3IGUAL: posts small blind $0.50
cloudbreath: posts big blind $1
*** HOLE CARDS ***
Nurlanstar92: folds 
yxo_opka: folds 
Rysiff: folds 
GP42535: folds 
S3MPR3IGUAL: folds 
Uncalled bet ($0.50) returned to cloudbreath
cloudbreath collected $1 from pot
*** SUMMARY ***
Total pot $1 | Rake $0 
Seat 1: Rysiff folded before Flop (didn't bet)
Seat 2: GP42535 (button) folded before Flop (didn't bet)
Seat 3: S3MPR3IGUAL (small blind) folded before Flop
Seat 4: cloudbreath (big blind) collected ($1)
Seat 5: Nurlanstar92 folded before Flop (didn't bet)
Seat 6: yxo_opka folded before Flop (didn't bet)



PokerStars Hand #254239838008:  Hold'em No Limit ($0.50/$1.00 USD) - 2025/01/06 2:12:20 WET [2025/01/06 21:12:20 ET]
Table 'Briseis II' 6-max Seat #3 is the button
Seat 1: Rysiff ($149.08 in chips) 
Seat 2: GP42535 ($19.56 in chips) 
Seat 3: S3MPR3IGUAL ($103 in chips) 
Seat 4: cloudbreath ($108.78 in chips) 
Seat 5: Nurlanstar92 ($117.35 in chips) 
Seat 6: yxo_opka ($43.94 in chips) 
cloudbreath: posts small blind $0.50
Nurlanstar92: posts big blind $1
*** HOLE CARDS ***
yxo_opka: folds 
Rysiff: folds 
GP42535: calls $1
S3MPR3IGUAL: folds 
cloudbreath: folds 
Nurlanstar92: checks 
*** FLOP *** [Jc As Kd]
Nurlanstar92: checks 
GP42535: checks 
*** TURN *** [Jc As Kd] [Qd]
Nurlanstar92: checks 
GP42535: checks 
*** RIVER *** [Jc As Kd Qd] [Qs]
Nurlanstar92: bets $1.19
GP42535: folds 
Uncalled bet ($1.19) returned to Nurlanstar92
Nurlanstar92 collected $2.38 from pot
Nurlanstar92: doesn't show hand 
*** SUMMARY ***
Total pot $2.50 | Rake $0.12 
Board [Jc As Kd Qd Qs]
Seat 1: Rysiff folded before Flop (didn't bet)
Seat 2: GP42535 folded on the River
Seat 3: S3MPR3IGUAL (button) folded before Flop (didn't bet)
Seat 4: cloudbreath (small blind) folded before Flop
Seat 5: Nurlanstar92 (big blind) collected ($2.38)
Seat 6: yxo_opka folded before Flop (didn't bet)



PokerStars Hand #254239843471:  Hold'em No Limit ($0.50/$1.00 USD) - 2025/01/06 2:12:53 WET [2025/01/06 21:12:53 ET]
Table 'Briseis II' 6-max Seat #4 is the button
Seat 1: Rysiff ($149.08 in chips) 
Seat 2: GP42535 ($18.56 in chips) 
Seat 3: S3MPR3IGUAL ($103 in chips) 
Seat 4: cloudbreath ($108.28 in chips) 
Seat 5: Nurlanstar92 ($118.73 in chips) 
Seat 6: yxo_opka ($43.94 in chips) 
Nurlanstar92: posts small blind $0.50
yxo_opka: posts big blind $1
*** HOLE CARDS ***
Rysiff: folds 
GP42535: folds 
S3MPR3IGUAL: raises $1.25 to $2.25
cloudbreath: folds 
Nurlanstar92: folds 
yxo_opka: calls $1.25
*** FLOP *** [Ts 7d 9h]
yxo_opka: checks 
S3MPR3IGUAL: checks 
*** TURN *** [Ts 7d 9h] [8h]
yxo_opka: checks 
S3MPR3IGUAL: checks 
*** RIVER *** [Ts 7d 9h 8h] [2s]
yxo_opka: checks 
S3MPR3IGUAL: bets $3.33
yxo_opka: calls $3.33
*** SHOW DOWN ***
S3MPR3IGUAL: shows [4s As] (high card Ace)
yxo_opka: shows [6c 5c] (a straight, Six to Ten)
yxo_opka collected $11.08 from pot
*** SUMMARY ***
Total pot $11.66 | Rake $0.58 
Board [Ts 7d 9h 8h 2s]
Seat 1: Rysiff folded before Flop (didn't bet)
Seat 2: GP42535 folded before Flop (didn't bet)
Seat 3: S3MPR3IGUAL showed [4s As] and lost with high card Ace
Seat 4: cloudbreath (button) folded before Flop (didn't bet)
Seat 5: Nurlanstar92 (small blind) folded before Flop
Seat 6: yxo_opka (big blind) showed [6c 5c] and won ($11.08) with a straight, Six to Ten



PokerStars Hand #254239849537:  Hold'em No Limit ($0.50/$1.00 USD) - 2025/01/06 2:13:30 WET [2025/01/06 21:13:30 ET]
Table 'Briseis II' 6-max Seat #5 is the button
Seat 1: Rysiff ($149.08 in chips) 
Seat 2: GP42535 ($18.56 in chips) 
Seat 3: S3MPR3IGUAL ($100 in chips) 
Seat 4: cloudbreath ($108.28 in chips) 
Seat 5: Nurlanstar92 ($118.23 in chips) 
Seat 6: yxo_opka ($49.44 in chips) 
yxo_opka: posts small blind $0.50
Rysiff: posts big blind $1
*** HOLE CARDS ***
GP42535: folds 
S3MPR3IGUAL: folds 
cloudbreath: folds 
Nurlanstar92: raises $1.50 to $2.50
yxo_opka: folds 
S3MPR3IGUAL leaves the table
Rysiff: raises $9.50 to $12
Nurlanstar92: folds 
Uncalled bet ($9.50) returned to Rysiff
Rysiff collected $5.50 from pot
Rysiff: doesn't show hand 
m0nTTu joins the table at seat #3 
*** SUMMARY ***
Total pot $5.50 | Rake $0 
Seat 1: Rysiff (big blind) collected ($5.50)
Seat 2: GP42535 folded before Flop (didn't bet)
Seat 3: S3MPR3IGUAL folded before Flop (didn't bet)
Seat 4: cloudbreath folded before Flop (didn't bet)
Seat 5: Nurlanstar92 (button) folded before Flop
Seat 6: yxo_opka (small blind) folded before Flop



PokerStars Hand #254239852922:  Hold'em No Limit ($0.50/$1.00 USD) - 2025/01/06 2:13:51 WET [2025/01/06 21:13:51 ET]
Table 'Briseis II' 6-max Seat #6 is the button
Seat 3: m0nTTu ($112.45 in chips) is sitting out
Seat 1: Rysiff ($152.08 in chips) 
Seat 2: GP42535 ($18.56 in chips) 
Seat 4: cloudbreath ($108.28 in chips) 
Seat 5: Nurlanstar92 ($115.73 in chips) 
Seat 6: yxo_opka ($48.94 in chips) 
Rysiff: posts small blind $0.50
GP42535: posts big blind $1
m0nTTu: sits out 
*** HOLE CARDS ***
cloudbreath: folds 
Nurlanstar92: folds 
yxo_opka: raises $1.50 to $2.50
Rysiff: folds 
GP42535: calls $1.50
*** FLOP *** [7d Kc 2h]
GP42535: checks 
yxo_opka: bets $3
GP42535: calls $3
*** TURN *** [7d Kc 2h] [9c]
GP42535: checks 
yxo_opka: bets $6.50
GP42535: raises $6.50 to $13
yxo_opka: raises $6.50 to $19.50
GP42535: calls $0.06 and is all-in
Uncalled bet ($6.44) returned to yxo_opka
*** RIVER *** [7d Kc 2h 9c] [6s]
*** SHOW DOWN ***
GP42535: shows [8c 9s] (a pair of Nines)
yxo_opka: shows [Kh Th] (a pair of Kings)
yxo_opka collected $35.74 from pot
*** SUMMARY ***
Total pot $37.62 | Rake $1.88 
Board [7d Kc 2h 9c 6s]
Seat 3: m0nTTu
Seat 1: Rysiff (small blind) folded before Flop
Seat 2: GP42535 (big blind) showed [8c 9s] and lost with a pair of Nines
Seat 4: cloudbreath folded before Flop (didn't bet)
Seat 5: Nurlanstar92 folded before Flop (didn't bet)
Seat 6: yxo_opka (button) showed [Kh Th] and won ($35.74) with a pair of Kings



PokerStars Hand #254239861765:  Hold'em No Limit ($0.50/$1.00 USD) - 2025/01/06 2:14:44 WET [2025/01/06 21:14:44 ET]
Table 'Briseis II' 6-max Seat #1 is the button
Seat 2: GP42535 ($0 in chips) is sitting out
Seat 3: m0nTTu ($112.45 in chips) is sitting out
Seat 1: Rysiff ($151.58 in chips) 
Seat 4: cloudbreath ($108.28 in chips) 
Seat 5: Nurlanstar92 ($115.73 in chips) 
Seat 6: yxo_opka ($66.12 in chips) 
cloudbreath: posts small blind $0.50
Nurlanstar92: posts big blind $1
*** HOLE CARDS ***
yxo_opka: folds 
Rysiff: folds 
cloudbreath: raises $2 to $3
Nurlanstar92: folds 
Uncalled bet ($2) returned to cloudbreath
cloudbreath collected $2 from pot
*** SUMMARY ***
Total pot $2 | Rake $0 
Seat 2: GP42535
Seat 3: m0nTTu
Seat 1: Rysiff (button) folded before Flop (didn't bet)
Seat 4: cloudbreath (small blind) collected ($2)
Seat 5: Nurlanstar92 (big blind) folded before Flop
Seat 6: yxo_opka folded before Flop (didn't bet)



PokerStars Hand #254239863978:  Hold'em No Limit ($0.50/$1.00 USD) - 2025/01/06 2:14:58 WET [2025/01/06 21:14:58 ET]
Table 'Briseis II' 6-max Seat #4 is the button
Seat 2: GP42535 ($0 in chips) is sitting out
Seat 3: m0nTTu ($112.45 in chips) is sitting out
Seat 1: Rysiff ($151.58 in chips) 
Seat 4: cloudbreath ($109.28 in chips) 
Seat 5: Nurlanstar92 ($114.73 in chips) 
Seat 6: yxo_opka ($66.12 in chips) 
Nurlanstar92: posts small blind $0.50
yxo_opka: posts big blind $1
m0nTTu: sits out 
*** HOLE CARDS ***
Rysiff: folds 
cloudbreath: folds 
Nurlanstar92: folds 
Uncalled bet ($0.50) returned to yxo_opka
yxo_opka collected $1 from pot
yxo_opka: doesn't show hand 
*** SUMMARY ***
Total pot $1 | Rake $0 
Seat 2: GP42535
Seat 3: m0nTTu
Seat 1: Rysiff folded before Flop (didn't bet)
Seat 4: cloudbreath (button) folded before Flop (didn't bet)
Seat 5: Nurlanstar92 (small blind) folded before Flop
Seat 6: yxo_opka (big blind) collected ($1)



PokerStars Hand #254239865099:  Hold'em No Limit ($0.50/$1.00 USD) - 2025/01/06 2:15:04 WET [2025/01/06 21:15:04 ET]
Table 'Briseis II' 6-max Seat #5 is the button
Seat 2: GP42535 ($0 in chips) is sitting out
Seat 3: m0nTTu ($112.45 in chips) is sitting out
Seat 1: Rysiff ($151.58 in chips) 
Seat 4: cloudbreath ($109.28 in chips) 
Seat 5: Nurlanstar92 ($114.23 in chips) 
Seat 6: yxo_opka ($66.62 in chips) 
yxo_opka: posts small blind $0.50
Rysiff: posts big blind $1
m0nTTu: sits out 
*** HOLE CARDS ***
cloudbreath: folds 
GP42535 leaves the table
Nurlanstar92: raises $1.50 to $2.50
yxo_opka: folds 
Rysiff: folds 
Uncalled bet ($1.50) returned to Nurlanstar92
Nurlanstar92 collected $2.50 from pot
Nurlanstar92: doesn't show hand 
*** SUMMARY ***
Total pot $2.50 | Rake $0 
Seat 2: GP42535
Seat 3: m0nTTu
Seat 1: Rysiff (big blind) folded before Flop
Seat 4: cloudbreath folded before Flop (didn't bet)
Seat 5: Nurlanstar92 (button) collected ($2.50)
Seat 6: yxo_opka (small blind) folded before Flop



PokerStars Hand #254239867039:  Hold'em No Limit ($0.50/$1.00 USD) - 2025/01/06 2:15:17 WET [2025/01/06 21:15:17 ET]
Table 'Briseis II' 6-max Seat #6 is the button
Seat 1: Rysiff ($150.58 in chips) 
Seat 3: m0nTTu ($112.45 in chips) 
Seat 4: cloudbreath ($109.28 in chips) 
Seat 5: Nurlanstar92 ($115.73 in chips) 
Seat 6: yxo_opka ($66.12 in chips) 
Rysiff: posts small blind $0.50
m0nTTu: posts big blind $1
*** HOLE CARDS ***
cloudbreath: folds 
Nurlanstar92: folds 
yxo_opka: folds 
Rysiff: raises $2 to $3
m0nTTu: calls $2
*** FLOP *** [Ad Qh 2s]
Rysiff: bets $1.88
m0nTTu: calls $1.88
*** TURN *** [Ad Qh 2s] [2c]
Rysiff: checks 
m0nTTu: checks 
*** RIVER *** [Ad Qh 2s 2c] [Ac]
cloudbreath leaves the table
Rysiff: checks 
m0nTTu: checks 
*** SHOW DOWN ***
Rysiff: shows [9d Kc] (two pair, Aces and Deuces)
m0nTTu: shows [Qs Ts] (two pair, Aces and Queens)
m0nTTu collected $9.27 from pot
*** SUMMARY ***
Total pot $9.76 | Rake $0.49 
Board [Ad Qh 2s 2c Ac]
Seat 1: Rysiff (small blind) showed [9d Kc] and lost with two pair, Aces and Deuces
Seat 3: m0nTTu (big blind) showed [Qs Ts] and won ($9.27) with two pair, Aces and Queens
Seat 4: cloudbreath folded before Flop (didn't bet)
Seat 5: Nurlanstar92 folded before Flop (didn't bet)
Seat 6: yxo_opka (button) folded before Flop (didn't bet)



PokerStars Hand #254239877641:  Hold'em No Limit ($0.50/$1.00 USD) - 2025/01/06 2:16:22 WET [2025/01/06 21:16:22 ET]
Table 'Briseis II' 6-max Seat #1 is the button
Seat 1: Rysiff ($145.70 in chips) 
Seat 3: m0nTTu ($116.84 in chips) 
Seat 5: Nurlanstar92 ($115.73 in chips) 
Seat 6: yxo_opka ($66.12 in chips) 
m0nTTu: posts small blind $0.50
Nurlanstar92: posts big blind $1
*** HOLE CARDS ***
yxo_opka: folds 
Rysiff: raises $1.50 to $2.50
m0nTTu: folds 
Nurlanstar92: folds 
Uncalled bet ($1.50) returned to Rysiff
Rysiff collected $2.50 from pot
Rysiff: doesn't show hand 
*** SUMMARY ***
Total pot $2.50 | Rake $0 
Seat 1: Rysiff (button) collected ($2.50)
Seat 3: m0nTTu (small blind) folded before Flop
Seat 5: Nurlanstar92 (big blind) folded before Flop
Seat 6: yxo_opka folded before Flop (didn't bet)



