PokerStars Hand #254226514212:  Hold'em No Limit ($0.50/$1.00 USD) - 2025/01/06 12:26:34 WET [2025/01/06 7:26:34 ET]
Table 'Moskva II' 6-max Seat #6 is the button
Seat 1: Twistenko ($100 in chips) 
Seat 2: Melenya ($100 in chips) 
Seat 3: vipDiamant88 ($28.88 in chips) 
Seat 4: Gfoer ($102.46 in chips) 
Seat 5: NOTfishON ($104 in chips) 
Seat 6: Rdalonso ($100 in chips) 
Twistenko: posts small blind $0.50
Melenya: posts big blind $1
*** HOLE CARDS ***
vipDiamant88: folds 
Gfoer: folds 
NOTfishON: folds 
Rdalonso: folds 
Twistenko: folds 
Uncalled bet ($0.50) returned to Melenya
Melenya collected $1 from pot
Melenya: doesn't show hand 
*** SUMMARY ***
Total pot $1 | Rake $0 
Seat 1: Twistenko (small blind) folded before Flop
Seat 2: Melenya (big blind) collected ($1)
Seat 3: vipDiamant88 folded before Flop (didn't bet)
Seat 4: Gfoer folded before Flop (didn't bet)
Seat 5: NOTfishON folded before Flop (didn't bet)
Seat 6: Rdalonso (button) folded before Flop (didn't bet)



PokerStars Hand #254226515915:  Hold'em No Limit ($0.50/$1.00 USD) - 2025/01/06 12:26:45 WET [2025/01/06 7:26:45 ET]
Table 'Moskva II' 6-max Seat #1 is the button
Seat 1: Twistenko ($100 in chips) 
Seat 2: Melenya ($100.50 in chips) 
Seat 3: vipDiamant88 ($28.88 in chips) 
Seat 4: Gfoer ($102.46 in chips) 
Seat 5: NOTfishON ($104 in chips) 
Seat 6: Rdalonso ($100 in chips) 
Melenya: posts small blind $0.50
vipDiamant88: posts big blind $1
*** HOLE CARDS ***
Gfoer: folds 
NOTfishON: raises $2 to $3
Rdalonso: folds 
Twistenko: folds 
Melenya: folds 
vipDiamant88: folds 
Uncalled bet ($2) returned to NOTfishON
vipDiamant88 leaves the table
NOTfishON collected $2.50 from pot
*** SUMMARY ***
Total pot $2.50 | Rake $0 
Seat 1: Twistenko (button) folded before Flop (didn't bet)
Seat 2: Melenya (small blind) folded before Flop
Seat 3: vipDiamant88 (big blind) folded before Flop
Seat 4: Gfoer folded before Flop (didn't bet)
Seat 5: NOTfishON collected ($2.50)
Seat 6: Rdalonso folded before Flop (didn't bet)



PokerStars Hand #254226518314:  Hold'em No Limit ($0.50/$1.00 USD) - 2025/01/06 12:27:00 WET [2025/01/06 7:27:00 ET]
Table 'Moskva II' 6-max Seat #2 is the button
Seat 1: Twistenko ($100 in chips) 
Seat 2: Melenya ($100 in chips) 
Seat 4: Gfoer ($102.46 in chips) 
Seat 5: NOTfishON ($105.50 in chips) 
Seat 6: Rdalonso ($100 in chips) 
Gfoer: posts small blind $0.50
NOTfishON: posts big blind $1
*** HOLE CARDS ***
Rdalonso: folds 
Twistenko: folds 
Twistenko leaves the table
Melenya: raises $1.50 to $2.50
Gfoer: folds 
NOTfishON: raises $9.50 to $12
Melenya: folds 
Uncalled bet ($9.50) returned to NOTfishON
NOTfishON collected $5.50 from pot
*** SUMMARY ***
Total pot $5.50 | Rake $0 
Seat 1: Twistenko folded before Flop (didn't bet)
Seat 2: Melenya (button) folded before Flop
Seat 4: Gfoer (small blind) folded before Flop
Seat 5: NOTfishON (big blind) collected ($5.50)
Seat 6: Rdalonso folded before Flop (didn't bet)



PokerStars Hand #254226523005:  Hold'em No Limit ($0.50/$1.00 USD) - 2025/01/06 12:27:31 WET [2025/01/06 7:27:31 ET]
Table 'Moskva II' 6-max Seat #4 is the button
Seat 2: Melenya ($100 in chips) 
Seat 4: Gfoer ($101.96 in chips) 
Seat 5: NOTfishON ($108.50 in chips) 
Seat 6: Rdalonso ($100 in chips) 
NOTfishON: posts small blind $0.50
Rdalonso: posts big blind $1
*** HOLE CARDS ***
Melenya: folds 
Gfoer: folds 
NOTfishON: folds 
Uncalled bet ($0.50) returned to Rdalonso
Rdalonso collected $1 from pot
Rdalonso: doesn't show hand 
*** SUMMARY ***
Total pot $1 | Rake $0 
Seat 2: Melenya folded before Flop (didn't bet)
Seat 4: Gfoer (button) folded before Flop (didn't bet)
Seat 5: NOTfishON (small blind) folded before Flop
Seat 6: Rdalonso (big blind) collected ($1)



PokerStars Hand #254226578748:  Hold'em No Limit ($0.50/$1.00 USD) - 2025/01/06 12:33:35 WET [2025/01/06 7:33:35 ET]
Table 'Moskva II' 6-max Seat #5 is the button
Seat 2: Melenya ($100 in chips) 
Seat 3: vannacasting ($100 in chips) 
Seat 4: Gfoer ($101.96 in chips) 
Seat 5: nastja336 ($100 in chips) 
Seat 6: steelNike ($10 in chips) 
steelNike: posts small blind $0.50
Melenya: posts big blind $1
*** HOLE CARDS ***
fobot21 joins the table at seat #1 
vannacasting: folds 
Gfoer: folds 
nastja336: raises $1.50 to $2.50
steelNike: folds 
Melenya: raises $10.50 to $13
nastja336: raises $13 to $26
Melenya: raises $74 to $100 and is all-in
nastja336: folds 
Uncalled bet ($74) returned to Melenya
Melenya collected $52.50 from pot
Melenya: doesn't show hand 
*** SUMMARY ***
Total pot $52.50 | Rake $0 
Seat 2: Melenya (big blind) collected ($52.50)
Seat 3: vannacasting folded before Flop (didn't bet)
Seat 4: Gfoer folded before Flop (didn't bet)
Seat 5: nastja336 (button) folded before Flop
Seat 6: steelNike (small blind) folded before Flop



PokerStars Hand #254226586445:  Hold'em No Limit ($0.50/$1.00 USD) - 2025/01/06 12:34:25 WET [2025/01/06 7:34:25 ET]
Table 'Moskva II' 6-max Seat #6 is the button
Seat 1: fobot21 ($100 in chips) is sitting out
Seat 2: Melenya ($126.50 in chips) 
Seat 3: vannacasting ($100 in chips) 
Seat 4: Gfoer ($101.96 in chips) 
Seat 5: nastja336 ($100 in chips) 
Seat 6: steelNike ($9.50 in chips) 
Melenya: posts small blind $0.50
vannacasting: posts big blind $1
*** HOLE CARDS ***
Gfoer: raises $1.20 to $2.20
nastja336: raises $5.30 to $7.50
steelNike: folds 
Melenya: folds 
vannacasting: calls $6.50
Gfoer: folds 
*** FLOP *** [4c 7s Tc]
vannacasting: bets $16.82
nastja336: raises $75.68 to $92.50 and is all-in
vannacasting: folds 
Uncalled bet ($75.68) returned to nastja336
nastja336 collected $48.84 from pot
nastja336: doesn't show hand 
*** SUMMARY ***
Total pot $51.34 | Rake $2.50 
Board [4c 7s Tc]
Seat 1: fobot21
Seat 2: Melenya (small blind) folded before Flop
Seat 3: vannacasting (big blind) folded on the Flop
Seat 4: Gfoer folded before Flop
Seat 5: nastja336 collected ($48.84)
Seat 6: steelNike (button) folded before Flop (didn't bet)



PokerStars Hand #254226594812:  Hold'em No Limit ($0.50/$1.00 USD) - 2025/01/06 12:35:20 WET [2025/01/06 7:35:20 ET]
Table 'Moskva II' 6-max Seat #2 is the button
Seat 1: fobot21 ($100 in chips) is sitting out
Seat 2: Melenya ($126 in chips) 
Seat 3: vannacasting ($100 in chips) 
Seat 4: Gfoer ($100 in chips) 
Seat 5: nastja336 ($124.52 in chips) 
Seat 6: steelNike ($9.50 in chips) 
vannacasting: posts small blind $0.50
Gfoer: posts big blind $1
fobot21: sits out 
*** HOLE CARDS ***
nastja336: folds 
steelNike: folds 
Melenya: raises $1.50 to $2.50
vannacasting: folds 
Gfoer: folds 
Uncalled bet ($1.50) returned to Melenya
Melenya collected $2.50 from pot
Melenya: doesn't show hand 
*** SUMMARY ***
Total pot $2.50 | Rake $0 
Seat 1: fobot21
Seat 2: Melenya (button) collected ($2.50)
Seat 3: vannacasting (small blind) folded before Flop
Seat 4: Gfoer (big blind) folded before Flop
Seat 5: nastja336 folded before Flop (didn't bet)
Seat 6: steelNike folded before Flop (didn't bet)



PokerStars Hand #254226597375:  Hold'em No Limit ($0.50/$1.00 USD) - 2025/01/06 12:35:36 WET [2025/01/06 7:35:36 ET]
Table 'Moskva II' 6-max Seat #3 is the button
Seat 1: fobot21 ($100 in chips) is sitting out
Seat 2: Melenya ($127.50 in chips) 
Seat 3: vannacasting ($99.50 in chips) 
Seat 4: Gfoer ($100 in chips) 
Seat 5: nastja336 ($124.52 in chips) 
Seat 6: steelNike ($100 in chips) 
Gfoer: posts small blind $0.50
nastja336: posts big blind $1
fobot21: sits out 
*** HOLE CARDS ***
steelNike: folds 
Melenya: folds 
vannacasting: raises $1 to $2
Gfoer: folds 
nastja336: calls $1
*** FLOP *** [5s Tc 6c]
nastja336: checks 
vannacasting: checks 
*** TURN *** [5s Tc 6c] [3s]
nastja336: checks 
vannacasting: checks 
*** RIVER *** [5s Tc 6c 3s] [Th]
nastja336: checks 
vannacasting: checks 
*** SHOW DOWN ***
nastja336: shows [4h As] (a pair of Tens)
vannacasting: shows [Ks Ah] (a pair of Tens - Ace+King kicker)
vannacasting collected $4.28 from pot
*** SUMMARY ***
Total pot $4.50 | Rake $0.22 
Board [5s Tc 6c 3s Th]
Seat 1: fobot21
Seat 2: Melenya folded before Flop (didn't bet)
Seat 3: vannacasting (button) showed [Ks Ah] and won ($4.28) with a pair of Tens
Seat 4: Gfoer (small blind) folded before Flop
Seat 5: nastja336 (big blind) showed [4h As] and lost with a pair of Tens
Seat 6: steelNike folded before Flop (didn't bet)



PokerStars Hand #254226602559:  Hold'em No Limit ($0.50/$1.00 USD) - 2025/01/06 12:36:10 WET [2025/01/06 7:36:10 ET]
Table 'Moskva II' 6-max Seat #4 is the button
Seat 1: fobot21 ($100 in chips) is sitting out
Seat 2: Melenya ($127.50 in chips) 
Seat 3: vannacasting ($101.78 in chips) 
Seat 4: Gfoer ($100 in chips) 
Seat 5: nastja336 ($122.52 in chips) 
Seat 6: steelNike ($100 in chips) 
nastja336: posts small blind $0.50
steelNike: posts big blind $1
fobot21: sits out 
*** HOLE CARDS ***
Melenya: folds 
vannacasting: folds 
Gfoer: folds 
nastja336: raises $2 to $3
steelNike: folds 
Uncalled bet ($2) returned to nastja336
nastja336 collected $2 from pot
nastja336: doesn't show hand 
*** SUMMARY ***
Total pot $2 | Rake $0 
Seat 1: fobot21
Seat 2: Melenya folded before Flop (didn't bet)
Seat 3: vannacasting folded before Flop (didn't bet)
Seat 4: Gfoer (button) folded before Flop (didn't bet)
Seat 5: nastja336 (small blind) collected ($2)
Seat 6: steelNike (big blind) folded before Flop



PokerStars Hand #254226604813:  Hold'em No Limit ($0.50/$1.00 USD) - 2025/01/06 12:36:24 WET [2025/01/06 7:36:24 ET]
Table 'Moskva II' 6-max Seat #5 is the button
Seat 1: fobot21 ($100 in chips) 
Seat 2: Melenya ($127.50 in chips) 
Seat 3: vannacasting ($101.78 in chips) 
Seat 4: Gfoer ($100 in chips) 
Seat 5: nastja336 ($123.52 in chips) 
Seat 6: steelNike ($99 in chips) 
steelNike: posts small blind $0.50
fobot21: posts big blind $1
*** HOLE CARDS ***
Melenya: folds 
vannacasting: calls $1
Gfoer: folds 
nastja336: folds 
steelNike: folds 
fobot21: checks 
*** FLOP *** [Js Qs 4d]
fobot21: checks 
vannacasting: checks 
*** TURN *** [Js Qs 4d] [9d]
fobot21: checks 
vannacasting: bets $2.38
fobot21: folds 
Uncalled bet ($2.38) returned to vannacasting
vannacasting collected $2.38 from pot
*** SUMMARY ***
Total pot $2.50 | Rake $0.12 
Board [Js Qs 4d 9d]
Seat 1: fobot21 (big blind) folded on the Turn
Seat 2: Melenya folded before Flop (didn't bet)
Seat 3: vannacasting collected ($2.38)
Seat 4: Gfoer folded before Flop (didn't bet)
Seat 5: nastja336 (button) folded before Flop (didn't bet)
Seat 6: steelNike (small blind) folded before Flop



PokerStars Hand #254226615655:  Hold'em No Limit ($0.50/$1.00 USD) - 2025/01/06 12:37:35 WET [2025/01/06 7:37:35 ET]
Table 'Moskva II' 6-max Seat #6 is the button
Seat 1: fobot21 ($100 in chips) 
Seat 2: Melenya ($127.50 in chips) 
Seat 3: vannacasting ($103.16 in chips) 
Seat 4: Gfoer ($100 in chips) 
Seat 5: nastja336 ($123.52 in chips) 
Seat 6: steelNike ($98.50 in chips) 
fobot21: posts small blind $0.50
Melenya: posts big blind $1
*** HOLE CARDS ***
vannacasting: folds 
Gfoer: folds 
nastja336: raises $1.50 to $2.50
steelNike: folds 
fobot21: raises $9 to $11.50
Melenya: folds 
nastja336: raises $14.50 to $26
fobot21: raises $74 to $100 and is all-in
nastja336: calls $74
*** FLOP *** [Qh Th 3s]
*** TURN *** [Qh Th 3s] [Td]
*** RIVER *** [Qh Th 3s Td] [3c]
*** SHOW DOWN ***
fobot21: shows [Ac Ad] (two pair, Aces and Tens)
nastja336: shows [As Ks] (two pair, Tens and Threes)
fobot21 collected $198.50 from pot
*** SUMMARY ***
Total pot $201 | Rake $2.50 
Board [Qh Th 3s Td 3c]
Seat 1: fobot21 (small blind) showed [Ac Ad] and won ($198.50) with two pair, Aces and Tens
Seat 2: Melenya (big blind) folded before Flop
Seat 3: vannacasting folded before Flop (didn't bet)
Seat 4: Gfoer folded before Flop (didn't bet)
Seat 5: nastja336 showed [As Ks] and lost with two pair, Tens and Threes
Seat 6: steelNike (button) folded before Flop (didn't bet)



PokerStars Hand #254226625363:  Hold'em No Limit ($0.50/$1.00 USD) - 2025/01/06 12:38:39 WET [2025/01/06 7:38:39 ET]
Table 'Moskva II' 6-max Seat #1 is the button
Seat 1: fobot21 ($198.50 in chips) 
Seat 2: Melenya ($126.50 in chips) 
Seat 3: vannacasting ($103.16 in chips) 
Seat 4: Gfoer ($100 in chips) 
Seat 5: nastja336 ($100 in chips) 
Seat 6: steelNike ($98.50 in chips) 
Melenya: posts small blind $0.50
vannacasting: posts big blind $1
*** HOLE CARDS ***
Gfoer: folds 
nastja336: folds 
steelNike: raises $1.30 to $2.30
fobot21: folds 
Melenya: folds 
vannacasting: folds 
Uncalled bet ($1.30) returned to steelNike
steelNike collected $2.50 from pot
*** SUMMARY ***
Total pot $2.50 | Rake $0 
Seat 1: fobot21 (button) folded before Flop (didn't bet)
Seat 2: Melenya (small blind) folded before Flop
Seat 3: vannacasting (big blind) folded before Flop
Seat 4: Gfoer folded before Flop (didn't bet)
Seat 5: nastja336 folded before Flop (didn't bet)
Seat 6: steelNike collected ($2.50)



PokerStars Hand #254226631997:  Hold'em No Limit ($0.50/$1.00 USD) - 2025/01/06 12:39:22 WET [2025/01/06 7:39:22 ET]
Table 'Moskva II' 6-max Seat #2 is the button
Seat 1: fobot21 ($198.50 in chips) 
Seat 2: Melenya ($126 in chips) 
Seat 3: vannacasting ($102.16 in chips) 
Seat 4: Gfoer ($100 in chips) 
Seat 5: nastja336 ($100 in chips) 
Seat 6: steelNike ($100 in chips) 
vannacasting: posts small blind $0.50
Gfoer: posts big blind $1
*** HOLE CARDS ***
nastja336: folds 
steelNike: folds 
fobot21: raises $1.50 to $2.50
Melenya: folds 
vannacasting: calls $2
Gfoer: folds 
*** FLOP *** [4d 5s 8c]
vannacasting: checks 
fobot21: bets $3.08
vannacasting: calls $3.08
*** TURN *** [4d 5s 8c] [As]
vannacasting: checks 
fobot21: bets $7.70
vannacasting: calls $7.70
*** RIVER *** [4d 5s 8c As] [3c]
vannacasting: checks 
fobot21: checks 
*** SHOW DOWN ***
vannacasting: shows [Ad 2d] (a straight, Ace to Five)
fobot21: mucks hand 
vannacasting collected $26.18 from pot
*** SUMMARY ***
Total pot $27.56 | Rake $1.38 
Board [4d 5s 8c As 3c]
Seat 1: fobot21 mucked
Seat 2: Melenya (button) folded before Flop (didn't bet)
Seat 3: vannacasting (small blind) showed [Ad 2d] and won ($26.18) with a straight, Ace to Five
Seat 4: Gfoer (big blind) folded before Flop
Seat 5: nastja336 folded before Flop (didn't bet)
Seat 6: steelNike folded before Flop (didn't bet)



PokerStars Hand #254226639774:  Hold'em No Limit ($0.50/$1.00 USD) - 2025/01/06 12:40:13 WET [2025/01/06 7:40:13 ET]
Table 'Moskva II' 6-max Seat #3 is the button
Seat 1: fobot21 ($185.22 in chips) 
Seat 2: Melenya ($126 in chips) 
Seat 3: vannacasting ($115.06 in chips) 
Seat 4: Gfoer ($100 in chips) 
Seat 5: nastja336 ($100 in chips) 
Seat 6: steelNike ($100 in chips) 
Gfoer: posts small blind $0.50
nastja336: posts big blind $1
*** HOLE CARDS ***
steelNike: raises $1 to $2
fobot21: raises $4.50 to $6.50
Melenya: folds 
vannacasting: folds 
Gfoer: folds 
nastja336: raises $9.75 to $16.25
steelNike: folds 
fobot21: calls $9.75
*** FLOP *** [5c 4h 2c]
nastja336: bets $25.20
fobot21: folds 
Uncalled bet ($25.20) returned to nastja336
nastja336 collected $33.25 from pot
nastja336: doesn't show hand 
*** SUMMARY ***
Total pot $35 | Rake $1.75 
Board [5c 4h 2c]
Seat 1: fobot21 folded on the Flop
Seat 2: Melenya folded before Flop (didn't bet)
Seat 3: vannacasting (button) folded before Flop (didn't bet)
Seat 4: Gfoer (small blind) folded before Flop
Seat 5: nastja336 (big blind) collected ($33.25)
Seat 6: steelNike folded before Flop



PokerStars Hand #254226645876:  Hold'em No Limit ($0.50/$1.00 USD) - 2025/01/06 12:40:52 WET [2025/01/06 7:40:52 ET]
Table 'Moskva II' 6-max Seat #4 is the button
Seat 1: fobot21 ($168.97 in chips) 
Seat 2: Melenya ($126 in chips) 
Seat 3: vannacasting ($115.06 in chips) 
Seat 4: Gfoer ($100 in chips) 
Seat 5: nastja336 ($117 in chips) 
Seat 6: steelNike ($98 in chips) 
nastja336: posts small blind $0.50
steelNike: posts big blind $1
*** HOLE CARDS ***
fobot21: folds 
Melenya: raises $1 to $2
vannacasting: raises $5.50 to $7.50
Gfoer: folds 
nastja336: folds 
steelNike: folds 
Melenya: folds 
Uncalled bet ($5.50) returned to vannacasting
vannacasting collected $5.50 from pot
*** SUMMARY ***
Total pot $5.50 | Rake $0 
Seat 1: fobot21 folded before Flop (didn't bet)
Seat 2: Melenya folded before Flop
Seat 3: vannacasting collected ($5.50)
Seat 4: Gfoer (button) folded before Flop (didn't bet)
Seat 5: nastja336 (small blind) folded before Flop
Seat 6: steelNike (big blind) folded before Flop



PokerStars Hand #254226649120:  Hold'em No Limit ($0.50/$1.00 USD) - 2025/01/06 12:41:13 WET [2025/01/06 7:41:13 ET]
Table 'Moskva II' 6-max Seat #5 is the button
Seat 1: fobot21 ($168.97 in chips) 
Seat 2: Melenya ($124 in chips) 
Seat 3: vannacasting ($118.56 in chips) 
Seat 4: Gfoer ($100 in chips) 
Seat 5: nastja336 ($116.50 in chips) 
Seat 6: steelNike ($100 in chips) 
steelNike: posts small blind $0.50
fobot21: posts big blind $1
*** HOLE CARDS ***
Melenya: folds 
vannacasting: raises $1 to $2
Gfoer: folds 
nastja336: raises $4 to $6
steelNike: folds 
fobot21: folds 
vannacasting: raises $13.50 to $19.50
nastja336: folds 
Uncalled bet ($13.50) returned to vannacasting
vannacasting collected $13.50 from pot
*** SUMMARY ***
Total pot $13.50 | Rake $0 
Seat 1: fobot21 (big blind) folded before Flop
Seat 2: Melenya folded before Flop (didn't bet)
Seat 3: vannacasting collected ($13.50)
Seat 4: Gfoer folded before Flop (didn't bet)
Seat 5: nastja336 (button) folded before Flop
Seat 6: steelNike (small blind) folded before Flop



PokerStars Hand #254226652950:  Hold'em No Limit ($0.50/$1.00 USD) - 2025/01/06 12:41:37 WET [2025/01/06 7:41:37 ET]
Table 'Moskva II' 6-max Seat #6 is the button
Seat 1: fobot21 ($167.97 in chips) 
Seat 2: Melenya ($124 in chips) 
Seat 3: vannacasting ($126.06 in chips) 
Seat 4: Gfoer ($100 in chips) 
Seat 5: nastja336 ($110.50 in chips) 
Seat 6: steelNike ($99.50 in chips) 
fobot21: posts small blind $0.50
Melenya: posts big blind $1
*** HOLE CARDS ***
vannacasting: calls $1
Gfoer: folds 
nastja336: folds 
steelNike: folds 
fobot21: folds 
Melenya: checks 
*** FLOP *** [6d 4c 5c]
Melenya: bets $2.38
vannacasting: raises $7.14 to $9.52
Melenya: calls $7.14
*** TURN *** [6d 4c 5c] [5d]
Melenya: checks 
vannacasting: bets $5
Melenya: raises $30.46 to $35.46
vannacasting: calls $30.46
*** RIVER *** [6d 4c 5c 5d] [6s]
Melenya: bets $78.02 and is all-in
vannacasting: calls $78.02
*** SHOW DOWN ***
Melenya: shows [5s 4h] (a full house, Fives full of Sixes)
vannacasting: shows [5h 6h] (a full house, Sixes full of Fives)
vannacasting collected $246 from pot
*** SUMMARY ***
Total pot $248.50 | Rake $2.50 
Board [6d 4c 5c 5d 6s]
Seat 1: fobot21 (small blind) folded before Flop
Seat 2: Melenya (big blind) showed [5s 4h] and lost with a full house, Fives full of Sixes
Seat 3: vannacasting showed [5h 6h] and won ($246) with a full house, Sixes full of Fives
Seat 4: Gfoer folded before Flop (didn't bet)
Seat 5: nastja336 folded before Flop (didn't bet)
Seat 6: steelNike (button) folded before Flop (didn't bet)



PokerStars Hand #254226664537:  Hold'em No Limit ($0.50/$1.00 USD) - 2025/01/06 12:42:50 WET [2025/01/06 7:42:50 ET]
Table 'Moskva II' 6-max Seat #1 is the button
Seat 1: fobot21 ($167.47 in chips) 
Seat 2: Melenya ($100 in chips) 
Seat 3: vannacasting ($248.06 in chips) 
Seat 4: Gfoer ($100 in chips) 
Seat 5: nastja336 ($110.50 in chips) 
Seat 6: steelNike ($99.50 in chips) 
Melenya: posts small blind $0.50
vannacasting: posts big blind $1
*** HOLE CARDS ***
Gfoer: folds 
nastja336: raises $1.50 to $2.50
steelNike: folds 
fobot21: calls $2.50
Melenya: folds 
vannacasting: raises $4.50 to $7
nastja336: calls $4.50
fobot21: calls $4.50
*** FLOP *** [Ts 4d Qh]
vannacasting: bets $20.42
nastja336: folds 
fobot21: folds 
Uncalled bet ($20.42) returned to vannacasting
vannacasting collected $20.42 from pot
*** SUMMARY ***
Total pot $21.50 | Rake $1.08 
Board [Ts 4d Qh]
Seat 1: fobot21 (button) folded on the Flop
Seat 2: Melenya (small blind) folded before Flop
Seat 3: vannacasting (big blind) collected ($20.42)
Seat 4: Gfoer folded before Flop (didn't bet)
Seat 5: nastja336 folded on the Flop
Seat 6: steelNike folded before Flop (didn't bet)



PokerStars Hand #254226672503:  Hold'em No Limit ($0.50/$1.00 USD) - 2025/01/06 12:43:40 WET [2025/01/06 7:43:40 ET]
Table 'Moskva II' 6-max Seat #2 is the button
Seat 1: fobot21 ($160.47 in chips) 
Seat 2: Melenya ($100 in chips) 
Seat 3: vannacasting ($261.48 in chips) 
Seat 4: Gfoer ($100 in chips) 
Seat 5: nastja336 ($103.50 in chips) 
Seat 6: steelNike ($100 in chips) 
vannacasting: posts small blind $0.50
Gfoer: posts big blind $1
*** HOLE CARDS ***
nastja336: folds 
steelNike: folds 
fobot21: folds 
Melenya: folds 
vannacasting: calls $0.50
Gfoer: raises $3.50 to $4.50
vannacasting: calls $3.50
*** FLOP *** [4s 9h 2c]
vannacasting: checks 
Gfoer: bets $6.41
vannacasting: folds 
Uncalled bet ($6.41) returned to Gfoer
Gfoer collected $8.55 from pot
Gfoer: doesn't show hand 
*** SUMMARY ***
Total pot $9 | Rake $0.45 
Board [4s 9h 2c]
Seat 1: fobot21 folded before Flop (didn't bet)
Seat 2: Melenya (button) folded before Flop (didn't bet)
Seat 3: vannacasting (small blind) folded on the Flop
Seat 4: Gfoer (big blind) collected ($8.55)
Seat 5: nastja336 folded before Flop (didn't bet)
Seat 6: steelNike folded before Flop (didn't bet)



PokerStars Hand #254226680023:  Hold'em No Limit ($0.50/$1.00 USD) - 2025/01/06 12:44:27 WET [2025/01/06 7:44:27 ET]
Table 'Moskva II' 6-max Seat #4 is the button
Seat 3: vannacasting ($256.98 in chips) is sitting out
Seat 1: fobot21 ($160.47 in chips) 
Seat 2: Melenya ($100 in chips) 
Seat 4: Gfoer ($104.05 in chips) 
Seat 5: nastja336 ($103.50 in chips) 
Seat 6: steelNike ($100 in chips) 
nastja336: posts small blind $0.50
steelNike: posts big blind $1
*** HOLE CARDS ***
fobot21: folds 
Melenya: raises $1.30 to $2.30
Gfoer: folds 
vannacasting leaves the table
nastja336: folds 
steelNike: raises $10.70 to $13
Melenya: folds 
Uncalled bet ($10.70) returned to steelNike
steelNike collected $5.10 from pot
G.HANSEN333 joins the table at seat #3 
*** SUMMARY ***
Total pot $5.10 | Rake $0 
Seat 3: vannacasting
Seat 1: fobot21 folded before Flop (didn't bet)
Seat 2: Melenya folded before Flop
Seat 4: Gfoer (button) folded before Flop (didn't bet)
Seat 5: nastja336 (small blind) folded before Flop
Seat 6: steelNike (big blind) collected ($5.10)



PokerStars Hand #254226684353:  Hold'em No Limit ($0.50/$1.00 USD) - 2025/01/06 12:44:54 WET [2025/01/06 7:44:54 ET]
Table 'Moskva II' 6-max Seat #5 is the button
Seat 2: Melenya ($100 in chips) is sitting out
Seat 6: steelNike ($102.80 in chips) is sitting out
Seat 1: fobot21 ($160.47 in chips) 
Seat 3: G.HANSEN333 ($100 in chips) 
Seat 4: Gfoer ($104.05 in chips) 
Seat 5: nastja336 ($103 in chips) 
fobot21: posts small blind $0.50
Melenya: is sitting out 
G.HANSEN333: posts big blind $1
*** HOLE CARDS ***
steelNike leaves the table
Melenya leaves the table
Gfoer: folds 
nastja336: folds 
fobot21: raises $1.90 to $2.90
G.HANSEN333: calls $1.90
*** FLOP *** [Kh 9c 5h]
fobot21: bets $1.87
G.HANSEN333: folds 
Uncalled bet ($1.87) returned to fobot21
fobot21 collected $5.51 from pot
fobot21: doesn't show hand 
*** SUMMARY ***
Total pot $5.80 | Rake $0.29 
Board [Kh 9c 5h]
Seat 2: Melenya
Seat 6: steelNike
Seat 1: fobot21 (small blind) collected ($5.51)
Seat 3: G.HANSEN333 (big blind) folded on the Flop
Seat 4: Gfoer folded before Flop (didn't bet)
Seat 5: nastja336 (button) folded before Flop (didn't bet)



