PokerStars Hand #254227249615:  Hold'em No Limit ($0.50/$1.00 USD) - 2025/01/06 13:40:54 WET [2025/01/06 8:40:54 ET]
Table 'Lyyli II' 6-max Seat #6 is the button
Seat 1: Rysiff ($121.30 in chips) 
Seat 2: Nicedaymybro ($100 in chips) 
Seat 5: kel3vr4_23 ($19.30 in chips) 
Seat 6: PhoenixAssassin ($118.23 in chips) 
Rysiff: posts small blind $0.50
Nicedaymybro: posts big blind $1
*** HOLE CARDS ***
dr.bano joins the table at seat #3 
dr.bano is disconnected 
kel3vr4_23: raises $1 to $2
PhoenixAssassin: folds 
Gfoer joins the table at seat #4 
Rysiff: folds 
Nicedaymybro: folds 
Uncalled bet ($1) returned to kel3vr4_23
kel3vr4_23 collected $2.50 from pot
dr.bano leaves the table
*** SUMMARY ***
Total pot $2.50 | Rake $0 
Seat 1: Rysiff (small blind) folded before Flop
Seat 2: Nicedaymybro (big blind) folded before Flop
Seat 5: kel3vr4_23 collected ($2.50)
Seat 6: PhoenixAssassin (button) folded before Flop (didn't bet)



PokerStars Hand #254227251887:  Hold'em No Limit ($0.50/$1.00 USD) - 2025/01/06 13:41:06 WET [2025/01/06 8:41:06 ET]
Table 'Lyyli II' 6-max Seat #1 is the button
Seat 1: Rysiff ($120.80 in chips) 
Seat 2: Nicedaymybro ($100 in chips) 
Seat 4: Gfoer ($100 in chips) 
Seat 5: kel3vr4_23 ($20.80 in chips) 
Seat 6: PhoenixAssassin ($118.23 in chips) 
Nicedaymybro: posts small blind $0.50
Gfoer: posts big blind $1
*** HOLE CARDS ***
kel3vr4_23: folds 
PhoenixAssassin: raises $1.50 to $2.50
dr.bano joins the table at seat #3 
dr.bano is disconnected 
Rysiff: folds 
Nicedaymybro: folds 
Gfoer: raises $10 to $12.50
PhoenixAssassin: folds 
Uncalled bet ($10) returned to Gfoer
Gfoer collected $5.50 from pot
Gfoer: doesn't show hand 
*** SUMMARY ***
Total pot $5.50 | Rake $0 
Seat 1: Rysiff (button) folded before Flop (didn't bet)
Seat 2: Nicedaymybro (small blind) folded before Flop
Seat 4: Gfoer (big blind) collected ($5.50)
Seat 5: kel3vr4_23 folded before Flop (didn't bet)
Seat 6: PhoenixAssassin folded before Flop



PokerStars Hand #254227257804:  Hold'em No Limit ($0.50/$1.00 USD) - 2025/01/06 13:41:38 WET [2025/01/06 8:41:38 ET]
Table 'Lyyli II' 6-max Seat #2 is the button
Seat 3: dr.bano ($26.40 in chips) is sitting out
Seat 1: Rysiff ($120.80 in chips) 
Seat 2: Nicedaymybro ($100 in chips) 
Seat 4: Gfoer ($103 in chips) 
Seat 5: kel3vr4_23 ($20.80 in chips) 
Seat 6: PhoenixAssassin ($115.73 in chips) 
Gfoer: posts small blind $0.50
kel3vr4_23: posts big blind $1
*** HOLE CARDS ***
PhoenixAssassin: folds 
Rysiff: folds 
Nicedaymybro: raises $1.50 to $2.50
Gfoer: folds 
kel3vr4_23: calls $1.50
*** FLOP *** [Kd 2s 8h]
kel3vr4_23: checks 
Nicedaymybro: bets $1.72
kel3vr4_23: folds 
Uncalled bet ($1.72) returned to Nicedaymybro
Nicedaymybro collected $5.22 from pot
Nicedaymybro: doesn't show hand 
*** SUMMARY ***
Total pot $5.50 | Rake $0.28 
Board [Kd 2s 8h]
Seat 3: dr.bano
Seat 1: Rysiff folded before Flop (didn't bet)
Seat 2: Nicedaymybro (button) collected ($5.22)
Seat 4: Gfoer (small blind) folded before Flop
Seat 5: kel3vr4_23 (big blind) folded on the Flop
Seat 6: PhoenixAssassin folded before Flop (didn't bet)



PokerStars Hand #254227262265:  Hold'em No Limit ($0.50/$1.00 USD) - 2025/01/06 13:42:03 WET [2025/01/06 8:42:03 ET]
Table 'Lyyli II' 6-max Seat #4 is the button
Seat 1: Rysiff ($120.80 in chips) 
Seat 2: Nicedaymybro ($102.72 in chips) 
Seat 3: dr.bano ($26.40 in chips) 
Seat 4: Gfoer ($102.50 in chips) 
Seat 5: kel3vr4_23 ($18.30 in chips) 
Seat 6: PhoenixAssassin ($115.73 in chips) 
kel3vr4_23: posts small blind $0.50
PhoenixAssassin: posts big blind $1
dr.bano: posts big blind $1
*** HOLE CARDS ***
Rysiff: raises $3 to $4
Nicedaymybro: folds 
dr.bano: raises $3 to $7
Gfoer: folds 
kel3vr4_23: folds 
PhoenixAssassin: folds 
Rysiff: raises $113.80 to $120.80 and is all-in
dr.bano: calls $19.40 and is all-in
Uncalled bet ($94.40) returned to Rysiff
*** FLOP *** [As Jh 7c]
*** TURN *** [As Jh 7c] [8h]
*** RIVER *** [As Jh 7c 8h] [7d]
*** SHOW DOWN ***
Rysiff: shows [Ad Qd] (two pair, Aces and Sevens)
dr.bano: shows [Kd Ts] (a pair of Sevens)
Rysiff collected $51.80 from pot
*** SUMMARY ***
Total pot $54.30 | Rake $2.50 
Board [As Jh 7c 8h 7d]
Seat 1: Rysiff showed [Ad Qd] and won ($51.80) with two pair, Aces and Sevens
Seat 2: Nicedaymybro folded before Flop (didn't bet)
Seat 3: dr.bano showed [Kd Ts] and lost with a pair of Sevens
Seat 4: Gfoer (button) folded before Flop (didn't bet)
Seat 5: kel3vr4_23 (small blind) folded before Flop
Seat 6: PhoenixAssassin (big blind) folded before Flop



PokerStars Hand #254227268678:  Hold'em No Limit ($0.50/$1.00 USD) - 2025/01/06 13:42:37 WET [2025/01/06 8:42:37 ET]
Table 'Lyyli II' 6-max Seat #5 is the button
Seat 3: dr.bano ($0 in chips) is sitting out
Seat 1: Rysiff ($146.20 in chips) 
Seat 2: Nicedaymybro ($102.72 in chips) 
Seat 4: Gfoer ($102.50 in chips) 
Seat 5: kel3vr4_23 ($17.80 in chips) 
Seat 6: PhoenixAssassin ($114.73 in chips) 
PhoenixAssassin: posts small blind $0.50
Rysiff: posts big blind $1
*** HOLE CARDS ***
Nicedaymybro: folds 
Gfoer: folds 
kel3vr4_23: folds 
PhoenixAssassin: folds 
Uncalled bet ($0.50) returned to Rysiff
Rysiff collected $1 from pot
Rysiff: doesn't show hand 
*** SUMMARY ***
Total pot $1 | Rake $0 
Seat 3: dr.bano
Seat 1: Rysiff (big blind) collected ($1)
Seat 2: Nicedaymybro folded before Flop (didn't bet)
Seat 4: Gfoer folded before Flop (didn't bet)
Seat 5: kel3vr4_23 (button) folded before Flop (didn't bet)
Seat 6: PhoenixAssassin (small blind) folded before Flop



PokerStars Hand #254227270715:  Hold'em No Limit ($0.50/$1.00 USD) - 2025/01/06 13:42:48 WET [2025/01/06 8:42:48 ET]
Table 'Lyyli II' 6-max Seat #6 is the button
Seat 1: Rysiff ($146.70 in chips) 
Seat 2: Nicedaymybro ($102.72 in chips) 
Seat 3: dr.bano ($100 in chips) 
Seat 4: Gfoer ($102.50 in chips) 
Seat 5: kel3vr4_23 ($17.80 in chips) 
Seat 6: PhoenixAssassin ($114.23 in chips) 
Rysiff: posts small blind $0.50
Nicedaymybro: posts big blind $1
*** HOLE CARDS ***
dr.bano: raises $1 to $2
Gfoer: folds 
kel3vr4_23: folds 
PhoenixAssassin: calls $2
Rysiff: folds 
Nicedaymybro: calls $1
*** FLOP *** [2c Th 3c]
Nicedaymybro: checks 
dr.bano: bets $2
PhoenixAssassin: folds 
Nicedaymybro: calls $2
*** TURN *** [2c Th 3c] [2s]
Nicedaymybro: checks 
dr.bano: bets $2
Nicedaymybro: calls $2
*** RIVER *** [2c Th 3c 2s] [Tc]
Nicedaymybro: checks 
dr.bano: bets $10
Nicedaymybro: folds 
Uncalled bet ($10) returned to dr.bano
dr.bano collected $13.78 from pot
*** SUMMARY ***
Total pot $14.50 | Rake $0.72 
Board [2c Th 3c 2s Tc]
Seat 1: Rysiff (small blind) folded before Flop
Seat 2: Nicedaymybro (big blind) folded on the River
Seat 3: dr.bano collected ($13.78)
Seat 4: Gfoer folded before Flop (didn't bet)
Seat 5: kel3vr4_23 folded before Flop (didn't bet)
Seat 6: PhoenixAssassin (button) folded on the Flop



PokerStars Hand #254227279246:  Hold'em No Limit ($0.50/$1.00 USD) - 2025/01/06 13:43:35 WET [2025/01/06 8:43:35 ET]
Table 'Lyyli II' 6-max Seat #1 is the button
Seat 1: Rysiff ($146.20 in chips) 
Seat 2: Nicedaymybro ($100 in chips) 
Seat 3: dr.bano ($107.78 in chips) 
Seat 4: Gfoer ($102.50 in chips) 
Seat 5: kel3vr4_23 ($17.80 in chips) 
Seat 6: PhoenixAssassin ($112.23 in chips) 
Nicedaymybro: posts small blind $0.50
dr.bano: posts big blind $1
*** HOLE CARDS ***
Gfoer: raises $1.20 to $2.20
kel3vr4_23: folds 
PhoenixAssassin: folds 
Rysiff: folds 
Nicedaymybro: folds 
dr.bano: folds 
Uncalled bet ($1.20) returned to Gfoer
dr.bano leaves the table
Gfoer collected $2.50 from pot
Gfoer: doesn't show hand 
*** SUMMARY ***
Total pot $2.50 | Rake $0 
Seat 1: Rysiff (button) folded before Flop (didn't bet)
Seat 2: Nicedaymybro (small blind) folded before Flop
Seat 3: dr.bano (big blind) folded before Flop
Seat 4: Gfoer collected ($2.50)
Seat 5: kel3vr4_23 folded before Flop (didn't bet)
Seat 6: PhoenixAssassin folded before Flop (didn't bet)



PokerStars Hand #254227283370:  Hold'em No Limit ($0.50/$1.00 USD) - 2025/01/06 13:43:57 WET [2025/01/06 8:43:57 ET]
Table 'Lyyli II' 6-max Seat #2 is the button
Seat 1: Rysiff ($146.20 in chips) 
Seat 2: Nicedaymybro ($100 in chips) 
Seat 4: Gfoer ($104 in chips) 
Seat 5: kel3vr4_23 ($17.80 in chips) 
Seat 6: PhoenixAssassin ($112.23 in chips) 
Gfoer: posts small blind $0.50
kel3vr4_23: posts big blind $1
*** HOLE CARDS ***
PhoenixAssassin: folds 
Rysiff: folds 
Nicedaymybro: raises $1.50 to $2.50
dr.bano joins the table at seat #3 
dr.bano is disconnected 
dr.bano leaves the table
Gfoer: folds 
kel3vr4_23: calls $1.50
*** FLOP *** [2s Qd 3s]
kel3vr4_23: checks 
Nicedaymybro: bets $1.72
kel3vr4_23: calls $1.72
*** TURN *** [2s Qd 3s] [2c]
kel3vr4_23: checks 
Nicedaymybro: checks 
*** RIVER *** [2s Qd 3s 2c] [9h]
kel3vr4_23: bets $6
Nicedaymybro: folds 
Uncalled bet ($6) returned to kel3vr4_23
kel3vr4_23 collected $8.49 from pot
*** SUMMARY ***
Total pot $8.94 | Rake $0.45 
Board [2s Qd 3s 2c 9h]
Seat 1: Rysiff folded before Flop (didn't bet)
Seat 2: Nicedaymybro (button) folded on the River
Seat 4: Gfoer (small blind) folded before Flop
Seat 5: kel3vr4_23 (big blind) collected ($8.49)
Seat 6: PhoenixAssassin folded before Flop (didn't bet)



PokerStars Hand #254227292094:  Hold'em No Limit ($0.50/$1.00 USD) - 2025/01/06 13:44:45 WET [2025/01/06 8:44:45 ET]
Table 'Lyyli II' 6-max Seat #4 is the button
Seat 1: Rysiff ($146.20 in chips) 
Seat 2: Nicedaymybro ($100 in chips) 
Seat 4: Gfoer ($103.50 in chips) 
Seat 5: kel3vr4_23 ($22.07 in chips) 
Seat 6: PhoenixAssassin ($112.23 in chips) 
kel3vr4_23: posts small blind $0.50
PhoenixAssassin: posts big blind $1
*** HOLE CARDS ***
Rysiff: raises $1.50 to $2.50
Nicedaymybro: folds 
Gfoer: folds 
kel3vr4_23: folds 
PhoenixAssassin: folds 
Uncalled bet ($1.50) returned to Rysiff
Rysiff collected $2.50 from pot
Rysiff: doesn't show hand 
*** SUMMARY ***
Total pot $2.50 | Rake $0 
Seat 1: Rysiff collected ($2.50)
Seat 2: Nicedaymybro folded before Flop (didn't bet)
Seat 4: Gfoer (button) folded before Flop (didn't bet)
Seat 5: kel3vr4_23 (small blind) folded before Flop
Seat 6: PhoenixAssassin (big blind) folded before Flop



PokerStars Hand #254227296463:  Hold'em No Limit ($0.50/$1.00 USD) - 2025/01/06 13:45:09 WET [2025/01/06 8:45:09 ET]
Table 'Lyyli II' 6-max Seat #5 is the button
Seat 1: Rysiff ($147.70 in chips) 
Seat 2: Nicedaymybro ($100 in chips) 
Seat 4: Gfoer ($103.50 in chips) 
Seat 5: kel3vr4_23 ($21.57 in chips) 
Seat 6: PhoenixAssassin ($111.23 in chips) 
PhoenixAssassin: posts small blind $0.50
Rysiff: posts big blind $1
*** HOLE CARDS ***
Nicedaymybro: folds 
Gfoer: folds 
kel3vr4_23: raises $1 to $2
PhoenixAssassin: folds 
Rysiff: folds 
Uncalled bet ($1) returned to kel3vr4_23
kel3vr4_23 collected $2.50 from pot
*** SUMMARY ***
Total pot $2.50 | Rake $0 
Seat 1: Rysiff (big blind) folded before Flop
Seat 2: Nicedaymybro folded before Flop (didn't bet)
Seat 4: Gfoer folded before Flop (didn't bet)
Seat 5: kel3vr4_23 (button) collected ($2.50)
Seat 6: PhoenixAssassin (small blind) folded before Flop



PokerStars Hand #254227298284:  Hold'em No Limit ($0.50/$1.00 USD) - 2025/01/06 13:45:19 WET [2025/01/06 8:45:19 ET]
Table 'Lyyli II' 6-max Seat #6 is the button
Seat 1: Rysiff ($146.70 in chips) 
Seat 2: Nicedaymybro ($100 in chips) 
Seat 4: Gfoer ($103.50 in chips) 
Seat 5: kel3vr4_23 ($23.07 in chips) 
Seat 6: PhoenixAssassin ($110.73 in chips) 
Rysiff: posts small blind $0.50
Nicedaymybro: posts big blind $1
*** HOLE CARDS ***
Gfoer: folds 
kel3vr4_23: folds 
PhoenixAssassin: folds 
Rysiff: folds 
Uncalled bet ($0.50) returned to Nicedaymybro
Nicedaymybro collected $1 from pot
Nicedaymybro: doesn't show hand 
*** SUMMARY ***
Total pot $1 | Rake $0 
Seat 1: Rysiff (small blind) folded before Flop
Seat 2: Nicedaymybro (big blind) collected ($1)
Seat 4: Gfoer folded before Flop (didn't bet)
Seat 5: kel3vr4_23 folded before Flop (didn't bet)
Seat 6: PhoenixAssassin (button) folded before Flop (didn't bet)



PokerStars Hand #254227299859:  Hold'em No Limit ($0.50/$1.00 USD) - 2025/01/06 13:45:28 WET [2025/01/06 8:45:28 ET]
Table 'Lyyli II' 6-max Seat #1 is the button
Seat 4: Gfoer ($103.50 in chips) is sitting out
Seat 1: Rysiff ($146.20 in chips) 
Seat 2: Nicedaymybro ($100.50 in chips) 
Seat 5: kel3vr4_23 ($23.07 in chips) 
Seat 6: PhoenixAssassin ($110.73 in chips) 
Nicedaymybro: posts small blind $0.50
Gfoer: is sitting out 
kel3vr4_23: posts big blind $1
*** HOLE CARDS ***
PhoenixAssassin: folds 
Gfoer leaves the table
Rysiff: raises $1.50 to $2.50
Nicedaymybro: folds 
kel3vr4_23: calls $1.50
*** FLOP *** [Th 9h Qs]
kel3vr4_23: checks 
Rysiff: checks 
*** TURN *** [Th 9h Qs] [Ac]
kel3vr4_23: bets $2
Rysiff: raises $5 to $7
kel3vr4_23: folds [Ah]
Uncalled bet ($5) returned to Rysiff
Rysiff collected $9.02 from pot
Rysiff: doesn't show hand 
*** SUMMARY ***
Total pot $9.50 | Rake $0.48 
Board [Th 9h Qs Ac]
Seat 4: Gfoer
Seat 1: Rysiff (button) collected ($9.02)
Seat 2: Nicedaymybro (small blind) folded before Flop
Seat 5: kel3vr4_23 (big blind) folded on the Turn
Seat 6: PhoenixAssassin folded before Flop (didn't bet)



PokerStars Hand #254227305132:  Hold'em No Limit ($0.50/$1.00 USD) - 2025/01/06 13:45:57 WET [2025/01/06 8:45:57 ET]
Table 'Lyyli II' 6-max Seat #2 is the button
Seat 1: Rysiff ($150.72 in chips) 
Seat 2: Nicedaymybro ($100 in chips) 
Seat 5: kel3vr4_23 ($18.57 in chips) 
Seat 6: PhoenixAssassin ($110.73 in chips) 
kel3vr4_23: posts small blind $0.50
PhoenixAssassin: posts big blind $1
*** HOLE CARDS ***
Rysiff: raises $1.50 to $2.50
Nicedaymybro: folds 
kel3vr4_23: folds 
PhoenixAssassin: folds 
Uncalled bet ($1.50) returned to Rysiff
Rysiff collected $2.50 from pot
Rysiff: doesn't show hand 
*** SUMMARY ***
Total pot $2.50 | Rake $0 
Seat 1: Rysiff collected ($2.50)
Seat 2: Nicedaymybro (button) folded before Flop (didn't bet)
Seat 5: kel3vr4_23 (small blind) folded before Flop
Seat 6: PhoenixAssassin (big blind) folded before Flop



PokerStars Hand #254227306688:  Hold'em No Limit ($0.50/$1.00 USD) - 2025/01/06 13:46:05 WET [2025/01/06 8:46:05 ET]
Table 'Lyyli II' 6-max Seat #5 is the button
Seat 1: Rysiff ($152.22 in chips) 
Seat 2: Nicedaymybro ($100 in chips) 
Seat 5: kel3vr4_23 ($18.07 in chips) 
Seat 6: PhoenixAssassin ($109.73 in chips) 
PhoenixAssassin: posts small blind $0.50
Rysiff: posts big blind $1
*** HOLE CARDS ***
Nicedaymybro: folds 
kel3vr4_23: folds 
PhoenixAssassin: raises $2 to $3
Rysiff: calls $2
*** FLOP *** [4c Jc Kd]
PhoenixAssassin: bets $1.88
Rysiff: raises $4.73 to $6.61
PhoenixAssassin: folds 
Uncalled bet ($4.73) returned to Rysiff
Rysiff collected $9.27 from pot
Rysiff: doesn't show hand 
*** SUMMARY ***
Total pot $9.76 | Rake $0.49 
Board [4c Jc Kd]
Seat 1: Rysiff (big blind) collected ($9.27)
Seat 2: Nicedaymybro folded before Flop (didn't bet)
Seat 5: kel3vr4_23 (button) folded before Flop (didn't bet)
Seat 6: PhoenixAssassin (small blind) folded on the Flop



PokerStars Hand #254227311166:  Hold'em No Limit ($0.50/$1.00 USD) - 2025/01/06 13:46:29 WET [2025/01/06 8:46:29 ET]
Table 'Lyyli II' 6-max Seat #6 is the button
Seat 1: Rysiff ($156.61 in chips) 
Seat 2: Nicedaymybro ($100 in chips) 
Seat 5: kel3vr4_23 ($18.07 in chips) 
Seat 6: PhoenixAssassin ($104.85 in chips) 
Rysiff: posts small blind $0.50
Nicedaymybro: posts big blind $1
*** HOLE CARDS ***
kel3vr4_23: folds 
PhoenixAssassin: raises $1.50 to $2.50
Rysiff: folds 
Nicedaymybro: folds 
Uncalled bet ($1.50) returned to PhoenixAssassin
PhoenixAssassin collected $2.50 from pot
PhoenixAssassin: doesn't show hand 
*** SUMMARY ***
Total pot $2.50 | Rake $0 
Seat 1: Rysiff (small blind) folded before Flop
Seat 2: Nicedaymybro (big blind) folded before Flop
Seat 5: kel3vr4_23 folded before Flop (didn't bet)
Seat 6: PhoenixAssassin (button) collected ($2.50)



PokerStars Hand #254227313287:  Hold'em No Limit ($0.50/$1.00 USD) - 2025/01/06 13:46:40 WET [2025/01/06 8:46:40 ET]
Table 'Lyyli II' 6-max Seat #1 is the button
Seat 1: Rysiff ($156.11 in chips) 
Seat 2: Nicedaymybro ($100 in chips) 
Seat 5: kel3vr4_23 ($18.07 in chips) 
Seat 6: PhoenixAssassin ($106.35 in chips) 
Nicedaymybro: posts small blind $0.50
kel3vr4_23: posts big blind $1
*** HOLE CARDS ***
PhoenixAssassin: raises $1.50 to $2.50
Rysiff: folds 
Nicedaymybro: folds 
kel3vr4_23: calls $1.50
*** FLOP *** [Ts 7c 8s]
kel3vr4_23: bets $2.61
PhoenixAssassin: raises $101.24 to $103.85 and is all-in
kel3vr4_23: calls $12.96 and is all-in
Uncalled bet ($88.28) returned to PhoenixAssassin
*** TURN *** [Ts 7c 8s] [2h]
*** RIVER *** [Ts 7c 8s 2h] [9c]
*** SHOW DOWN ***
kel3vr4_23: shows [7s Ks] (a pair of Sevens)
PhoenixAssassin: shows [5s As] (high card Ace)
kel3vr4_23 collected $35.64 from pot
*** SUMMARY ***
Total pot $36.64 | Rake $1 
Board [Ts 7c 8s 2h 9c]
Seat 1: Rysiff (button) folded before Flop (didn't bet)
Seat 2: Nicedaymybro (small blind) folded before Flop
Seat 5: kel3vr4_23 (big blind) showed [7s Ks] and won ($35.64) with a pair of Sevens
Seat 6: PhoenixAssassin showed [5s As] and lost with high card Ace



PokerStars Hand #254227318310:  Hold'em No Limit ($0.50/$1.00 USD) - 2025/01/06 13:47:07 WET [2025/01/06 8:47:07 ET]
Table 'Lyyli II' 6-max Seat #2 is the button
Seat 1: Rysiff ($156.11 in chips) 
Seat 2: Nicedaymybro ($100 in chips) 
Seat 5: kel3vr4_23 ($35.64 in chips) 
Seat 6: PhoenixAssassin ($100 in chips) 
kel3vr4_23: posts small blind $0.50
PhoenixAssassin: posts big blind $1
*** HOLE CARDS ***
Rysiff: folds 
Nicedaymybro: folds 
kel3vr4_23: raises $1 to $2
PhoenixAssassin: raises $4 to $6
kel3vr4_23: calls $4
*** FLOP *** [Jc 9h 9d]
kel3vr4_23: checks 
PhoenixAssassin: bets $3.76
kel3vr4_23: folds 
Uncalled bet ($3.76) returned to PhoenixAssassin
PhoenixAssassin collected $11.40 from pot
PhoenixAssassin: doesn't show hand 
*** SUMMARY ***
Total pot $12 | Rake $0.60 
Board [Jc 9h 9d]
Seat 1: Rysiff folded before Flop (didn't bet)
Seat 2: Nicedaymybro (button) folded before Flop (didn't bet)
Seat 5: kel3vr4_23 (small blind) folded on the Flop
Seat 6: PhoenixAssassin (big blind) collected ($11.40)



PokerStars Hand #254227323151:  Hold'em No Limit ($0.50/$1.00 USD) - 2025/01/06 13:47:33 WET [2025/01/06 8:47:33 ET]
Table 'Lyyli II' 6-max Seat #5 is the button
Seat 1: Rysiff ($156.11 in chips) 
Seat 2: Nicedaymybro ($100 in chips) 
Seat 5: kel3vr4_23 ($29.64 in chips) 
Seat 6: PhoenixAssassin ($105.40 in chips) 
PhoenixAssassin: posts small blind $0.50
Rysiff: posts big blind $1
*** HOLE CARDS ***
Nicedaymybro: raises $1.50 to $2.50
kel3vr4_23: raises $1.50 to $4
PhoenixAssassin: folds 
Rysiff: folds 
Nicedaymybro: calls $1.50
*** FLOP *** [2d 6c 3h]
Nicedaymybro: checks 
kel3vr4_23: bets $3
Nicedaymybro: raises $93 to $96 and is all-in
kel3vr4_23: folds 
Uncalled bet ($93) returned to Nicedaymybro
Nicedaymybro collected $14.72 from pot
Nicedaymybro: doesn't show hand 
*** SUMMARY ***
Total pot $15.50 | Rake $0.78 
Board [2d 6c 3h]
Seat 1: Rysiff (big blind) folded before Flop
Seat 2: Nicedaymybro collected ($14.72)
Seat 5: kel3vr4_23 (button) folded on the Flop
Seat 6: PhoenixAssassin (small blind) folded before Flop



PokerStars Hand #254227327832:  Hold'em No Limit ($0.50/$1.00 USD) - 2025/01/06 13:47:58 WET [2025/01/06 8:47:58 ET]
Table 'Lyyli II' 6-max Seat #6 is the button
Seat 1: Rysiff ($155.11 in chips) 
Seat 2: Nicedaymybro ($107.72 in chips) 
Seat 5: kel3vr4_23 ($22.64 in chips) 
Seat 6: PhoenixAssassin ($104.90 in chips) 
Rysiff: posts small blind $0.50
Nicedaymybro: posts big blind $1
*** HOLE CARDS ***
kel3vr4_23: folds 
PhoenixAssassin: folds 
Rysiff: folds 
Uncalled bet ($0.50) returned to Nicedaymybro
Nicedaymybro collected $1 from pot
Nicedaymybro: doesn't show hand 
*** SUMMARY ***
Total pot $1 | Rake $0 
Seat 1: Rysiff (small blind) folded before Flop
Seat 2: Nicedaymybro (big blind) collected ($1)
Seat 5: kel3vr4_23 folded before Flop (didn't bet)
Seat 6: PhoenixAssassin (button) folded before Flop (didn't bet)



PokerStars Hand #254227329269:  Hold'em No Limit ($0.50/$1.00 USD) - 2025/01/06 13:48:06 WET [2025/01/06 8:48:06 ET]
Table 'Lyyli II' 6-max Seat #1 is the button
Seat 1: Rysiff ($154.61 in chips) 
Seat 2: Nicedaymybro ($108.22 in chips) 
Seat 5: kel3vr4_23 ($22.64 in chips) 
Seat 6: PhoenixAssassin ($104.90 in chips) 
Nicedaymybro: posts small blind $0.50
kel3vr4_23: posts big blind $1
*** HOLE CARDS ***
PhoenixAssassin: folds 
Rysiff: folds 
Diamondplaces joins the table at seat #3 
Diamondplaces is disconnected 
Nicedaymybro: raises $23 to $24
kel3vr4_23: calls $21.64 and is all-in
Uncalled bet ($1.36) returned to Nicedaymybro
*** FLOP *** [Jc 6h 8h]
*** TURN *** [Jc 6h 8h] [Js]
*** RIVER *** [Jc 6h 8h Js] [Jd]
*** SHOW DOWN ***
Nicedaymybro: shows [3c 3h] (a full house, Jacks full of Threes)
kel3vr4_23: shows [Qd Td] (three of a kind, Jacks)
Nicedaymybro collected $44.28 from pot
*** SUMMARY ***
Total pot $45.28 | Rake $1 
Board [Jc 6h 8h Js Jd]
Seat 1: Rysiff (button) folded before Flop (didn't bet)
Seat 2: Nicedaymybro (small blind) showed [3c 3h] and won ($44.28) with a full house, Jacks full of Threes
Seat 5: kel3vr4_23 (big blind) showed [Qd Td] and lost with three of a kind, Jacks
Seat 6: PhoenixAssassin folded before Flop (didn't bet)



PokerStars Hand #254227333802:  Hold'em No Limit ($0.50/$1.00 USD) - 2025/01/06 13:48:31 WET [2025/01/06 8:48:31 ET]
Table 'Lyyli II' 6-max Seat #2 is the button
Seat 3: Diamondplaces ($56.08 in chips) is sitting out
Seat 5: kel3vr4_23 ($0 in chips) is sitting out
Seat 1: Rysiff ($154.61 in chips) 
Seat 2: Nicedaymybro ($129.86 in chips) 
Seat 6: PhoenixAssassin ($104.90 in chips) 
PhoenixAssassin: posts small blind $0.50
Rysiff: posts big blind $1
*** HOLE CARDS ***
waennerstreom joins the table at seat #4 
waennerstreom is disconnected 
Nicedaymybro: folds 
PhoenixAssassin: folds 
Uncalled bet ($0.50) returned to Rysiff
Rysiff collected $1 from pot
Rysiff: doesn't show hand 
kel3vr4_23 leaves the table
*** SUMMARY ***
Total pot $1 | Rake $0 
Seat 3: Diamondplaces
Seat 5: kel3vr4_23
Seat 1: Rysiff (big blind) collected ($1)
Seat 2: Nicedaymybro (button) folded before Flop (didn't bet)
Seat 6: PhoenixAssassin (small blind) folded before Flop



PokerStars Hand #254227335304:  Hold'em No Limit ($0.50/$1.00 USD) - 2025/01/06 13:48:39 WET [2025/01/06 8:48:39 ET]
Table 'Lyyli II' 6-max Seat #6 is the button
Seat 3: Diamondplaces ($56.08 in chips) is sitting out
Seat 1: Rysiff ($155.11 in chips) 
Seat 2: Nicedaymybro ($129.86 in chips) 
Seat 4: waennerstreom ($10 in chips) 
Seat 6: PhoenixAssassin ($104.40 in chips) 
Rysiff: posts small blind $0.50
Nicedaymybro: posts big blind $1
Diamondplaces: sits out 
waennerstreom: posts big blind $1
*** HOLE CARDS ***
waennerstreom: checks 
PhoenixAssassin: raises $2.50 to $3.50
Rysiff: folds 
Nicedaymybro: folds 
waennerstreom: folds 
Uncalled bet ($2.50) returned to PhoenixAssassin
PhoenixAssassin collected $3.50 from pot
PhoenixAssassin: doesn't show hand 
*** SUMMARY ***
Total pot $3.50 | Rake $0 
Seat 3: Diamondplaces
Seat 1: Rysiff (small blind) folded before Flop
Seat 2: Nicedaymybro (big blind) folded before Flop
Seat 4: waennerstreom folded before Flop (didn't bet)
Seat 6: PhoenixAssassin (button) collected ($3.50)



PokerStars Hand #254227337507:  Hold'em No Limit ($0.50/$1.00 USD) - 2025/01/06 13:48:50 WET [2025/01/06 8:48:50 ET]
Table 'Lyyli II' 6-max Seat #1 is the button
Seat 1: Rysiff ($154.61 in chips) 
Seat 2: Nicedaymybro ($128.86 in chips) 
Seat 3: Diamondplaces ($56.08 in chips) 
Seat 4: waennerstreom ($9 in chips) 
Seat 6: PhoenixAssassin ($106.90 in chips) 
Nicedaymybro: posts small blind $0.50
Diamondplaces: posts big blind $1
*** HOLE CARDS ***
kel3vr4_23 joins the table at seat #5 
kel3vr4_23 is disconnected 
waennerstreom: calls $1
PhoenixAssassin: raises $2.50 to $3.50
Rysiff: folds 
Nicedaymybro: folds 
Diamondplaces: folds 
waennerstreom: calls $2.50
*** FLOP *** [4d Jd 3d]
waennerstreom: checks 
PhoenixAssassin: bets $8.08
waennerstreom: folds 
Uncalled bet ($8.08) returned to PhoenixAssassin
PhoenixAssassin collected $8.08 from pot
PhoenixAssassin: doesn't show hand 
*** SUMMARY ***
Total pot $8.50 | Rake $0.42 
Board [4d Jd 3d]
Seat 1: Rysiff (button) folded before Flop (didn't bet)
Seat 2: Nicedaymybro (small blind) folded before Flop
Seat 3: Diamondplaces (big blind) folded before Flop
Seat 4: waennerstreom folded on the Flop
Seat 6: PhoenixAssassin collected ($8.08)



PokerStars Hand #254227341799:  Hold'em No Limit ($0.50/$1.00 USD) - 2025/01/06 13:49:13 WET [2025/01/06 8:49:13 ET]
Table 'Lyyli II' 6-max Seat #2 is the button
Seat 5: kel3vr4_23 ($10 in chips) is sitting out
Seat 1: Rysiff ($154.61 in chips) 
Seat 2: Nicedaymybro ($128.36 in chips) 
Seat 3: Diamondplaces ($55.08 in chips) 
Seat 4: waennerstreom ($5.50 in chips) 
Seat 6: PhoenixAssassin ($111.48 in chips) 
Diamondplaces: posts small blind $0.50
waennerstreom: posts big blind $1
kel3vr4_23: sits out 
*** HOLE CARDS ***
PhoenixAssassin: folds 
Rysiff: raises $1.50 to $2.50
Nicedaymybro: folds 
Diamondplaces: folds 
waennerstreom: folds 
Uncalled bet ($1.50) returned to Rysiff
Rysiff collected $2.50 from pot
Rysiff: doesn't show hand 
*** SUMMARY ***
Total pot $2.50 | Rake $0 
Seat 5: kel3vr4_23
Seat 1: Rysiff collected ($2.50)
Seat 2: Nicedaymybro (button) folded before Flop (didn't bet)
Seat 3: Diamondplaces (small blind) folded before Flop
Seat 4: waennerstreom (big blind) folded before Flop
Seat 6: PhoenixAssassin folded before Flop (didn't bet)



PokerStars Hand #254227344161:  Hold'em No Limit ($0.50/$1.00 USD) - 2025/01/06 13:49:26 WET [2025/01/06 8:49:26 ET]
Table 'Lyyli II' 6-max Seat #3 is the button
Seat 1: Rysiff ($156.11 in chips) 
Seat 2: Nicedaymybro ($128.36 in chips) 
Seat 3: Diamondplaces ($54.58 in chips) 
Seat 4: waennerstreom ($4.50 in chips) 
Seat 5: kel3vr4_23 ($10 in chips) 
Seat 6: PhoenixAssassin ($111.48 in chips) 
waennerstreom: posts small blind $0.50
kel3vr4_23: posts big blind $1
*** HOLE CARDS ***
PhoenixAssassin: folds 
Rysiff has timed out
Rysiff: folds 
Nicedaymybro: folds 
Diamondplaces: folds 
waennerstreom: calls $0.50
kel3vr4_23: checks 
*** FLOP *** [Qc 3h Ks]
waennerstreom: checks 
kel3vr4_23: bets $1.90
waennerstreom: calls $1.90
*** TURN *** [Qc 3h Ks] [7s]
waennerstreom: checks 
kel3vr4_23: checks 
*** RIVER *** [Qc 3h Ks 7s] [8s]
waennerstreom: bets $1.60 and is all-in
kel3vr4_23: folds 
Uncalled bet ($1.60) returned to waennerstreom
waennerstreom collected $5.51 from pot
*** SUMMARY ***
Total pot $5.80 | Rake $0.29 
Board [Qc 3h Ks 7s 8s]
Seat 1: Rysiff folded before Flop (didn't bet)
Seat 2: Nicedaymybro folded before Flop (didn't bet)
Seat 3: Diamondplaces (button) folded before Flop (didn't bet)
Seat 4: waennerstreom (small blind) collected ($5.51)
Seat 5: kel3vr4_23 (big blind) folded on the River
Seat 6: PhoenixAssassin folded before Flop (didn't bet)



PokerStars Hand #254227352073:  Hold'em No Limit ($0.50/$1.00 USD) - 2025/01/06 13:50:07 WET [2025/01/06 8:50:07 ET]
Table 'Lyyli II' 6-max Seat #4 is the button
Seat 1: Rysiff ($156.11 in chips) 
Seat 2: Nicedaymybro ($128.36 in chips) 
Seat 3: Diamondplaces ($54.58 in chips) 
Seat 4: waennerstreom ($7.11 in chips) 
Seat 5: kel3vr4_23 ($7.10 in chips) 
Seat 6: PhoenixAssassin ($111.48 in chips) 
kel3vr4_23: posts small blind $0.50
PhoenixAssassin: posts big blind $1
*** HOLE CARDS ***
Rysiff: folds 
Nicedaymybro: folds 
Diamondplaces: folds 
waennerstreom: folds 
kel3vr4_23: folds 
Uncalled bet ($0.50) returned to PhoenixAssassin
PhoenixAssassin collected $1 from pot
PhoenixAssassin: doesn't show hand 
*** SUMMARY ***
Total pot $1 | Rake $0 
Seat 1: Rysiff folded before Flop (didn't bet)
Seat 2: Nicedaymybro folded before Flop (didn't bet)
Seat 3: Diamondplaces folded before Flop (didn't bet)
Seat 4: waennerstreom (button) folded before Flop (didn't bet)
Seat 5: kel3vr4_23 (small blind) folded before Flop
Seat 6: PhoenixAssassin (big blind) collected ($1)



PokerStars Hand #254227354447:  Hold'em No Limit ($0.50/$1.00 USD) - 2025/01/06 13:50:20 WET [2025/01/06 8:50:20 ET]
Table 'Lyyli II' 6-max Seat #5 is the button
Seat 1: Rysiff ($156.11 in chips) 
Seat 2: Nicedaymybro ($128.36 in chips) 
Seat 3: Diamondplaces ($54.58 in chips) 
Seat 4: waennerstreom ($7.11 in chips) 
Seat 5: kel3vr4_23 ($6.60 in chips) 
Seat 6: PhoenixAssassin ($111.98 in chips) 
PhoenixAssassin: posts small blind $0.50
Rysiff: posts big blind $1
*** HOLE CARDS ***
Nicedaymybro: folds 
Diamondplaces: raises $1 to $2
waennerstreom: folds 
kel3vr4_23: folds 
PhoenixAssassin: folds 
Rysiff: folds 
Uncalled bet ($1) returned to Diamondplaces
Diamondplaces collected $2.50 from pot
*** SUMMARY ***
Total pot $2.50 | Rake $0 
Seat 1: Rysiff (big blind) folded before Flop
Seat 2: Nicedaymybro folded before Flop (didn't bet)
Seat 3: Diamondplaces collected ($2.50)
Seat 4: waennerstreom folded before Flop (didn't bet)
Seat 5: kel3vr4_23 (button) folded before Flop (didn't bet)
Seat 6: PhoenixAssassin (small blind) folded before Flop



PokerStars Hand #254227357905:  Hold'em No Limit ($0.50/$1.00 USD) - 2025/01/06 13:50:38 WET [2025/01/06 8:50:38 ET]
Table 'Lyyli II' 6-max Seat #6 is the button
Seat 1: Rysiff ($155.11 in chips) 
Seat 2: Nicedaymybro ($128.36 in chips) 
Seat 3: Diamondplaces ($56.08 in chips) 
Seat 4: waennerstreom ($7.11 in chips) 
Seat 5: kel3vr4_23 ($6.60 in chips) 
Seat 6: PhoenixAssassin ($111.48 in chips) 
Rysiff: posts small blind $0.50
Nicedaymybro: posts big blind $1
*** HOLE CARDS ***
Diamondplaces: raises $1 to $2
waennerstreom: folds 
kel3vr4_23: raises $4.60 to $6.60 and is all-in
PhoenixAssassin: folds 
Rysiff: folds 
Nicedaymybro: folds 
Diamondplaces: folds 
Uncalled bet ($4.60) returned to kel3vr4_23
kel3vr4_23 collected $5.50 from pot
*** SUMMARY ***
Total pot $5.50 | Rake $0 
Seat 1: Rysiff (small blind) folded before Flop
Seat 2: Nicedaymybro (big blind) folded before Flop
Seat 3: Diamondplaces folded before Flop
Seat 4: waennerstreom folded before Flop (didn't bet)
Seat 5: kel3vr4_23 collected ($5.50)
Seat 6: PhoenixAssassin (button) folded before Flop (didn't bet)



PokerStars Hand #254227361703:  Hold'em No Limit ($0.50/$1.00 USD) - 2025/01/06 13:50:59 WET [2025/01/06 8:50:59 ET]
Table 'Lyyli II' 6-max Seat #1 is the button
Seat 1: Rysiff ($154.61 in chips) 
Seat 2: Nicedaymybro ($127.36 in chips) 
Seat 3: Diamondplaces ($54.08 in chips) 
Seat 4: waennerstreom ($7.11 in chips) 
Seat 5: kel3vr4_23 ($10.10 in chips) 
Seat 6: PhoenixAssassin ($111.48 in chips) 
Nicedaymybro: posts small blind $0.50
Diamondplaces: posts big blind $1
*** HOLE CARDS ***
waennerstreom: folds 
kel3vr4_23: raises $1 to $2
PhoenixAssassin: folds 
Rysiff: folds 
Nicedaymybro: folds 
Diamondplaces: folds 
Uncalled bet ($1) returned to kel3vr4_23
kel3vr4_23 collected $2.50 from pot
*** SUMMARY ***
Total pot $2.50 | Rake $0 
Seat 1: Rysiff (button) folded before Flop (didn't bet)
Seat 2: Nicedaymybro (small blind) folded before Flop
Seat 3: Diamondplaces (big blind) folded before Flop
Seat 4: waennerstreom folded before Flop (didn't bet)
Seat 5: kel3vr4_23 collected ($2.50)
Seat 6: PhoenixAssassin folded before Flop (didn't bet)



PokerStars Hand #254227364654:  Hold'em No Limit ($0.50/$1.00 USD) - 2025/01/06 13:51:14 WET [2025/01/06 8:51:14 ET]
Table 'Lyyli II' 6-max Seat #2 is the button
Seat 1: Rysiff ($154.61 in chips) 
Seat 2: Nicedaymybro ($126.86 in chips) 
Seat 3: Diamondplaces ($53.08 in chips) 
Seat 4: waennerstreom ($7.11 in chips) 
Seat 5: kel3vr4_23 ($11.60 in chips) 
Seat 6: PhoenixAssassin ($111.48 in chips) 
Diamondplaces: posts small blind $0.50
waennerstreom: posts big blind $1
*** HOLE CARDS ***
kel3vr4_23: folds 
PhoenixAssassin: folds 
Rysiff: folds 
Nicedaymybro: folds 
Diamondplaces: calls $0.50
waennerstreom: checks 
*** FLOP *** [9d Kd Ts]
Diamondplaces: checks 
waennerstreom: checks 
*** TURN *** [9d Kd Ts] [7s]
Diamondplaces: checks 
waennerstreom: checks 
*** RIVER *** [9d Kd Ts 7s] [8s]
Diamondplaces: checks 
waennerstreom: bets $1
Diamondplaces: raises $3.90 to $4.90
waennerstreom: calls $3.90
*** SHOW DOWN ***
Diamondplaces: shows [9c Jd] (a straight, Seven to Jack)
waennerstreom: mucks hand 
Diamondplaces collected $11.21 from pot
*** SUMMARY ***
Total pot $11.80 | Rake $0.59 
Board [9d Kd Ts 7s 8s]
Seat 1: Rysiff folded before Flop (didn't bet)
Seat 2: Nicedaymybro (button) folded before Flop (didn't bet)
Seat 3: Diamondplaces (small blind) showed [9c Jd] and won ($11.21) with a straight, Seven to Jack
Seat 4: waennerstreom (big blind) mucked
Seat 5: kel3vr4_23 folded before Flop (didn't bet)
Seat 6: PhoenixAssassin folded before Flop (didn't bet)



PokerStars Hand #254227374424:  Hold'em No Limit ($0.50/$1.00 USD) - 2025/01/06 13:52:07 WET [2025/01/06 8:52:07 ET]
Table 'Lyyli II' 6-max Seat #3 is the button
Seat 1: Rysiff ($154.61 in chips) 
Seat 2: Nicedaymybro ($126.86 in chips) 
Seat 3: Diamondplaces ($58.39 in chips) 
Seat 4: waennerstreom ($1.21 in chips) 
Seat 5: kel3vr4_23 ($11.60 in chips) 
Seat 6: PhoenixAssassin ($111.48 in chips) 
waennerstreom: posts small blind $0.50
kel3vr4_23: posts big blind $1
*** HOLE CARDS ***
PhoenixAssassin: folds 
Rysiff: folds 
Nicedaymybro: folds 
Diamondplaces: folds 
waennerstreom: raises $0.21 to $1.21 and is all-in
kel3vr4_23: calls $0.21
*** FLOP *** [Ts 9c Kd]
*** TURN *** [Ts 9c Kd] [Ac]
*** RIVER *** [Ts 9c Kd Ac] [8d]
*** SHOW DOWN ***
waennerstreom: shows [Ks 9s] (two pair, Kings and Nines)
kel3vr4_23: shows [6c 6s] (a pair of Sixes)
waennerstreom collected $2.30 from pot
*** SUMMARY ***
Total pot $2.42 | Rake $0.12 
Board [Ts 9c Kd Ac 8d]
Seat 1: Rysiff folded before Flop (didn't bet)
Seat 2: Nicedaymybro folded before Flop (didn't bet)
Seat 3: Diamondplaces (button) folded before Flop (didn't bet)
Seat 4: waennerstreom (small blind) showed [Ks 9s] and won ($2.30) with two pair, Kings and Nines
Seat 5: kel3vr4_23 (big blind) showed [6c 6s] and lost with a pair of Sixes
Seat 6: PhoenixAssassin folded before Flop (didn't bet)



PokerStars Hand #254227378561:  Hold'em No Limit ($0.50/$1.00 USD) - 2025/01/06 13:52:29 WET [2025/01/06 8:52:29 ET]
Table 'Lyyli II' 6-max Seat #4 is the button
Seat 1: Rysiff ($154.61 in chips) 
Seat 2: Nicedaymybro ($126.86 in chips) 
Seat 3: Diamondplaces ($58.39 in chips) 
Seat 4: waennerstreom ($2.30 in chips) 
Seat 5: kel3vr4_23 ($10.39 in chips) 
Seat 6: PhoenixAssassin ($111.48 in chips) 
kel3vr4_23: posts small blind $0.50
PhoenixAssassin: posts big blind $1
*** HOLE CARDS ***
Rysiff: folds 
Nicedaymybro: raises $1.50 to $2.50
Diamondplaces: folds 
waennerstreom: calls $2.30 and is all-in
kel3vr4_23: folds 
PhoenixAssassin: calls $1.50
*** FLOP *** [Td Qh 7c]
PhoenixAssassin: checks 
Nicedaymybro: checks 
*** TURN *** [Td Qh 7c] [Ac]
PhoenixAssassin: checks 
Nicedaymybro: checks 
*** RIVER *** [Td Qh 7c Ac] [7d]
PhoenixAssassin: checks 
Nicedaymybro: checks 
*** SHOW DOWN ***
PhoenixAssassin: shows [5c Kc] (a pair of Sevens)
Nicedaymybro: shows [Jd Js] (two pair, Jacks and Sevens)
Nicedaymybro collected $0.38 from side pot
waennerstreom: mucks hand 
Nicedaymybro collected $7.03 from main pot
*** SUMMARY ***
Total pot $7.80 Main pot $7.03. Side pot $0.38. | Rake $0.39 
Board [Td Qh 7c Ac 7d]
Seat 1: Rysiff folded before Flop (didn't bet)
Seat 2: Nicedaymybro showed [Jd Js] and won ($7.41) with two pair, Jacks and Sevens
Seat 3: Diamondplaces folded before Flop (didn't bet)
Seat 4: waennerstreom (button) mucked
Seat 5: kel3vr4_23 (small blind) folded before Flop
Seat 6: PhoenixAssassin (big blind) showed [5c Kc] and lost with a pair of Sevens



PokerStars Hand #254227386950:  Hold'em No Limit ($0.50/$1.00 USD) - 2025/01/06 13:53:13 WET [2025/01/06 8:53:13 ET]
Table 'Lyyli II' 6-max Seat #5 is the button
Seat 4: waennerstreom ($0 in chips) is sitting out
Seat 1: Rysiff ($154.61 in chips) 
Seat 2: Nicedaymybro ($131.77 in chips) 
Seat 3: Diamondplaces ($58.39 in chips) 
Seat 5: kel3vr4_23 ($9.89 in chips) 
Seat 6: PhoenixAssassin ($108.98 in chips) 
PhoenixAssassin: posts small blind $0.50
Rysiff: posts big blind $1
*** HOLE CARDS ***
Nicedaymybro: folds 
Diamondplaces: folds 
kel3vr4_23: folds 
PhoenixAssassin: raises $2 to $3
Rysiff: folds 
Uncalled bet ($2) returned to PhoenixAssassin
waennerstreom leaves the table
PhoenixAssassin collected $2 from pot
PhoenixAssassin: doesn't show hand 
*** SUMMARY ***
Total pot $2 | Rake $0 
Seat 4: waennerstreom
Seat 1: Rysiff (big blind) folded before Flop
Seat 2: Nicedaymybro folded before Flop (didn't bet)
Seat 3: Diamondplaces folded before Flop (didn't bet)
Seat 5: kel3vr4_23 (button) folded before Flop (didn't bet)
Seat 6: PhoenixAssassin (small blind) collected ($2)



PokerStars Hand #254227389241:  Hold'em No Limit ($0.50/$1.00 USD) - 2025/01/06 13:53:26 WET [2025/01/06 8:53:26 ET]
Table 'Lyyli II' 6-max Seat #6 is the button
Seat 1: Rysiff ($153.61 in chips) 
Seat 2: Nicedaymybro ($131.77 in chips) 
Seat 3: Diamondplaces ($58.39 in chips) 
Seat 5: kel3vr4_23 ($9.89 in chips) 
Seat 6: PhoenixAssassin ($109.98 in chips) 
Rysiff: posts small blind $0.50
Nicedaymybro: posts big blind $1
*** HOLE CARDS ***
Diamondplaces: folds 
kel3vr4_23: raises $1 to $2
PhoenixAssassin: folds 
Rysiff: folds 
Nicedaymybro: folds 
Uncalled bet ($1) returned to kel3vr4_23
kel3vr4_23 collected $2.50 from pot
*** SUMMARY ***
Total pot $2.50 | Rake $0 
Seat 1: Rysiff (small blind) folded before Flop
Seat 2: Nicedaymybro (big blind) folded before Flop
Seat 3: Diamondplaces folded before Flop (didn't bet)
Seat 5: kel3vr4_23 collected ($2.50)
Seat 6: PhoenixAssassin (button) folded before Flop (didn't bet)



PokerStars Hand #254227393304:  Hold'em No Limit ($0.50/$1.00 USD) - 2025/01/06 13:53:48 WET [2025/01/06 8:53:48 ET]
Table 'Lyyli II' 6-max Seat #1 is the button
Seat 1: Rysiff ($153.11 in chips) 
Seat 2: Nicedaymybro ($130.77 in chips) 
Seat 3: Diamondplaces ($58.39 in chips) 
Seat 5: kel3vr4_23 ($11.39 in chips) 
Seat 6: PhoenixAssassin ($109.98 in chips) 
Nicedaymybro: posts small blind $0.50
Diamondplaces: posts big blind $1
*** HOLE CARDS ***
kel3vr4_23: folds 
PhoenixAssassin: folds 
Rysiff: raises $1.50 to $2.50
Nicedaymybro: folds 
Diamondplaces: folds 
Uncalled bet ($1.50) returned to Rysiff
Rysiff collected $2.50 from pot
Rysiff: doesn't show hand 
*** SUMMARY ***
Total pot $2.50 | Rake $0 
Seat 1: Rysiff (button) collected ($2.50)
Seat 2: Nicedaymybro (small blind) folded before Flop
Seat 3: Diamondplaces (big blind) folded before Flop
Seat 5: kel3vr4_23 folded before Flop (didn't bet)
Seat 6: PhoenixAssassin folded before Flop (didn't bet)



PokerStars Hand #254227396005:  Hold'em No Limit ($0.50/$1.00 USD) - 2025/01/06 13:54:02 WET [2025/01/06 8:54:02 ET]
Table 'Lyyli II' 6-max Seat #2 is the button
Seat 1: Rysiff ($154.61 in chips) 
Seat 2: Nicedaymybro ($130.27 in chips) 
Seat 3: Diamondplaces ($57.39 in chips) 
Seat 5: kel3vr4_23 ($11.39 in chips) 
Seat 6: PhoenixAssassin ($109.98 in chips) 
Diamondplaces: posts small blind $0.50
kel3vr4_23: posts big blind $1
*** HOLE CARDS ***
PhoenixAssassin: folds 
Rysiff: raises $1.50 to $2.50
Nicedaymybro: folds 
Diamondplaces: calls $2
kel3vr4_23: folds 
*** FLOP *** [3c 8s 2s]
Diamondplaces: bets $1
Rysiff: calls $1
*** TURN *** [3c 8s 2s] [9c]
Diamondplaces: bets $1
Rysiff: calls $1
*** RIVER *** [3c 8s 2s 9c] [6h]
Diamondplaces: bets $1
Rysiff: folds 
Uncalled bet ($1) returned to Diamondplaces
Diamondplaces collected $9.50 from pot
*** SUMMARY ***
Total pot $10 | Rake $0.50 
Board [3c 8s 2s 9c 6h]
Seat 1: Rysiff folded on the River
Seat 2: Nicedaymybro (button) folded before Flop (didn't bet)
Seat 3: Diamondplaces (small blind) collected ($9.50)
Seat 5: kel3vr4_23 (big blind) folded before Flop
Seat 6: PhoenixAssassin folded before Flop (didn't bet)



PokerStars Hand #254227404826:  Hold'em No Limit ($0.50/$1.00 USD) - 2025/01/06 13:54:49 WET [2025/01/06 8:54:49 ET]
Table 'Lyyli II' 6-max Seat #3 is the button
Seat 1: Rysiff ($150.11 in chips) 
Seat 2: Nicedaymybro ($130.27 in chips) 
Seat 3: Diamondplaces ($62.39 in chips) 
Seat 5: kel3vr4_23 ($10.39 in chips) 
Seat 6: PhoenixAssassin ($109.98 in chips) 
kel3vr4_23: posts small blind $0.50
PhoenixAssassin: posts big blind $1
*** HOLE CARDS ***
anatolipoker joins the table at seat #4 
anatolipoker is disconnected 
Rysiff: raises $1.50 to $2.50
Nicedaymybro: folds 
Diamondplaces: folds 
kel3vr4_23: raises $7.89 to $10.39 and is all-in
PhoenixAssassin: folds 
Rysiff: calls $7.89
*** FLOP *** [7c Js Jc]
*** TURN *** [7c Js Jc] [9h]
*** RIVER *** [7c Js Jc 9h] [3s]
*** SHOW DOWN ***
kel3vr4_23: shows [4c 4s] (two pair, Jacks and Fours)
Rysiff: shows [Ks Ac] (a pair of Jacks)
kel3vr4_23 collected $20.69 from pot
*** SUMMARY ***
Total pot $21.78 | Rake $1.09 
Board [7c Js Jc 9h 3s]
Seat 1: Rysiff showed [Ks Ac] and lost with a pair of Jacks
Seat 2: Nicedaymybro folded before Flop (didn't bet)
Seat 3: Diamondplaces (button) folded before Flop (didn't bet)
Seat 5: kel3vr4_23 (small blind) showed [4c 4s] and won ($20.69) with two pair, Jacks and Fours
Seat 6: PhoenixAssassin (big blind) folded before Flop



PokerStars Hand #254227409721:  Hold'em No Limit ($0.50/$1.00 USD) - 2025/01/06 13:55:18 WET [2025/01/06 8:55:18 ET]
Table 'Lyyli II' 6-max Seat #5 is the button
Seat 1: Rysiff ($139.72 in chips) 
Seat 2: Nicedaymybro ($130.27 in chips) 
Seat 3: Diamondplaces ($62.39 in chips) 
Seat 4: anatolipoker ($10 in chips) 
Seat 5: kel3vr4_23 ($20.69 in chips) 
Seat 6: PhoenixAssassin ($108.98 in chips) 
PhoenixAssassin: posts small blind $0.50
Rysiff: posts big blind $1
anatolipoker: posts big blind $1
*** HOLE CARDS ***
Nicedaymybro: folds 
Diamondplaces: folds 
anatolipoker: raises $2.50 to $3.50
kel3vr4_23: folds 
PhoenixAssassin: folds 
Rysiff: folds 
Uncalled bet ($2.50) returned to anatolipoker
anatolipoker collected $2.50 from pot
*** SUMMARY ***
Total pot $2.50 | Rake $0 
Seat 1: Rysiff (big blind) folded before Flop
Seat 2: Nicedaymybro folded before Flop (didn't bet)
Seat 3: Diamondplaces folded before Flop (didn't bet)
Seat 4: anatolipoker collected ($2.50)
Seat 5: kel3vr4_23 (button) folded before Flop (didn't bet)
Seat 6: PhoenixAssassin (small blind) folded before Flop



PokerStars Hand #254227412118:  Hold'em No Limit ($0.50/$1.00 USD) - 2025/01/06 13:55:34 WET [2025/01/06 8:55:34 ET]
Table 'Lyyli II' 6-max Seat #6 is the button
Seat 1: Rysiff ($138.72 in chips) 
Seat 2: Nicedaymybro ($130.27 in chips) 
Seat 3: Diamondplaces ($62.39 in chips) 
Seat 4: anatolipoker ($11.50 in chips) 
Seat 5: kel3vr4_23 ($20.69 in chips) 
Seat 6: PhoenixAssassin ($108.48 in chips) 
Rysiff: posts small blind $0.50
Nicedaymybro: posts big blind $1
*** HOLE CARDS ***
Diamondplaces has timed out
Diamondplaces: folds 
anatolipoker: folds 
kel3vr4_23: folds 
PhoenixAssassin: raises $1.50 to $2.50
Rysiff: folds 
Nicedaymybro: folds 
Uncalled bet ($1.50) returned to PhoenixAssassin
PhoenixAssassin collected $2.50 from pot
PhoenixAssassin: doesn't show hand 
*** SUMMARY ***
Total pot $2.50 | Rake $0 
Seat 1: Rysiff (small blind) folded before Flop
Seat 2: Nicedaymybro (big blind) folded before Flop
Seat 3: Diamondplaces folded before Flop (didn't bet)
Seat 4: anatolipoker folded before Flop (didn't bet)
Seat 5: kel3vr4_23 folded before Flop (didn't bet)
Seat 6: PhoenixAssassin (button) collected ($2.50)



PokerStars Hand #254227418573:  Hold'em No Limit ($0.50/$1.00 USD) - 2025/01/06 13:56:18 WET [2025/01/06 8:56:18 ET]
Table 'Lyyli II' 6-max Seat #1 is the button
Seat 3: Diamondplaces ($62.39 in chips) is sitting out
Seat 1: Rysiff ($138.22 in chips) 
Seat 2: Nicedaymybro ($129.27 in chips) 
Seat 4: anatolipoker ($11.50 in chips) 
Seat 5: kel3vr4_23 ($20.69 in chips) 
Seat 6: PhoenixAssassin ($109.98 in chips) 
Nicedaymybro: posts small blind $0.50
anatolipoker: posts big blind $1
*** HOLE CARDS ***
kel3vr4_23: folds 
PhoenixAssassin: raises $1.50 to $2.50
Rysiff: folds 
Nicedaymybro: raises $8.50 to $11
anatolipoker: folds 
PhoenixAssassin: folds 
Uncalled bet ($8.50) returned to Nicedaymybro
Nicedaymybro collected $6 from pot
Nicedaymybro: doesn't show hand 
*** SUMMARY ***
Total pot $6 | Rake $0 
Seat 3: Diamondplaces
Seat 1: Rysiff (button) folded before Flop (didn't bet)
Seat 2: Nicedaymybro (small blind) collected ($6)
Seat 4: anatolipoker (big blind) folded before Flop
Seat 5: kel3vr4_23 folded before Flop (didn't bet)
Seat 6: PhoenixAssassin folded before Flop



PokerStars Hand #254227421155:  Hold'em No Limit ($0.50/$1.00 USD) - 2025/01/06 13:56:34 WET [2025/01/06 8:56:34 ET]
Table 'Lyyli II' 6-max Seat #2 is the button
Seat 3: Diamondplaces ($62.39 in chips) is sitting out
Seat 1: Rysiff ($138.22 in chips) 
Seat 2: Nicedaymybro ($132.77 in chips) 
Seat 4: anatolipoker ($10.50 in chips) 
Seat 5: kel3vr4_23 ($20.69 in chips) 
Seat 6: PhoenixAssassin ($107.48 in chips) 
anatolipoker: posts small blind $0.50
kel3vr4_23: posts big blind $1
*** HOLE CARDS ***
PhoenixAssassin: raises $1.20 to $2.20
Rysiff: folds 
Nicedaymybro: folds 
anatolipoker: calls $1.70
kel3vr4_23: raises $18.49 to $20.69 and is all-in
PhoenixAssassin: calls $18.49
anatolipoker: calls $8.30 and is all-in
*** FLOP *** [8s Kd 3d]
*** TURN *** [8s Kd 3d] [Qc]
*** RIVER *** [8s Kd 3d Qc] [5s]
*** SHOW DOWN ***
kel3vr4_23: shows [5c 5h] (three of a kind, Fives)
PhoenixAssassin: shows [As Ad] (a pair of Aces)
kel3vr4_23 collected $19.46 from side pot
anatolipoker: shows [2s Ah] (high card Ace)
kel3vr4_23 collected $29.92 from main pot
*** SUMMARY ***
Total pot $51.88 Main pot $29.92. Side pot $19.46. | Rake $2.50 
Board [8s Kd 3d Qc 5s]
Seat 3: Diamondplaces
Seat 1: Rysiff folded before Flop (didn't bet)
Seat 2: Nicedaymybro (button) folded before Flop (didn't bet)
Seat 4: anatolipoker (small blind) showed [2s Ah] and lost with high card Ace
Seat 5: kel3vr4_23 (big blind) showed [5c 5h] and won ($49.38) with three of a kind, Fives
Seat 6: PhoenixAssassin showed [As Ad] and lost with a pair of Aces



PokerStars Hand #254227426263:  Hold'em No Limit ($0.50/$1.00 USD) - 2025/01/06 13:57:08 WET [2025/01/06 8:57:08 ET]
Table 'Lyyli II' 6-max Seat #5 is the button
Seat 3: Diamondplaces ($62.39 in chips) is sitting out
Seat 4: anatolipoker ($0 in chips) is sitting out
Seat 1: Rysiff ($138.22 in chips) 
Seat 2: Nicedaymybro ($132.77 in chips) 
Seat 5: kel3vr4_23 ($49.38 in chips) 
Seat 6: PhoenixAssassin ($100 in chips) 
PhoenixAssassin: posts small blind $0.50
Rysiff: posts big blind $1
*** HOLE CARDS ***
Nicedaymybro: folds 
kel3vr4_23: folds 
PhoenixAssassin: folds 
Uncalled bet ($0.50) returned to Rysiff
Rysiff collected $1 from pot
Rysiff: doesn't show hand 
*** SUMMARY ***
Total pot $1 | Rake $0 
Seat 3: Diamondplaces
Seat 4: anatolipoker
Seat 1: Rysiff (big blind) collected ($1)
Seat 2: Nicedaymybro folded before Flop (didn't bet)
Seat 5: kel3vr4_23 (button) folded before Flop (didn't bet)
Seat 6: PhoenixAssassin (small blind) folded before Flop



PokerStars Hand #254227427761:  Hold'em No Limit ($0.50/$1.00 USD) - 2025/01/06 13:57:18 WET [2025/01/06 8:57:18 ET]
Table 'Lyyli II' 6-max Seat #6 is the button
Seat 3: Diamondplaces ($62.39 in chips) is sitting out
Seat 1: Rysiff ($138.72 in chips) 
Seat 2: Nicedaymybro ($132.77 in chips) 
Seat 4: anatolipoker ($72 in chips) 
Seat 5: kel3vr4_23 ($49.38 in chips) 
Seat 6: PhoenixAssassin ($100 in chips) 
Rysiff: posts small blind $0.50
Nicedaymybro: posts big blind $1
*** HOLE CARDS ***
anatolipoker: raises $2.50 to $3.50
kel3vr4_23: folds 
PhoenixAssassin: folds 
Rysiff: folds 
Nicedaymybro: folds 
Uncalled bet ($2.50) returned to anatolipoker
anatolipoker collected $2.50 from pot
*** SUMMARY ***
Total pot $2.50 | Rake $0 
Seat 3: Diamondplaces
Seat 1: Rysiff (small blind) folded before Flop
Seat 2: Nicedaymybro (big blind) folded before Flop
Seat 4: anatolipoker collected ($2.50)
Seat 5: kel3vr4_23 folded before Flop (didn't bet)
Seat 6: PhoenixAssassin (button) folded before Flop (didn't bet)



PokerStars Hand #254227429793:  Hold'em No Limit ($0.50/$1.00 USD) - 2025/01/06 13:57:31 WET [2025/01/06 8:57:31 ET]
Table 'Lyyli II' 6-max Seat #1 is the button
Seat 3: Diamondplaces ($62.39 in chips) is sitting out
Seat 1: Rysiff ($138.22 in chips) 
Seat 2: Nicedaymybro ($131.77 in chips) 
Seat 4: anatolipoker ($73.50 in chips) 
Seat 5: kel3vr4_23 ($49.38 in chips) 
Seat 6: PhoenixAssassin ($100 in chips) 
Nicedaymybro: posts small blind $0.50
anatolipoker: posts big blind $1
*** HOLE CARDS ***
kel3vr4_23: folds 
PhoenixAssassin: folds 
Rysiff: folds 
Nicedaymybro: folds 
Uncalled bet ($0.50) returned to anatolipoker
anatolipoker collected $1 from pot
*** SUMMARY ***
Total pot $1 | Rake $0 
Seat 3: Diamondplaces
Seat 1: Rysiff (button) folded before Flop (didn't bet)
Seat 2: Nicedaymybro (small blind) folded before Flop
Seat 4: anatolipoker (big blind) collected ($1)
Seat 5: kel3vr4_23 folded before Flop (didn't bet)
Seat 6: PhoenixAssassin folded before Flop (didn't bet)



PokerStars Hand #254227431418:  Hold'em No Limit ($0.50/$1.00 USD) - 2025/01/06 13:57:42 WET [2025/01/06 8:57:42 ET]
Table 'Lyyli II' 6-max Seat #2 is the button
Seat 3: Diamondplaces ($62.39 in chips) is sitting out
Seat 1: Rysiff ($138.22 in chips) 
Seat 2: Nicedaymybro ($131.27 in chips) 
Seat 4: anatolipoker ($74 in chips) 
Seat 5: kel3vr4_23 ($49.38 in chips) 
Seat 6: PhoenixAssassin ($100 in chips) 
anatolipoker: posts small blind $0.50
kel3vr4_23: posts big blind $1
*** HOLE CARDS ***
PhoenixAssassin: folds 
Rysiff: folds 
Nicedaymybro: raises $1.50 to $2.50
anatolipoker: folds 
Diamondplaces is disconnected 
kel3vr4_23: calls $1.50
*** FLOP *** [Ah Qh Th]
kel3vr4_23: checks 
Nicedaymybro: checks 
*** TURN *** [Ah Qh Th] [Qd]
kel3vr4_23: checks 
Nicedaymybro: bets $3.92
kel3vr4_23: folds 
Uncalled bet ($3.92) returned to Nicedaymybro
Nicedaymybro collected $5.22 from pot
Nicedaymybro: doesn't show hand 
*** SUMMARY ***
Total pot $5.50 | Rake $0.28 
Board [Ah Qh Th Qd]
Seat 3: Diamondplaces
Seat 1: Rysiff folded before Flop (didn't bet)
Seat 2: Nicedaymybro (button) collected ($5.22)
Seat 4: anatolipoker (small blind) folded before Flop
Seat 5: kel3vr4_23 (big blind) folded on the Turn
Seat 6: PhoenixAssassin folded before Flop (didn't bet)



PokerStars Hand #254227438777:  Hold'em No Limit ($0.50/$1.00 USD) - 2025/01/06 13:58:31 WET [2025/01/06 8:58:31 ET]
Table 'Lyyli II' 6-max Seat #4 is the button
Seat 1: Rysiff ($138.22 in chips) 
Seat 2: Nicedaymybro ($133.99 in chips) 
Seat 3: Diamondplaces ($62.39 in chips) 
Seat 4: anatolipoker ($73.50 in chips) 
Seat 5: kel3vr4_23 ($46.88 in chips) 
Seat 6: PhoenixAssassin ($100 in chips) 
kel3vr4_23: posts small blind $0.50
PhoenixAssassin: posts big blind $1
Diamondplaces: posts small & big blinds $1.50
*** HOLE CARDS ***
Rysiff: folds 
Nicedaymybro: folds 
Diamondplaces: checks 
anatolipoker: folds 
kel3vr4_23: calls $0.50
PhoenixAssassin: raises $4 to $5
Diamondplaces: folds 
kel3vr4_23: folds 
Uncalled bet ($4) returned to PhoenixAssassin
PhoenixAssassin collected $3.50 from pot
PhoenixAssassin: doesn't show hand 
*** SUMMARY ***
Total pot $3.50 | Rake $0 
Seat 1: Rysiff folded before Flop (didn't bet)
Seat 2: Nicedaymybro folded before Flop (didn't bet)
Seat 3: Diamondplaces folded before Flop (didn't bet)
Seat 4: anatolipoker (button) folded before Flop (didn't bet)
Seat 5: kel3vr4_23 (small blind) folded before Flop
Seat 6: PhoenixAssassin (big blind) collected ($3.50)



PokerStars Hand #254227442288:  Hold'em No Limit ($0.50/$1.00 USD) - 2025/01/06 13:58:54 WET [2025/01/06 8:58:54 ET]
Table 'Lyyli II' 6-max Seat #5 is the button
Seat 4: anatolipoker ($73.50 in chips) is sitting out
Seat 1: Rysiff ($138.22 in chips) 
Seat 2: Nicedaymybro ($133.99 in chips) 
Seat 3: Diamondplaces ($60.89 in chips) 
Seat 5: kel3vr4_23 ($45.88 in chips) 
Seat 6: PhoenixAssassin ($102.50 in chips) 
PhoenixAssassin: posts small blind $0.50
Rysiff: posts big blind $1
*** HOLE CARDS ***
Nicedaymybro: raises $1.50 to $2.50
Diamondplaces: folds 
anatolipoker leaves the table
kel3vr4_23: folds 
PhoenixAssassin: folds 
Rysiff: folds 
Uncalled bet ($1.50) returned to Nicedaymybro
Nicedaymybro collected $2.50 from pot
Nicedaymybro: doesn't show hand 
*** SUMMARY ***
Total pot $2.50 | Rake $0 
Seat 4: anatolipoker
Seat 1: Rysiff (big blind) folded before Flop
Seat 2: Nicedaymybro collected ($2.50)
Seat 3: Diamondplaces folded before Flop (didn't bet)
Seat 5: kel3vr4_23 (button) folded before Flop (didn't bet)
Seat 6: PhoenixAssassin (small blind) folded before Flop



PokerStars Hand #254227445052:  Hold'em No Limit ($0.50/$1.00 USD) - 2025/01/06 13:59:11 WET [2025/01/06 8:59:11 ET]
Table 'Lyyli II' 6-max Seat #6 is the button
Seat 1: Rysiff ($137.22 in chips) 
Seat 2: Nicedaymybro ($135.49 in chips) 
Seat 3: Diamondplaces ($60.89 in chips) 
Seat 5: kel3vr4_23 ($45.88 in chips) 
Seat 6: PhoenixAssassin ($102 in chips) 
Rysiff: posts small blind $0.50
Nicedaymybro: posts big blind $1
*** HOLE CARDS ***
Diamondplaces: folds 
kel3vr4_23: raises $1 to $2
PhoenixAssassin: folds 
Rysiff: folds 
Nicedaymybro: folds 
Uncalled bet ($1) returned to kel3vr4_23
kel3vr4_23 collected $2.50 from pot
*** SUMMARY ***
Total pot $2.50 | Rake $0 
Seat 1: Rysiff (small blind) folded before Flop
Seat 2: Nicedaymybro (big blind) folded before Flop
Seat 3: Diamondplaces folded before Flop (didn't bet)
Seat 5: kel3vr4_23 collected ($2.50)
Seat 6: PhoenixAssassin (button) folded before Flop (didn't bet)



PokerStars Hand #254227447238:  Hold'em No Limit ($0.50/$1.00 USD) - 2025/01/06 13:59:26 WET [2025/01/06 8:59:26 ET]
Table 'Lyyli II' 6-max Seat #1 is the button
Seat 1: Rysiff ($136.72 in chips) 
Seat 2: Nicedaymybro ($134.49 in chips) 
Seat 3: Diamondplaces ($60.89 in chips) 
Seat 5: kel3vr4_23 ($47.38 in chips) 
Seat 6: PhoenixAssassin ($102 in chips) 
Nicedaymybro: posts small blind $0.50
Diamondplaces: posts big blind $1
*** HOLE CARDS ***
kel3vr4_23: folds 
PhoenixAssassin: folds 
Rysiff: raises $1.50 to $2.50
Nicedaymybro: folds 
Diamondplaces: folds 
Uncalled bet ($1.50) returned to Rysiff
Rysiff collected $2.50 from pot
Rysiff: doesn't show hand 
*** SUMMARY ***
Total pot $2.50 | Rake $0 
Seat 1: Rysiff (button) collected ($2.50)
Seat 2: Nicedaymybro (small blind) folded before Flop
Seat 3: Diamondplaces (big blind) folded before Flop
Seat 5: kel3vr4_23 folded before Flop (didn't bet)
Seat 6: PhoenixAssassin folded before Flop (didn't bet)



PokerStars Hand #254227449513:  Hold'em No Limit ($0.50/$1.00 USD) - 2025/01/06 13:59:42 WET [2025/01/06 8:59:42 ET]
Table 'Lyyli II' 6-max Seat #2 is the button
Seat 1: Rysiff ($138.22 in chips) 
Seat 2: Nicedaymybro ($133.99 in chips) 
Seat 3: Diamondplaces ($59.89 in chips) 
Seat 5: kel3vr4_23 ($47.38 in chips) 
Seat 6: PhoenixAssassin ($102 in chips) 
Diamondplaces: posts small blind $0.50
kel3vr4_23: posts big blind $1
*** HOLE CARDS ***
PhoenixAssassin: folds 
Rysiff: folds 
ru_ruu_ru joins the table at seat #4 
Nicedaymybro: folds 
Diamondplaces: raises $2 to $3
kel3vr4_23: raises $2 to $5
Diamondplaces: raises $2 to $7
kel3vr4_23: calls $2
*** FLOP *** [2h 7h 2d]
Diamondplaces: bets $13.30
kel3vr4_23: folds 
Uncalled bet ($13.30) returned to Diamondplaces
Diamondplaces collected $13.30 from pot
*** SUMMARY ***
Total pot $14 | Rake $0.70 
Board [2h 7h 2d]
Seat 1: Rysiff folded before Flop (didn't bet)
Seat 2: Nicedaymybro (button) folded before Flop (didn't bet)
Seat 3: Diamondplaces (small blind) collected ($13.30)
Seat 5: kel3vr4_23 (big blind) folded on the Flop
Seat 6: PhoenixAssassin folded before Flop (didn't bet)



PokerStars Hand #254227456082:  Hold'em No Limit ($0.50/$1.00 USD) - 2025/01/06 14:00:24 WET [2025/01/06 9:00:24 ET]
Table 'Lyyli II' 6-max Seat #3 is the button
Seat 4: ru_ruu_ru ($100 in chips) is sitting out
Seat 1: Rysiff ($138.22 in chips) 
Seat 2: Nicedaymybro ($133.99 in chips) 
Seat 3: Diamondplaces ($66.19 in chips) 
Seat 5: kel3vr4_23 ($40.38 in chips) 
Seat 6: PhoenixAssassin ($102 in chips) 
kel3vr4_23: posts small blind $0.50
PhoenixAssassin: posts big blind $1
*** HOLE CARDS ***
Rysiff: raises $1.50 to $2.50
Nicedaymybro: folds 
Diamondplaces: folds 
kel3vr4_23: folds 
PhoenixAssassin: raises $9.50 to $12
Rysiff: folds 
Uncalled bet ($9.50) returned to PhoenixAssassin
PhoenixAssassin collected $5.50 from pot
PhoenixAssassin: doesn't show hand 
*** SUMMARY ***
Total pot $5.50 | Rake $0 
Seat 4: ru_ruu_ru
Seat 1: Rysiff folded before Flop
Seat 2: Nicedaymybro folded before Flop (didn't bet)
Seat 3: Diamondplaces (button) folded before Flop (didn't bet)
Seat 5: kel3vr4_23 (small blind) folded before Flop
Seat 6: PhoenixAssassin (big blind) collected ($5.50)



PokerStars Hand #254227460336:  Hold'em No Limit ($0.50/$1.00 USD) - 2025/01/06 14:00:50 WET [2025/01/06 9:00:50 ET]
Table 'Lyyli II' 6-max Seat #5 is the button
Seat 4: ru_ruu_ru ($100 in chips) is sitting out
Seat 1: Rysiff ($135.72 in chips) 
Seat 2: Nicedaymybro ($133.99 in chips) 
Seat 3: Diamondplaces ($66.19 in chips) 
Seat 5: kel3vr4_23 ($39.88 in chips) 
Seat 6: PhoenixAssassin ($105 in chips) 
PhoenixAssassin: posts small blind $0.50
Rysiff: posts big blind $1
ru_ruu_ru: sits out 
*** HOLE CARDS ***
Nicedaymybro: raises $1.50 to $2.50
Diamondplaces: folds 
kel3vr4_23: folds 
PhoenixAssassin: folds 
Rysiff: folds 
Uncalled bet ($1.50) returned to Nicedaymybro
Nicedaymybro collected $2.50 from pot
Nicedaymybro: doesn't show hand 
*** SUMMARY ***
Total pot $2.50 | Rake $0 
Seat 4: ru_ruu_ru
Seat 1: Rysiff (big blind) folded before Flop
Seat 2: Nicedaymybro collected ($2.50)
Seat 3: Diamondplaces folded before Flop (didn't bet)
Seat 5: kel3vr4_23 (button) folded before Flop (didn't bet)
Seat 6: PhoenixAssassin (small blind) folded before Flop



PokerStars Hand #254227463553:  Hold'em No Limit ($0.50/$1.00 USD) - 2025/01/06 14:01:08 WET [2025/01/06 9:01:08 ET]
Table 'Lyyli II' 6-max Seat #6 is the button
Seat 4: ru_ruu_ru ($100 in chips) is sitting out
Seat 1: Rysiff ($134.72 in chips) 
Seat 2: Nicedaymybro ($135.49 in chips) 
Seat 3: Diamondplaces ($66.19 in chips) 
Seat 5: kel3vr4_23 ($39.88 in chips) 
Seat 6: PhoenixAssassin ($104.50 in chips) 
Rysiff: posts small blind $0.50
Nicedaymybro: posts big blind $1
ru_ruu_ru: sits out 
*** HOLE CARDS ***
Diamondplaces: folds 
kel3vr4_23: folds 
PhoenixAssassin: folds 
Rysiff: folds 
Uncalled bet ($0.50) returned to Nicedaymybro
Nicedaymybro collected $1 from pot
Nicedaymybro: doesn't show hand 
*** SUMMARY ***
Total pot $1 | Rake $0 
Seat 4: ru_ruu_ru
Seat 1: Rysiff (small blind) folded before Flop
Seat 2: Nicedaymybro (big blind) collected ($1)
Seat 3: Diamondplaces folded before Flop (didn't bet)
Seat 5: kel3vr4_23 folded before Flop (didn't bet)
Seat 6: PhoenixAssassin (button) folded before Flop (didn't bet)



PokerStars Hand #254227467059:  Hold'em No Limit ($0.50/$1.00 USD) - 2025/01/06 14:01:27 WET [2025/01/06 9:01:27 ET]
Table 'Lyyli II' 6-max Seat #1 is the button
Seat 4: ru_ruu_ru ($100 in chips) is sitting out
Seat 1: Rysiff ($134.22 in chips) 
Seat 2: Nicedaymybro ($135.99 in chips) 
Seat 3: Diamondplaces ($66.19 in chips) 
Seat 5: kel3vr4_23 ($39.88 in chips) 
Seat 6: PhoenixAssassin ($104.50 in chips) 
Nicedaymybro: posts small blind $0.50
Diamondplaces: posts big blind $1
ru_ruu_ru: sits out 
*** HOLE CARDS ***
kel3vr4_23: folds 
PhoenixAssassin: folds 
Rysiff: raises $1.50 to $2.50
Nicedaymybro: folds 
Diamondplaces: folds 
Uncalled bet ($1.50) returned to Rysiff
Rysiff collected $2.50 from pot
Rysiff: doesn't show hand 
*** SUMMARY ***
Total pot $2.50 | Rake $0 
Seat 4: ru_ruu_ru
Seat 1: Rysiff (button) collected ($2.50)
Seat 2: Nicedaymybro (small blind) folded before Flop
Seat 3: Diamondplaces (big blind) folded before Flop
Seat 5: kel3vr4_23 folded before Flop (didn't bet)
Seat 6: PhoenixAssassin folded before Flop (didn't bet)



PokerStars Hand #254227469644:  Hold'em No Limit ($0.50/$1.00 USD) - 2025/01/06 14:01:41 WET [2025/01/06 9:01:41 ET]
Table 'Lyyli II' 6-max Seat #2 is the button
Seat 1: Rysiff ($135.72 in chips) 
Seat 2: Nicedaymybro ($135.49 in chips) 
Seat 3: Diamondplaces ($65.19 in chips) 
Seat 4: ru_ruu_ru ($100 in chips) 
Seat 5: kel3vr4_23 ($39.88 in chips) 
Seat 6: PhoenixAssassin ($104.50 in chips) 
Diamondplaces: posts small blind $0.50
ru_ruu_ru: posts big blind $1
*** HOLE CARDS ***
kel3vr4_23: folds 
PhoenixAssassin: folds 
Rysiff: folds 
Nicedaymybro: raises $1.50 to $2.50
Diamondplaces: folds 
ru_ruu_ru: raises $9.50 to $12
Nicedaymybro: raises $14 to $26
ru_ruu_ru: raises $74 to $100 and is all-in
Nicedaymybro: calls $74
*** FLOP *** [4s Ah Qc]
*** TURN *** [4s Ah Qc] [8s]
*** RIVER *** [4s Ah Qc 8s] [Kh]
*** SHOW DOWN ***
ru_ruu_ru: shows [Kc Ks] (three of a kind, Kings)
Nicedaymybro: shows [Qh Qs] (three of a kind, Queens)
ru_ruu_ru collected $198 from pot
*** SUMMARY ***
Total pot $200.50 | Rake $2.50 
Board [4s Ah Qc 8s Kh]
Seat 1: Rysiff folded before Flop (didn't bet)
Seat 2: Nicedaymybro (button) showed [Qh Qs] and lost with three of a kind, Queens
Seat 3: Diamondplaces (small blind) folded before Flop
Seat 4: ru_ruu_ru (big blind) showed [Kc Ks] and won ($198) with three of a kind, Kings
Seat 5: kel3vr4_23 folded before Flop (didn't bet)
Seat 6: PhoenixAssassin folded before Flop (didn't bet)



PokerStars Hand #254227479161:  Hold'em No Limit ($0.50/$1.00 USD) - 2025/01/06 14:02:31 WET [2025/01/06 9:02:31 ET]
Table 'Lyyli II' 6-max Seat #3 is the button
Seat 1: Rysiff ($135.72 in chips) 
Seat 2: Nicedaymybro ($100 in chips) 
Seat 3: Diamondplaces ($64.69 in chips) 
Seat 4: ru_ruu_ru ($198 in chips) 
Seat 5: kel3vr4_23 ($39.88 in chips) 
Seat 6: PhoenixAssassin ($104.50 in chips) 
ru_ruu_ru: posts small blind $0.50
kel3vr4_23: posts big blind $1
*** HOLE CARDS ***
PhoenixAssassin: folds 
Rysiff: folds 
Nicedaymybro: folds 
Diamondplaces: folds 
ru_ruu_ru: folds 
Uncalled bet ($0.50) returned to kel3vr4_23
kel3vr4_23 collected $1 from pot
*** SUMMARY ***
Total pot $1 | Rake $0 
Seat 1: Rysiff folded before Flop (didn't bet)
Seat 2: Nicedaymybro folded before Flop (didn't bet)
Seat 3: Diamondplaces (button) folded before Flop (didn't bet)
Seat 4: ru_ruu_ru (small blind) folded before Flop
Seat 5: kel3vr4_23 (big blind) collected ($1)
Seat 6: PhoenixAssassin folded before Flop (didn't bet)



PokerStars Hand #254227482366:  Hold'em No Limit ($0.50/$1.00 USD) - 2025/01/06 14:02:48 WET [2025/01/06 9:02:48 ET]
Table 'Lyyli II' 6-max Seat #4 is the button
Seat 6: PhoenixAssassin ($104.50 in chips) is sitting out
Seat 1: Rysiff ($135.72 in chips) 
Seat 2: Nicedaymybro ($100 in chips) 
Seat 3: Diamondplaces ($64.69 in chips) 
Seat 4: ru_ruu_ru ($197.50 in chips) 
Seat 5: kel3vr4_23 ($40.38 in chips) 
kel3vr4_23: posts small blind $0.50
PhoenixAssassin: is sitting out 
Rysiff: posts big blind $1
*** HOLE CARDS ***
Nicedaymybro: folds 
Diamondplaces: folds 
ru_ruu_ru: folds 
kel3vr4_23: folds 
Uncalled bet ($0.50) returned to Rysiff
Rysiff collected $1 from pot
Rysiff: doesn't show hand 
*** SUMMARY ***
Total pot $1 | Rake $0 
Seat 6: PhoenixAssassin
Seat 1: Rysiff (big blind) collected ($1)
Seat 2: Nicedaymybro folded before Flop (didn't bet)
Seat 3: Diamondplaces folded before Flop (didn't bet)
Seat 4: ru_ruu_ru (button) folded before Flop (didn't bet)
Seat 5: kel3vr4_23 (small blind) folded before Flop



PokerStars Hand #254227484733:  Hold'em No Limit ($0.50/$1.00 USD) - 2025/01/06 14:03:00 WET [2025/01/06 9:03:00 ET]
Table 'Lyyli II' 6-max Seat #5 is the button
Seat 6: PhoenixAssassin ($104.50 in chips) is sitting out
Seat 1: Rysiff ($136.22 in chips) 
Seat 2: Nicedaymybro ($100 in chips) 
Seat 3: Diamondplaces ($64.69 in chips) 
Seat 4: ru_ruu_ru ($197.50 in chips) 
Seat 5: kel3vr4_23 ($39.88 in chips) 
Rysiff: posts small blind $0.50
Nicedaymybro: posts big blind $1
*** HOLE CARDS ***
Diamondplaces: folds 
ru_ruu_ru: folds 
kel3vr4_23: raises $1 to $2
Rysiff: folds 
Nicedaymybro: folds 
Uncalled bet ($1) returned to kel3vr4_23
kel3vr4_23 collected $2.50 from pot
*** SUMMARY ***
Total pot $2.50 | Rake $0 
Seat 6: PhoenixAssassin
Seat 1: Rysiff (small blind) folded before Flop
Seat 2: Nicedaymybro (big blind) folded before Flop
Seat 3: Diamondplaces folded before Flop (didn't bet)
Seat 4: ru_ruu_ru folded before Flop (didn't bet)
Seat 5: kel3vr4_23 (button) collected ($2.50)



PokerStars Hand #254227487948:  Hold'em No Limit ($0.50/$1.00 USD) - 2025/01/06 14:03:17 WET [2025/01/06 9:03:17 ET]
Table 'Lyyli II' 6-max Seat #1 is the button
Seat 6: PhoenixAssassin ($104.50 in chips) is sitting out
Seat 1: Rysiff ($135.72 in chips) 
Seat 2: Nicedaymybro ($100 in chips) 
Seat 3: Diamondplaces ($64.69 in chips) 
Seat 4: ru_ruu_ru ($197.50 in chips) 
Seat 5: kel3vr4_23 ($41.38 in chips) 
Nicedaymybro: posts small blind $0.50
Diamondplaces: posts big blind $1
*** HOLE CARDS ***
ru_ruu_ru: folds 
kel3vr4_23: folds 
Rysiff: folds 
Nicedaymybro: folds 
Uncalled bet ($0.50) returned to Diamondplaces
Diamondplaces collected $1 from pot
kel3vr4_23 leaves the table
*** SUMMARY ***
Total pot $1 | Rake $0 
Seat 6: PhoenixAssassin
Seat 1: Rysiff (button) folded before Flop (didn't bet)
Seat 2: Nicedaymybro (small blind) folded before Flop
Seat 3: Diamondplaces (big blind) collected ($1)
Seat 4: ru_ruu_ru folded before Flop (didn't bet)
Seat 5: kel3vr4_23 folded before Flop (didn't bet)



PokerStars Hand #254227489367:  Hold'em No Limit ($0.50/$1.00 USD) - 2025/01/06 14:03:24 WET [2025/01/06 9:03:24 ET]
Table 'Lyyli II' 6-max Seat #2 is the button
Seat 6: PhoenixAssassin ($104.50 in chips) is sitting out
Seat 1: Rysiff ($135.72 in chips) 
Seat 2: Nicedaymybro ($100 in chips) 
Seat 3: Diamondplaces ($65.19 in chips) 
Seat 4: ru_ruu_ru ($197.50 in chips) 
Diamondplaces: posts small blind $0.50
ru_ruu_ru: posts big blind $1
*** HOLE CARDS ***
PhoenixAssassin leaves the table
Rysiff: folds 
Nicedaymybro: raises $1.50 to $2.50
Rysiff leaves the table
Diamondplaces: folds 
ru_ruu_ru: folds 
Uncalled bet ($1.50) returned to Nicedaymybro
Nicedaymybro collected $2.50 from pot
Nicedaymybro: doesn't show hand 
*** SUMMARY ***
Total pot $2.50 | Rake $0 
Seat 6: PhoenixAssassin
Seat 1: Rysiff folded before Flop (didn't bet)
Seat 2: Nicedaymybro (button) collected ($2.50)
Seat 3: Diamondplaces (small blind) folded before Flop
Seat 4: ru_ruu_ru (big blind) folded before Flop



PokerStars Hand #254227491904:  Hold'em No Limit ($0.50/$1.00 USD) - 2025/01/06 14:03:37 WET [2025/01/06 9:03:37 ET]
Table 'Lyyli II' 6-max Seat #4 is the button
Seat 2: Nicedaymybro ($101.50 in chips) is sitting out
Seat 3: Diamondplaces ($64.69 in chips) 
Seat 4: ru_ruu_ru ($196.50 in chips) 
ru_ruu_ru: posts small blind $0.50
Nicedaymybro: is sitting out 
Diamondplaces: posts big blind $1
*** HOLE CARDS ***
ru_ruu_ru: raises $1.50 to $2.50
Nicedaymybro leaves the table
Diamondplaces: folds 
Uncalled bet ($1.50) returned to ru_ruu_ru
ru_ruu_ru collected $2 from pot
ru_ruu_ru: doesn't show hand 
*** SUMMARY ***
Total pot $2 | Rake $0 
Seat 2: Nicedaymybro
Seat 3: Diamondplaces (big blind) folded before Flop
Seat 4: ru_ruu_ru (button) (small blind) collected ($2)



