PokerStars Hand #254226315291:  Hold'em No Limit ($0.50/$1.00 USD) - 2025/01/06 12:04:05 WET [2025/01/06 7:04:05 ET]
Table 'Vitja II' 6-max Seat #4 is the button
Seat 1: trans3rfer ($100 in chips) is sitting out
Seat 2: Ipownyomama ($100 in chips) 
Seat 3: shootingGRID ($100 in chips) 
Seat 4: poker_soul11 ($100 in chips) 
Ipownyomama: posts small blind $0.50
shootingGRID: posts big blind $1
*** HOLE CARDS ***
poker_soul11: raises $1.20 to $2.20
Ipownyomama: folds 
shootingGRID: calls $1.20
*** FLOP *** [4s 3c 9s]
shootingGRID: checks 
poker_soul11: checks 
*** TURN *** [4s 3c 9s] [8s]
shootingGRID: checks 
poker_soul11: checks 
*** RIVER *** [4s 3c 9s 8s] [Ts]
shootingGRID: checks 
poker_soul11: checks 
*** SHOW DOWN ***
shootingGRID: shows [Qd 5d] (high card Queen)
poker_soul11: shows [4d 6d] (a pair of Fours)
poker_soul11 collected $4.66 from pot
*** SUMMARY ***
Total pot $4.90 | Rake $0.24 
Board [4s 3c 9s 8s Ts]
Seat 1: trans3rfer
Seat 2: Ipownyomama (small blind) folded before Flop
Seat 3: shootingGRID (big blind) showed [Qd 5d] and lost with high card Queen
Seat 4: poker_soul11 (button) showed [4d 6d] and won ($4.66) with a pair of Fours



PokerStars Hand #254226325381:  Hold'em No Limit ($0.50/$1.00 USD) - 2025/01/06 12:05:15 WET [2025/01/06 7:05:15 ET]
Table 'Vitja II' 6-max Seat #2 is the button
Seat 1: trans3rfer ($100 in chips) is sitting out
Seat 2: Ipownyomama ($100 in chips) 
Seat 3: shootingGRID ($100 in chips) 
Seat 4: poker_soul11 ($102.46 in chips) 
shootingGRID: posts small blind $0.50
poker_soul11: posts big blind $1
*** HOLE CARDS ***
Ipownyomama: folds 
shootingGRID: raises $2 to $3
poker_soul11: folds 
Uncalled bet ($2) returned to shootingGRID
shootingGRID collected $2 from pot
*** SUMMARY ***
Total pot $2 | Rake $0 
Seat 1: trans3rfer
Seat 2: Ipownyomama (button) folded before Flop (didn't bet)
Seat 3: shootingGRID (small blind) collected ($2)
Seat 4: poker_soul11 (big blind) folded before Flop



PokerStars Hand #254226327670:  Hold'em No Limit ($0.50/$1.00 USD) - 2025/01/06 12:05:30 WET [2025/01/06 7:05:30 ET]
Table 'Vitja II' 6-max Seat #3 is the button
Seat 1: trans3rfer ($100 in chips) is sitting out
Seat 2: Ipownyomama ($100 in chips) 
Seat 3: shootingGRID ($101 in chips) 
Seat 4: poker_soul11 ($101.46 in chips) 
poker_soul11: posts small blind $0.50
Ipownyomama: posts big blind $1
*** HOLE CARDS ***
shootingGRID: raises $1.25 to $2.25
poker_soul11: raises $9.75 to $12
Ipownyomama: folds 
shootingGRID: folds 
Uncalled bet ($9.75) returned to poker_soul11
poker_soul11 collected $5.50 from pot
poker_soul11: doesn't show hand 
*** SUMMARY ***
Total pot $5.50 | Rake $0 
Seat 1: trans3rfer
Seat 2: Ipownyomama (big blind) folded before Flop
Seat 3: shootingGRID (button) folded before Flop
Seat 4: poker_soul11 (small blind) collected ($5.50)



PokerStars Hand #254226330599:  Hold'em No Limit ($0.50/$1.00 USD) - 2025/01/06 12:05:51 WET [2025/01/06 7:05:51 ET]
Table 'Vitja II' 6-max Seat #4 is the button
Seat 1: trans3rfer ($100 in chips) is sitting out
Seat 2: Ipownyomama ($100 in chips) 
Seat 3: shootingGRID ($100 in chips) 
Seat 4: poker_soul11 ($104.71 in chips) 
Ipownyomama: posts small blind $0.50
shootingGRID: posts big blind $1
*** HOLE CARDS ***
poker_soul11: folds 
Ipownyomama: raises $1.50 to $2.50
shootingGRID: calls $1.50
*** FLOP *** [2s 6c 5s]
Ipownyomama: checks 
shootingGRID: checks 
*** TURN *** [2s 6c 5s] [Ts]
Ipownyomama: checks 
shootingGRID: checks 
*** RIVER *** [2s 6c 5s Ts] [4h]
Ipownyomama: checks 
shootingGRID: checks 
*** SHOW DOWN ***
Ipownyomama: shows [4c Ah] (a pair of Fours)
shootingGRID: mucks hand 
Ipownyomama collected $4.75 from pot
*** SUMMARY ***
Total pot $5 | Rake $0.25 
Board [2s 6c 5s Ts 4h]
Seat 1: trans3rfer
Seat 2: Ipownyomama (small blind) showed [4c Ah] and won ($4.75) with a pair of Fours
Seat 3: shootingGRID (big blind) mucked
Seat 4: poker_soul11 (button) folded before Flop (didn't bet)



PokerStars Hand #254226338344:  Hold'em No Limit ($0.50/$1.00 USD) - 2025/01/06 12:06:44 WET [2025/01/06 7:06:44 ET]
Table 'Vitja II' 6-max Seat #2 is the button
Seat 1: trans3rfer ($100 in chips) is sitting out
Seat 2: Ipownyomama ($102.25 in chips) 
Seat 3: shootingGRID ($100 in chips) 
Seat 4: poker_soul11 ($104.71 in chips) 
shootingGRID: posts small blind $0.50
poker_soul11: posts big blind $1
trans3rfer: sits out 
*** HOLE CARDS ***
Ipownyomama: folds 
shootingGRID: raises $2 to $3
poker_soul11: calls $2
*** FLOP *** [5c 2h 3h]
shootingGRID: checks 
poker_soul11: bets $2.85
shootingGRID: calls $2.85
*** TURN *** [5c 2h 3h] [2d]
Rysiff joins the table at seat #6 
shootingGRID: checks 
poker_soul11: checks 
*** RIVER *** [5c 2h 3h 2d] [6c]
shootingGRID: checks 
poker_soul11: bets $8.34
shootingGRID: calls $8.34
*** SHOW DOWN ***
poker_soul11: shows [Jh Kh] (a pair of Deuces)
shootingGRID: shows [Ac 9c] (a pair of Deuces - Ace kicker)
shootingGRID collected $27.38 from pot
*** SUMMARY ***
Total pot $28.38 | Rake $1 
Board [5c 2h 3h 2d 6c]
Seat 1: trans3rfer
Seat 2: Ipownyomama (button) folded before Flop (didn't bet)
Seat 3: shootingGRID (small blind) showed [Ac 9c] and won ($27.38) with a pair of Deuces
Seat 4: poker_soul11 (big blind) showed [Jh Kh] and lost with a pair of Deuces



PokerStars Hand #254226347587:  Hold'em No Limit ($0.50/$1.00 USD) - 2025/01/06 12:07:49 WET [2025/01/06 7:07:49 ET]
Table 'Vitja II' 6-max Seat #3 is the button
Seat 1: trans3rfer ($100 in chips) is sitting out
Seat 2: Ipownyomama ($102.25 in chips) 
Seat 3: shootingGRID ($113.19 in chips) 
Seat 4: poker_soul11 ($100 in chips) 
Seat 6: Rysiff ($100 in chips) 
poker_soul11: posts small blind $0.50
Rysiff: posts big blind $1
trans3rfer: sits out 
*** HOLE CARDS ***
Ipownyomama: raises $1.30 to $2.30
shootingGRID: folds 
poker_soul11: folds 
Rysiff: calls $1.30
*** FLOP *** [As Ad 4c]
Rysiff: checks 
Ipownyomama: bets $1.21
Rysiff: calls $1.21
*** TURN *** [As Ad 4c] [Ah]
Rysiff: checks 
BlackHog01 joins the table at seat #5 
Ipownyomama: bets $5.36
Rysiff: raises $14.29 to $19.65
Ipownyomama: calls $14.29
*** RIVER *** [As Ad 4c Ah] [Qs]
Rysiff: checks 
Ipownyomama: bets $11.45
Rysiff: folds 
Uncalled bet ($11.45) returned to Ipownyomama
Ipownyomama collected $45.82 from pot
Ipownyomama: doesn't show hand 
*** SUMMARY ***
Total pot $46.82 | Rake $1 
Board [As Ad 4c Ah Qs]
Seat 1: trans3rfer
Seat 2: Ipownyomama collected ($45.82)
Seat 3: shootingGRID (button) folded before Flop (didn't bet)
Seat 4: poker_soul11 (small blind) folded before Flop
Seat 6: Rysiff (big blind) folded on the River



PokerStars Hand #254226360215:  Hold'em No Limit ($0.50/$1.00 USD) - 2025/01/06 12:09:16 WET [2025/01/06 7:09:16 ET]
Table 'Vitja II' 6-max Seat #4 is the button
Seat 5: BlackHog01 ($40 in chips) is sitting out
Seat 1: trans3rfer ($100 in chips) 
Seat 2: Ipownyomama ($124.91 in chips) 
Seat 3: shootingGRID ($113.19 in chips) 
Seat 4: poker_soul11 ($100 in chips) 
Seat 6: Rysiff ($100 in chips) 
Rysiff: posts small blind $0.50
trans3rfer: posts big blind $1
*** HOLE CARDS ***
Ipownyomama: folds 
shootingGRID: folds 
poker_soul11: folds 
Rysiff: raises $2 to $3
trans3rfer: calls $2
*** FLOP *** [5h 3d 2d]
Rysiff: checks 
trans3rfer: bets $4.28
Rysiff: calls $4.28
*** TURN *** [5h 3d 2d] [Th]
Rysiff: checks 
trans3rfer: checks 
*** RIVER *** [5h 3d 2d Th] [Qh]
Rysiff: bets $11.06
trans3rfer: folds 
Uncalled bet ($11.06) returned to Rysiff
Rysiff collected $13.83 from pot
Rysiff: doesn't show hand 
*** SUMMARY ***
Total pot $14.56 | Rake $0.73 
Board [5h 3d 2d Th Qh]
Seat 5: BlackHog01
Seat 1: trans3rfer (big blind) folded on the River
Seat 2: Ipownyomama folded before Flop (didn't bet)
Seat 3: shootingGRID folded before Flop (didn't bet)
Seat 4: poker_soul11 (button) folded before Flop (didn't bet)
Seat 6: Rysiff (small blind) collected ($13.83)



PokerStars Hand #254226369297:  Hold'em No Limit ($0.50/$1.00 USD) - 2025/01/06 12:10:18 WET [2025/01/06 7:10:18 ET]
Table 'Vitja II' 6-max Seat #6 is the button
Seat 1: trans3rfer ($100 in chips) 
Seat 2: Ipownyomama ($124.91 in chips) 
Seat 3: shootingGRID ($113.19 in chips) 
Seat 4: poker_soul11 ($100 in chips) 
Seat 5: BlackHog01 ($40 in chips) 
Seat 6: Rysiff ($106.55 in chips) 
trans3rfer: posts small blind $0.50
Ipownyomama: posts big blind $1
BlackHog01: posts big blind $1
*** HOLE CARDS ***
shootingGRID: folds 
poker_soul11: folds 
BlackHog01: checks 
Rysiff: folds 
trans3rfer: raises $1 to $2
Ipownyomama: raises $5 to $7
BlackHog01: calls $6
trans3rfer: calls $5
*** FLOP *** [Js Ah 9s]
trans3rfer: checks 
Ipownyomama: bets $6.60
BlackHog01: folds 
trans3rfer: folds 
Uncalled bet ($6.60) returned to Ipownyomama
Ipownyomama collected $19.95 from pot
Ipownyomama: doesn't show hand 
*** SUMMARY ***
Total pot $21 | Rake $1.05 
Board [Js Ah 9s]
Seat 1: trans3rfer (small blind) folded on the Flop
Seat 2: Ipownyomama (big blind) collected ($19.95)
Seat 3: shootingGRID folded before Flop (didn't bet)
Seat 4: poker_soul11 folded before Flop (didn't bet)
Seat 5: BlackHog01 folded on the Flop
Seat 6: Rysiff (button) folded before Flop (didn't bet)



PokerStars Hand #254226378375:  Hold'em No Limit ($0.50/$1.00 USD) - 2025/01/06 12:11:21 WET [2025/01/06 7:11:21 ET]
Table 'Vitja II' 6-max Seat #1 is the button
Seat 1: trans3rfer ($100 in chips) 
Seat 2: Ipownyomama ($137.86 in chips) 
Seat 3: shootingGRID ($113.19 in chips) 
Seat 4: poker_soul11 ($100 in chips) 
Seat 5: BlackHog01 ($33 in chips) 
Seat 6: Rysiff ($106.55 in chips) 
Ipownyomama: posts small blind $0.50
shootingGRID: posts big blind $1
*** HOLE CARDS ***
poker_soul11: folds 
BlackHog01: folds 
Rysiff: folds 
trans3rfer: raises $1.50 to $2.50
Ipownyomama: folds 
shootingGRID: folds 
Uncalled bet ($1.50) returned to trans3rfer
trans3rfer collected $2.50 from pot
trans3rfer: doesn't show hand 
*** SUMMARY ***
Total pot $2.50 | Rake $0 
Seat 1: trans3rfer (button) collected ($2.50)
Seat 2: Ipownyomama (small blind) folded before Flop
Seat 3: shootingGRID (big blind) folded before Flop
Seat 4: poker_soul11 folded before Flop (didn't bet)
Seat 5: BlackHog01 folded before Flop (didn't bet)
Seat 6: Rysiff folded before Flop (didn't bet)



PokerStars Hand #254226380790:  Hold'em No Limit ($0.50/$1.00 USD) - 2025/01/06 12:11:37 WET [2025/01/06 7:11:37 ET]
Table 'Vitja II' 6-max Seat #2 is the button
Seat 1: trans3rfer ($101.50 in chips) 
Seat 2: Ipownyomama ($137.36 in chips) 
Seat 3: shootingGRID ($112.19 in chips) 
Seat 4: poker_soul11 ($100 in chips) 
Seat 5: BlackHog01 ($33 in chips) 
Seat 6: Rysiff ($106.55 in chips) 
shootingGRID: posts small blind $0.50
poker_soul11: posts big blind $1
*** HOLE CARDS ***
BlackHog01: calls $1
Rysiff: folds 
trans3rfer: folds 
Ipownyomama: raises $2.50 to $3.50
shootingGRID: folds 
poker_soul11: folds 
BlackHog01: calls $2.50
*** FLOP *** [7s Qs 3s]
BlackHog01: checks 
Ipownyomama: bets $1.50
BlackHog01: calls $1.50
*** TURN *** [7s Qs 3s] [Qc]
BlackHog01: checks 
Ipownyomama: checks 
*** RIVER *** [7s Qs 3s Qc] [8h]
BlackHog01: checks 
Ipownyomama: checks 
*** SHOW DOWN ***
BlackHog01: shows [Ks 8s] (a flush, King high)
Ipownyomama: mucks hand 
BlackHog01 collected $10.92 from pot
*** SUMMARY ***
Total pot $11.50 | Rake $0.58 
Board [7s Qs 3s Qc 8h]
Seat 1: trans3rfer folded before Flop (didn't bet)
Seat 2: Ipownyomama (button) mucked
Seat 3: shootingGRID (small blind) folded before Flop
Seat 4: poker_soul11 (big blind) folded before Flop
Seat 5: BlackHog01 showed [Ks 8s] and won ($10.92) with a flush, King high
Seat 6: Rysiff folded before Flop (didn't bet)



PokerStars Hand #254226389563:  Hold'em No Limit ($0.50/$1.00 USD) - 2025/01/06 12:12:38 WET [2025/01/06 7:12:38 ET]
Table 'Vitja II' 6-max Seat #3 is the button
Seat 1: trans3rfer ($101.50 in chips) 
Seat 2: Ipownyomama ($132.36 in chips) 
Seat 3: shootingGRID ($111.69 in chips) 
Seat 4: poker_soul11 ($100 in chips) 
Seat 5: BlackHog01 ($38.92 in chips) 
Seat 6: Rysiff ($106.55 in chips) 
poker_soul11: posts small blind $0.50
BlackHog01: posts big blind $1
*** HOLE CARDS ***
Rysiff: folds 
trans3rfer: folds 
Ipownyomama: raises $1.30 to $2.30
shootingGRID: raises $5.20 to $7.50
poker_soul11: folds 
BlackHog01: folds 
Ipownyomama: raises $13.50 to $21
shootingGRID: calls $13.50
*** FLOP *** [9d 3h 2s]
Ipownyomama: bets $20.65
shootingGRID: folds 
Uncalled bet ($20.65) returned to Ipownyomama
Ipownyomama collected $41.32 from pot
Ipownyomama: doesn't show hand 
*** SUMMARY ***
Total pot $43.50 | Rake $2.18 
Board [9d 3h 2s]
Seat 1: trans3rfer folded before Flop (didn't bet)
Seat 2: Ipownyomama collected ($41.32)
Seat 3: shootingGRID (button) folded on the Flop
Seat 4: poker_soul11 (small blind) folded before Flop
Seat 5: BlackHog01 (big blind) folded before Flop
Seat 6: Rysiff folded before Flop (didn't bet)



PokerStars Hand #254226397140:  Hold'em No Limit ($0.50/$1.00 USD) - 2025/01/06 12:13:30 WET [2025/01/06 7:13:30 ET]
Table 'Vitja II' 6-max Seat #4 is the button
Seat 1: trans3rfer ($101.50 in chips) 
Seat 2: Ipownyomama ($152.68 in chips) 
Seat 3: shootingGRID ($100 in chips) 
Seat 4: poker_soul11 ($100 in chips) 
Seat 5: BlackHog01 ($37.92 in chips) 
Seat 6: Rysiff ($106.55 in chips) 
BlackHog01: posts small blind $0.50
Rysiff: posts big blind $1
*** HOLE CARDS ***
trans3rfer: folds 
Ipownyomama: folds 
shootingGRID: folds 
poker_soul11: folds 
BlackHog01: calls $0.50
Rysiff: checks 
*** FLOP *** [9s 5d 8h]
BlackHog01: checks 
Rysiff: bets $1
BlackHog01: calls $1
*** TURN *** [9s 5d 8h] [9d]
BlackHog01: bets $1
Rysiff: calls $1
*** RIVER *** [9s 5d 8h 9d] [Jc]
BlackHog01: bets $1
Rysiff: calls $1
*** SHOW DOWN ***
BlackHog01: shows [Qc Th] (a straight, Eight to Queen)
Rysiff: mucks hand 
BlackHog01 collected $7.60 from pot
*** SUMMARY ***
Total pot $8 | Rake $0.40 
Board [9s 5d 8h 9d Jc]
Seat 1: trans3rfer folded before Flop (didn't bet)
Seat 2: Ipownyomama folded before Flop (didn't bet)
Seat 3: shootingGRID folded before Flop (didn't bet)
Seat 4: poker_soul11 (button) folded before Flop (didn't bet)
Seat 5: BlackHog01 (small blind) showed [Qc Th] and won ($7.60) with a straight, Eight to Queen
Seat 6: Rysiff (big blind) mucked



PokerStars Hand #254226403733:  Hold'em No Limit ($0.50/$1.00 USD) - 2025/01/06 12:14:15 WET [2025/01/06 7:14:15 ET]
Table 'Vitja II' 6-max Seat #5 is the button
Seat 1: trans3rfer ($101.50 in chips) 
Seat 2: Ipownyomama ($152.68 in chips) 
Seat 3: shootingGRID ($100 in chips) 
Seat 4: poker_soul11 ($100 in chips) 
Seat 5: BlackHog01 ($41.52 in chips) 
Seat 6: Rysiff ($102.55 in chips) 
Rysiff: posts small blind $0.50
trans3rfer: posts big blind $1
*** HOLE CARDS ***
Ipownyomama: folds 
shootingGRID: folds 
poker_soul11: raises $1.20 to $2.20
BlackHog01: folds 
Rysiff: folds 
trans3rfer: folds 
Uncalled bet ($1.20) returned to poker_soul11
poker_soul11 collected $2.50 from pot
poker_soul11: doesn't show hand 
*** SUMMARY ***
Total pot $2.50 | Rake $0 
Seat 1: trans3rfer (big blind) folded before Flop
Seat 2: Ipownyomama folded before Flop (didn't bet)
Seat 3: shootingGRID folded before Flop (didn't bet)
Seat 4: poker_soul11 collected ($2.50)
Seat 5: BlackHog01 (button) folded before Flop (didn't bet)
Seat 6: Rysiff (small blind) folded before Flop



PokerStars Hand #254226406315:  Hold'em No Limit ($0.50/$1.00 USD) - 2025/01/06 12:14:33 WET [2025/01/06 7:14:33 ET]
Table 'Vitja II' 6-max Seat #6 is the button
Seat 1: trans3rfer ($100.50 in chips) 
Seat 2: Ipownyomama ($152.68 in chips) 
Seat 3: shootingGRID ($100 in chips) 
Seat 4: poker_soul11 ($101.50 in chips) 
Seat 5: BlackHog01 ($41.52 in chips) 
Seat 6: Rysiff ($102.05 in chips) 
trans3rfer: posts small blind $0.50
Ipownyomama: posts big blind $1
*** HOLE CARDS ***
shootingGRID: folds 
poker_soul11: folds 
BlackHog01: folds 
Rysiff: raises $1.50 to $2.50
trans3rfer: folds 
Ipownyomama: calls $1.50
*** FLOP *** [6d Kh 3c]
Ipownyomama: checks 
Rysiff: bets $1.72
Ipownyomama: calls $1.72
*** TURN *** [6d Kh 3c] [3h]
Ipownyomama: checks 
Rysiff: checks 
*** RIVER *** [6d Kh 3c 3h] [As]
Ipownyomama: checks 
Rysiff: bets $6.79
Ipownyomama: folds 
Uncalled bet ($6.79) returned to Rysiff
Rysiff collected $8.49 from pot
Rysiff: doesn't show hand 
*** SUMMARY ***
Total pot $8.94 | Rake $0.45 
Board [6d Kh 3c 3h As]
Seat 1: trans3rfer (small blind) folded before Flop
Seat 2: Ipownyomama (big blind) folded on the River
Seat 3: shootingGRID folded before Flop (didn't bet)
Seat 4: poker_soul11 folded before Flop (didn't bet)
Seat 5: BlackHog01 folded before Flop (didn't bet)
Seat 6: Rysiff (button) collected ($8.49)



PokerStars Hand #254226415930:  Hold'em No Limit ($0.50/$1.00 USD) - 2025/01/06 12:15:39 WET [2025/01/06 7:15:39 ET]
Table 'Vitja II' 6-max Seat #1 is the button
Seat 1: trans3rfer ($100 in chips) 
Seat 2: Ipownyomama ($148.46 in chips) 
Seat 3: shootingGRID ($100 in chips) 
Seat 4: poker_soul11 ($101.50 in chips) 
Seat 5: BlackHog01 ($41.52 in chips) 
Seat 6: Rysiff ($106.32 in chips) 
Ipownyomama: posts small blind $0.50
shootingGRID: posts big blind $1
*** HOLE CARDS ***
poker_soul11: folds 
BlackHog01: calls $1
Rysiff: folds 
trans3rfer: folds 
Ipownyomama: folds 
shootingGRID: checks 
*** FLOP *** [6d Qs 9s]
shootingGRID: bets $1
BlackHog01: folds 
Uncalled bet ($1) returned to shootingGRID
shootingGRID collected $2.38 from pot
*** SUMMARY ***
Total pot $2.50 | Rake $0.12 
Board [6d Qs 9s]
Seat 1: trans3rfer (button) folded before Flop (didn't bet)
Seat 2: Ipownyomama (small blind) folded before Flop
Seat 3: shootingGRID (big blind) collected ($2.38)
Seat 4: poker_soul11 folded before Flop (didn't bet)
Seat 5: BlackHog01 folded on the Flop
Seat 6: Rysiff folded before Flop (didn't bet)



PokerStars Hand #254226420775:  Hold'em No Limit ($0.50/$1.00 USD) - 2025/01/06 12:16:12 WET [2025/01/06 7:16:12 ET]
Table 'Vitja II' 6-max Seat #2 is the button
Seat 1: trans3rfer ($100 in chips) 
Seat 2: Ipownyomama ($147.96 in chips) 
Seat 3: shootingGRID ($101.38 in chips) 
Seat 4: poker_soul11 ($101.50 in chips) 
Seat 5: BlackHog01 ($40.52 in chips) 
Seat 6: Rysiff ($106.32 in chips) 
shootingGRID: posts small blind $0.50
poker_soul11: posts big blind $1
*** HOLE CARDS ***
BlackHog01: folds 
Rysiff: folds 
trans3rfer: folds 
Ipownyomama: raises $1.50 to $2.50
shootingGRID: folds 
poker_soul11: folds 
Uncalled bet ($1.50) returned to Ipownyomama
Ipownyomama collected $2.50 from pot
Ipownyomama: doesn't show hand 
*** SUMMARY ***
Total pot $2.50 | Rake $0 
Seat 1: trans3rfer folded before Flop (didn't bet)
Seat 2: Ipownyomama (button) collected ($2.50)
Seat 3: shootingGRID (small blind) folded before Flop
Seat 4: poker_soul11 (big blind) folded before Flop
Seat 5: BlackHog01 folded before Flop (didn't bet)
Seat 6: Rysiff folded before Flop (didn't bet)



PokerStars Hand #254226424657:  Hold'em No Limit ($0.50/$1.00 USD) - 2025/01/06 12:16:39 WET [2025/01/06 7:16:39 ET]
Table 'Vitja II' 6-max Seat #3 is the button
Seat 1: trans3rfer ($100 in chips) 
Seat 2: Ipownyomama ($149.46 in chips) 
Seat 3: shootingGRID ($100.88 in chips) 
Seat 4: poker_soul11 ($100.50 in chips) 
Seat 5: BlackHog01 ($40.52 in chips) 
Seat 6: Rysiff ($106.32 in chips) 
poker_soul11: posts small blind $0.50
BlackHog01: posts big blind $1
*** HOLE CARDS ***
Rysiff has timed out
Rysiff: folds 
trans3rfer: raises $1.50 to $2.50
Ipownyomama: folds 
shootingGRID: folds 
poker_soul11: folds 
BlackHog01: raises $1.50 to $4
trans3rfer: raises $10 to $14
BlackHog01: calls $10
*** FLOP *** [8h 2s 2h]
BlackHog01: bets $8
trans3rfer: calls $8
*** TURN *** [8h 2s 2h] [Kh]
BlackHog01: bets $18.52 and is all-in
trans3rfer: calls $18.52
*** RIVER *** [8h 2s 2h Kh] [5h]
*** SHOW DOWN ***
BlackHog01: shows [9d 9c] (two pair, Nines and Deuces)
trans3rfer: shows [Ks Ah] (a flush, Ace high)
trans3rfer collected $79.04 from pot
BlackHog01 cashed out the hand for $3.53 | Cash Out Fee $0.07
*** SUMMARY ***
Total pot $81.54 | Rake $2.50 
Board [8h 2s 2h Kh 5h]
Seat 1: trans3rfer showed [Ks Ah] and won ($79.04) with a flush, Ace high
Seat 2: Ipownyomama folded before Flop (didn't bet)
Seat 3: shootingGRID (button) folded before Flop (didn't bet)
Seat 4: poker_soul11 (small blind) folded before Flop
Seat 5: BlackHog01 (big blind) showed [9d 9c] and lost with two pair, Nines and Deuces (cashed out).
Seat 6: Rysiff folded before Flop (didn't bet)



PokerStars Hand #254226436856:  Hold'em No Limit ($0.50/$1.00 USD) - 2025/01/06 12:18:01 WET [2025/01/06 7:18:01 ET]
Table 'Vitja II' 6-max Seat #4 is the button
Seat 1: trans3rfer ($138.52 in chips) 
Seat 2: Ipownyomama ($149.46 in chips) 
Seat 3: shootingGRID ($100.88 in chips) 
Seat 4: poker_soul11 ($100 in chips) 
Seat 5: BlackHog01 ($3.53 in chips) 
Seat 6: Rysiff ($106.32 in chips) 
BlackHog01: posts small blind $0.50
Rysiff: posts big blind $1
*** HOLE CARDS ***
trans3rfer: folds 
Ipownyomama: folds 
shootingGRID: folds 
poker_soul11: folds 
BlackHog01: raises $2.53 to $3.53 and is all-in
Rysiff: folds 
Uncalled bet ($2.53) returned to BlackHog01
BlackHog01 collected $2 from pot
BlackHog01: doesn't show hand 
*** SUMMARY ***
Total pot $2 | Rake $0 
Seat 1: trans3rfer folded before Flop (didn't bet)
Seat 2: Ipownyomama folded before Flop (didn't bet)
Seat 3: shootingGRID folded before Flop (didn't bet)
Seat 4: poker_soul11 (button) folded before Flop (didn't bet)
Seat 5: BlackHog01 (small blind) collected ($2)
Seat 6: Rysiff (big blind) folded before Flop



PokerStars Hand #254226438953:  Hold'em No Limit ($0.50/$1.00 USD) - 2025/01/06 12:18:16 WET [2025/01/06 7:18:16 ET]
Table 'Vitja II' 6-max Seat #5 is the button
Seat 1: trans3rfer ($138.52 in chips) 
Seat 2: Ipownyomama ($149.46 in chips) 
Seat 3: shootingGRID ($100.88 in chips) 
Seat 4: poker_soul11 ($100 in chips) 
Seat 5: BlackHog01 ($4.53 in chips) 
Seat 6: Rysiff ($105.32 in chips) 
Rysiff: posts small blind $0.50
trans3rfer: posts big blind $1
*** HOLE CARDS ***
Ipownyomama: folds 
shootingGRID: folds 
poker_soul11: folds 
BlackHog01: raises $3.53 to $4.53 and is all-in
Rysiff: folds 
trans3rfer: folds 
Uncalled bet ($3.53) returned to BlackHog01
BlackHog01 collected $2.50 from pot
BlackHog01: doesn't show hand 
*** SUMMARY ***
Total pot $2.50 | Rake $0 
Seat 1: trans3rfer (big blind) folded before Flop
Seat 2: Ipownyomama folded before Flop (didn't bet)
Seat 3: shootingGRID folded before Flop (didn't bet)
Seat 4: poker_soul11 folded before Flop (didn't bet)
Seat 5: BlackHog01 (button) collected ($2.50)
Seat 6: Rysiff (small blind) folded before Flop



PokerStars Hand #254226440788:  Hold'em No Limit ($0.50/$1.00 USD) - 2025/01/06 12:18:28 WET [2025/01/06 7:18:28 ET]
Table 'Vitja II' 6-max Seat #6 is the button
Seat 1: trans3rfer ($137.52 in chips) 
Seat 2: Ipownyomama ($149.46 in chips) 
Seat 3: shootingGRID ($100.88 in chips) 
Seat 4: poker_soul11 ($100 in chips) 
Seat 5: BlackHog01 ($6.03 in chips) 
Seat 6: Rysiff ($104.82 in chips) 
trans3rfer: posts small blind $0.50
Ipownyomama: posts big blind $1
*** HOLE CARDS ***
shootingGRID: folds 
poker_soul11: folds 
BlackHog01: raises $5.03 to $6.03 and is all-in
Rysiff: folds 
trans3rfer: folds 
Ipownyomama: folds 
Uncalled bet ($5.03) returned to BlackHog01
BlackHog01 collected $2.50 from pot
BlackHog01: doesn't show hand 
*** SUMMARY ***
Total pot $2.50 | Rake $0 
Seat 1: trans3rfer (small blind) folded before Flop
Seat 2: Ipownyomama (big blind) folded before Flop
Seat 3: shootingGRID folded before Flop (didn't bet)
Seat 4: poker_soul11 folded before Flop (didn't bet)
Seat 5: BlackHog01 collected ($2.50)
Seat 6: Rysiff (button) folded before Flop (didn't bet)



PokerStars Hand #254226442394:  Hold'em No Limit ($0.50/$1.00 USD) - 2025/01/06 12:18:38 WET [2025/01/06 7:18:38 ET]
Table 'Vitja II' 6-max Seat #1 is the button
Seat 1: trans3rfer ($137.02 in chips) 
Seat 2: Ipownyomama ($148.46 in chips) 
Seat 3: shootingGRID ($100.88 in chips) 
Seat 4: poker_soul11 ($100 in chips) 
Seat 5: BlackHog01 ($7.53 in chips) 
Seat 6: Rysiff ($104.82 in chips) 
Ipownyomama: posts small blind $0.50
shootingGRID: posts big blind $1
*** HOLE CARDS ***
poker_soul11: folds 
BlackHog01: folds 
Rysiff: folds 
trans3rfer: raises $1.50 to $2.50
Ipownyomama: folds 
shootingGRID: calls $1.50
*** FLOP *** [4h 6c 6d]
shootingGRID: checks 
trans3rfer: bets $1.72
shootingGRID: raises $6.28 to $8
trans3rfer: folds 
Uncalled bet ($6.28) returned to shootingGRID
shootingGRID collected $8.49 from pot
*** SUMMARY ***
Total pot $8.94 | Rake $0.45 
Board [4h 6c 6d]
Seat 1: trans3rfer (button) folded on the Flop
Seat 2: Ipownyomama (small blind) folded before Flop
Seat 3: shootingGRID (big blind) collected ($8.49)
Seat 4: poker_soul11 folded before Flop (didn't bet)
Seat 5: BlackHog01 folded before Flop (didn't bet)
Seat 6: Rysiff folded before Flop (didn't bet)



PokerStars Hand #254226447913:  Hold'em No Limit ($0.50/$1.00 USD) - 2025/01/06 12:19:15 WET [2025/01/06 7:19:15 ET]
Table 'Vitja II' 6-max Seat #2 is the button
Seat 1: trans3rfer ($132.80 in chips) 
Seat 2: Ipownyomama ($147.96 in chips) 
Seat 3: shootingGRID ($105.15 in chips) 
Seat 4: poker_soul11 ($100 in chips) 
Seat 5: BlackHog01 ($7.53 in chips) 
Seat 6: Rysiff ($104.82 in chips) 
shootingGRID: posts small blind $0.50
poker_soul11: posts big blind $1
*** HOLE CARDS ***
BlackHog01: calls $1
Rysiff: folds 
trans3rfer: folds 
Ipownyomama: folds 
shootingGRID: raises $6.50 to $7.50
poker_soul11: folds 
BlackHog01: raises $0.03 to $7.53 and is all-in
shootingGRID: calls $0.03
*** FLOP *** [7c 3h Th]
*** TURN *** [7c 3h Th] [8s]
*** RIVER *** [7c 3h Th 8s] [Ts]
*** SHOW DOWN ***
shootingGRID: shows [Ad Kc] (a pair of Tens)
BlackHog01: shows [9s Jh] (a straight, Seven to Jack)
BlackHog01 collected $15.26 from pot
*** SUMMARY ***
Total pot $16.06 | Rake $0.80 
Board [7c 3h Th 8s Ts]
Seat 1: trans3rfer folded before Flop (didn't bet)
Seat 2: Ipownyomama (button) folded before Flop (didn't bet)
Seat 3: shootingGRID (small blind) showed [Ad Kc] and lost with a pair of Tens
Seat 4: poker_soul11 (big blind) folded before Flop
Seat 5: BlackHog01 showed [9s Jh] and won ($15.26) with a straight, Seven to Jack
Seat 6: Rysiff folded before Flop (didn't bet)



PokerStars Hand #254226452567:  Hold'em No Limit ($0.50/$1.00 USD) - 2025/01/06 12:19:46 WET [2025/01/06 7:19:46 ET]
Table 'Vitja II' 6-max Seat #3 is the button
Seat 1: trans3rfer ($132.80 in chips) 
Seat 2: Ipownyomama ($147.96 in chips) 
Seat 3: shootingGRID ($100 in chips) 
Seat 4: poker_soul11 ($100 in chips) 
Seat 5: BlackHog01 ($15.26 in chips) 
Seat 6: Rysiff ($104.82 in chips) 
poker_soul11: posts small blind $0.50
BlackHog01: posts big blind $1
*** HOLE CARDS ***
Rysiff: folds 
trans3rfer: raises $1.50 to $2.50
Ipownyomama: raises $5.50 to $8
shootingGRID: folds 
poker_soul11: folds 
BlackHog01: folds 
trans3rfer: folds 
Uncalled bet ($5.50) returned to Ipownyomama
Ipownyomama collected $6.50 from pot
Ipownyomama: doesn't show hand 
*** SUMMARY ***
Total pot $6.50 | Rake $0 
Seat 1: trans3rfer folded before Flop
Seat 2: Ipownyomama collected ($6.50)
Seat 3: shootingGRID (button) folded before Flop (didn't bet)
Seat 4: poker_soul11 (small blind) folded before Flop
Seat 5: BlackHog01 (big blind) folded before Flop
Seat 6: Rysiff folded before Flop (didn't bet)



PokerStars Hand #254226456571:  Hold'em No Limit ($0.50/$1.00 USD) - 2025/01/06 12:20:14 WET [2025/01/06 7:20:14 ET]
Table 'Vitja II' 6-max Seat #4 is the button
Seat 1: trans3rfer ($130.30 in chips) 
Seat 2: Ipownyomama ($151.96 in chips) 
Seat 3: shootingGRID ($100 in chips) 
Seat 4: poker_soul11 ($100 in chips) 
Seat 5: BlackHog01 ($14.26 in chips) 
Seat 6: Rysiff ($104.82 in chips) 
BlackHog01: posts small blind $0.50
Rysiff: posts big blind $1
*** HOLE CARDS ***
trans3rfer: folds 
Ipownyomama: folds 
shootingGRID: raises $1.25 to $2.25
poker_soul11: folds 
BlackHog01: calls $1.75
Rysiff: raises $11.75 to $14
shootingGRID: folds 
BlackHog01: raises $0.26 to $14.26 and is all-in
Rysiff: calls $0.26
*** FLOP *** [6h 5h Jc]
*** TURN *** [6h 5h Jc] [Kh]
*** RIVER *** [6h 5h Jc Kh] [9d]
*** SHOW DOWN ***
BlackHog01: shows [9s Ts] (a pair of Nines)
Rysiff: shows [Qd As] (high card Ace)
BlackHog01 collected $29.23 from pot
*** SUMMARY ***
Total pot $30.77 | Rake $1.54 
Board [6h 5h Jc Kh 9d]
Seat 1: trans3rfer folded before Flop (didn't bet)
Seat 2: Ipownyomama folded before Flop (didn't bet)
Seat 3: shootingGRID folded before Flop
Seat 4: poker_soul11 (button) folded before Flop (didn't bet)
Seat 5: BlackHog01 (small blind) showed [9s Ts] and won ($29.23) with a pair of Nines
Seat 6: Rysiff (big blind) showed [Qd As] and lost with high card Ace



PokerStars Hand #254226463104:  Hold'em No Limit ($0.50/$1.00 USD) - 2025/01/06 12:20:57 WET [2025/01/06 7:20:57 ET]
Table 'Vitja II' 6-max Seat #5 is the button
Seat 1: trans3rfer ($130.30 in chips) 
Seat 2: Ipownyomama ($151.96 in chips) 
Seat 3: shootingGRID ($100 in chips) 
Seat 4: poker_soul11 ($100 in chips) 
Seat 5: BlackHog01 ($29.23 in chips) 
Seat 6: Rysiff ($100 in chips) 
Rysiff: posts small blind $0.50
trans3rfer: posts big blind $1
*** HOLE CARDS ***
Ipownyomama: folds 
shootingGRID: folds 
poker_soul11: raises $1.20 to $2.20
BlackHog01: folds 
Rysiff: folds 
trans3rfer: raises $8.80 to $11
poker_soul11: calls $8.80
*** FLOP *** [4h Ad 8d]
trans3rfer: bets $11
poker_soul11: folds 
Uncalled bet ($11) returned to trans3rfer
trans3rfer collected $21.38 from pot
trans3rfer: doesn't show hand 
*** SUMMARY ***
Total pot $22.50 | Rake $1.12 
Board [4h Ad 8d]
Seat 1: trans3rfer (big blind) collected ($21.38)
Seat 2: Ipownyomama folded before Flop (didn't bet)
Seat 3: shootingGRID folded before Flop (didn't bet)
Seat 4: poker_soul11 folded on the Flop
Seat 5: BlackHog01 (button) folded before Flop (didn't bet)
Seat 6: Rysiff (small blind) folded before Flop



PokerStars Hand #254226470836:  Hold'em No Limit ($0.50/$1.00 USD) - 2025/01/06 12:21:49 WET [2025/01/06 7:21:49 ET]
Table 'Vitja II' 6-max Seat #6 is the button
Seat 1: trans3rfer ($140.68 in chips) 
Seat 2: Ipownyomama ($151.96 in chips) 
Seat 3: shootingGRID ($100 in chips) 
Seat 4: poker_soul11 ($100 in chips) 
Seat 5: BlackHog01 ($29.23 in chips) 
Seat 6: Rysiff ($100 in chips) 
trans3rfer: posts small blind $0.50
Ipownyomama: posts big blind $1
*** HOLE CARDS ***
shootingGRID: folds 
poker_soul11: raises $1.20 to $2.20
BlackHog01: calls $2.20
Rysiff: folds 
trans3rfer: folds 
Ipownyomama: folds 
*** FLOP *** [Jd 5d Qs]
poker_soul11: checks 
BlackHog01: checks 
*** TURN *** [Jd 5d Qs] [Kh]
poker_soul11: checks 
BlackHog01: checks 
*** RIVER *** [Jd 5d Qs Kh] [3h]
poker_soul11: checks 
BlackHog01: bets $1
poker_soul11: calls $1
*** SHOW DOWN ***
BlackHog01: shows [8d 8h] (a pair of Eights)
poker_soul11: shows [Jh Th] (a pair of Jacks)
poker_soul11 collected $7.50 from pot
*** SUMMARY ***
Total pot $7.90 | Rake $0.40 
Board [Jd 5d Qs Kh 3h]
Seat 1: trans3rfer (small blind) folded before Flop
Seat 2: Ipownyomama (big blind) folded before Flop
Seat 3: shootingGRID folded before Flop (didn't bet)
Seat 4: poker_soul11 showed [Jh Th] and won ($7.50) with a pair of Jacks
Seat 5: BlackHog01 showed [8d 8h] and lost with a pair of Eights
Seat 6: Rysiff (button) folded before Flop (didn't bet)



PokerStars Hand #254226476257:  Hold'em No Limit ($0.50/$1.00 USD) - 2025/01/06 12:22:26 WET [2025/01/06 7:22:26 ET]
Table 'Vitja II' 6-max Seat #1 is the button
Seat 1: trans3rfer ($140.18 in chips) 
Seat 2: Ipownyomama ($150.96 in chips) 
Seat 3: shootingGRID ($100 in chips) 
Seat 4: poker_soul11 ($104.30 in chips) 
Seat 5: BlackHog01 ($26.03 in chips) 
Seat 6: Rysiff ($100 in chips) 
Ipownyomama: posts small blind $0.50
shootingGRID: posts big blind $1
*** HOLE CARDS ***
poker_soul11: folds 
BlackHog01: folds 
Rysiff: folds 
trans3rfer: folds 
Ipownyomama: raises $1.50 to $2.50
shootingGRID: calls $1.50
*** FLOP *** [8c 6h Ah]
Ipownyomama: checks 
shootingGRID: checks 
*** TURN *** [8c 6h Ah] [Kh]
Ipownyomama: checks 
shootingGRID: checks 
*** RIVER *** [8c 6h Ah Kh] [3s]
Ipownyomama: checks 
shootingGRID: checks 
*** SHOW DOWN ***
Ipownyomama: shows [4h 4s] (a pair of Fours)
shootingGRID: mucks hand 
Ipownyomama collected $4.75 from pot
*** SUMMARY ***
Total pot $5 | Rake $0.25 
Board [8c 6h Ah Kh 3s]
Seat 1: trans3rfer (button) folded before Flop (didn't bet)
Seat 2: Ipownyomama (small blind) showed [4h 4s] and won ($4.75) with a pair of Fours
Seat 3: shootingGRID (big blind) mucked
Seat 4: poker_soul11 folded before Flop (didn't bet)
Seat 5: BlackHog01 folded before Flop (didn't bet)
Seat 6: Rysiff folded before Flop (didn't bet)



PokerStars Hand #254226483154:  Hold'em No Limit ($0.50/$1.00 USD) - 2025/01/06 12:23:11 WET [2025/01/06 7:23:11 ET]
Table 'Vitja II' 6-max Seat #2 is the button
Seat 1: trans3rfer ($140.18 in chips) 
Seat 2: Ipownyomama ($153.21 in chips) 
Seat 3: shootingGRID ($100 in chips) 
Seat 4: poker_soul11 ($104.30 in chips) 
Seat 5: BlackHog01 ($26.03 in chips) 
Seat 6: Rysiff ($100 in chips) 
shootingGRID: posts small blind $0.50
poker_soul11: posts big blind $1
*** HOLE CARDS ***
BlackHog01: folds 
Rysiff: folds 
trans3rfer: folds 
Ipownyomama: folds 
shootingGRID: folds 
Uncalled bet ($0.50) returned to poker_soul11
poker_soul11 collected $1 from pot
poker_soul11: doesn't show hand 
*** SUMMARY ***
Total pot $1 | Rake $0 
Seat 1: trans3rfer folded before Flop (didn't bet)
Seat 2: Ipownyomama (button) folded before Flop (didn't bet)
Seat 3: shootingGRID (small blind) folded before Flop
Seat 4: poker_soul11 (big blind) collected ($1)
Seat 5: BlackHog01 folded before Flop (didn't bet)
Seat 6: Rysiff folded before Flop (didn't bet)



PokerStars Hand #254226485916:  Hold'em No Limit ($0.50/$1.00 USD) - 2025/01/06 12:23:30 WET [2025/01/06 7:23:30 ET]
Table 'Vitja II' 6-max Seat #3 is the button
Seat 1: trans3rfer ($140.18 in chips) 
Seat 2: Ipownyomama ($153.21 in chips) 
Seat 3: shootingGRID ($100 in chips) 
Seat 4: poker_soul11 ($104.80 in chips) 
Seat 5: BlackHog01 ($26.03 in chips) 
Seat 6: Rysiff ($100 in chips) 
poker_soul11: posts small blind $0.50
BlackHog01: posts big blind $1
*** HOLE CARDS ***
Rysiff: folds 
trans3rfer: raises $1.50 to $2.50
Ipownyomama: folds 
shootingGRID: folds 
poker_soul11: folds 
BlackHog01: calls $1.50
*** FLOP *** [Js Kh 6c]
BlackHog01: checks 
trans3rfer: checks 
*** TURN *** [Js Kh 6c] [5s]
BlackHog01: checks 
trans3rfer: checks 
*** RIVER *** [Js Kh 6c 5s] [8c]
BlackHog01: bets $4
trans3rfer: calls $4
*** SHOW DOWN ***
BlackHog01: shows [9d Th] (high card King)
trans3rfer: shows [Ad 6d] (a pair of Sixes)
trans3rfer collected $12.82 from pot
*** SUMMARY ***
Total pot $13.50 | Rake $0.68 
Board [Js Kh 6c 5s 8c]
Seat 1: trans3rfer showed [Ad 6d] and won ($12.82) with a pair of Sixes
Seat 2: Ipownyomama folded before Flop (didn't bet)
Seat 3: shootingGRID (button) folded before Flop (didn't bet)
Seat 4: poker_soul11 (small blind) folded before Flop
Seat 5: BlackHog01 (big blind) showed [9d Th] and lost with high card King
Seat 6: Rysiff folded before Flop (didn't bet)



PokerStars Hand #254226493393:  Hold'em No Limit ($0.50/$1.00 USD) - 2025/01/06 12:24:19 WET [2025/01/06 7:24:19 ET]
Table 'Vitja II' 6-max Seat #4 is the button
Seat 1: trans3rfer ($146.50 in chips) 
Seat 2: Ipownyomama ($153.21 in chips) 
Seat 3: shootingGRID ($100 in chips) 
Seat 4: poker_soul11 ($104.30 in chips) 
Seat 5: BlackHog01 ($19.53 in chips) 
Seat 6: Rysiff ($100 in chips) 
BlackHog01: posts small blind $0.50
Rysiff: posts big blind $1
*** HOLE CARDS ***
trans3rfer: raises $1.50 to $2.50
Ipownyomama: folds 
shootingGRID: folds 
poker_soul11: folds 
BlackHog01: folds 
Rysiff: calls $1.50
*** FLOP *** [3h 5c 9h]
Rysiff: checks 
trans3rfer: checks 
*** TURN *** [3h 5c 9h] [2c]
Rysiff: bets $4.18
trans3rfer: folds 
Uncalled bet ($4.18) returned to Rysiff
Rysiff collected $5.22 from pot
Rysiff: doesn't show hand 
*** SUMMARY ***
Total pot $5.50 | Rake $0.28 
Board [3h 5c 9h 2c]
Seat 1: trans3rfer folded on the Turn
Seat 2: Ipownyomama folded before Flop (didn't bet)
Seat 3: shootingGRID folded before Flop (didn't bet)
Seat 4: poker_soul11 (button) folded before Flop (didn't bet)
Seat 5: BlackHog01 (small blind) folded before Flop
Seat 6: Rysiff (big blind) collected ($5.22)



PokerStars Hand #254226499075:  Hold'em No Limit ($0.50/$1.00 USD) - 2025/01/06 12:24:56 WET [2025/01/06 7:24:56 ET]
Table 'Vitja II' 6-max Seat #5 is the button
Seat 1: trans3rfer ($144 in chips) 
Seat 2: Ipownyomama ($153.21 in chips) 
Seat 3: shootingGRID ($100 in chips) 
Seat 4: poker_soul11 ($104.30 in chips) 
Seat 5: BlackHog01 ($19.03 in chips) 
Seat 6: Rysiff ($102.72 in chips) 
Rysiff: posts small blind $0.50
trans3rfer: posts big blind $1
*** HOLE CARDS ***
Ipownyomama: folds 
shootingGRID: raises $1.25 to $2.25
poker_soul11: folds 
BlackHog01: folds 
Rysiff: folds 
trans3rfer: calls $1.25
*** FLOP *** [8h Ks 6c]
trans3rfer: checks 
shootingGRID: bets $1.57
trans3rfer: calls $1.57
*** TURN *** [8h Ks 6c] [8s]
trans3rfer: checks 
shootingGRID: checks 
*** RIVER *** [8h Ks 6c 8s] [As]
trans3rfer: checks 
shootingGRID: checks 
*** SHOW DOWN ***
trans3rfer: shows [9d 9s] (two pair, Nines and Eights)
shootingGRID: mucks hand 
trans3rfer collected $7.73 from pot
*** SUMMARY ***
Total pot $8.14 | Rake $0.41 
Board [8h Ks 6c 8s As]
Seat 1: trans3rfer (big blind) showed [9d 9s] and won ($7.73) with two pair, Nines and Eights
Seat 2: Ipownyomama folded before Flop (didn't bet)
Seat 3: shootingGRID mucked
Seat 4: poker_soul11 folded before Flop (didn't bet)
Seat 5: BlackHog01 (button) folded before Flop (didn't bet)
Seat 6: Rysiff (small blind) folded before Flop



PokerStars Hand #254226505750:  Hold'em No Limit ($0.50/$1.00 USD) - 2025/01/06 12:25:39 WET [2025/01/06 7:25:39 ET]
Table 'Vitja II' 6-max Seat #6 is the button
Seat 1: trans3rfer ($147.91 in chips) 
Seat 2: Ipownyomama ($153.21 in chips) 
Seat 3: shootingGRID ($100 in chips) 
Seat 4: poker_soul11 ($104.30 in chips) 
Seat 5: BlackHog01 ($19.03 in chips) 
Seat 6: Rysiff ($102.22 in chips) 
trans3rfer: posts small blind $0.50
Ipownyomama: posts big blind $1
*** HOLE CARDS ***
shootingGRID: folds 
poker_soul11: folds 
BlackHog01: folds 
Rysiff: raises $1.50 to $2.50
trans3rfer: raises $8.50 to $11
Ipownyomama: folds 
Rysiff: calls $8.50
*** FLOP *** [Kc Js Ad]
trans3rfer: bets $16.39
Rysiff: calls $16.39
*** TURN *** [Kc Js Ad] [8c]
trans3rfer: bets $27.50
Rysiff: calls $27.50
*** RIVER *** [Kc Js Ad 8c] [8s]
shootingGRID leaves the table
trans3rfer: bets $52.50
Rysiff: folds 
Uncalled bet ($52.50) returned to trans3rfer
trans3rfer collected $108.28 from pot
trans3rfer: doesn't show hand 
*** SUMMARY ***
Total pot $110.78 | Rake $2.50 
Board [Kc Js Ad 8c 8s]
Seat 1: trans3rfer (small blind) collected ($108.28)
Seat 2: Ipownyomama (big blind) folded before Flop
Seat 3: shootingGRID folded before Flop (didn't bet)
Seat 4: poker_soul11 folded before Flop (didn't bet)
Seat 5: BlackHog01 folded before Flop (didn't bet)
Seat 6: Rysiff (button) folded on the River



PokerStars Hand #254226521164:  Hold'em No Limit ($0.50/$1.00 USD) - 2025/01/06 12:27:19 WET [2025/01/06 7:27:19 ET]
Table 'Vitja II' 6-max Seat #1 is the button
Seat 1: trans3rfer ($201.30 in chips) 
Seat 2: Ipownyomama ($152.21 in chips) 
Seat 4: poker_soul11 ($104.30 in chips) 
Seat 5: BlackHog01 ($19.03 in chips) 
Seat 6: Rysiff ($100 in chips) 
Ipownyomama: posts small blind $0.50
poker_soul11: posts big blind $1
*** HOLE CARDS ***
Twistenko joins the table at seat #3 
BlackHog01: calls $1
Rysiff: raises $3 to $4
trans3rfer: folds 
Ipownyomama: folds 
poker_soul11: folds 
BlackHog01: raises $3 to $7
Rysiff: raises $93 to $100 and is all-in
BlackHog01: calls $12.03 and is all-in
Uncalled bet ($80.97) returned to Rysiff
*** FLOP *** [9s As Jh]
*** TURN *** [9s As Jh] [9c]
*** RIVER *** [9s As Jh 9c] [4s]
*** SHOW DOWN ***
BlackHog01: shows [Ks Ah] (two pair, Aces and Nines)
Rysiff: shows [Kc Ad] (two pair, Aces and Nines)
BlackHog01 collected $18.79 from pot
Rysiff collected $18.79 from pot
*** SUMMARY ***
Total pot $39.56 | Rake $1.98 
Board [9s As Jh 9c 4s]
Seat 1: trans3rfer (button) folded before Flop (didn't bet)
Seat 2: Ipownyomama (small blind) folded before Flop
Seat 4: poker_soul11 (big blind) folded before Flop
Seat 5: BlackHog01 showed [Ks Ah] and won ($18.79) with two pair, Aces and Nines
Seat 6: Rysiff showed [Kc Ad] and won ($18.79) with two pair, Aces and Nines



PokerStars Hand #254226525851:  Hold'em No Limit ($0.50/$1.00 USD) - 2025/01/06 12:27:49 WET [2025/01/06 7:27:49 ET]
Table 'Vitja II' 6-max Seat #2 is the button
Seat 3: Twistenko ($100 in chips) is sitting out
Seat 1: trans3rfer ($201.30 in chips) 
Seat 2: Ipownyomama ($151.71 in chips) 
Seat 4: poker_soul11 ($103.30 in chips) 
Seat 5: BlackHog01 ($18.79 in chips) 
Seat 6: Rysiff ($100 in chips) 
poker_soul11: posts small blind $0.50
BlackHog01: posts big blind $1
*** HOLE CARDS ***
Rysiff: folds 
trans3rfer: raises $1.50 to $2.50
Ipownyomama: folds 
poker_soul11: folds 
BlackHog01: folds 
Uncalled bet ($1.50) returned to trans3rfer
trans3rfer collected $2.50 from pot
trans3rfer: doesn't show hand 
*** SUMMARY ***
Total pot $2.50 | Rake $0 
Seat 3: Twistenko
Seat 1: trans3rfer collected ($2.50)
Seat 2: Ipownyomama (button) folded before Flop (didn't bet)
Seat 4: poker_soul11 (small blind) folded before Flop
Seat 5: BlackHog01 (big blind) folded before Flop
Seat 6: Rysiff folded before Flop (didn't bet)



PokerStars Hand #254226528589:  Hold'em No Limit ($0.50/$1.00 USD) - 2025/01/06 12:28:07 WET [2025/01/06 7:28:07 ET]
Table 'Vitja II' 6-max Seat #4 is the button
Seat 3: Twistenko ($100 in chips) is sitting out
Seat 1: trans3rfer ($202.80 in chips) 
Seat 2: Ipownyomama ($151.71 in chips) 
Seat 4: poker_soul11 ($102.80 in chips) 
Seat 5: BlackHog01 ($17.79 in chips) 
Seat 6: Rysiff ($100 in chips) 
BlackHog01: posts small blind $0.50
Rysiff: posts big blind $1
Twistenko: sits out 
*** HOLE CARDS ***
trans3rfer: folds 
Ipownyomama: folds 
poker_soul11: raises $1.20 to $2.20
BlackHog01: folds 
Rysiff: folds 
Uncalled bet ($1.20) returned to poker_soul11
poker_soul11 collected $2.50 from pot
poker_soul11: doesn't show hand 
*** SUMMARY ***
Total pot $2.50 | Rake $0 
Seat 3: Twistenko
Seat 1: trans3rfer folded before Flop (didn't bet)
Seat 2: Ipownyomama folded before Flop (didn't bet)
Seat 4: poker_soul11 (button) collected ($2.50)
Seat 5: BlackHog01 (small blind) folded before Flop
Seat 6: Rysiff (big blind) folded before Flop



PokerStars Hand #254226530446:  Hold'em No Limit ($0.50/$1.00 USD) - 2025/01/06 12:28:19 WET [2025/01/06 7:28:19 ET]
Table 'Vitja II' 6-max Seat #5 is the button
Seat 3: Twistenko ($100 in chips) is sitting out
Seat 1: trans3rfer ($202.80 in chips) 
Seat 2: Ipownyomama ($151.71 in chips) 
Seat 4: poker_soul11 ($104.30 in chips) 
Seat 5: BlackHog01 ($17.29 in chips) 
Seat 6: Rysiff ($100 in chips) 
Rysiff: posts small blind $0.50
trans3rfer: posts big blind $1
Twistenko: sits out 
*** HOLE CARDS ***
Ipownyomama: raises $1 to $2
poker_soul11: folds 
BlackHog01: folds 
Rysiff: folds 
trans3rfer: folds 
Uncalled bet ($1) returned to Ipownyomama
Ipownyomama collected $2.50 from pot
Ipownyomama: doesn't show hand 
*** SUMMARY ***
Total pot $2.50 | Rake $0 
Seat 3: Twistenko
Seat 1: trans3rfer (big blind) folded before Flop
Seat 2: Ipownyomama collected ($2.50)
Seat 4: poker_soul11 folded before Flop (didn't bet)
Seat 5: BlackHog01 (button) folded before Flop (didn't bet)
Seat 6: Rysiff (small blind) folded before Flop



PokerStars Hand #254226532236:  Hold'em No Limit ($0.50/$1.00 USD) - 2025/01/06 12:28:31 WET [2025/01/06 7:28:31 ET]
Table 'Vitja II' 6-max Seat #6 is the button
Seat 3: Twistenko ($100 in chips) is sitting out
Seat 1: trans3rfer ($201.80 in chips) 
Seat 2: Ipownyomama ($153.21 in chips) 
Seat 4: poker_soul11 ($104.30 in chips) 
Seat 5: BlackHog01 ($17.29 in chips) 
Seat 6: Rysiff ($100 in chips) 
trans3rfer: posts small blind $0.50
Ipownyomama: posts big blind $1
Twistenko: sits out 
*** HOLE CARDS ***
poker_soul11: folds 
BlackHog01: calls $1
Rysiff has timed out
Rysiff: folds 
trans3rfer: folds 
Ipownyomama: checks 
*** FLOP *** [2s 9s Jd]
Ipownyomama: checks 
BlackHog01: bets $1
Ipownyomama: raises $2.19 to $3.19
BlackHog01: raises $2.19 to $5.38
Ipownyomama: folds 
Uncalled bet ($2.19) returned to BlackHog01
BlackHog01 collected $8.44 from pot
BlackHog01: doesn't show hand 
*** SUMMARY ***
Total pot $8.88 | Rake $0.44 
Board [2s 9s Jd]
Seat 3: Twistenko
Seat 1: trans3rfer (small blind) folded before Flop
Seat 2: Ipownyomama (big blind) folded on the Flop
Seat 4: poker_soul11 folded before Flop (didn't bet)
Seat 5: BlackHog01 collected ($8.44)
Seat 6: Rysiff (button) folded before Flop (didn't bet)



PokerStars Hand #254226539501:  Hold'em No Limit ($0.50/$1.00 USD) - 2025/01/06 12:29:18 WET [2025/01/06 7:29:18 ET]
Table 'Vitja II' 6-max Seat #1 is the button
Seat 1: trans3rfer ($201.30 in chips) 
Seat 2: Ipownyomama ($149.02 in chips) 
Seat 3: Twistenko ($100 in chips) 
Seat 4: poker_soul11 ($104.30 in chips) 
Seat 5: BlackHog01 ($21.54 in chips) 
Seat 6: Rysiff ($100 in chips) 
Ipownyomama: posts small blind $0.50
Twistenko: posts big blind $1
*** HOLE CARDS ***
poker_soul11: folds 
BlackHog01: folds 
Rysiff: folds 
trans3rfer: raises $1.50 to $2.50
Ipownyomama: folds 
Twistenko: raises $8.50 to $11
trans3rfer: folds 
Uncalled bet ($8.50) returned to Twistenko
Twistenko collected $5.50 from pot
Twistenko: doesn't show hand 
*** SUMMARY ***
Total pot $5.50 | Rake $0 
Seat 1: trans3rfer (button) folded before Flop
Seat 2: Ipownyomama (small blind) folded before Flop
Seat 3: Twistenko (big blind) collected ($5.50)
Seat 4: poker_soul11 folded before Flop (didn't bet)
Seat 5: BlackHog01 folded before Flop (didn't bet)
Seat 6: Rysiff folded before Flop (didn't bet)



PokerStars Hand #254226543399:  Hold'em No Limit ($0.50/$1.00 USD) - 2025/01/06 12:29:44 WET [2025/01/06 7:29:44 ET]
Table 'Vitja II' 6-max Seat #2 is the button
Seat 1: trans3rfer ($198.80 in chips) 
Seat 2: Ipownyomama ($148.52 in chips) 
Seat 3: Twistenko ($103 in chips) 
Seat 4: poker_soul11 ($104.30 in chips) 
Seat 5: BlackHog01 ($21.54 in chips) 
Seat 6: Rysiff ($100 in chips) 
Twistenko: posts small blind $0.50
poker_soul11: posts big blind $1
*** HOLE CARDS ***
BlackHog01: folds 
Rysiff: folds 
trans3rfer: raises $1.50 to $2.50
Ipownyomama: folds 
Twistenko: folds 
poker_soul11: folds 
Uncalled bet ($1.50) returned to trans3rfer
trans3rfer collected $2.50 from pot
trans3rfer: doesn't show hand 
*** SUMMARY ***
Total pot $2.50 | Rake $0 
Seat 1: trans3rfer collected ($2.50)
Seat 2: Ipownyomama (button) folded before Flop (didn't bet)
Seat 3: Twistenko (small blind) folded before Flop
Seat 4: poker_soul11 (big blind) folded before Flop
Seat 5: BlackHog01 folded before Flop (didn't bet)
Seat 6: Rysiff folded before Flop (didn't bet)



PokerStars Hand #254226548099:  Hold'em No Limit ($0.50/$1.00 USD) - 2025/01/06 12:30:14 WET [2025/01/06 7:30:14 ET]
Table 'Vitja II' 6-max Seat #3 is the button
Seat 1: trans3rfer ($200.30 in chips) 
Seat 2: Ipownyomama ($148.52 in chips) 
Seat 3: Twistenko ($102.50 in chips) 
Seat 4: poker_soul11 ($103.30 in chips) 
Seat 5: BlackHog01 ($21.54 in chips) 
Seat 6: Rysiff ($100 in chips) 
poker_soul11: posts small blind $0.50
BlackHog01: posts big blind $1
*** HOLE CARDS ***
Rysiff: raises $1.50 to $2.50
trans3rfer: raises $5.50 to $8
Ipownyomama: folds 
Twistenko: folds 
poker_soul11: folds 
BlackHog01: folds 
Rysiff: raises $92 to $100 and is all-in
trans3rfer: folds 
Uncalled bet ($92) returned to Rysiff
Rysiff collected $17.50 from pot
Rysiff: doesn't show hand 
*** SUMMARY ***
Total pot $17.50 | Rake $0 
Seat 1: trans3rfer folded before Flop
Seat 2: Ipownyomama folded before Flop (didn't bet)
Seat 3: Twistenko (button) folded before Flop (didn't bet)
Seat 4: poker_soul11 (small blind) folded before Flop
Seat 5: BlackHog01 (big blind) folded before Flop
Seat 6: Rysiff collected ($17.50)



PokerStars Hand #254226552163:  Hold'em No Limit ($0.50/$1.00 USD) - 2025/01/06 12:30:41 WET [2025/01/06 7:30:41 ET]
Table 'Vitja II' 6-max Seat #4 is the button
Seat 1: trans3rfer ($192.30 in chips) 
Seat 2: Ipownyomama ($148.52 in chips) 
Seat 3: Twistenko ($102.50 in chips) 
Seat 4: poker_soul11 ($102.80 in chips) 
Seat 5: BlackHog01 ($20.54 in chips) 
Seat 6: Rysiff ($109.50 in chips) 
BlackHog01: posts small blind $0.50
Rysiff: posts big blind $1
*** HOLE CARDS ***
trans3rfer: raises $1.50 to $2.50
Ipownyomama: folds 
Twistenko: folds 
poker_soul11: folds 
BlackHog01: calls $2
Rysiff: raises $12.50 to $15
trans3rfer: folds 
BlackHog01: folds 
Uncalled bet ($12.50) returned to Rysiff
Rysiff collected $7.50 from pot
Rysiff: doesn't show hand 
*** SUMMARY ***
Total pot $7.50 | Rake $0 
Seat 1: trans3rfer folded before Flop
Seat 2: Ipownyomama folded before Flop (didn't bet)
Seat 3: Twistenko folded before Flop (didn't bet)
Seat 4: poker_soul11 (button) folded before Flop (didn't bet)
Seat 5: BlackHog01 (small blind) folded before Flop
Seat 6: Rysiff (big blind) collected ($7.50)



PokerStars Hand #254226559450:  Hold'em No Limit ($0.50/$1.00 USD) - 2025/01/06 12:31:28 WET [2025/01/06 7:31:28 ET]
Table 'Vitja II' 6-max Seat #5 is the button
Seat 1: trans3rfer ($189.80 in chips) 
Seat 2: Ipownyomama ($148.52 in chips) 
Seat 3: Twistenko ($102.50 in chips) 
Seat 4: poker_soul11 ($102.80 in chips) 
Seat 5: BlackHog01 ($18.04 in chips) 
Seat 6: Rysiff ($114.50 in chips) 
Rysiff: posts small blind $0.50
trans3rfer: posts big blind $1
*** HOLE CARDS ***
Ipownyomama: folds 
Twistenko: folds 
poker_soul11: folds 
BlackHog01: calls $1
Rysiff: calls $0.50
trans3rfer: checks 
*** FLOP *** [3s Qd 7s]
Rysiff: checks 
trans3rfer: checks 
BlackHog01: checks 
*** TURN *** [3s Qd 7s] [Qs]
Rysiff: checks 
trans3rfer: checks 
BlackHog01: checks 
*** RIVER *** [3s Qd 7s Qs] [2d]
Rysiff: checks 
trans3rfer: checks 
BlackHog01: checks 
*** SHOW DOWN ***
Rysiff: shows [Jh 9d] (a pair of Queens)
trans3rfer: mucks hand 
BlackHog01: shows [Ks 8c] (a pair of Queens - King kicker)
BlackHog01 collected $2.85 from pot
*** SUMMARY ***
Total pot $3 | Rake $0.15 
Board [3s Qd 7s Qs 2d]
Seat 1: trans3rfer (big blind) mucked
Seat 2: Ipownyomama folded before Flop (didn't bet)
Seat 3: Twistenko folded before Flop (didn't bet)
Seat 4: poker_soul11 folded before Flop (didn't bet)
Seat 5: BlackHog01 (button) showed [Ks 8c] and won ($2.85) with a pair of Queens
Seat 6: Rysiff (small blind) showed [Jh 9d] and lost with a pair of Queens



PokerStars Hand #254226566443:  Hold'em No Limit ($0.50/$1.00 USD) - 2025/01/06 12:32:14 WET [2025/01/06 7:32:14 ET]
Table 'Vitja II' 6-max Seat #6 is the button
Seat 1: trans3rfer ($188.80 in chips) 
Seat 2: Ipownyomama ($148.52 in chips) 
Seat 3: Twistenko ($102.50 in chips) 
Seat 4: poker_soul11 ($102.80 in chips) 
Seat 5: BlackHog01 ($19.89 in chips) 
Seat 6: Rysiff ($113.50 in chips) 
trans3rfer: posts small blind $0.50
Ipownyomama: posts big blind $1
*** HOLE CARDS ***
Twistenko: folds 
poker_soul11: raises $1.20 to $2.20
BlackHog01: folds 
Rysiff: folds 
trans3rfer: folds 
Ipownyomama: folds 
Uncalled bet ($1.20) returned to poker_soul11
poker_soul11 collected $2.50 from pot
poker_soul11: doesn't show hand 
*** SUMMARY ***
Total pot $2.50 | Rake $0 
Seat 1: trans3rfer (small blind) folded before Flop
Seat 2: Ipownyomama (big blind) folded before Flop
Seat 3: Twistenko folded before Flop (didn't bet)
Seat 4: poker_soul11 collected ($2.50)
Seat 5: BlackHog01 folded before Flop (didn't bet)
Seat 6: Rysiff (button) folded before Flop (didn't bet)



PokerStars Hand #254226568989:  Hold'em No Limit ($0.50/$1.00 USD) - 2025/01/06 12:32:30 WET [2025/01/06 7:32:30 ET]
Table 'Vitja II' 6-max Seat #1 is the button
Seat 1: trans3rfer ($188.30 in chips) 
Seat 2: Ipownyomama ($147.52 in chips) 
Seat 3: Twistenko ($102.50 in chips) 
Seat 4: poker_soul11 ($104.30 in chips) 
Seat 5: BlackHog01 ($19.89 in chips) 
Seat 6: Rysiff ($113.50 in chips) 
Ipownyomama: posts small blind $0.50
Twistenko: posts big blind $1
*** HOLE CARDS ***
poker_soul11: folds 
BlackHog01: calls $1
Rysiff: raises $3 to $4
trans3rfer: folds 
Ipownyomama: raises $10 to $14
Twistenko: folds 
BlackHog01: folds 
Rysiff: folds 
Uncalled bet ($10) returned to Ipownyomama
Ipownyomama collected $10 from pot
Ipownyomama: doesn't show hand 
*** SUMMARY ***
Total pot $10 | Rake $0 
Seat 1: trans3rfer (button) folded before Flop (didn't bet)
Seat 2: Ipownyomama (small blind) collected ($10)
Seat 3: Twistenko (big blind) folded before Flop
Seat 4: poker_soul11 folded before Flop (didn't bet)
Seat 5: BlackHog01 folded before Flop
Seat 6: Rysiff folded before Flop



PokerStars Hand #254226573234:  Hold'em No Limit ($0.50/$1.00 USD) - 2025/01/06 12:32:58 WET [2025/01/06 7:32:58 ET]
Table 'Vitja II' 6-max Seat #2 is the button
Seat 1: trans3rfer ($188.30 in chips) 
Seat 2: Ipownyomama ($153.52 in chips) 
Seat 3: Twistenko ($101.50 in chips) 
Seat 4: poker_soul11 ($104.30 in chips) 
Seat 5: BlackHog01 ($18.89 in chips) 
Seat 6: Rysiff ($109.50 in chips) 
Twistenko: posts small blind $0.50
poker_soul11: posts big blind $1
*** HOLE CARDS ***
BlackHog01: calls $1
Rysiff: raises $3 to $4
trans3rfer: folds 
Ipownyomama: folds 
Twistenko: folds 
poker_soul11: folds 
BlackHog01: calls $3
*** FLOP *** [4c 7s 2d]
BlackHog01: checks 
Rysiff: checks 
*** TURN *** [4c 7s 2d] [Ks]
BlackHog01: checks 
Rysiff: bets $4.51
BlackHog01: folds 
Uncalled bet ($4.51) returned to Rysiff
Rysiff collected $9.02 from pot
Rysiff: doesn't show hand 
*** SUMMARY ***
Total pot $9.50 | Rake $0.48 
Board [4c 7s 2d Ks]
Seat 1: trans3rfer folded before Flop (didn't bet)
Seat 2: Ipownyomama (button) folded before Flop (didn't bet)
Seat 3: Twistenko (small blind) folded before Flop
Seat 4: poker_soul11 (big blind) folded before Flop
Seat 5: BlackHog01 folded on the Turn
Seat 6: Rysiff collected ($9.02)



PokerStars Hand #254226581159:  Hold'em No Limit ($0.50/$1.00 USD) - 2025/01/06 12:33:50 WET [2025/01/06 7:33:50 ET]
Table 'Vitja II' 6-max Seat #3 is the button
Seat 1: trans3rfer ($188.30 in chips) 
Seat 2: Ipownyomama ($153.52 in chips) 
Seat 3: Twistenko ($101 in chips) 
Seat 4: poker_soul11 ($103.30 in chips) 
Seat 5: BlackHog01 ($14.89 in chips) 
Seat 6: Rysiff ($114.52 in chips) 
poker_soul11: posts small blind $0.50
BlackHog01: posts big blind $1
*** HOLE CARDS ***
Rysiff: raises $1.50 to $2.50
trans3rfer: folds 
Ipownyomama: folds 
Twistenko: folds 
poker_soul11: folds 
BlackHog01: calls $1.50
*** FLOP *** [9d Ad 8h]
BlackHog01: bets $3
Rysiff: calls $3
*** TURN *** [9d Ad 8h] [2c]
BlackHog01: checks 
Rysiff: checks 
*** RIVER *** [9d Ad 8h 2c] [Tc]
BlackHog01: checks 
Rysiff: checks 
*** SHOW DOWN ***
BlackHog01: shows [5h 7c] (high card Ace)
Rysiff: shows [Kc 8c] (a pair of Eights)
Rysiff collected $10.92 from pot
*** SUMMARY ***
Total pot $11.50 | Rake $0.58 
Board [9d Ad 8h 2c Tc]
Seat 1: trans3rfer folded before Flop (didn't bet)
Seat 2: Ipownyomama folded before Flop (didn't bet)
Seat 3: Twistenko (button) folded before Flop (didn't bet)
Seat 4: poker_soul11 (small blind) folded before Flop
Seat 5: BlackHog01 (big blind) showed [5h 7c] and lost with high card Ace
Seat 6: Rysiff showed [Kc 8c] and won ($10.92) with a pair of Eights



PokerStars Hand #254226588970:  Hold'em No Limit ($0.50/$1.00 USD) - 2025/01/06 12:34:42 WET [2025/01/06 7:34:42 ET]
Table 'Vitja II' 6-max Seat #4 is the button
Seat 1: trans3rfer ($188.30 in chips) 
Seat 2: Ipownyomama ($153.52 in chips) 
Seat 3: Twistenko ($101 in chips) 
Seat 4: poker_soul11 ($102.80 in chips) 
Seat 5: BlackHog01 ($9.39 in chips) 
Seat 6: Rysiff ($119.94 in chips) 
BlackHog01: posts small blind $0.50
Rysiff: posts big blind $1
*** HOLE CARDS ***
trans3rfer: folds 
Ipownyomama: raises $1 to $2
Twistenko: folds 
poker_soul11: folds 
BlackHog01: raises $7.39 to $9.39 and is all-in
Rysiff: folds 
Ipownyomama: calls $7.39
*** FLOP *** [4s 9c 3h]
*** TURN *** [4s 9c 3h] [Qh]
*** RIVER *** [4s 9c 3h Qh] [Td]
*** SHOW DOWN ***
BlackHog01: shows [Jd 3d] (a pair of Threes)
Ipownyomama: shows [Kc Qd] (a pair of Queens)
Ipownyomama collected $18.79 from pot
*** SUMMARY ***
Total pot $19.78 | Rake $0.99 
Board [4s 9c 3h Qh Td]
Seat 1: trans3rfer folded before Flop (didn't bet)
Seat 2: Ipownyomama showed [Kc Qd] and won ($18.79) with a pair of Queens
Seat 3: Twistenko folded before Flop (didn't bet)
Seat 4: poker_soul11 (button) folded before Flop (didn't bet)
Seat 5: BlackHog01 (small blind) showed [Jd 3d] and lost with a pair of Threes
Seat 6: Rysiff (big blind) folded before Flop



PokerStars Hand #254226595114:  Hold'em No Limit ($0.50/$1.00 USD) - 2025/01/06 12:35:22 WET [2025/01/06 7:35:22 ET]
Table 'Vitja II' 6-max Seat #6 is the button
Seat 5: BlackHog01 ($0 in chips) is sitting out
Seat 1: trans3rfer ($188.30 in chips) 
Seat 2: Ipownyomama ($162.92 in chips) 
Seat 3: Twistenko ($101 in chips) 
Seat 4: poker_soul11 ($102.80 in chips) 
Seat 6: Rysiff ($118.94 in chips) 
trans3rfer: posts small blind $0.50
Ipownyomama: posts big blind $1
*** HOLE CARDS ***
Twistenko: folds 
poker_soul11: folds 
Rysiff: folds 
trans3rfer: folds 
Uncalled bet ($0.50) returned to Ipownyomama
Ipownyomama collected $1 from pot
Ipownyomama: doesn't show hand 
*** SUMMARY ***
Total pot $1 | Rake $0 
Seat 5: BlackHog01
Seat 1: trans3rfer (small blind) folded before Flop
Seat 2: Ipownyomama (big blind) collected ($1)
Seat 3: Twistenko folded before Flop (didn't bet)
Seat 4: poker_soul11 folded before Flop (didn't bet)
Seat 6: Rysiff (button) folded before Flop (didn't bet)



PokerStars Hand #254226596931:  Hold'em No Limit ($0.50/$1.00 USD) - 2025/01/06 12:35:33 WET [2025/01/06 7:35:33 ET]
Table 'Vitja II' 6-max Seat #1 is the button
Seat 5: BlackHog01 ($0 in chips) is sitting out
Seat 1: trans3rfer ($187.80 in chips) 
Seat 2: Ipownyomama ($163.42 in chips) 
Seat 3: Twistenko ($101 in chips) 
Seat 4: poker_soul11 ($102.80 in chips) 
Seat 6: Rysiff ($118.94 in chips) 
Ipownyomama: posts small blind $0.50
Twistenko: posts big blind $1
*** HOLE CARDS ***
BlackHog01 leaves the table
poker_soul11: folds 
Rysiff: folds 
trans3rfer: raises $1.50 to $2.50
Ipownyomama: folds 
Rysiff leaves the table
Twistenko: calls $1.50
*** FLOP *** [4d 9s 7s]
Twistenko: checks 
trans3rfer: checks 
*** TURN *** [4d 9s 7s] [4s]
Twistenko: bets $2.61
trans3rfer: calls $2.61
*** RIVER *** [4d 9s 7s 4s] [Kh]
Twistenko: bets $9.16
trans3rfer: folds 
Uncalled bet ($9.16) returned to Twistenko
Twistenko collected $10.18 from pot
Twistenko: doesn't show hand 
G.HANSEN333 joins the table at seat #5 
*** SUMMARY ***
Total pot $10.72 | Rake $0.54 
Board [4d 9s 7s 4s Kh]
Seat 5: BlackHog01
Seat 1: trans3rfer (button) folded on the River
Seat 2: Ipownyomama (small blind) folded before Flop
Seat 3: Twistenko (big blind) collected ($10.18)
Seat 4: poker_soul11 folded before Flop (didn't bet)
Seat 6: Rysiff folded before Flop (didn't bet)



PokerStars Hand #254226606884:  Hold'em No Limit ($0.50/$1.00 USD) - 2025/01/06 12:36:38 WET [2025/01/06 7:36:38 ET]
Table 'Vitja II' 6-max Seat #2 is the button
Seat 1: trans3rfer ($182.69 in chips) 
Seat 2: Ipownyomama ($162.92 in chips) 
Seat 3: Twistenko ($106.07 in chips) 
Seat 4: poker_soul11 ($102.80 in chips) 
Seat 5: G.HANSEN333 ($100 in chips) 
Twistenko: posts small blind $0.50
poker_soul11: posts big blind $1
G.HANSEN333 is connected 
G.HANSEN333: posts big blind $1
*** HOLE CARDS ***
G.HANSEN333: raises $4 to $5
trans3rfer: folds 
Ipownyomama: folds 
Twistenko: folds 
poker_soul11: folds 
Uncalled bet ($4) returned to G.HANSEN333
G.HANSEN333 collected $2.50 from pot
G.HANSEN333: doesn't show hand 
*** SUMMARY ***
Total pot $2.50 | Rake $0 
Seat 1: trans3rfer folded before Flop (didn't bet)
Seat 2: Ipownyomama (button) folded before Flop (didn't bet)
Seat 3: Twistenko (small blind) folded before Flop
Seat 4: poker_soul11 (big blind) folded before Flop
Seat 5: G.HANSEN333 collected ($2.50)



PokerStars Hand #254226610228:  Hold'em No Limit ($0.50/$1.00 USD) - 2025/01/06 12:36:59 WET [2025/01/06 7:36:59 ET]
Table 'Vitja II' 6-max Seat #3 is the button
Seat 1: trans3rfer ($182.69 in chips) 
Seat 2: Ipownyomama ($162.92 in chips) 
Seat 3: Twistenko ($105.57 in chips) 
Seat 4: poker_soul11 ($101.80 in chips) 
Seat 5: G.HANSEN333 ($101.50 in chips) 
poker_soul11: posts small blind $0.50
G.HANSEN333: posts big blind $1
*** HOLE CARDS ***
trans3rfer: folds 
Ipownyomama: folds 
Twistenko: folds 
poker_soul11: raises $2 to $3
G.HANSEN333: folds 
Uncalled bet ($2) returned to poker_soul11
poker_soul11 collected $2 from pot
poker_soul11: doesn't show hand 
*** SUMMARY ***
Total pot $2 | Rake $0 
Seat 1: trans3rfer folded before Flop (didn't bet)
Seat 2: Ipownyomama folded before Flop (didn't bet)
Seat 3: Twistenko (button) folded before Flop (didn't bet)
Seat 4: poker_soul11 (small blind) collected ($2)
Seat 5: G.HANSEN333 (big blind) folded before Flop



PokerStars Hand #254226613522:  Hold'em No Limit ($0.50/$1.00 USD) - 2025/01/06 12:37:21 WET [2025/01/06 7:37:21 ET]
Table 'Vitja II' 6-max Seat #4 is the button
Seat 1: trans3rfer ($182.69 in chips) is sitting out
Seat 2: Ipownyomama ($162.92 in chips) 
Seat 3: Twistenko ($105.57 in chips) 
Seat 4: poker_soul11 ($102.80 in chips) 
Seat 5: G.HANSEN333 ($100.50 in chips) 
G.HANSEN333: posts small blind $0.50
trans3rfer: is sitting out 
Ipownyomama: posts big blind $1
*** HOLE CARDS ***
Twistenko: folds 
poker_soul11: folds 
Twistenko leaves the table
G.HANSEN333: folds 
Uncalled bet ($0.50) returned to Ipownyomama
Ipownyomama collected $1 from pot
Ipownyomama: doesn't show hand 
*** SUMMARY ***
Total pot $1 | Rake $0 
Seat 1: trans3rfer
Seat 2: Ipownyomama (big blind) collected ($1)
Seat 3: Twistenko folded before Flop (didn't bet)
Seat 4: poker_soul11 (button) folded before Flop (didn't bet)
Seat 5: G.HANSEN333 (small blind) folded before Flop



PokerStars Hand #254226615080:  Hold'em No Limit ($0.50/$1.00 USD) - 2025/01/06 12:37:32 WET [2025/01/06 7:37:32 ET]
Table 'Vitja II' 6-max Seat #5 is the button
Seat 1: trans3rfer ($182.69 in chips) is sitting out
Seat 2: Ipownyomama ($163.42 in chips) 
Seat 4: poker_soul11 ($102.80 in chips) 
Seat 5: G.HANSEN333 ($100 in chips) 
Ipownyomama: posts small blind $0.50
poker_soul11: posts big blind $1
*** HOLE CARDS ***
G.HANSEN333: raises $1.50 to $2.50
Ipownyomama: raises $8.50 to $11
trans3rfer leaves the table
poker_soul11: folds 
G.HANSEN333: folds 
Uncalled bet ($8.50) returned to Ipownyomama
Ipownyomama collected $6 from pot
Ipownyomama: doesn't show hand 
*** SUMMARY ***
Total pot $6 | Rake $0 
Seat 1: trans3rfer
Seat 2: Ipownyomama (small blind) collected ($6)
Seat 4: poker_soul11 (big blind) folded before Flop
Seat 5: G.HANSEN333 (button) folded before Flop



PokerStars Hand #254226617778:  Hold'em No Limit ($0.50/$1.00 USD) - 2025/01/06 12:37:49 WET [2025/01/06 7:37:49 ET]
Table 'Vitja II' 6-max Seat #2 is the button
Seat 2: Ipownyomama ($166.92 in chips) 
Seat 4: poker_soul11 ($101.80 in chips) 
Seat 5: G.HANSEN333 ($100 in chips) 
poker_soul11: posts small blind $0.50
G.HANSEN333: posts big blind $1
*** HOLE CARDS ***
Ipownyomama: raises $1.50 to $2.50
poker_soul11: raises $9.50 to $12
G.HANSEN333: folds 
Ipownyomama: folds 
Uncalled bet ($9.50) returned to poker_soul11
poker_soul11 collected $6 from pot
poker_soul11: doesn't show hand 
*** SUMMARY ***
Total pot $6 | Rake $0 
Seat 2: Ipownyomama (button) folded before Flop
Seat 4: poker_soul11 (small blind) collected ($6)
Seat 5: G.HANSEN333 (big blind) folded before Flop



PokerStars Hand #254226620617:  Hold'em No Limit ($0.50/$1.00 USD) - 2025/01/06 12:38:07 WET [2025/01/06 7:38:07 ET]
Table 'Vitja II' 6-max Seat #4 is the button
Seat 2: Ipownyomama ($164.42 in chips) 
Seat 4: poker_soul11 ($105.30 in chips) 
Seat 5: G.HANSEN333 ($100 in chips) 
G.HANSEN333: posts small blind $0.50
Ipownyomama: posts big blind $1
*** HOLE CARDS ***
poker_soul11: folds 
G.HANSEN333: folds 
Uncalled bet ($0.50) returned to Ipownyomama
Ipownyomama collected $1 from pot
Ipownyomama: doesn't show hand 
*** SUMMARY ***
Total pot $1 | Rake $0 
Seat 2: Ipownyomama (big blind) collected ($1)
Seat 4: poker_soul11 (button) folded before Flop (didn't bet)
Seat 5: G.HANSEN333 (small blind) folded before Flop



PokerStars Hand #254226621952:  Hold'em No Limit ($0.50/$1.00 USD) - 2025/01/06 12:38:16 WET [2025/01/06 7:38:16 ET]
Table 'Vitja II' 6-max Seat #5 is the button
Seat 2: Ipownyomama ($164.92 in chips) 
Seat 4: poker_soul11 ($105.30 in chips) 
Seat 5: G.HANSEN333 ($100 in chips) 
Ipownyomama: posts small blind $0.50
poker_soul11: posts big blind $1
*** HOLE CARDS ***
G.HANSEN333: raises $1.50 to $2.50
Ipownyomama: raises $8.50 to $11
poker_soul11: folds 
G.HANSEN333: folds 
Uncalled bet ($8.50) returned to Ipownyomama
Ipownyomama collected $6 from pot
Ipownyomama: doesn't show hand 
*** SUMMARY ***
Total pot $6 | Rake $0 
Seat 2: Ipownyomama (small blind) collected ($6)
Seat 4: poker_soul11 (big blind) folded before Flop
Seat 5: G.HANSEN333 (button) folded before Flop



PokerStars Hand #254226623612:  Hold'em No Limit ($0.50/$1.00 USD) - 2025/01/06 12:38:27 WET [2025/01/06 7:38:27 ET]
Table 'Vitja II' 6-max Seat #2 is the button
Seat 2: Ipownyomama ($168.42 in chips) 
Seat 4: poker_soul11 ($104.30 in chips) 
Seat 5: G.HANSEN333 ($100 in chips) 
poker_soul11: posts small blind $0.50
G.HANSEN333: posts big blind $1
*** HOLE CARDS ***
Ipownyomama: folds 
poker_soul11: raises $2 to $3
G.HANSEN333: calls $2
*** FLOP *** [Th 2s Td]
poker_soul11: bets $1.88
G.HANSEN333: folds 
Uncalled bet ($1.88) returned to poker_soul11
poker_soul11 collected $5.70 from pot
poker_soul11: doesn't show hand 
*** SUMMARY ***
Total pot $6 | Rake $0.30 
Board [Th 2s Td]
Seat 2: Ipownyomama (button) folded before Flop (didn't bet)
Seat 4: poker_soul11 (small blind) collected ($5.70)
Seat 5: G.HANSEN333 (big blind) folded on the Flop



PokerStars Hand #254226628204:  Hold'em No Limit ($0.50/$1.00 USD) - 2025/01/06 12:38:57 WET [2025/01/06 7:38:57 ET]
Table 'Vitja II' 6-max Seat #5 is the button
Seat 2: Ipownyomama ($168.42 in chips) is sitting out
Seat 4: poker_soul11 ($107 in chips) 
Seat 5: G.HANSEN333 ($100 in chips) 
G.HANSEN333: posts small blind $0.50
Ipownyomama: is sitting out 
poker_soul11: posts big blind $1
*** HOLE CARDS ***
Ipownyomama leaves the table
G.HANSEN333: raises $2 to $3
poker_soul11: folds 
Uncalled bet ($2) returned to G.HANSEN333
G.HANSEN333 collected $2 from pot
G.HANSEN333: doesn't show hand 
*** SUMMARY ***
Total pot $2 | Rake $0 
Seat 2: Ipownyomama
Seat 4: poker_soul11 (big blind) folded before Flop
Seat 5: G.HANSEN333 (button) (small blind) collected ($2)



PokerStars Hand #254226630276:  Hold'em No Limit ($0.50/$1.00 USD) - 2025/01/06 12:39:10 WET [2025/01/06 7:39:10 ET]
Table 'Vitja II' 6-max Seat #4 is the button
Seat 4: poker_soul11 ($106 in chips) 
Seat 5: G.HANSEN333 ($101 in chips) 
poker_soul11: posts small blind $0.50
G.HANSEN333: posts big blind $1
*** HOLE CARDS ***
poker_soul11: raises $1.50 to $2.50
G.HANSEN333: raises $8.50 to $11
poker_soul11: folds 
Uncalled bet ($8.50) returned to G.HANSEN333
G.HANSEN333 collected $5 from pot
G.HANSEN333: doesn't show hand 
*** SUMMARY ***
Total pot $5 | Rake $0 
Seat 4: poker_soul11 (button) (small blind) folded before Flop
Seat 5: G.HANSEN333 (big blind) collected ($5)



