PokerStars Hand #254226541315:  Hold'em No Limit ($0.50/$1.00 USD) - 2025/01/06 12:29:30 WET [2025/01/06 7:29:30 ET]
Table 'Bauschinger' 6-max Seat #2 is the button
Seat 4: vpetriu ($102.25 in chips) is sitting out
Seat 1: Kurrle85 ($16.96 in chips) 
Seat 2: Melenya ($105.50 in chips) 
Melenya: posts small blind $0.50
vpetriu: is sitting out 
Kurrle85: posts big blind $1
*** HOLE CARDS ***
vpetriu leaves the table
Melenya: raises $1 to $2
Kurrle85: calls $1
*** FLOP *** [Qh Js Qd]
Kurrle85: checks 
Melenya: bets $1.27
Kurrle85: calls $1.27
*** TURN *** [Qh Js Qd] [Th]
Kurrle85: checks 
Melenya: checks 
*** RIVER *** [Qh Js Qd Th] [3s]
Kurrle85: checks 
Melenya: checks 
*** SHOW DOWN ***
Kurrle85: shows [2h Ks] (a pair of Queens)
Melenya: mucks hand 
Kurrle85 collected $6.13 from pot
*** SUMMARY ***
Total pot $6.54 | Rake $0.41 
Board [Qh Js Qd Th 3s]
Seat 4: vpetriu
Seat 1: Kurrle85 (big blind) showed [2h Ks] and won ($6.13) with a pair of Queens
Seat 2: Melenya (button) (small blind) mucked



PokerStars Hand #254226547707:  Hold'em No Limit ($0.50/$1.00 USD) - 2025/01/06 12:30:12 WET [2025/01/06 7:30:12 ET]
Table 'Bauschinger' 6-max Seat #1 is the button
Seat 1: Kurrle85 ($19.82 in chips) 
Seat 2: Melenya ($102.23 in chips) 
Kurrle85: posts small blind $0.50
Melenya: posts big blind $1
*** HOLE CARDS ***
Kurrle85: calls $0.50
Melenya has timed out
Melenya: checks 
*** FLOP *** [Jd Jh 6s]
Melenya: checks 
Kurrle85: bets $1
Melenya: raises $1.17 to $2.17
Kurrle85: folds 
Uncalled bet ($1.17) returned to Melenya
Melenya collected $3.80 from pot
Melenya: doesn't show hand 
*** SUMMARY ***
Total pot $4 | Rake $0.20 
Board [Jd Jh 6s]
Seat 1: Kurrle85 (button) (small blind) folded on the Flop
Seat 2: Melenya (big blind) collected ($3.80)



PokerStars Hand #254226553892:  Hold'em No Limit ($0.50/$1.00 USD) - 2025/01/06 12:30:52 WET [2025/01/06 7:30:52 ET]
Table 'Bauschinger' 6-max Seat #2 is the button
Seat 1: Kurrle85 ($17.82 in chips) 
Seat 2: Melenya ($104.03 in chips) 
Melenya: posts small blind $0.50
Kurrle85: posts big blind $1
*** HOLE CARDS ***
Melenya: raises $1.50 to $2.50
Kurrle85: calls $1.50
*** FLOP *** [Qd 8c Th]
lacrim1060 joins the table at seat #3 
lacrim1060 is disconnected 
nastja336 joins the table at seat #4 
Gfoer joins the table at seat #5 
Rysiff joins the table at seat #6 
Kurrle85: checks 
Melenya: checks 
*** TURN *** [Qd 8c Th] [8d]
Kurrle85: bets $1
Melenya: folds 
Uncalled bet ($1) returned to Kurrle85
Kurrle85 collected $4.69 from pot
*** SUMMARY ***
Total pot $5 | Rake $0.31 
Board [Qd 8c Th 8d]
Seat 1: Kurrle85 (big blind) collected ($4.69)
Seat 2: Melenya (button) (small blind) folded on the Turn



PokerStars Hand #254226558217:  Hold'em No Limit ($0.50/$1.00 USD) - 2025/01/06 12:31:20 WET [2025/01/06 7:31:20 ET]
Table 'Bauschinger' 6-max Seat #1 is the button
Seat 4: nastja336 ($100 in chips) is sitting out
Seat 5: Gfoer ($100 in chips) is sitting out
Seat 6: Rysiff ($100 in chips) is sitting out
Seat 1: Kurrle85 ($20.01 in chips) 
Seat 2: Melenya ($101.53 in chips) 
Seat 3: lacrim1060 ($10 in chips) 
Melenya: posts small blind $0.50
lacrim1060: posts big blind $1
nastja336: sits out 
Gfoer: sits out 
Rysiff: sits out 
*** HOLE CARDS ***
Kurrle85: folds 
Melenya: calls $0.50
lacrim1060: checks 
*** FLOP *** [5h Ts Qc]
Melenya: bets $1
lacrim1060: calls $1
*** TURN *** [5h Ts Qc] [Tc]
Melenya: checks 
lacrim1060: checks 
*** RIVER *** [5h Ts Qc Tc] [As]
Melenya: bets $3.80
lacrim1060: folds 
Uncalled bet ($3.80) returned to Melenya
Melenya collected $3.80 from pot
Melenya: doesn't show hand 
*** SUMMARY ***
Total pot $4 | Rake $0.20 
Board [5h Ts Qc Tc As]
Seat 4: nastja336
Seat 5: Gfoer
Seat 6: Rysiff
Seat 1: Kurrle85 (button) folded before Flop (didn't bet)
Seat 2: Melenya (small blind) collected ($3.80)
Seat 3: lacrim1060 (big blind) folded on the River



PokerStars Hand #254226563067:  Hold'em No Limit ($0.50/$1.00 USD) - 2025/01/06 12:31:51 WET [2025/01/06 7:31:51 ET]
Table 'Bauschinger' 6-max Seat #2 is the button
Seat 5: Gfoer ($100 in chips) is sitting out
Seat 6: Rysiff ($100 in chips) is sitting out
Seat 1: Kurrle85 ($20.01 in chips) 
Seat 2: Melenya ($103.33 in chips) 
Seat 3: lacrim1060 ($8 in chips) 
Seat 4: nastja336 ($100 in chips) 
lacrim1060: posts small blind $0.50
nastja336: posts big blind $1
Gfoer: sits out 
Rysiff: sits out 
*** HOLE CARDS ***
Kurrle85: folds 
Melenya: folds 
lacrim1060: calls $0.50
nastja336: checks 
*** FLOP *** [7s Ah Ts]
lacrim1060: checks 
nastja336: checks 
*** TURN *** [7s Ah Ts] [Jd]
lacrim1060: checks 
nastja336: checks 
*** RIVER *** [7s Ah Ts Jd] [Js]
lacrim1060: checks 
nastja336: checks 
*** SHOW DOWN ***
lacrim1060: shows [3c Ks] (a pair of Jacks)
nastja336: shows [5d Kd] (a pair of Jacks)
lacrim1060 collected $0.95 from pot
nastja336 collected $0.95 from pot
*** SUMMARY ***
Total pot $2 | Rake $0.10 
Board [7s Ah Ts Jd Js]
Seat 5: Gfoer
Seat 6: Rysiff
Seat 1: Kurrle85 folded before Flop (didn't bet)
Seat 2: Melenya (button) folded before Flop (didn't bet)
Seat 3: lacrim1060 (small blind) showed [3c Ks] and won ($0.95) with a pair of Jacks
Seat 4: nastja336 (big blind) showed [5d Kd] and won ($0.95) with a pair of Jacks



PokerStars Hand #254226568520:  Hold'em No Limit ($0.50/$1.00 USD) - 2025/01/06 12:32:27 WET [2025/01/06 7:32:27 ET]
Table 'Bauschinger' 6-max Seat #3 is the button
Seat 6: Rysiff ($100 in chips) is sitting out
Seat 1: Kurrle85 ($20.01 in chips) 
Seat 2: Melenya ($103.33 in chips) 
Seat 3: lacrim1060 ($7.95 in chips) 
Seat 4: nastja336 ($100 in chips) 
Seat 5: Gfoer ($100 in chips) 
nastja336: posts small blind $0.50
Gfoer: posts big blind $1
Rysiff: sits out 
*** HOLE CARDS ***
Kurrle85: raises $1 to $2
Melenya: raises $4 to $6
lacrim1060: folds 
nastja336: folds 
Gfoer: folds 
Kurrle85: calls $4
*** FLOP *** [7c Jh 2d]
Kurrle85: checks 
Melenya: bets $6.41
Kurrle85: raises $7.60 to $14.01 and is all-in
Melenya: calls $7.60
*** TURN *** [7c Jh 2d] [Qd]
*** RIVER *** [7c Jh 2d Qd] [Ks]
*** SHOW DOWN ***
Kurrle85: shows [5d 5h] (a pair of Fives)
Melenya: shows [Jd Ad] (a pair of Jacks)
Melenya collected $39.44 from pot
Kurrle85 cashed out the hand for $3.40 | Cash Out Fee $0.07
*** SUMMARY ***
Total pot $41.52 | Rake $2.08 
Board [7c Jh 2d Qd Ks]
Seat 6: Rysiff
Seat 1: Kurrle85 showed [5d 5h] and lost with a pair of Fives (cashed out).
Seat 2: Melenya showed [Jd Ad] and won ($39.44) with a pair of Jacks
Seat 3: lacrim1060 (button) folded before Flop (didn't bet)
Seat 4: nastja336 (small blind) folded before Flop
Seat 5: Gfoer (big blind) folded before Flop



PokerStars Hand #254226574361:  Hold'em No Limit ($0.50/$1.00 USD) - 2025/01/06 12:33:06 WET [2025/01/06 7:33:06 ET]
Table 'Bauschinger' 6-max Seat #4 is the button
Seat 1: Kurrle85 ($3.40 in chips) 
Seat 2: Melenya ($122.76 in chips) 
Seat 3: lacrim1060 ($7.95 in chips) 
Seat 4: nastja336 ($100 in chips) 
Seat 5: Gfoer ($100 in chips) 
Seat 6: Rysiff ($100 in chips) 
Gfoer: posts small blind $0.50
Rysiff: posts big blind $1
*** HOLE CARDS ***
Kurrle85: raises $2.40 to $3.40 and is all-in
Melenya: folds 
lacrim1060: raises $4.55 to $7.95 and is all-in
nastja336: folds 
Gfoer: folds 
Rysiff: folds 
Uncalled bet ($4.55) returned to lacrim1060
*** FLOP *** [5h Qh 9c]
*** TURN *** [5h Qh 9c] [9s]
*** RIVER *** [5h Qh 9c 9s] [Ah]
*** SHOW DOWN ***
Kurrle85: shows [Kh 4h] (a flush, Ace high)
lacrim1060: shows [Jh Jd] (two pair, Jacks and Nines)
Kurrle85 collected $7.78 from pot
*** SUMMARY ***
Total pot $8.30 | Rake $0.52 
Board [5h Qh 9c 9s Ah]
Seat 1: Kurrle85 showed [Kh 4h] and won ($7.78) with a flush, Ace high
Seat 2: Melenya folded before Flop (didn't bet)
Seat 3: lacrim1060 showed [Jh Jd] and lost with two pair, Jacks and Nines
Seat 4: nastja336 (button) folded before Flop (didn't bet)
Seat 5: Gfoer (small blind) folded before Flop
Seat 6: Rysiff (big blind) folded before Flop



PokerStars Hand #254226578299:  Hold'em No Limit ($0.50/$1.00 USD) - 2025/01/06 12:33:32 WET [2025/01/06 7:33:32 ET]
Table 'Bauschinger' 6-max Seat #5 is the button
Seat 1: Kurrle85 ($7.78 in chips) 
Seat 2: Melenya ($122.76 in chips) 
Seat 3: lacrim1060 ($4.55 in chips) 
Seat 4: nastja336 ($100 in chips) 
Seat 5: Gfoer ($100 in chips) 
Seat 6: Rysiff ($100 in chips) 
Rysiff: posts small blind $0.50
Kurrle85: posts big blind $1
*** HOLE CARDS ***
Melenya: folds 
lacrim1060: raises $3.55 to $4.55 and is all-in
nastja336: folds 
Gfoer: folds 
Rysiff: folds 
Kurrle85: folds 
Uncalled bet ($3.55) returned to lacrim1060
lacrim1060 collected $2.50 from pot
*** SUMMARY ***
Total pot $2.50 | Rake $0 
Seat 1: Kurrle85 (big blind) folded before Flop
Seat 2: Melenya folded before Flop (didn't bet)
Seat 3: lacrim1060 collected ($2.50)
Seat 4: nastja336 folded before Flop (didn't bet)
Seat 5: Gfoer (button) folded before Flop (didn't bet)
Seat 6: Rysiff (small blind) folded before Flop



PokerStars Hand #254226580294:  Hold'em No Limit ($0.50/$1.00 USD) - 2025/01/06 12:33:45 WET [2025/01/06 7:33:45 ET]
Table 'Bauschinger' 6-max Seat #6 is the button
Seat 1: Kurrle85 ($6.78 in chips) 
Seat 2: Melenya ($122.76 in chips) 
Seat 3: lacrim1060 ($6.05 in chips) 
Seat 4: nastja336 ($100 in chips) 
Seat 5: Gfoer ($100 in chips) 
Seat 6: Rysiff ($100 in chips) 
Kurrle85: posts small blind $0.50
Melenya: posts big blind $1
*** HOLE CARDS ***
lacrim1060: calls $1
nastja336: folds 
Gfoer: folds 
Rysiff: folds 
Kurrle85: folds 
Melenya: checks 
*** FLOP *** [2s 8c 5h]
Melenya: bets $2.38
lacrim1060: calls $2.38
*** TURN *** [2s 8c 5h] [3d]
Melenya: bets $3
lacrim1060: calls $2.67 and is all-in
Uncalled bet ($0.33) returned to Melenya
*** RIVER *** [2s 8c 5h 3d] [7c]
*** SHOW DOWN ***
Melenya: shows [Td 8s] (a pair of Eights)
lacrim1060: shows [4s 3c] (a pair of Threes)
Melenya collected $11.97 from pot
*** SUMMARY ***
Total pot $12.60 | Rake $0.63 
Board [2s 8c 5h 3d 7c]
Seat 1: Kurrle85 (small blind) folded before Flop
Seat 2: Melenya (big blind) showed [Td 8s] and won ($11.97) with a pair of Eights
Seat 3: lacrim1060 showed [4s 3c] and lost with a pair of Threes
Seat 4: nastja336 folded before Flop (didn't bet)
Seat 5: Gfoer folded before Flop (didn't bet)
Seat 6: Rysiff (button) folded before Flop (didn't bet)



PokerStars Hand #254226584962:  Hold'em No Limit ($0.50/$1.00 USD) - 2025/01/06 12:34:16 WET [2025/01/06 7:34:16 ET]
Table 'Bauschinger' 6-max Seat #1 is the button
Seat 3: lacrim1060 ($0 in chips) is sitting out
Seat 1: Kurrle85 ($6.28 in chips) 
Seat 2: Melenya ($128.68 in chips) 
Seat 4: nastja336 ($100 in chips) 
Seat 5: Gfoer ($100 in chips) 
Seat 6: Rysiff ($100 in chips) 
Melenya: posts small blind $0.50
nastja336: posts big blind $1
*** HOLE CARDS ***
Gfoer: folds 
Rysiff: folds 
Kurrle85: folds 
Melenya: folds 
Uncalled bet ($0.50) returned to nastja336
nastja336 collected $1 from pot
nastja336: doesn't show hand 
*** SUMMARY ***
Total pot $1 | Rake $0 
Seat 3: lacrim1060
Seat 1: Kurrle85 (button) folded before Flop (didn't bet)
Seat 2: Melenya (small blind) folded before Flop
Seat 4: nastja336 (big blind) collected ($1)
Seat 5: Gfoer folded before Flop (didn't bet)
Seat 6: Rysiff folded before Flop (didn't bet)



PokerStars Hand #254226587249:  Hold'em No Limit ($0.50/$1.00 USD) - 2025/01/06 12:34:31 WET [2025/01/06 7:34:31 ET]
Table 'Bauschinger' 6-max Seat #2 is the button
Seat 3: lacrim1060 ($0 in chips) is sitting out
Seat 1: Kurrle85 ($6.28 in chips) 
Seat 2: Melenya ($128.18 in chips) 
Seat 4: nastja336 ($100.50 in chips) 
Seat 5: Gfoer ($100 in chips) 
Seat 6: Rysiff ($100 in chips) 
nastja336: posts small blind $0.50
Gfoer: posts big blind $1
*** HOLE CARDS ***
Rysiff: folds 
Kurrle85: calls $1
Melenya: folds 
nastja336: raises $4 to $5
Gfoer: folds 
Kurrle85: calls $4
*** FLOP *** [9c Qh 4d]
nastja336: bets $5.23
Kurrle85: calls $1.28 and is all-in
Uncalled bet ($3.95) returned to nastja336
*** TURN *** [9c Qh 4d] [Jd]
*** RIVER *** [9c Qh 4d Jd] [Kh]
*** SHOW DOWN ***
nastja336: shows [Ah 8h] (high card Ace)
Kurrle85: shows [Ad 2c] (high card Ace)
nastja336 collected $6.44 from pot
Kurrle85 cashed out the hand for $3.49 | Cash Out Fee $0.07
*** SUMMARY ***
Total pot $13.56 | Rake $0.68 
Board [9c Qh 4d Jd Kh]
Seat 3: lacrim1060
Seat 1: Kurrle85 showed [Ad 2c] and won ($6.44) with high card Ace (pot not awarded as player cashed out)
Seat 2: Melenya (button) folded before Flop (didn't bet)
Seat 4: nastja336 (small blind) showed [Ah 8h] and won ($6.44) with high card Ace
Seat 5: Gfoer (big blind) folded before Flop
Seat 6: Rysiff folded before Flop (didn't bet)



PokerStars Hand #254226592136:  Hold'em No Limit ($0.50/$1.00 USD) - 2025/01/06 12:35:02 WET [2025/01/06 7:35:02 ET]
Table 'Bauschinger' 6-max Seat #4 is the button
Seat 3: lacrim1060 ($0 in chips) is sitting out
Seat 1: Kurrle85 ($3.49 in chips) 
Seat 2: Melenya ($128.18 in chips) 
Seat 4: nastja336 ($100.66 in chips) 
Seat 5: Gfoer ($100 in chips) 
Seat 6: Rysiff ($100 in chips) 
Gfoer: posts small blind $0.50
Rysiff: posts big blind $1
*** HOLE CARDS ***
Kurrle85: folds 
Melenya: raises $1.30 to $2.30
nastja336: folds 
Gfoer: raises $10.20 to $12.50
Rysiff: folds 
Melenya: folds 
Uncalled bet ($10.20) returned to Gfoer
Gfoer collected $5.60 from pot
Gfoer: doesn't show hand 
*** SUMMARY ***
Total pot $5.60 | Rake $0 
Seat 3: lacrim1060
Seat 1: Kurrle85 folded before Flop (didn't bet)
Seat 2: Melenya folded before Flop
Seat 4: nastja336 (button) folded before Flop (didn't bet)
Seat 5: Gfoer (small blind) collected ($5.60)
Seat 6: Rysiff (big blind) folded before Flop



PokerStars Hand #254226596291:  Hold'em No Limit ($0.50/$1.00 USD) - 2025/01/06 12:35:29 WET [2025/01/06 7:35:29 ET]
Table 'Bauschinger' 6-max Seat #5 is the button
Seat 1: Kurrle85 ($3.49 in chips) 
Seat 2: Melenya ($125.88 in chips) 
Seat 3: lacrim1060 ($15.10 in chips) 
Seat 4: nastja336 ($100.66 in chips) 
Seat 5: Gfoer ($103.30 in chips) 
Seat 6: Rysiff ($100 in chips) 
Rysiff: posts small blind $0.50
Kurrle85: posts big blind $1
lacrim1060: posts small & big blinds $1.50
*** HOLE CARDS ***
Melenya: folds 
lacrim1060: checks 
nastja336: raises $2 to $3
Gfoer: folds 
Rysiff: folds 
Kurrle85: raises $0.49 to $3.49 and is all-in
lacrim1060: calls $2.49
nastja336: calls $0.49
*** FLOP *** [2c Td 4h]
lacrim1060: bets $11.11 and is all-in
nastja336: calls $11.11
*** TURN *** [2c Td 4h] [2s]
*** RIVER *** [2c Td 4h 2s] [7d]
*** SHOW DOWN ***
lacrim1060: shows [5d Ts] (two pair, Tens and Deuces)
nastja336: shows [4s 4d] (a full house, Fours full of Deuces)
nastja336 collected $21.11 from side pot
Kurrle85: shows [8s Kc] (a pair of Deuces)
nastja336 collected $10.90 from main pot
*** SUMMARY ***
Total pot $33.69 Main pot $10.90. Side pot $21.11. | Rake $1.68 
Board [2c Td 4h 2s 7d]
Seat 1: Kurrle85 (big blind) showed [8s Kc] and lost with a pair of Deuces
Seat 2: Melenya folded before Flop (didn't bet)
Seat 3: lacrim1060 showed [5d Ts] and lost with two pair, Tens and Deuces
Seat 4: nastja336 showed [4s 4d] and won ($32.01) with a full house, Fours full of Deuces
Seat 5: Gfoer (button) folded before Flop (didn't bet)
Seat 6: Rysiff (small blind) folded before Flop



PokerStars Hand #254226604701:  Hold'em No Limit ($0.50/$1.00 USD) - 2025/01/06 12:36:24 WET [2025/01/06 7:36:24 ET]
Table 'Bauschinger' 6-max Seat #6 is the button
Seat 1: Kurrle85 ($0 in chips) is sitting out
Seat 3: lacrim1060 ($0 in chips) is sitting out
Seat 2: Melenya ($125.88 in chips) 
Seat 4: nastja336 ($118.07 in chips) 
Seat 5: Gfoer ($103.30 in chips) 
Seat 6: Rysiff ($100 in chips) 
Melenya: posts small blind $0.50
nastja336: posts big blind $1
*** HOLE CARDS ***
Gfoer: raises $1.20 to $2.20
Rysiff: folds 
lacrim1060 is disconnected 
Melenya: folds 
nastja336: raises $9.80 to $12
Gfoer: raises $13 to $25
nastja336: raises $93.07 to $118.07 and is all-in
Gfoer: folds 
Uncalled bet ($93.07) returned to nastja336
nastja336 collected $50.50 from pot
nastja336: doesn't show hand 
*** SUMMARY ***
Total pot $50.50 | Rake $0 
Seat 1: Kurrle85
Seat 3: lacrim1060
Seat 2: Melenya (small blind) folded before Flop
Seat 4: nastja336 (big blind) collected ($50.50)
Seat 5: Gfoer folded before Flop
Seat 6: Rysiff (button) folded before Flop (didn't bet)



PokerStars Hand #254226614112:  Hold'em No Limit ($0.50/$1.00 USD) - 2025/01/06 12:37:25 WET [2025/01/06 7:37:25 ET]
Table 'Bauschinger' 6-max Seat #2 is the button
Seat 3: lacrim1060 ($0 in chips) is sitting out
Seat 1: Kurrle85 ($23.60 in chips) 
Seat 2: Melenya ($125.38 in chips) 
Seat 4: nastja336 ($143.57 in chips) 
Seat 5: Gfoer ($100 in chips) 
Seat 6: Rysiff ($100 in chips) 
nastja336: posts small blind $0.50
Gfoer: posts big blind $1
Kurrle85: posts small blind $0.50
*** HOLE CARDS ***
Rysiff: folds 
Kurrle85: calls $1
Melenya: folds 
nastja336: folds 
Gfoer: checks 
*** FLOP *** [As Td 6s]
Gfoer: checks 
Kurrle85: checks 
*** TURN *** [As Td 6s] [Qc]
Gfoer: bets $1.43
Kurrle85: raises $1.43 to $2.86
Gfoer: folds 
Uncalled bet ($1.43) returned to Kurrle85
Kurrle85 collected $5.50 from pot
*** SUMMARY ***
Total pot $5.86 | Rake $0.36 
Board [As Td 6s Qc]
Seat 3: lacrim1060
Seat 1: Kurrle85 collected ($5.50)
Seat 2: Melenya (button) folded before Flop (didn't bet)
Seat 4: nastja336 (small blind) folded before Flop
Seat 5: Gfoer (big blind) folded on the Turn
Seat 6: Rysiff folded before Flop (didn't bet)



PokerStars Hand #254226623996:  Hold'em No Limit ($0.50/$1.00 USD) - 2025/01/06 12:38:30 WET [2025/01/06 7:38:30 ET]
Table 'Bauschinger' 6-max Seat #4 is the button
Seat 3: lacrim1060 ($0 in chips) is sitting out
Seat 6: Rysiff ($100 in chips) is sitting out
Seat 1: Kurrle85 ($26.17 in chips) 
Seat 2: Melenya ($125.38 in chips) 
Seat 4: nastja336 ($143.07 in chips) 
Seat 5: Gfoer ($100 in chips) 
Gfoer: posts small blind $0.50
Rysiff: is sitting out 
Kurrle85: posts big blind $1
*** HOLE CARDS ***
Rysiff leaves the table
Melenya: folds 
nastja336: folds 
Gfoer: folds 
Uncalled bet ($0.50) returned to Kurrle85
Kurrle85 collected $1 from pot
*** SUMMARY ***
Total pot $1 | Rake $0 
Seat 3: lacrim1060
Seat 6: Rysiff
Seat 1: Kurrle85 (big blind) collected ($1)
Seat 2: Melenya folded before Flop (didn't bet)
Seat 4: nastja336 (button) folded before Flop (didn't bet)
Seat 5: Gfoer (small blind) folded before Flop



PokerStars Hand #254226625705:  Hold'em No Limit ($0.50/$1.00 USD) - 2025/01/06 12:38:41 WET [2025/01/06 7:38:41 ET]
Table 'Bauschinger' 6-max Seat #5 is the button
Seat 3: lacrim1060 ($0 in chips) is sitting out
Seat 1: Kurrle85 ($26.67 in chips) 
Seat 2: Melenya ($125.38 in chips) 
Seat 4: nastja336 ($143.07 in chips) 
Seat 5: Gfoer ($100 in chips) 
Kurrle85: posts small blind $0.50
Melenya: posts big blind $1
*** HOLE CARDS ***
nastja336: folds 
Gfoer: folds 
Kurrle85: raises $1 to $2
Melenya: calls $1
*** FLOP *** [Qc 9d Qh]
Kurrle85: bets $1
xcinaz joins the table at seat #6 
Melenya: calls $1
*** TURN *** [Qc 9d Qh] [6d]
Kurrle85: bets $1
Melenya: calls $1
*** RIVER *** [Qc 9d Qh 6d] [Ts]
Kurrle85: checks 
Melenya: checks 
*** SHOW DOWN ***
Kurrle85: shows [Ac Jh] (a pair of Queens)
Melenya: mucks hand 
Kurrle85 collected $7.50 from pot
*** SUMMARY ***
Total pot $8 | Rake $0.50 
Board [Qc 9d Qh 6d Ts]
Seat 3: lacrim1060
Seat 1: Kurrle85 (small blind) showed [Ac Jh] and won ($7.50) with a pair of Queens
Seat 2: Melenya (big blind) mucked
Seat 4: nastja336 folded before Flop (didn't bet)
Seat 5: Gfoer (button) folded before Flop (didn't bet)



PokerStars Hand #254226634028:  Hold'em No Limit ($0.50/$1.00 USD) - 2025/01/06 12:39:35 WET [2025/01/06 7:39:35 ET]
Table 'Bauschinger' 6-max Seat #1 is the button
Seat 3: lacrim1060 ($0 in chips) is sitting out
Seat 4: nastja336 ($143.07 in chips) is sitting out
Seat 5: Gfoer ($100 in chips) is sitting out
Seat 1: Kurrle85 ($30.17 in chips) 
Seat 2: Melenya ($121.38 in chips) 
Seat 6: xcinaz ($100 in chips) 
Melenya: posts small blind $0.50
nastja336: is sitting out 
Gfoer: is sitting out 
xcinaz: posts big blind $1
*** HOLE CARDS ***
nastja336 leaves the table
Kurrle85: folds 
Gfoer leaves the table
Melenya: raises $2 to $3
Rdalonso joins the table at seat #4 
xcinaz: folds 
Uncalled bet ($2) returned to Melenya
Melenya collected $2 from pot
Melenya: doesn't show hand 
erpaye joins the table at seat #5 
*** SUMMARY ***
Total pot $2 | Rake $0 
Seat 3: lacrim1060
Seat 4: nastja336
Seat 5: Gfoer
Seat 1: Kurrle85 (button) folded before Flop (didn't bet)
Seat 2: Melenya (small blind) collected ($2)
Seat 6: xcinaz (big blind) folded before Flop



PokerStars Hand #254226637120:  Hold'em No Limit ($0.50/$1.00 USD) - 2025/01/06 12:39:56 WET [2025/01/06 7:39:56 ET]
Table 'Bauschinger' 6-max Seat #2 is the button
Seat 3: lacrim1060 ($0 in chips) is sitting out
Seat 4: Rdalonso ($100 in chips) is sitting out
Seat 5: erpaye ($100 in chips) is sitting out
Seat 1: Kurrle85 ($30.17 in chips) 
Seat 2: Melenya ($122.38 in chips) 
Seat 6: xcinaz ($100 in chips) 
xcinaz: posts small blind $0.50
Kurrle85: posts big blind $1
*** HOLE CARDS ***
Melenya: folds 
xcinaz: raises $2 to $3
Kurrle85: folds 
Uncalled bet ($2) returned to xcinaz
xcinaz collected $2 from pot
xcinaz: doesn't show hand 
*** SUMMARY ***
Total pot $2 | Rake $0 
Seat 3: lacrim1060
Seat 4: Rdalonso
Seat 5: erpaye
Seat 1: Kurrle85 (big blind) folded before Flop
Seat 2: Melenya (button) folded before Flop (didn't bet)
Seat 6: xcinaz (small blind) collected ($2)



PokerStars Hand #254226638442:  Hold'em No Limit ($0.50/$1.00 USD) - 2025/01/06 12:40:04 WET [2025/01/06 7:40:04 ET]
Table 'Bauschinger' 6-max Seat #6 is the button
Seat 3: lacrim1060 ($0 in chips) is sitting out
Seat 4: Rdalonso ($100 in chips) is sitting out
Seat 5: erpaye ($100 in chips) is sitting out
Seat 1: Kurrle85 ($29.17 in chips) 
Seat 2: Melenya ($122.38 in chips) 
Seat 6: xcinaz ($101 in chips) 
Kurrle85: posts small blind $0.50
Melenya: posts big blind $1
Rdalonso: sits out 
erpaye: sits out 
*** HOLE CARDS ***
xcinaz: raises $1.50 to $2.50
Kurrle85: folds 
Melenya: raises $10.50 to $13
xcinaz: calls $10.50
*** FLOP *** [4c 5d Js]
Melenya: bets $12.75
xcinaz: raises $12.75 to $25.50
Melenya: folds 
Uncalled bet ($12.75) returned to xcinaz
xcinaz collected $51 from pot
xcinaz: doesn't show hand 
*** SUMMARY ***
Total pot $52 | Rake $1 
Board [4c 5d Js]
Seat 3: lacrim1060
Seat 4: Rdalonso
Seat 5: erpaye
Seat 1: Kurrle85 (small blind) folded before Flop
Seat 2: Melenya (big blind) folded on the Flop
Seat 6: xcinaz (button) collected ($51)



PokerStars Hand #254226650996:  Hold'em No Limit ($0.50/$1.00 USD) - 2025/01/06 12:41:24 WET [2025/01/06 7:41:24 ET]
Table 'Bauschinger' 6-max Seat #1 is the button
Seat 3: lacrim1060 ($0 in chips) is sitting out
Seat 5: erpaye ($100 in chips) is sitting out
Seat 1: Kurrle85 ($28.67 in chips) 
Seat 2: Melenya ($100 in chips) 
Seat 4: Rdalonso ($100 in chips) 
Seat 6: xcinaz ($126.25 in chips) 
Melenya: posts small blind $0.50
Rdalonso: posts big blind $1
erpaye: sits out 
*** HOLE CARDS ***
xcinaz: folds 
Kurrle85: folds 
Melenya: raises $2 to $3
Rdalonso: folds 
Uncalled bet ($2) returned to Melenya
Melenya collected $2 from pot
Melenya: doesn't show hand 
*** SUMMARY ***
Total pot $2 | Rake $0 
Seat 3: lacrim1060
Seat 5: erpaye
Seat 1: Kurrle85 (button) folded before Flop (didn't bet)
Seat 2: Melenya (small blind) collected ($2)
Seat 4: Rdalonso (big blind) folded before Flop
Seat 6: xcinaz folded before Flop (didn't bet)



PokerStars Hand #254226653410:  Hold'em No Limit ($0.50/$1.00 USD) - 2025/01/06 12:41:39 WET [2025/01/06 7:41:39 ET]
Table 'Bauschinger' 6-max Seat #2 is the button
Seat 3: lacrim1060 ($0 in chips) is sitting out
Seat 1: Kurrle85 ($28.67 in chips) 
Seat 2: Melenya ($101 in chips) 
Seat 4: Rdalonso ($100 in chips) 
Seat 5: erpaye ($100 in chips) 
Seat 6: xcinaz ($126.25 in chips) 
Rdalonso: posts small blind $0.50
erpaye: posts big blind $1
*** HOLE CARDS ***
xcinaz: folds 
Kurrle85: folds 
Melenya: raises $1.50 to $2.50
Rdalonso: folds 
erpaye: folds 
Uncalled bet ($1.50) returned to Melenya
Melenya collected $2.50 from pot
Melenya: doesn't show hand 
*** SUMMARY ***
Total pot $2.50 | Rake $0 
Seat 3: lacrim1060
Seat 1: Kurrle85 folded before Flop (didn't bet)
Seat 2: Melenya (button) collected ($2.50)
Seat 4: Rdalonso (small blind) folded before Flop
Seat 5: erpaye (big blind) folded before Flop
Seat 6: xcinaz folded before Flop (didn't bet)



PokerStars Hand #254226657213:  Hold'em No Limit ($0.50/$1.00 USD) - 2025/01/06 12:42:04 WET [2025/01/06 7:42:04 ET]
Table 'Bauschinger' 6-max Seat #4 is the button
Seat 3: lacrim1060 ($0 in chips) is sitting out
Seat 1: Kurrle85 ($28.67 in chips) 
Seat 2: Melenya ($102.50 in chips) 
Seat 4: Rdalonso ($100 in chips) 
Seat 5: erpaye ($100 in chips) 
Seat 6: xcinaz ($126.25 in chips) 
erpaye: posts small blind $0.50
xcinaz: posts big blind $1
*** HOLE CARDS ***
Kurrle85: folds 
Melenya: folds 
Rdalonso: folds 
erpaye: raises $1.50 to $2.50
xcinaz: folds 
Uncalled bet ($1.50) returned to erpaye
erpaye collected $2 from pot
erpaye: doesn't show hand 
*** SUMMARY ***
Total pot $2 | Rake $0 
Seat 3: lacrim1060
Seat 1: Kurrle85 folded before Flop (didn't bet)
Seat 2: Melenya folded before Flop (didn't bet)
Seat 4: Rdalonso (button) folded before Flop (didn't bet)
Seat 5: erpaye (small blind) collected ($2)
Seat 6: xcinaz (big blind) folded before Flop



PokerStars Hand #254226661543:  Hold'em No Limit ($0.50/$1.00 USD) - 2025/01/06 12:42:31 WET [2025/01/06 7:42:31 ET]
Table 'Bauschinger' 6-max Seat #5 is the button
Seat 3: lacrim1060 ($0 in chips) is sitting out
Seat 1: Kurrle85 ($28.67 in chips) 
Seat 2: Melenya ($102.50 in chips) 
Seat 4: Rdalonso ($100 in chips) 
Seat 5: erpaye ($101 in chips) 
Seat 6: xcinaz ($125.25 in chips) 
xcinaz: posts small blind $0.50
Kurrle85: posts big blind $1
*** HOLE CARDS ***
Melenya: folds 
Rdalonso: folds 
erpaye: raises $1.20 to $2.20
xcinaz: folds 
Kurrle85: raises $1.20 to $3.40
erpaye: calls $1.20
*** FLOP *** [5d Ks 9h]
Kurrle85: bets $3.47
erpaye: calls $3.47
*** TURN *** [5d Ks 9h] [8c]
Kurrle85: checks 
erpaye: bets $1.35
Kurrle85: folds 
Uncalled bet ($1.35) returned to erpaye
erpaye collected $13.53 from pot
erpaye: doesn't show hand 
*** SUMMARY ***
Total pot $14.24 | Rake $0.71 
Board [5d Ks 9h 8c]
Seat 3: lacrim1060
Seat 1: Kurrle85 (big blind) folded on the Turn
Seat 2: Melenya folded before Flop (didn't bet)
Seat 4: Rdalonso folded before Flop (didn't bet)
Seat 5: erpaye (button) collected ($13.53)
Seat 6: xcinaz (small blind) folded before Flop



PokerStars Hand #254226671743:  Hold'em No Limit ($0.50/$1.00 USD) - 2025/01/06 12:43:35 WET [2025/01/06 7:43:35 ET]
Table 'Bauschinger' 6-max Seat #6 is the button
Seat 3: lacrim1060 ($0 in chips) is sitting out
Seat 1: Kurrle85 ($21.80 in chips) 
Seat 2: Melenya ($102.50 in chips) 
Seat 4: Rdalonso ($100 in chips) 
Seat 5: erpaye ($107.66 in chips) 
Seat 6: xcinaz ($124.75 in chips) 
Kurrle85: posts small blind $0.50
Melenya: posts big blind $1
*** HOLE CARDS ***
Rdalonso: folds 
erpaye: raises $1 to $2
xcinaz: folds 
Kurrle85: folds 
Melenya: folds 
Uncalled bet ($1) returned to erpaye
erpaye collected $2.50 from pot
erpaye: doesn't show hand 
*** SUMMARY ***
Total pot $2.50 | Rake $0 
Seat 3: lacrim1060
Seat 1: Kurrle85 (small blind) folded before Flop
Seat 2: Melenya (big blind) folded before Flop
Seat 4: Rdalonso folded before Flop (didn't bet)
Seat 5: erpaye collected ($2.50)
Seat 6: xcinaz (button) folded before Flop (didn't bet)



PokerStars Hand #254226674341:  Hold'em No Limit ($0.50/$1.00 USD) - 2025/01/06 12:43:51 WET [2025/01/06 7:43:51 ET]
Table 'Bauschinger' 6-max Seat #1 is the button
Seat 3: lacrim1060 ($0 in chips) is sitting out
Seat 1: Kurrle85 ($21.30 in chips) 
Seat 2: Melenya ($101.50 in chips) 
Seat 4: Rdalonso ($100 in chips) 
Seat 5: erpaye ($109.16 in chips) 
Seat 6: xcinaz ($124.75 in chips) 
Melenya: posts small blind $0.50
Rdalonso: posts big blind $1
*** HOLE CARDS ***
erpaye: folds 
xcinaz: folds 
Kurrle85: folds 
Melenya: raises $2 to $3
Rdalonso: folds 
Uncalled bet ($2) returned to Melenya
Melenya collected $2 from pot
lacrim1060 leaves the table
Melenya: doesn't show hand 
*** SUMMARY ***
Total pot $2 | Rake $0 
Seat 3: lacrim1060
Seat 1: Kurrle85 (button) folded before Flop (didn't bet)
Seat 2: Melenya (small blind) collected ($2)
Seat 4: Rdalonso (big blind) folded before Flop
Seat 5: erpaye folded before Flop (didn't bet)
Seat 6: xcinaz folded before Flop (didn't bet)



PokerStars Hand #254226677635:  Hold'em No Limit ($0.50/$1.00 USD) - 2025/01/06 12:44:12 WET [2025/01/06 7:44:12 ET]
Table 'Bauschinger' 6-max Seat #2 is the button
Seat 1: Kurrle85 ($21.30 in chips) 
Seat 2: Melenya ($102.50 in chips) 
Seat 4: Rdalonso ($100 in chips) 
Seat 5: erpaye ($109.16 in chips) 
Seat 6: xcinaz ($124.75 in chips) 
Rdalonso: posts small blind $0.50
erpaye: posts big blind $1
*** HOLE CARDS ***
xcinaz: folds 
Kurrle85: raises $1 to $2
Melenya: folds 
Rdalonso: folds 
erpaye: calls $1
*** FLOP *** [Ac Kh Th]
erpaye: checks 
Kurrle85: bets $2.14
erpaye: calls $2.14
*** TURN *** [Ac Kh Th] [Ah]
erpaye: checks 
Kurrle85: bets $4.17
erpaye: folds 
Uncalled bet ($4.17) returned to Kurrle85
Kurrle85 collected $8.23 from pot
*** SUMMARY ***
Total pot $8.78 | Rake $0.55 
Board [Ac Kh Th Ah]
Seat 1: Kurrle85 collected ($8.23)
Seat 2: Melenya (button) folded before Flop (didn't bet)
Seat 4: Rdalonso (small blind) folded before Flop
Seat 5: erpaye (big blind) folded on the Turn
Seat 6: xcinaz folded before Flop (didn't bet)



PokerStars Hand #254226684663:  Hold'em No Limit ($0.50/$1.00 USD) - 2025/01/06 12:44:56 WET [2025/01/06 7:44:56 ET]
Table 'Bauschinger' 6-max Seat #4 is the button
Seat 1: Kurrle85 ($25.39 in chips) 
Seat 2: Melenya ($102.50 in chips) 
Seat 4: Rdalonso ($100 in chips) 
Seat 5: erpaye ($105.02 in chips) 
Seat 6: xcinaz ($124.75 in chips) 
erpaye: posts small blind $0.50
xcinaz: posts big blind $1
*** HOLE CARDS ***
Kurrle85: calls $1
Melenya: folds 
Rdalonso: calls $1
erpaye: calls $0.50
xcinaz: raises $4 to $5
Kurrle85: calls $4
Rdalonso: calls $4
erpaye: folds 
*** FLOP *** [4h 3s 7d]
xcinaz: checks 
Kurrle85: checks 
Rdalonso: bets $5.02
ave_fenix800 joins the table at seat #3 
xcinaz: raises $12.62 to $17.64
Kurrle85: folds 
Rdalonso: calls $12.62
*** TURN *** [4h 3s 7d] [6c]
xcinaz: checks 
Rdalonso: bets $9.76
xcinaz: folds 
Uncalled bet ($9.76) returned to Rdalonso
Rdalonso collected $48.78 from pot
Rdalonso: doesn't show hand 
*** SUMMARY ***
Total pot $51.28 | Rake $2.50 
Board [4h 3s 7d 6c]
Seat 1: Kurrle85 folded on the Flop
Seat 2: Melenya folded before Flop (didn't bet)
Seat 4: Rdalonso (button) collected ($48.78)
Seat 5: erpaye (small blind) folded before Flop
Seat 6: xcinaz (big blind) folded on the Turn



PokerStars Hand #254226706993:  Hold'em No Limit ($0.50/$1.00 USD) - 2025/01/06 12:47:13 WET [2025/01/06 7:47:13 ET]
Table 'Bauschinger' 6-max Seat #5 is the button
Seat 3: ave_fenix800 ($100 in chips) is sitting out
Seat 1: Kurrle85 ($20.39 in chips) 
Seat 2: Melenya ($102.50 in chips) 
Seat 4: Rdalonso ($126.14 in chips) 
Seat 5: erpaye ($104.02 in chips) 
Seat 6: xcinaz ($102.11 in chips) 
xcinaz: posts small blind $0.50
Kurrle85: posts big blind $1
ave_fenix800: sits out 
*** HOLE CARDS ***
Melenya: folds 
Rdalonso: folds 
erpaye: raises $1.30 to $2.30
xcinaz: folds 
Kurrle85: calls $1.30
*** FLOP *** [6c Ks 2h]
Kurrle85: bets $1
erpaye: calls $1
*** TURN *** [6c Ks 2h] [Jc]
Kurrle85: bets $3.37
erpaye: raises $4.21 to $7.58
Kurrle85: calls $4.21
*** RIVER *** [6c Ks 2h Jc] [3s]
Kurrle85: checks 
erpaye: bets $9.58
Kurrle85: calls $9.51 and is all-in
Uncalled bet ($0.07) returned to erpaye
*** SHOW DOWN ***
erpaye: shows [Js Jh] (three of a kind, Jacks)
Kurrle85: shows [Qd Kc] (a pair of Kings)
erpaye collected $39.22 from pot
*** SUMMARY ***
Total pot $41.28 | Rake $2.06 
Board [6c Ks 2h Jc 3s]
Seat 3: ave_fenix800
Seat 1: Kurrle85 (big blind) showed [Qd Kc] and lost with a pair of Kings
Seat 2: Melenya folded before Flop (didn't bet)
Seat 4: Rdalonso folded before Flop (didn't bet)
Seat 5: erpaye (button) showed [Js Jh] and won ($39.22) with three of a kind, Jacks
Seat 6: xcinaz (small blind) folded before Flop



PokerStars Hand #254226719198:  Hold'em No Limit ($0.50/$1.00 USD) - 2025/01/06 12:48:26 WET [2025/01/06 7:48:26 ET]
Table 'Bauschinger' 6-max Seat #6 is the button
Seat 1: Kurrle85 ($0 in chips) is sitting out
Seat 2: Melenya ($102.50 in chips) 
Seat 3: ave_fenix800 ($100 in chips) 
Seat 4: Rdalonso ($126.14 in chips) 
Seat 5: erpaye ($122.85 in chips) 
Seat 6: xcinaz ($101.61 in chips) 
Melenya: posts small blind $0.50
ave_fenix800: posts big blind $1
*** HOLE CARDS ***
Rdalonso: folds 
erpaye: folds 
xcinaz: folds 
Kurrle85 leaves the table
Melenya: raises $2 to $3
ave_fenix800: folds 
Uncalled bet ($2) returned to Melenya
Melenya collected $2 from pot
Melenya: doesn't show hand 
70peppino joins the table at seat #1 
*** SUMMARY ***
Total pot $2 | Rake $0 
Seat 1: Kurrle85
Seat 2: Melenya (small blind) collected ($2)
Seat 3: ave_fenix800 (big blind) folded before Flop
Seat 4: Rdalonso folded before Flop (didn't bet)
Seat 5: erpaye folded before Flop (didn't bet)
Seat 6: xcinaz (button) folded before Flop (didn't bet)



PokerStars Hand #254226723473:  Hold'em No Limit ($0.50/$1.00 USD) - 2025/01/06 12:48:52 WET [2025/01/06 7:48:52 ET]
Table 'Bauschinger' 6-max Seat #2 is the button
Seat 1: 70peppino ($100 in chips) is sitting out
Seat 2: Melenya ($103.50 in chips) 
Seat 3: ave_fenix800 ($100 in chips) 
Seat 4: Rdalonso ($126.14 in chips) 
Seat 5: erpaye ($122.85 in chips) 
Seat 6: xcinaz ($101.61 in chips) 
ave_fenix800: posts small blind $0.50
Rdalonso: posts big blind $1
70peppino is connected 
70peppino: sits out 
*** HOLE CARDS ***
erpaye: folds 
xcinaz: folds 
Melenya: folds 
ave_fenix800: folds 
Uncalled bet ($0.50) returned to Rdalonso
Rdalonso collected $1 from pot
Rdalonso: doesn't show hand 
*** SUMMARY ***
Total pot $1 | Rake $0 
Seat 1: 70peppino
Seat 2: Melenya (button) folded before Flop (didn't bet)
Seat 3: ave_fenix800 (small blind) folded before Flop
Seat 4: Rdalonso (big blind) collected ($1)
Seat 5: erpaye folded before Flop (didn't bet)
Seat 6: xcinaz folded before Flop (didn't bet)



PokerStars Hand #254226727697:  Hold'em No Limit ($0.50/$1.00 USD) - 2025/01/06 12:49:18 WET [2025/01/06 7:49:18 ET]
Table 'Bauschinger' 6-max Seat #3 is the button
Seat 1: 70peppino ($100 in chips) is sitting out
Seat 5: erpaye ($122.85 in chips) is sitting out
Seat 2: Melenya ($103.50 in chips) 
Seat 3: ave_fenix800 ($100 in chips) 
Seat 4: Rdalonso ($126.64 in chips) 
Seat 6: xcinaz ($101.61 in chips) 
Rdalonso: posts small blind $0.50
erpaye: is sitting out 
xcinaz: posts big blind $1
70peppino: sits out 
*** HOLE CARDS ***
erpaye leaves the table
Melenya: raises $1.30 to $2.30
ave_fenix800: raises $5.20 to $7.50
Rdalonso: folds 
xcinaz: folds 
Melenya: raises $12.50 to $20
ave_fenix800: raises $80 to $100 and is all-in
Melenya: folds 
Uncalled bet ($80) returned to ave_fenix800
ave_fenix800 collected $41.50 from pot
ave_fenix800: doesn't show hand 
*** SUMMARY ***
Total pot $41.50 | Rake $0 
Seat 1: 70peppino
Seat 5: erpaye
Seat 2: Melenya folded before Flop
Seat 3: ave_fenix800 (button) collected ($41.50)
Seat 4: Rdalonso (small blind) folded before Flop
Seat 6: xcinaz (big blind) folded before Flop



PokerStars Hand #254226738098:  Hold'em No Limit ($0.50/$1.00 USD) - 2025/01/06 12:50:21 WET [2025/01/06 7:50:21 ET]
Table 'Bauschinger' 6-max Seat #4 is the button
Seat 1: 70peppino ($100 in chips) 
Seat 2: Melenya ($100 in chips) 
Seat 3: ave_fenix800 ($121.50 in chips) 
Seat 4: Rdalonso ($126.14 in chips) 
Seat 6: xcinaz ($100.61 in chips) 
xcinaz: posts small blind $0.50
70peppino: posts big blind $1
*** HOLE CARDS ***
Melenya: folds 
ave_fenix800: folds 
Rdalonso: raises $1.50 to $2.50
xcinaz: folds 
70peppino: calls $1.50
*** FLOP *** [Jh Ah Tc]
70peppino: checks 
Rdalonso: checks 
*** TURN *** [Jh Ah Tc] [Ts]
70peppino: checks 
Rdalonso: checks 
*** RIVER *** [Jh Ah Tc Ts] [Td]
70peppino: checks 
Rdalonso: bets $3.92
70peppino: folds 
Uncalled bet ($3.92) returned to Rdalonso
Rdalonso collected $5.22 from pot
Rdalonso: doesn't show hand 
*** SUMMARY ***
Total pot $5.50 | Rake $0.28 
Board [Jh Ah Tc Ts Td]
Seat 1: 70peppino (big blind) folded on the River
Seat 2: Melenya folded before Flop (didn't bet)
Seat 3: ave_fenix800 folded before Flop (didn't bet)
Seat 4: Rdalonso (button) collected ($5.22)
Seat 6: xcinaz (small blind) folded before Flop



PokerStars Hand #254226749232:  Hold'em No Limit ($0.50/$1.00 USD) - 2025/01/06 12:51:29 WET [2025/01/06 7:51:29 ET]
Table 'Bauschinger' 6-max Seat #1 is the button
Seat 2: Melenya ($100 in chips) is sitting out
Seat 3: ave_fenix800 ($121.50 in chips) is sitting out
Seat 4: Rdalonso ($128.86 in chips) is sitting out
Seat 1: 70peppino ($100 in chips) 
Seat 6: xcinaz ($100.11 in chips) 
70peppino: posts small blind $0.50
Melenya: is sitting out 
ave_fenix800: is sitting out 
Rdalonso: is sitting out 
xcinaz: posts big blind $1
*** HOLE CARDS ***
Melenya leaves the table
70peppino: folds 
Uncalled bet ($0.50) returned to xcinaz
xcinaz collected $1 from pot
Rdalonso leaves the table
xcinaz: doesn't show hand 
*** SUMMARY ***
Total pot $1 | Rake $0 
Seat 2: Melenya
Seat 3: ave_fenix800
Seat 4: Rdalonso
Seat 1: 70peppino (button) (small blind) folded before Flop
Seat 6: xcinaz (big blind) collected ($1)



PokerStars Hand #254226832430:  Hold'em No Limit ($0.50/$1.00 USD) - 2025/01/06 13:00:57 WET [2025/01/06 8:00:57 ET]
Table 'Bauschinger' 6-max Seat #4 is the button
Seat 1: fobot21 ($100 in chips) 
Seat 4: b2k-Snick ($100 in chips) 
b2k-Snick: posts small blind $0.50
fobot21: posts big blind $1
*** HOLE CARDS ***
b2k-Snick: raises $1.50 to $2.50
fobot21: folds 
Uncalled bet ($1.50) returned to b2k-Snick
b2k-Snick collected $2 from pot
b2k-Snick: doesn't show hand 
*** SUMMARY ***
Total pot $2 | Rake $0 
Seat 1: fobot21 (big blind) folded before Flop
Seat 4: b2k-Snick (button) (small blind) collected ($2)



PokerStars Hand #254226834465:  Hold'em No Limit ($0.50/$1.00 USD) - 2025/01/06 13:01:10 WET [2025/01/06 8:01:10 ET]
Table 'Bauschinger' 6-max Seat #1 is the button
Seat 1: fobot21 ($100 in chips) 
Seat 4: b2k-Snick ($101 in chips) 
fobot21: posts small blind $0.50
b2k-Snick: posts big blind $1
*** HOLE CARDS ***
fobot21: raises $1.50 to $2.50
b2k-Snick: calls $1.50
*** FLOP *** [8d 8s 6d]
b2k-Snick: checks 
fobot21: checks 
*** TURN *** [8d 8s 6d] [Qc]
b2k-Snick: checks 
fobot21: checks 
*** RIVER *** [8d 8s 6d Qc] [6c]
b2k-Snick: checks 
fobot21: checks 
*** SHOW DOWN ***
b2k-Snick: shows [As 4h] (two pair, Eights and Sixes)
fobot21: mucks hand 
b2k-Snick collected $4.75 from pot
*** SUMMARY ***
Total pot $5 | Rake $0.25 
Board [8d 8s 6d Qc 6c]
Seat 1: fobot21 (button) (small blind) mucked
Seat 4: b2k-Snick (big blind) showed [As 4h] and won ($4.75) with two pair, Eights and Sixes



PokerStars Hand #254226853175:  Hold'em No Limit ($0.50/$1.00 USD) - 2025/01/06 13:03:04 WET [2025/01/06 8:03:04 ET]
Table 'Bauschinger' 6-max Seat #4 is the button
Seat 1: fobot21 ($100 in chips) 
Seat 4: b2k-Snick ($103.25 in chips) 
b2k-Snick: posts small blind $0.50
fobot21: posts big blind $1
*** HOLE CARDS ***
b2k-Snick: raises $1.50 to $2.50
fobot21: calls $1.50
*** FLOP *** [Jh 8h 2h]
fobot21: checks 
b2k-Snick: bets $1
fobot21: folds 
Uncalled bet ($1) returned to b2k-Snick
b2k-Snick collected $4.75 from pot
b2k-Snick: doesn't show hand 
*** SUMMARY ***
Total pot $5 | Rake $0.25 
Board [Jh 8h 2h]
Seat 1: fobot21 (big blind) folded on the Flop
Seat 4: b2k-Snick (button) (small blind) collected ($4.75)



PokerStars Hand #254226858596:  Hold'em No Limit ($0.50/$1.00 USD) - 2025/01/06 13:03:37 WET [2025/01/06 8:03:37 ET]
Table 'Bauschinger' 6-max Seat #1 is the button
Seat 1: fobot21 ($100 in chips) 
Seat 4: b2k-Snick ($105.50 in chips) 
fobot21: posts small blind $0.50
b2k-Snick: posts big blind $1
*** HOLE CARDS ***
fobot21: raises $1.50 to $2.50
b2k-Snick: folds 
Uncalled bet ($1.50) returned to fobot21
fobot21 collected $2 from pot
fobot21: doesn't show hand 
*** SUMMARY ***
Total pot $2 | Rake $0 
Seat 1: fobot21 (button) (small blind) collected ($2)
Seat 4: b2k-Snick (big blind) folded before Flop



PokerStars Hand #254226860030:  Hold'em No Limit ($0.50/$1.00 USD) - 2025/01/06 13:03:45 WET [2025/01/06 8:03:45 ET]
Table 'Bauschinger' 6-max Seat #4 is the button
Seat 1: fobot21 ($101 in chips) 
Seat 4: b2k-Snick ($104.50 in chips) 
b2k-Snick: posts small blind $0.50
fobot21: posts big blind $1
*** HOLE CARDS ***
b2k-Snick: raises $1.50 to $2.50
fobot21: folds 
Uncalled bet ($1.50) returned to b2k-Snick
b2k-Snick collected $2 from pot
b2k-Snick: doesn't show hand 
*** SUMMARY ***
Total pot $2 | Rake $0 
Seat 1: fobot21 (big blind) folded before Flop
Seat 4: b2k-Snick (button) (small blind) collected ($2)



PokerStars Hand #254226861537:  Hold'em No Limit ($0.50/$1.00 USD) - 2025/01/06 13:03:54 WET [2025/01/06 8:03:54 ET]
Table 'Bauschinger' 6-max Seat #1 is the button
Seat 1: fobot21 ($100 in chips) 
Seat 4: b2k-Snick ($105.50 in chips) 
fobot21: posts small blind $0.50
b2k-Snick: posts big blind $1
*** HOLE CARDS ***
fobot21: raises $1.50 to $2.50
b2k-Snick: raises $7.50 to $10
fobot21: folds 
Uncalled bet ($7.50) returned to b2k-Snick
b2k-Snick collected $5 from pot
b2k-Snick: doesn't show hand 
*** SUMMARY ***
Total pot $5 | Rake $0 
Seat 1: fobot21 (button) (small blind) folded before Flop
Seat 4: b2k-Snick (big blind) collected ($5)



PokerStars Hand #254226865410:  Hold'em No Limit ($0.50/$1.00 USD) - 2025/01/06 13:04:17 WET [2025/01/06 8:04:17 ET]
Table 'Bauschinger' 6-max Seat #4 is the button
Seat 1: fobot21 ($100 in chips) 
Seat 4: b2k-Snick ($108 in chips) 
b2k-Snick: posts small blind $0.50
fobot21: posts big blind $1
*** HOLE CARDS ***
b2k-Snick: raises $1.50 to $2.50
fobot21: folds 
Uncalled bet ($1.50) returned to b2k-Snick
b2k-Snick collected $2 from pot
b2k-Snick: doesn't show hand 
*** SUMMARY ***
Total pot $2 | Rake $0 
Seat 1: fobot21 (big blind) folded before Flop
Seat 4: b2k-Snick (button) (small blind) collected ($2)



PokerStars Hand #254226866954:  Hold'em No Limit ($0.50/$1.00 USD) - 2025/01/06 13:04:27 WET [2025/01/06 8:04:27 ET]
Table 'Bauschinger' 6-max Seat #1 is the button
Seat 1: fobot21 ($100 in chips) 
Seat 4: b2k-Snick ($109 in chips) 
fobot21: posts small blind $0.50
b2k-Snick: posts big blind $1
*** HOLE CARDS ***
fobot21: raises $1 to $2
b2k-Snick: raises $8 to $10
fobot21: folds 
Uncalled bet ($8) returned to b2k-Snick
b2k-Snick collected $4 from pot
b2k-Snick: doesn't show hand 
*** SUMMARY ***
Total pot $4 | Rake $0 
Seat 1: fobot21 (button) (small blind) folded before Flop
Seat 4: b2k-Snick (big blind) collected ($4)



PokerStars Hand #254226871014:  Hold'em No Limit ($0.50/$1.00 USD) - 2025/01/06 13:04:51 WET [2025/01/06 8:04:51 ET]
Table 'Bauschinger' 6-max Seat #4 is the button
Seat 1: fobot21 ($100 in chips) 
Seat 4: b2k-Snick ($111 in chips) 
b2k-Snick: posts small blind $0.50
fobot21: posts big blind $1
*** HOLE CARDS ***
b2k-Snick: folds 
Uncalled bet ($0.50) returned to fobot21
fobot21 collected $1 from pot
fobot21: doesn't show hand 
*** SUMMARY ***
Total pot $1 | Rake $0 
Seat 1: fobot21 (big blind) collected ($1)
Seat 4: b2k-Snick (button) (small blind) folded before Flop



PokerStars Hand #254226872090:  Hold'em No Limit ($0.50/$1.00 USD) - 2025/01/06 13:04:57 WET [2025/01/06 8:04:57 ET]
Table 'Bauschinger' 6-max Seat #1 is the button
Seat 1: fobot21 ($100.50 in chips) 
Seat 4: b2k-Snick ($110.50 in chips) 
fobot21: posts small blind $0.50
b2k-Snick: posts big blind $1
*** HOLE CARDS ***
fobot21: raises $1 to $2
b2k-Snick: calls $1
*** FLOP *** [5c Js 5d]
b2k-Snick: checks 
fobot21: bets $1
b2k-Snick: calls $1
*** TURN *** [5c Js 5d] [9d]
b2k-Snick: checks 
fobot21: checks 
*** RIVER *** [5c Js 5d 9d] [9h]
b2k-Snick: checks 
fobot21: checks 
*** SHOW DOWN ***
b2k-Snick: shows [7c Kc] (two pair, Nines and Fives)
fobot21: shows [8c Jh] (two pair, Jacks and Nines)
fobot21 collected $5.70 from pot
*** SUMMARY ***
Total pot $6 | Rake $0.30 
Board [5c Js 5d 9d 9h]
Seat 1: fobot21 (button) (small blind) showed [8c Jh] and won ($5.70) with two pair, Jacks and Nines
Seat 4: b2k-Snick (big blind) showed [7c Kc] and lost with two pair, Nines and Fives



PokerStars Hand #254226877833:  Hold'em No Limit ($0.50/$1.00 USD) - 2025/01/06 13:05:33 WET [2025/01/06 8:05:33 ET]
Table 'Bauschinger' 6-max Seat #4 is the button
Seat 1: fobot21 ($103.20 in chips) 
Seat 4: b2k-Snick ($107.50 in chips) 
b2k-Snick: posts small blind $0.50
fobot21: posts big blind $1
*** HOLE CARDS ***
b2k-Snick: raises $1.50 to $2.50
fobot21: raises $9 to $11.50
b2k-Snick: folds 
Uncalled bet ($9) returned to fobot21
fobot21 collected $5 from pot
fobot21: doesn't show hand 
*** SUMMARY ***
Total pot $5 | Rake $0 
Seat 1: fobot21 (big blind) collected ($5)
Seat 4: b2k-Snick (button) (small blind) folded before Flop



PokerStars Hand #254226880272:  Hold'em No Limit ($0.50/$1.00 USD) - 2025/01/06 13:05:47 WET [2025/01/06 8:05:47 ET]
Table 'Bauschinger' 6-max Seat #1 is the button
Seat 1: fobot21 ($105.70 in chips) 
Seat 4: b2k-Snick ($105 in chips) 
fobot21: posts small blind $0.50
b2k-Snick: posts big blind $1
*** HOLE CARDS ***
fobot21: folds 
Uncalled bet ($0.50) returned to b2k-Snick
b2k-Snick collected $1 from pot
b2k-Snick: doesn't show hand 
*** SUMMARY ***
Total pot $1 | Rake $0 
Seat 1: fobot21 (button) (small blind) folded before Flop
Seat 4: b2k-Snick (big blind) collected ($1)



PokerStars Hand #254226882495:  Hold'em No Limit ($0.50/$1.00 USD) - 2025/01/06 13:06:00 WET [2025/01/06 8:06:00 ET]
Table 'Bauschinger' 6-max Seat #4 is the button
Seat 1: fobot21 ($105.20 in chips) 
Seat 4: b2k-Snick ($105.50 in chips) 
b2k-Snick: posts small blind $0.50
fobot21: posts big blind $1
*** HOLE CARDS ***
b2k-Snick: folds 
Uncalled bet ($0.50) returned to fobot21
fobot21 collected $1 from pot
fobot21: doesn't show hand 
*** SUMMARY ***
Total pot $1 | Rake $0 
Seat 1: fobot21 (big blind) collected ($1)
Seat 4: b2k-Snick (button) (small blind) folded before Flop



PokerStars Hand #254226884025:  Hold'em No Limit ($0.50/$1.00 USD) - 2025/01/06 13:06:09 WET [2025/01/06 8:06:09 ET]
Table 'Bauschinger' 6-max Seat #1 is the button
Seat 1: fobot21 ($105.70 in chips) 
Seat 4: b2k-Snick ($105 in chips) 
fobot21: posts small blind $0.50
b2k-Snick: posts big blind $1
*** HOLE CARDS ***
fobot21: raises $1 to $2
b2k-Snick: folds 
Uncalled bet ($1) returned to fobot21
fobot21 collected $2 from pot
fobot21: doesn't show hand 
*** SUMMARY ***
Total pot $2 | Rake $0 
Seat 1: fobot21 (button) (small blind) collected ($2)
Seat 4: b2k-Snick (big blind) folded before Flop



PokerStars Hand #254226885390:  Hold'em No Limit ($0.50/$1.00 USD) - 2025/01/06 13:06:17 WET [2025/01/06 8:06:17 ET]
Table 'Bauschinger' 6-max Seat #4 is the button
Seat 1: fobot21 ($106.70 in chips) 
Seat 4: b2k-Snick ($104 in chips) 
b2k-Snick: posts small blind $0.50
fobot21: posts big blind $1
*** HOLE CARDS ***
b2k-Snick: folds 
Uncalled bet ($0.50) returned to fobot21
fobot21 collected $1 from pot
fobot21: doesn't show hand 
*** SUMMARY ***
Total pot $1 | Rake $0 
Seat 1: fobot21 (big blind) collected ($1)
Seat 4: b2k-Snick (button) (small blind) folded before Flop



PokerStars Hand #254226886589:  Hold'em No Limit ($0.50/$1.00 USD) - 2025/01/06 13:06:25 WET [2025/01/06 8:06:25 ET]
Table 'Bauschinger' 6-max Seat #1 is the button
Seat 1: fobot21 ($107.20 in chips) 
Seat 4: b2k-Snick ($103.50 in chips) 
fobot21: posts small blind $0.50
b2k-Snick: posts big blind $1
*** HOLE CARDS ***
fobot21: raises $1 to $2
b2k-Snick: calls $1
*** FLOP *** [Jd 5d Qh]
b2k-Snick: checks 
fobot21: bets $2.89
b2k-Snick: folds 
Uncalled bet ($2.89) returned to fobot21
fobot21 collected $3.80 from pot
fobot21: doesn't show hand 
*** SUMMARY ***
Total pot $4 | Rake $0.20 
Board [Jd 5d Qh]
Seat 1: fobot21 (button) (small blind) collected ($3.80)
Seat 4: b2k-Snick (big blind) folded on the Flop



PokerStars Hand #254226889120:  Hold'em No Limit ($0.50/$1.00 USD) - 2025/01/06 13:06:40 WET [2025/01/06 8:06:40 ET]
Table 'Bauschinger' 6-max Seat #4 is the button
Seat 1: fobot21 ($109 in chips) 
Seat 4: b2k-Snick ($101.50 in chips) 
b2k-Snick: posts small blind $0.50
fobot21: posts big blind $1
*** HOLE CARDS ***
b2k-Snick: raises $1.50 to $2.50
fobot21: folds 
Uncalled bet ($1.50) returned to b2k-Snick
b2k-Snick collected $2 from pot
b2k-Snick: doesn't show hand 
*** SUMMARY ***
Total pot $2 | Rake $0 
Seat 1: fobot21 (big blind) folded before Flop
Seat 4: b2k-Snick (button) (small blind) collected ($2)



PokerStars Hand #254226891743:  Hold'em No Limit ($0.50/$1.00 USD) - 2025/01/06 13:06:56 WET [2025/01/06 8:06:56 ET]
Table 'Bauschinger' 6-max Seat #1 is the button
Seat 1: fobot21 ($108 in chips) 
Seat 4: b2k-Snick ($102.50 in chips) 
fobot21: posts small blind $0.50
b2k-Snick: posts big blind $1
*** HOLE CARDS ***
fobot21: raises $1 to $2
b2k-Snick: calls $1
*** FLOP *** [4d Kh 6c]
b2k-Snick: checks 
fobot21: checks 
*** TURN *** [4d Kh 6c] [8d]
b2k-Snick: bets $2.09
fobot21: calls $2.09
*** RIVER *** [4d Kh 6c 8d] [7c]
b2k-Snick: bets $1.71
fobot21: calls $1.71
*** SHOW DOWN ***
b2k-Snick: shows [7h 6d] (two pair, Sevens and Sixes)
fobot21: mucks hand 
b2k-Snick collected $11.02 from pot
*** SUMMARY ***
Total pot $11.60 | Rake $0.58 
Board [4d Kh 6c 8d 7c]
Seat 1: fobot21 (button) (small blind) mucked
Seat 4: b2k-Snick (big blind) showed [7h 6d] and won ($11.02) with two pair, Sevens and Sixes



PokerStars Hand #254226905592:  Hold'em No Limit ($0.50/$1.00 USD) - 2025/01/06 13:08:18 WET [2025/01/06 8:08:18 ET]
Table 'Bauschinger' 6-max Seat #4 is the button
Seat 1: fobot21 ($102.20 in chips) 
Seat 4: b2k-Snick ($107.72 in chips) 
b2k-Snick: posts small blind $0.50
fobot21: posts big blind $1
*** HOLE CARDS ***
b2k-Snick: folds 
Uncalled bet ($0.50) returned to fobot21
fobot21 collected $1 from pot
fobot21: doesn't show hand 
*** SUMMARY ***
Total pot $1 | Rake $0 
Seat 1: fobot21 (big blind) collected ($1)
Seat 4: b2k-Snick (button) (small blind) folded before Flop



PokerStars Hand #254226906892:  Hold'em No Limit ($0.50/$1.00 USD) - 2025/01/06 13:08:26 WET [2025/01/06 8:08:26 ET]
Table 'Bauschinger' 6-max Seat #1 is the button
Seat 1: fobot21 ($102.70 in chips) 
Seat 4: b2k-Snick ($107.22 in chips) 
fobot21: posts small blind $0.50
b2k-Snick: posts big blind $1
*** HOLE CARDS ***
fobot21: folds 
Uncalled bet ($0.50) returned to b2k-Snick
b2k-Snick collected $1 from pot
b2k-Snick: doesn't show hand 
*** SUMMARY ***
Total pot $1 | Rake $0 
Seat 1: fobot21 (button) (small blind) folded before Flop
Seat 4: b2k-Snick (big blind) collected ($1)



PokerStars Hand #254226907865:  Hold'em No Limit ($0.50/$1.00 USD) - 2025/01/06 13:08:32 WET [2025/01/06 8:08:32 ET]
Table 'Bauschinger' 6-max Seat #4 is the button
Seat 1: fobot21 ($102.20 in chips) 
Seat 4: b2k-Snick ($107.72 in chips) 
b2k-Snick: posts small blind $0.50
fobot21: posts big blind $1
*** HOLE CARDS ***
b2k-Snick: raises $1.50 to $2.50
fobot21: calls $1.50
*** FLOP *** [Qh 8d Td]
fobot21: checks 
b2k-Snick: checks 
*** TURN *** [Qh 8d Td] [Ts]
fobot21: bets $1.62
b2k-Snick: folds 
Uncalled bet ($1.62) returned to fobot21
fobot21 collected $4.75 from pot
fobot21: doesn't show hand 
*** SUMMARY ***
Total pot $5 | Rake $0.25 
Board [Qh 8d Td Ts]
Seat 1: fobot21 (big blind) collected ($4.75)
Seat 4: b2k-Snick (button) (small blind) folded on the Turn



PokerStars Hand #254226913266:  Hold'em No Limit ($0.50/$1.00 USD) - 2025/01/06 13:09:04 WET [2025/01/06 8:09:04 ET]
Table 'Bauschinger' 6-max Seat #1 is the button
Seat 1: fobot21 ($104.45 in chips) 
Seat 4: b2k-Snick ($105.22 in chips) 
fobot21: posts small blind $0.50
b2k-Snick: posts big blind $1
*** HOLE CARDS ***
fobot21: folds 
Uncalled bet ($0.50) returned to b2k-Snick
b2k-Snick collected $1 from pot
b2k-Snick: doesn't show hand 
*** SUMMARY ***
Total pot $1 | Rake $0 
Seat 1: fobot21 (button) (small blind) folded before Flop
Seat 4: b2k-Snick (big blind) collected ($1)



PokerStars Hand #254226914239:  Hold'em No Limit ($0.50/$1.00 USD) - 2025/01/06 13:09:10 WET [2025/01/06 8:09:10 ET]
Table 'Bauschinger' 6-max Seat #4 is the button
Seat 1: fobot21 ($103.95 in chips) 
Seat 4: b2k-Snick ($105.72 in chips) 
b2k-Snick: posts small blind $0.50
fobot21: posts big blind $1
*** HOLE CARDS ***
b2k-Snick: raises $1.50 to $2.50
fobot21: raises $9 to $11.50
b2k-Snick: folds 
Uncalled bet ($9) returned to fobot21
fobot21 collected $5 from pot
fobot21: doesn't show hand 
*** SUMMARY ***
Total pot $5 | Rake $0 
Seat 1: fobot21 (big blind) collected ($5)
Seat 4: b2k-Snick (button) (small blind) folded before Flop



PokerStars Hand #254226917603:  Hold'em No Limit ($0.50/$1.00 USD) - 2025/01/06 13:09:29 WET [2025/01/06 8:09:29 ET]
Table 'Bauschinger' 6-max Seat #1 is the button
Seat 1: fobot21 ($106.45 in chips) 
Seat 4: b2k-Snick ($103.22 in chips) 
fobot21: posts small blind $0.50
b2k-Snick: posts big blind $1
*** HOLE CARDS ***
fobot21: folds 
Uncalled bet ($0.50) returned to b2k-Snick
b2k-Snick collected $1 from pot
b2k-Snick: doesn't show hand 
*** SUMMARY ***
Total pot $1 | Rake $0 
Seat 1: fobot21 (button) (small blind) folded before Flop
Seat 4: b2k-Snick (big blind) collected ($1)



PokerStars Hand #254226918487:  Hold'em No Limit ($0.50/$1.00 USD) - 2025/01/06 13:09:34 WET [2025/01/06 8:09:34 ET]
Table 'Bauschinger' 6-max Seat #4 is the button
Seat 1: fobot21 ($105.95 in chips) 
Seat 4: b2k-Snick ($103.72 in chips) 
b2k-Snick: posts small blind $0.50
fobot21: posts big blind $1
*** HOLE CARDS ***
b2k-Snick: raises $1.50 to $2.50
fobot21: folds 
Uncalled bet ($1.50) returned to b2k-Snick
b2k-Snick collected $2 from pot
b2k-Snick: doesn't show hand 
*** SUMMARY ***
Total pot $2 | Rake $0 
Seat 1: fobot21 (big blind) folded before Flop
Seat 4: b2k-Snick (button) (small blind) collected ($2)



PokerStars Hand #254226920586:  Hold'em No Limit ($0.50/$1.00 USD) - 2025/01/06 13:09:47 WET [2025/01/06 8:09:47 ET]
Table 'Bauschinger' 6-max Seat #1 is the button
Seat 1: fobot21 ($104.95 in chips) 
Seat 4: b2k-Snick ($104.72 in chips) 
fobot21: posts small blind $0.50
b2k-Snick: posts big blind $1
*** HOLE CARDS ***
fobot21: folds 
Uncalled bet ($0.50) returned to b2k-Snick
b2k-Snick collected $1 from pot
b2k-Snick: doesn't show hand 
*** SUMMARY ***
Total pot $1 | Rake $0 
Seat 1: fobot21 (button) (small blind) folded before Flop
Seat 4: b2k-Snick (big blind) collected ($1)



PokerStars Hand #254226922561:  Hold'em No Limit ($0.50/$1.00 USD) - 2025/01/06 13:09:59 WET [2025/01/06 8:09:59 ET]
Table 'Bauschinger' 6-max Seat #4 is the button
Seat 1: fobot21 ($104.45 in chips) 
Seat 4: b2k-Snick ($105.22 in chips) 
b2k-Snick: posts small blind $0.50
fobot21: posts big blind $1
*** HOLE CARDS ***
b2k-Snick: raises $1.50 to $2.50
fobot21: folds 
Uncalled bet ($1.50) returned to b2k-Snick
b2k-Snick collected $2 from pot
b2k-Snick: doesn't show hand 
*** SUMMARY ***
Total pot $2 | Rake $0 
Seat 1: fobot21 (big blind) folded before Flop
Seat 4: b2k-Snick (button) (small blind) collected ($2)



PokerStars Hand #254226925158:  Hold'em No Limit ($0.50/$1.00 USD) - 2025/01/06 13:10:14 WET [2025/01/06 8:10:14 ET]
Table 'Bauschinger' 6-max Seat #1 is the button
Seat 1: fobot21 ($103.45 in chips) 
Seat 4: b2k-Snick ($106.22 in chips) 
fobot21: posts small blind $0.50
b2k-Snick: posts big blind $1
*** HOLE CARDS ***
fobot21: raises $1.90 to $2.90
b2k-Snick: folds 
Uncalled bet ($1.90) returned to fobot21
fobot21 collected $2 from pot
fobot21: doesn't show hand 
*** SUMMARY ***
Total pot $2 | Rake $0 
Seat 1: fobot21 (button) (small blind) collected ($2)
Seat 4: b2k-Snick (big blind) folded before Flop



PokerStars Hand #254226927027:  Hold'em No Limit ($0.50/$1.00 USD) - 2025/01/06 13:10:25 WET [2025/01/06 8:10:25 ET]
Table 'Bauschinger' 6-max Seat #4 is the button
Seat 1: fobot21 ($104.45 in chips) 
Seat 4: b2k-Snick ($105.22 in chips) 
b2k-Snick: posts small blind $0.50
fobot21: posts big blind $1
*** HOLE CARDS ***
b2k-Snick: folds 
Uncalled bet ($0.50) returned to fobot21
fobot21 collected $1 from pot
fobot21: doesn't show hand 
*** SUMMARY ***
Total pot $1 | Rake $0 
Seat 1: fobot21 (big blind) collected ($1)
Seat 4: b2k-Snick (button) (small blind) folded before Flop



PokerStars Hand #254226928101:  Hold'em No Limit ($0.50/$1.00 USD) - 2025/01/06 13:10:31 WET [2025/01/06 8:10:31 ET]
Table 'Bauschinger' 6-max Seat #1 is the button
Seat 1: fobot21 ($104.95 in chips) 
Seat 4: b2k-Snick ($104.72 in chips) 
fobot21: posts small blind $0.50
b2k-Snick: posts big blind $1
*** HOLE CARDS ***
fobot21: folds 
Uncalled bet ($0.50) returned to b2k-Snick
b2k-Snick collected $1 from pot
b2k-Snick: doesn't show hand 
*** SUMMARY ***
Total pot $1 | Rake $0 
Seat 1: fobot21 (button) (small blind) folded before Flop
Seat 4: b2k-Snick (big blind) collected ($1)



PokerStars Hand #254226929888:  Hold'em No Limit ($0.50/$1.00 USD) - 2025/01/06 13:10:42 WET [2025/01/06 8:10:42 ET]
Table 'Bauschinger' 6-max Seat #4 is the button
Seat 1: fobot21 ($104.45 in chips) 
Seat 4: b2k-Snick ($105.22 in chips) 
b2k-Snick: posts small blind $0.50
fobot21: posts big blind $1
*** HOLE CARDS ***
b2k-Snick: raises $1.50 to $2.50
fobot21: folds 
Uncalled bet ($1.50) returned to b2k-Snick
b2k-Snick collected $2 from pot
b2k-Snick: doesn't show hand 
*** SUMMARY ***
Total pot $2 | Rake $0 
Seat 1: fobot21 (big blind) folded before Flop
Seat 4: b2k-Snick (button) (small blind) collected ($2)



PokerStars Hand #254226931634:  Hold'em No Limit ($0.50/$1.00 USD) - 2025/01/06 13:10:53 WET [2025/01/06 8:10:53 ET]
Table 'Bauschinger' 6-max Seat #1 is the button
Seat 1: fobot21 ($103.45 in chips) 
Seat 4: b2k-Snick ($106.22 in chips) 
fobot21: posts small blind $0.50
b2k-Snick: posts big blind $1
*** HOLE CARDS ***
fobot21: raises $1.90 to $2.90
b2k-Snick: folds 
Uncalled bet ($1.90) returned to fobot21
fobot21 collected $2 from pot
fobot21: doesn't show hand 
*** SUMMARY ***
Total pot $2 | Rake $0 
Seat 1: fobot21 (button) (small blind) collected ($2)
Seat 4: b2k-Snick (big blind) folded before Flop



PokerStars Hand #254226933435:  Hold'em No Limit ($0.50/$1.00 USD) - 2025/01/06 13:11:04 WET [2025/01/06 8:11:04 ET]
Table 'Bauschinger' 6-max Seat #4 is the button
Seat 1: fobot21 ($104.45 in chips) 
Seat 4: b2k-Snick ($105.22 in chips) 
b2k-Snick: posts small blind $0.50
fobot21: posts big blind $1
*** HOLE CARDS ***
b2k-Snick: raises $1.50 to $2.50
fobot21: folds 
Uncalled bet ($1.50) returned to b2k-Snick
b2k-Snick collected $2 from pot
b2k-Snick: doesn't show hand 
*** SUMMARY ***
Total pot $2 | Rake $0 
Seat 1: fobot21 (big blind) folded before Flop
Seat 4: b2k-Snick (button) (small blind) collected ($2)



PokerStars Hand #254226935150:  Hold'em No Limit ($0.50/$1.00 USD) - 2025/01/06 13:11:14 WET [2025/01/06 8:11:14 ET]
Table 'Bauschinger' 6-max Seat #1 is the button
Seat 1: fobot21 ($103.45 in chips) 
Seat 4: b2k-Snick ($106.22 in chips) 
fobot21: posts small blind $0.50
b2k-Snick: posts big blind $1
*** HOLE CARDS ***
fobot21: folds 
Uncalled bet ($0.50) returned to b2k-Snick
b2k-Snick collected $1 from pot
b2k-Snick: doesn't show hand 
*** SUMMARY ***
Total pot $1 | Rake $0 
Seat 1: fobot21 (button) (small blind) folded before Flop
Seat 4: b2k-Snick (big blind) collected ($1)



PokerStars Hand #254226936020:  Hold'em No Limit ($0.50/$1.00 USD) - 2025/01/06 13:11:19 WET [2025/01/06 8:11:19 ET]
Table 'Bauschinger' 6-max Seat #4 is the button
Seat 1: fobot21 ($102.95 in chips) 
Seat 4: b2k-Snick ($106.72 in chips) 
b2k-Snick: posts small blind $0.50
fobot21: posts big blind $1
*** HOLE CARDS ***
b2k-Snick: folds 
Uncalled bet ($0.50) returned to fobot21
fobot21 collected $1 from pot
fobot21: doesn't show hand 
*** SUMMARY ***
Total pot $1 | Rake $0 
Seat 1: fobot21 (big blind) collected ($1)
Seat 4: b2k-Snick (button) (small blind) folded before Flop



PokerStars Hand #254226937405:  Hold'em No Limit ($0.50/$1.00 USD) - 2025/01/06 13:11:27 WET [2025/01/06 8:11:27 ET]
Table 'Bauschinger' 6-max Seat #1 is the button
Seat 1: fobot21 ($103.45 in chips) 
Seat 4: b2k-Snick ($106.22 in chips) 
fobot21: posts small blind $0.50
b2k-Snick: posts big blind $1
*** HOLE CARDS ***
fobot21: folds 
Uncalled bet ($0.50) returned to b2k-Snick
b2k-Snick collected $1 from pot
b2k-Snick: doesn't show hand 
*** SUMMARY ***
Total pot $1 | Rake $0 
Seat 1: fobot21 (button) (small blind) folded before Flop
Seat 4: b2k-Snick (big blind) collected ($1)



PokerStars Hand #254226938330:  Hold'em No Limit ($0.50/$1.00 USD) - 2025/01/06 13:11:32 WET [2025/01/06 8:11:32 ET]
Table 'Bauschinger' 6-max Seat #4 is the button
Seat 1: fobot21 ($102.95 in chips) 
Seat 4: b2k-Snick ($106.72 in chips) 
b2k-Snick: posts small blind $0.50
fobot21: posts big blind $1
*** HOLE CARDS ***
b2k-Snick: folds 
Uncalled bet ($0.50) returned to fobot21
fobot21 collected $1 from pot
fobot21: doesn't show hand 
*** SUMMARY ***
Total pot $1 | Rake $0 
Seat 1: fobot21 (big blind) collected ($1)
Seat 4: b2k-Snick (button) (small blind) folded before Flop



PokerStars Hand #254226939416:  Hold'em No Limit ($0.50/$1.00 USD) - 2025/01/06 13:11:39 WET [2025/01/06 8:11:39 ET]
Table 'Bauschinger' 6-max Seat #1 is the button
Seat 1: fobot21 ($103.45 in chips) 
Seat 4: b2k-Snick ($106.22 in chips) 
fobot21: posts small blind $0.50
b2k-Snick: posts big blind $1
*** HOLE CARDS ***
fobot21: folds 
Uncalled bet ($0.50) returned to b2k-Snick
b2k-Snick collected $1 from pot
b2k-Snick: doesn't show hand 
*** SUMMARY ***
Total pot $1 | Rake $0 
Seat 1: fobot21 (button) (small blind) folded before Flop
Seat 4: b2k-Snick (big blind) collected ($1)



PokerStars Hand #254226940444:  Hold'em No Limit ($0.50/$1.00 USD) - 2025/01/06 13:11:45 WET [2025/01/06 8:11:45 ET]
Table 'Bauschinger' 6-max Seat #4 is the button
Seat 1: fobot21 ($102.95 in chips) 
Seat 4: b2k-Snick ($106.72 in chips) 
b2k-Snick: posts small blind $0.50
fobot21: posts big blind $1
*** HOLE CARDS ***
b2k-Snick: raises $1.50 to $2.50
fobot21: raises $9 to $11.50
b2k-Snick: calls $9
*** FLOP *** [4c Kc 4h]
fobot21: bets $7.48
b2k-Snick: calls $7.48
*** TURN *** [4c Kc 4h] [5d]
fobot21: bets $28.09
b2k-Snick: calls $28.09
*** RIVER *** [4c Kc 4h 5d] [7d]
fobot21: bets $55.88 and is all-in
b2k-Snick: calls $55.88
*** SHOW DOWN ***
fobot21: shows [Qs Ks] (two pair, Kings and Fours)
b2k-Snick: shows [7s 7c] (a full house, Sevens full of Fours)
b2k-Snick collected $204.90 from pot
*** SUMMARY ***
Total pot $205.90 | Rake $1 
Board [4c Kc 4h 5d 7d]
Seat 1: fobot21 (big blind) showed [Qs Ks] and lost with two pair, Kings and Fours
Seat 4: b2k-Snick (button) (small blind) showed [7s 7c] and won ($204.90) with a full house, Sevens full of Fours



PokerStars Hand #254226950710:  Hold'em No Limit ($0.50/$1.00 USD) - 2025/01/06 13:12:46 WET [2025/01/06 8:12:46 ET]
Table 'Bauschinger' 6-max Seat #1 is the button
Seat 1: fobot21 ($100 in chips) 
Seat 4: b2k-Snick ($208.67 in chips) 
fobot21: posts small blind $0.50
b2k-Snick: posts big blind $1
*** HOLE CARDS ***
fobot21: folds 
Uncalled bet ($0.50) returned to b2k-Snick
b2k-Snick collected $1 from pot
b2k-Snick: doesn't show hand 
*** SUMMARY ***
Total pot $1 | Rake $0 
Seat 1: fobot21 (button) (small blind) folded before Flop
Seat 4: b2k-Snick (big blind) collected ($1)



PokerStars Hand #254226951787:  Hold'em No Limit ($0.50/$1.00 USD) - 2025/01/06 13:12:52 WET [2025/01/06 8:12:52 ET]
Table 'Bauschinger' 6-max Seat #4 is the button
Seat 1: fobot21 ($100 in chips) 
Seat 4: b2k-Snick ($209.17 in chips) 
b2k-Snick: posts small blind $0.50
fobot21: posts big blind $1
*** HOLE CARDS ***
b2k-Snick: folds 
Uncalled bet ($0.50) returned to fobot21
fobot21 collected $1 from pot
fobot21: doesn't show hand 
*** SUMMARY ***
Total pot $1 | Rake $0 
Seat 1: fobot21 (big blind) collected ($1)
Seat 4: b2k-Snick (button) (small blind) folded before Flop



PokerStars Hand #254226952813:  Hold'em No Limit ($0.50/$1.00 USD) - 2025/01/06 13:12:58 WET [2025/01/06 8:12:58 ET]
Table 'Bauschinger' 6-max Seat #1 is the button
Seat 1: fobot21 ($100.50 in chips) 
Seat 4: b2k-Snick ($208.67 in chips) 
fobot21: posts small blind $0.50
b2k-Snick: posts big blind $1
*** HOLE CARDS ***
fobot21: raises $1.90 to $2.90
b2k-Snick: calls $1.90
*** FLOP *** [9h 4h Qc]
b2k-Snick: checks 
Obi1Kenobi101 joins the table at seat #2 
Obi1Kenobi101 is disconnected 
fobot21: bets $4.19
b2k-Snick: folds 
Uncalled bet ($4.19) returned to fobot21
fobot21 collected $5.51 from pot
fobot21: doesn't show hand 
*** SUMMARY ***
Total pot $5.80 | Rake $0.29 
Board [9h 4h Qc]
Seat 1: fobot21 (button) (small blind) collected ($5.51)
Seat 4: b2k-Snick (big blind) folded on the Flop



PokerStars Hand #254226957424:  Hold'em No Limit ($0.50/$1.00 USD) - 2025/01/06 13:13:25 WET [2025/01/06 8:13:25 ET]
Table 'Bauschinger' 6-max Seat #4 is the button
Seat 1: fobot21 ($103.11 in chips) 
Seat 2: Obi1Kenobi101 ($23.99 in chips) 
Seat 4: b2k-Snick ($205.77 in chips) 
fobot21: posts small blind $0.50
Obi1Kenobi101: posts big blind $1
*** HOLE CARDS ***
b2k-Snick: raises $1.50 to $2.50
fobot21: folds 
Obi1Kenobi101: folds 
Uncalled bet ($1.50) returned to b2k-Snick
b2k-Snick collected $2.50 from pot
b2k-Snick: doesn't show hand 
*** SUMMARY ***
Total pot $2.50 | Rake $0 
Seat 1: fobot21 (small blind) folded before Flop
Seat 2: Obi1Kenobi101 (big blind) folded before Flop
Seat 4: b2k-Snick (button) collected ($2.50)



PokerStars Hand #254226959103:  Hold'em No Limit ($0.50/$1.00 USD) - 2025/01/06 13:13:35 WET [2025/01/06 8:13:35 ET]
Table 'Bauschinger' 6-max Seat #1 is the button
Seat 1: fobot21 ($102.61 in chips) 
Seat 2: Obi1Kenobi101 ($22.99 in chips) 
Seat 4: b2k-Snick ($207.27 in chips) 
Obi1Kenobi101: posts small blind $0.50
b2k-Snick: posts big blind $1
*** HOLE CARDS ***
fobot21: folds 
Obi1Kenobi101: raises $1 to $2
b2k-Snick: folds 
Uncalled bet ($1) returned to Obi1Kenobi101
Obi1Kenobi101 collected $2 from pot
*** SUMMARY ***
Total pot $2 | Rake $0 
Seat 1: fobot21 (button) folded before Flop (didn't bet)
Seat 2: Obi1Kenobi101 (small blind) collected ($2)
Seat 4: b2k-Snick (big blind) folded before Flop



PokerStars Hand #254226961387:  Hold'em No Limit ($0.50/$1.00 USD) - 2025/01/06 13:13:49 WET [2025/01/06 8:13:49 ET]
Table 'Bauschinger' 6-max Seat #2 is the button
Seat 1: fobot21 ($102.61 in chips) 
Seat 2: Obi1Kenobi101 ($23.99 in chips) 
Seat 4: b2k-Snick ($206.27 in chips) 
b2k-Snick: posts small blind $0.50
fobot21: posts big blind $1
*** HOLE CARDS ***
Obi1Kenobi101: folds 
b2k-Snick: folds 
Uncalled bet ($0.50) returned to fobot21
fobot21 collected $1 from pot
fobot21: doesn't show hand 
*** SUMMARY ***
Total pot $1 | Rake $0 
Seat 1: fobot21 (big blind) collected ($1)
Seat 2: Obi1Kenobi101 (button) folded before Flop (didn't bet)
Seat 4: b2k-Snick (small blind) folded before Flop



PokerStars Hand #254226962764:  Hold'em No Limit ($0.50/$1.00 USD) - 2025/01/06 13:13:56 WET [2025/01/06 8:13:56 ET]
Table 'Bauschinger' 6-max Seat #4 is the button
Seat 1: fobot21 ($103.11 in chips) 
Seat 2: Obi1Kenobi101 ($23.99 in chips) 
Seat 4: b2k-Snick ($205.77 in chips) 
fobot21: posts small blind $0.50
Obi1Kenobi101: posts big blind $1
*** HOLE CARDS ***
b2k-Snick: folds 
fobot21: raises $1.90 to $2.90
Obi1Kenobi101: raises $2.90 to $5.80
fobot21: raises $74.25 to $80.05
Obi1Kenobi101: calls $18.19 and is all-in
Uncalled bet ($56.06) returned to fobot21
*** FLOP *** [6d Js 3d]
*** TURN *** [6d Js 3d] [2h]
*** RIVER *** [6d Js 3d 2h] [9c]
*** SHOW DOWN ***
fobot21: shows [Td Th] (a pair of Tens)
Obi1Kenobi101: shows [Qd As] (high card Ace)
fobot21 collected $46.98 from pot
*** SUMMARY ***
Total pot $47.98 | Rake $1 
Board [6d Js 3d 2h 9c]
Seat 1: fobot21 (small blind) showed [Td Th] and won ($46.98) with a pair of Tens
Seat 2: Obi1Kenobi101 (big blind) showed [Qd As] and lost with high card Ace
Seat 4: b2k-Snick (button) folded before Flop (didn't bet)



PokerStars Hand #254226967578:  Hold'em No Limit ($0.50/$1.00 USD) - 2025/01/06 13:14:25 WET [2025/01/06 8:14:25 ET]
Table 'Bauschinger' 6-max Seat #1 is the button
Seat 2: Obi1Kenobi101 ($0 in chips) is sitting out
Seat 1: fobot21 ($126.10 in chips) 
Seat 4: b2k-Snick ($205.77 in chips) 
fobot21: posts small blind $0.50
b2k-Snick: posts big blind $1
*** HOLE CARDS ***
fobot21: raises $1 to $2
Obi1Kenobi101 leaves the table
b2k-Snick: folds 
Uncalled bet ($1) returned to fobot21
fobot21 collected $2 from pot
fobot21: doesn't show hand 
*** SUMMARY ***
Total pot $2 | Rake $0 
Seat 2: Obi1Kenobi101
Seat 1: fobot21 (button) (small blind) collected ($2)
Seat 4: b2k-Snick (big blind) folded before Flop



PokerStars Hand #254226969074:  Hold'em No Limit ($0.50/$1.00 USD) - 2025/01/06 13:14:33 WET [2025/01/06 8:14:33 ET]
Table 'Bauschinger' 6-max Seat #4 is the button
Seat 1: fobot21 ($127.10 in chips) 
Seat 4: b2k-Snick ($204.77 in chips) 
b2k-Snick: posts small blind $0.50
fobot21: posts big blind $1
*** HOLE CARDS ***
b2k-Snick: raises $1.50 to $2.50
fobot21: folds 
Uncalled bet ($1.50) returned to b2k-Snick
fobot21 leaves the table
b2k-Snick collected $2 from pot
b2k-Snick: doesn't show hand 
*** SUMMARY ***
Total pot $2 | Rake $0 
Seat 1: fobot21 (big blind) folded before Flop
Seat 4: b2k-Snick (button) (small blind) collected ($2)



