PokerStars Hand #254225381336:  Hold'em No Limit ($0.50/$1.00 USD) - 2025/01/06 10:01:19 WET [2025/01/06 5:01:19 ET]
Table 'Teutonia II' 6-max Seat #2 is the button
Seat 1: value_ftw ($103.13 in chips) 
Seat 2: GERAKLmeat ($27.21 in chips) 
Seat 3: Saralah ($29.66 in chips) 
Seat 4: steelNike ($18.55 in chips) 
Seat 5: 4ikkiBamBoni ($103.70 in chips) 
Seat 6: VahTang_89 ($105.58 in chips) 
Saralah: posts small blind $0.50
steelNike: posts big blind $1
*** HOLE CARDS ***
4ikkiBamBoni: folds 
VahTang_89: folds 
value_ftw: folds 
GERAKLmeat: raises $1 to $2
Saralah: calls $1.50
steelNike: folds 
*** FLOP *** [Kh Ah 4d]
Saralah: checks 
GERAKLmeat: bets $1.43
Saralah: calls $1.43
*** TURN *** [Kh Ah 4d] [Ad]
Saralah: checks 
GERAKLmeat: checks 
*** RIVER *** [Kh Ah 4d Ad] [Qd]
Saralah: bets $3.74
GERAKLmeat: raises $20.04 to $23.78 and is all-in
Saralah: folds 
Uncalled bet ($20.04) returned to GERAKLmeat
GERAKLmeat collected $14.57 from pot
GERAKLmeat: doesn't show hand 
*** SUMMARY ***
Total pot $15.34 | Rake $0.77 
Board [Kh Ah 4d Ad Qd]
Seat 1: value_ftw folded before Flop (didn't bet)
Seat 2: GERAKLmeat (button) collected ($14.57)
Seat 3: Saralah (small blind) folded on the River
Seat 4: steelNike (big blind) folded before Flop
Seat 5: 4ikkiBamBoni folded before Flop (didn't bet)
Seat 6: VahTang_89 folded before Flop (didn't bet)



PokerStars Hand #254225387511:  Hold'em No Limit ($0.50/$1.00 USD) - 2025/01/06 10:02:17 WET [2025/01/06 5:02:17 ET]
Table 'Teutonia II' 6-max Seat #3 is the button
Seat 1: value_ftw ($103.13 in chips) 
Seat 2: GERAKLmeat ($34.61 in chips) 
Seat 3: Saralah ($22.49 in chips) 
Seat 4: steelNike ($17.55 in chips) 
Seat 5: 4ikkiBamBoni ($103.70 in chips) 
Seat 6: VahTang_89 ($105.58 in chips) 
steelNike: posts small blind $0.50
4ikkiBamBoni: posts big blind $1
*** HOLE CARDS ***
VahTang_89: folds 
value_ftw: folds 
GERAKLmeat: folds 
Saralah: raises $1 to $2
steelNike: raises $15.55 to $17.55 and is all-in
4ikkiBamBoni: folds 
Saralah: calls $15.55
*** FLOP *** [Qc 6s Td]
*** TURN *** [Qc 6s Td] [Kh]
*** RIVER *** [Qc 6s Td Kh] [6d]
*** SHOW DOWN ***
steelNike: shows [Qd Ks] (two pair, Kings and Queens)
Saralah: shows [Tc Kc] (two pair, Kings and Tens)
steelNike collected $34.30 from pot
*** SUMMARY ***
Total pot $36.10 | Rake $1.80 
Board [Qc 6s Td Kh 6d]
Seat 1: value_ftw folded before Flop (didn't bet)
Seat 2: GERAKLmeat folded before Flop (didn't bet)
Seat 3: Saralah (button) showed [Tc Kc] and lost with two pair, Kings and Tens
Seat 4: steelNike (small blind) showed [Qd Ks] and won ($34.30) with two pair, Kings and Queens
Seat 5: 4ikkiBamBoni (big blind) folded before Flop
Seat 6: VahTang_89 folded before Flop (didn't bet)



PokerStars Hand #254225390974:  Hold'em No Limit ($0.50/$1.00 USD) - 2025/01/06 10:02:49 WET [2025/01/06 5:02:49 ET]
Table 'Teutonia II' 6-max Seat #4 is the button
Seat 1: value_ftw ($103.13 in chips) 
Seat 2: GERAKLmeat ($34.61 in chips) 
Seat 3: Saralah ($4.94 in chips) 
Seat 4: steelNike ($34.30 in chips) 
Seat 5: 4ikkiBamBoni ($102.70 in chips) 
Seat 6: VahTang_89 ($105.58 in chips) 
4ikkiBamBoni: posts small blind $0.50
VahTang_89: posts big blind $1
*** HOLE CARDS ***
value_ftw: folds 
GERAKLmeat: folds 
Saralah: folds 
steelNike: raises $1.30 to $2.30
4ikkiBamBoni: folds 
VahTang_89: folds 
Uncalled bet ($1.30) returned to steelNike
steelNike collected $2.50 from pot
*** SUMMARY ***
Total pot $2.50 | Rake $0 
Seat 1: value_ftw folded before Flop (didn't bet)
Seat 2: GERAKLmeat folded before Flop (didn't bet)
Seat 3: Saralah folded before Flop (didn't bet)
Seat 4: steelNike (button) collected ($2.50)
Seat 5: 4ikkiBamBoni (small blind) folded before Flop
Seat 6: VahTang_89 (big blind) folded before Flop



PokerStars Hand #254225393331:  Hold'em No Limit ($0.50/$1.00 USD) - 2025/01/06 10:03:11 WET [2025/01/06 5:03:11 ET]
Table 'Teutonia II' 6-max Seat #5 is the button
Seat 1: value_ftw ($103.13 in chips) 
Seat 2: GERAKLmeat ($34.61 in chips) 
Seat 3: Saralah ($4.94 in chips) 
Seat 4: steelNike ($35.80 in chips) 
Seat 5: 4ikkiBamBoni ($102.20 in chips) 
Seat 6: VahTang_89 ($104.58 in chips) 
VahTang_89: posts small blind $0.50
value_ftw: posts big blind $1
*** HOLE CARDS ***
GERAKLmeat: folds 
Saralah: raises $3.94 to $4.94 and is all-in
steelNike: folds 
4ikkiBamBoni: folds 
VahTang_89: folds 
value_ftw: folds 
Uncalled bet ($3.94) returned to Saralah
Saralah collected $2.50 from pot
*** SUMMARY ***
Total pot $2.50 | Rake $0 
Seat 1: value_ftw (big blind) folded before Flop
Seat 2: GERAKLmeat folded before Flop (didn't bet)
Seat 3: Saralah collected ($2.50)
Seat 4: steelNike folded before Flop (didn't bet)
Seat 5: 4ikkiBamBoni (button) folded before Flop (didn't bet)
Seat 6: VahTang_89 (small blind) folded before Flop



PokerStars Hand #254225395039:  Hold'em No Limit ($0.50/$1.00 USD) - 2025/01/06 10:03:27 WET [2025/01/06 5:03:27 ET]
Table 'Teutonia II' 6-max Seat #6 is the button
Seat 1: value_ftw ($102.13 in chips) 
Seat 2: GERAKLmeat ($34.61 in chips) 
Seat 3: Saralah ($6.44 in chips) 
Seat 4: steelNike ($35.80 in chips) 
Seat 5: 4ikkiBamBoni ($102.20 in chips) 
Seat 6: VahTang_89 ($104.08 in chips) 
value_ftw: posts small blind $0.50
GERAKLmeat: posts big blind $1
*** HOLE CARDS ***
Saralah: raises $5.44 to $6.44 and is all-in
steelNike: folds 
4ikkiBamBoni: folds 
VahTang_89: folds 
value_ftw: folds 
GERAKLmeat: calls $5.44
*** FLOP *** [8s 6s 9s]
*** TURN *** [8s 6s 9s] [6d]
*** RIVER *** [8s 6s 9s 6d] [Js]
*** SHOW DOWN ***
GERAKLmeat: shows [Kc Kh] (two pair, Kings and Sixes)
Saralah: shows [Ac 7d] (a pair of Sixes)
GERAKLmeat collected $12.71 from pot
*** SUMMARY ***
Total pot $13.38 | Rake $0.67 
Board [8s 6s 9s 6d Js]
Seat 1: value_ftw (small blind) folded before Flop
Seat 2: GERAKLmeat (big blind) showed [Kc Kh] and won ($12.71) with two pair, Kings and Sixes
Seat 3: Saralah showed [Ac 7d] and lost with a pair of Sixes
Seat 4: steelNike folded before Flop (didn't bet)
Seat 5: 4ikkiBamBoni folded before Flop (didn't bet)
Seat 6: VahTang_89 (button) folded before Flop (didn't bet)



PokerStars Hand #254225398910:  Hold'em No Limit ($0.50/$1.00 USD) - 2025/01/06 10:04:03 WET [2025/01/06 5:04:03 ET]
Table 'Teutonia II' 6-max Seat #1 is the button
Seat 3: Saralah ($0 in chips) is sitting out
Seat 1: value_ftw ($101.63 in chips) 
Seat 2: GERAKLmeat ($40.88 in chips) 
Seat 4: steelNike ($35.80 in chips) 
Seat 5: 4ikkiBamBoni ($102.20 in chips) 
Seat 6: VahTang_89 ($104.08 in chips) 
GERAKLmeat: posts small blind $0.50
steelNike: posts big blind $1
*** HOLE CARDS ***
4ikkiBamBoni: folds 
VahTang_89: folds 
value_ftw: raises $1.50 to $2.50
GERAKLmeat: folds 
steelNike: calls $1.50
*** FLOP *** [6c 5s As]
steelNike: checks 
value_ftw: checks 
*** TURN *** [6c 5s As] [8d]
steelNike: bets $3.92
value_ftw: folds 
Uncalled bet ($3.92) returned to steelNike
steelNike collected $5.22 from pot
*** SUMMARY ***
Total pot $5.50 | Rake $0.28 
Board [6c 5s As 8d]
Seat 3: Saralah
Seat 1: value_ftw (button) folded on the Turn
Seat 2: GERAKLmeat (small blind) folded before Flop
Seat 4: steelNike (big blind) collected ($5.22)
Seat 5: 4ikkiBamBoni folded before Flop (didn't bet)
Seat 6: VahTang_89 folded before Flop (didn't bet)



PokerStars Hand #254225403087:  Hold'em No Limit ($0.50/$1.00 USD) - 2025/01/06 10:04:41 WET [2025/01/06 5:04:41 ET]
Table 'Teutonia II' 6-max Seat #2 is the button
Seat 3: Saralah ($29.19 in chips) is sitting out
Seat 1: value_ftw ($100 in chips) 
Seat 2: GERAKLmeat ($40.38 in chips) 
Seat 4: steelNike ($38.52 in chips) 
Seat 5: 4ikkiBamBoni ($102.20 in chips) 
Seat 6: VahTang_89 ($104.08 in chips) 
steelNike: posts small blind $0.50
4ikkiBamBoni: posts big blind $1
*** HOLE CARDS ***
VahTang_89: folds 
value_ftw: folds 
GERAKLmeat: raises $1 to $2
steelNike: folds 
4ikkiBamBoni: calls $1
*** FLOP *** [9c 8h 7h]
4ikkiBamBoni: checks 
GERAKLmeat: bets $1.28
4ikkiBamBoni: calls $1.28
*** TURN *** [9c 8h 7h] [7c]
4ikkiBamBoni: checks 
GERAKLmeat: checks 
*** RIVER *** [9c 8h 7h 7c] [5d]
4ikkiBamBoni: bets $1.68
GERAKLmeat: calls $1.68
*** SHOW DOWN ***
4ikkiBamBoni: shows [6d Kd] (a straight, Five to Nine)
GERAKLmeat: mucks hand 
4ikkiBamBoni collected $9.90 from pot
*** SUMMARY ***
Total pot $10.42 | Rake $0.52 
Board [9c 8h 7h 7c 5d]
Seat 3: Saralah
Seat 1: value_ftw folded before Flop (didn't bet)
Seat 2: GERAKLmeat (button) mucked
Seat 4: steelNike (small blind) folded before Flop
Seat 5: 4ikkiBamBoni (big blind) showed [6d Kd] and won ($9.90) with a straight, Five to Nine
Seat 6: VahTang_89 folded before Flop (didn't bet)



PokerStars Hand #254225409993:  Hold'em No Limit ($0.50/$1.00 USD) - 2025/01/06 10:05:45 WET [2025/01/06 5:05:45 ET]
Table 'Teutonia II' 6-max Seat #4 is the button
Seat 1: value_ftw ($100 in chips) 
Seat 2: GERAKLmeat ($35.42 in chips) 
Seat 3: Saralah ($29.19 in chips) 
Seat 4: steelNike ($38.02 in chips) 
Seat 5: 4ikkiBamBoni ($107.14 in chips) 
Seat 6: VahTang_89 ($104.08 in chips) 
4ikkiBamBoni: posts small blind $0.50
VahTang_89: posts big blind $1
Saralah: posts small & big blinds $1.50
*** HOLE CARDS ***
value_ftw: calls $1
GERAKLmeat: folds 
Saralah: checks 
steelNike: raises $4 to $5
4ikkiBamBoni: folds 
VahTang_89: folds 
value_ftw: calls $4
Saralah: calls $4
*** FLOP *** [4h Qh 7s]
value_ftw: checks 
Saralah: checks 
steelNike: bets $8.08
value_ftw: calls $8.08
Saralah: folds 
*** TURN *** [4h Qh 7s] [Ad]
value_ftw: checks 
steelNike: bets $24.94 and is all-in
value_ftw: calls $24.94
*** FIRST RIVER *** [4h Qh 7s Ad] [9s]
*** SECOND RIVER *** [4h Qh 7s Ad] [5d]
*** FIRST SHOW DOWN ***
value_ftw: shows [Ah As] (three of a kind, Aces)
steelNike: shows [Kh Jh] (high card Ace)
value_ftw collected $40.27 from pot
*** SECOND SHOW DOWN ***
value_ftw: shows [Ah As] (three of a kind, Aces)
steelNike: shows [Kh Jh] (high card Ace)
value_ftw collected $40.27 from pot
*** SUMMARY ***
Total pot $83.04 | Rake $2.50 
Hand was run twice
FIRST Board [4h Qh 7s Ad 9s]
SECOND Board [4h Qh 7s Ad 5d]
Seat 1: value_ftw showed [Ah As] and won ($40.27) with three of a kind, Aces, and won ($40.27) with three of a kind, Aces
Seat 2: GERAKLmeat folded before Flop (didn't bet)
Seat 3: Saralah folded on the Flop
Seat 4: steelNike (button) showed [Kh Jh] and lost with high card Ace, and lost with high card Ace
Seat 5: 4ikkiBamBoni (small blind) folded before Flop
Seat 6: VahTang_89 (big blind) folded before Flop



PokerStars Hand #254225418871:  Hold'em No Limit ($0.50/$1.00 USD) - 2025/01/06 10:07:07 WET [2025/01/06 5:07:07 ET]
Table 'Teutonia II' 6-max Seat #5 is the button
Seat 1: value_ftw ($142.52 in chips) is sitting out
Seat 2: GERAKLmeat ($35.42 in chips) 
Seat 3: Saralah ($23.69 in chips) 
Seat 4: steelNike ($10 in chips) 
Seat 5: 4ikkiBamBoni ($106.64 in chips) 
Seat 6: VahTang_89 ($103.08 in chips) 
VahTang_89: posts small blind $0.50
value_ftw: is sitting out 
GERAKLmeat: posts big blind $1
*** HOLE CARDS ***
Saralah: raises $1 to $2
steelNike: folds 
4ikkiBamBoni: raises $5 to $7
VahTang_89: raises $13 to $20
GERAKLmeat: folds 
Saralah: calls $18
4ikkiBamBoni: raises $86.64 to $106.64 and is all-in
VahTang_89: calls $83.08 and is all-in
Saralah: calls $3.69 and is all-in
Uncalled bet ($3.56) returned to 4ikkiBamBoni
*** FLOP *** [Qh Ah 9d]
*** TURN *** [Qh Ah 9d] [6d]
*** RIVER *** [Qh Ah 9d 6d] [Jc]
*** SHOW DOWN ***
VahTang_89: shows [Qd Qs] (three of a kind, Queens)
4ikkiBamBoni: shows [Kc As] (a pair of Aces)
VahTang_89 collected $158.78 from side pot
Saralah: shows [Ac 6c] (two pair, Aces and Sixes)
VahTang_89 collected $69.57 from main pot
*** SUMMARY ***
Total pot $230.85 Main pot $69.57. Side pot $158.78. | Rake $2.50 
Board [Qh Ah 9d 6d Jc]
Seat 1: value_ftw
Seat 2: GERAKLmeat (big blind) folded before Flop
Seat 3: Saralah showed [Ac 6c] and lost with two pair, Aces and Sixes
Seat 4: steelNike folded before Flop (didn't bet)
Seat 5: 4ikkiBamBoni (button) showed [Kc As] and lost with a pair of Aces
Seat 6: VahTang_89 (small blind) showed [Qd Qs] and won ($228.35) with three of a kind, Queens



PokerStars Hand #254225424503:  Hold'em No Limit ($0.50/$1.00 USD) - 2025/01/06 10:07:59 WET [2025/01/06 5:07:59 ET]
Table 'Teutonia II' 6-max Seat #6 is the button
Seat 1: value_ftw ($142.52 in chips) is sitting out
Seat 3: Saralah ($0 in chips) is sitting out
Seat 2: GERAKLmeat ($34.42 in chips) 
Seat 4: steelNike ($20 in chips) 
Seat 5: 4ikkiBamBoni ($100 in chips) 
Seat 6: VahTang_89 ($228.35 in chips) 
GERAKLmeat: posts small blind $0.50
steelNike: posts big blind $1
*** HOLE CARDS ***
4ikkiBamBoni: raises $1.45 to $2.45
VahTang_89: folds 
GERAKLmeat: folds 
steelNike: folds 
Uncalled bet ($1.45) returned to 4ikkiBamBoni
4ikkiBamBoni collected $2.50 from pot
4ikkiBamBoni: doesn't show hand 
*** SUMMARY ***
Total pot $2.50 | Rake $0 
Seat 1: value_ftw
Seat 3: Saralah
Seat 2: GERAKLmeat (small blind) folded before Flop
Seat 4: steelNike (big blind) folded before Flop
Seat 5: 4ikkiBamBoni collected ($2.50)
Seat 6: VahTang_89 (button) folded before Flop (didn't bet)



PokerStars Hand #254225426485:  Hold'em No Limit ($0.50/$1.00 USD) - 2025/01/06 10:08:18 WET [2025/01/06 5:08:18 ET]
Table 'Teutonia II' 6-max Seat #2 is the button
Seat 1: value_ftw ($142.52 in chips) is sitting out
Seat 3: Saralah ($0 in chips) is sitting out
Seat 2: GERAKLmeat ($33.92 in chips) 
Seat 4: steelNike ($19 in chips) 
Seat 5: 4ikkiBamBoni ($101.50 in chips) 
Seat 6: VahTang_89 ($228.35 in chips) 
steelNike: posts small blind $0.50
4ikkiBamBoni: posts big blind $1
value_ftw: sits out 
*** HOLE CARDS ***
VahTang_89: folds 
GERAKLmeat: raises $1 to $2
steelNike: folds 
4ikkiBamBoni: folds 
Uncalled bet ($1) returned to GERAKLmeat
GERAKLmeat collected $2.50 from pot
GERAKLmeat: doesn't show hand 
*** SUMMARY ***
Total pot $2.50 | Rake $0 
Seat 1: value_ftw
Seat 3: Saralah
Seat 2: GERAKLmeat (button) collected ($2.50)
Seat 4: steelNike (small blind) folded before Flop
Seat 5: 4ikkiBamBoni (big blind) folded before Flop
Seat 6: VahTang_89 folded before Flop (didn't bet)



PokerStars Hand #254225427992:  Hold'em No Limit ($0.50/$1.00 USD) - 2025/01/06 10:08:31 WET [2025/01/06 5:08:31 ET]
Table 'Teutonia II' 6-max Seat #4 is the button
Seat 1: value_ftw ($142.52 in chips) is sitting out
Seat 3: Saralah ($0 in chips) is sitting out
Seat 2: GERAKLmeat ($35.42 in chips) 
Seat 4: steelNike ($18.50 in chips) 
Seat 5: 4ikkiBamBoni ($100.50 in chips) 
Seat 6: VahTang_89 ($228.35 in chips) 
4ikkiBamBoni: posts small blind $0.50
VahTang_89: posts big blind $1
value_ftw: sits out 
*** HOLE CARDS ***
GERAKLmeat: folds 
steelNike: raises $1 to $2
4ikkiBamBoni: folds 
VahTang_89: raises $8.50 to $10.50
steelNike: raises $8 to $18.50 and is all-in
VahTang_89: calls $8
*** FLOP *** [8c 7s Th]
*** TURN *** [8c 7s Th] [6s]
*** RIVER *** [8c 7s Th 6s] [4d]
*** SHOW DOWN ***
VahTang_89: shows [Jd Ac] (high card Ace)
steelNike: shows [Ad Kd] (high card Ace - King kicker)
steelNike collected $36.50 from pot
*** SUMMARY ***
Total pot $37.50 | Rake $1 
Board [8c 7s Th 6s 4d]
Seat 1: value_ftw
Seat 3: Saralah
Seat 2: GERAKLmeat folded before Flop (didn't bet)
Seat 4: steelNike (button) showed [Ad Kd] and won ($36.50) with high card Ace
Seat 5: 4ikkiBamBoni (small blind) folded before Flop
Seat 6: VahTang_89 (big blind) showed [Jd Ac] and lost with high card Ace



PokerStars Hand #254225431632:  Hold'em No Limit ($0.50/$1.00 USD) - 2025/01/06 10:09:05 WET [2025/01/06 5:09:05 ET]
Table 'Teutonia II' 6-max Seat #5 is the button
Seat 1: value_ftw ($142.52 in chips) is sitting out
Seat 3: Saralah ($0 in chips) is sitting out
Seat 2: GERAKLmeat ($35.42 in chips) 
Seat 4: steelNike ($36.50 in chips) 
Seat 5: 4ikkiBamBoni ($100 in chips) 
Seat 6: VahTang_89 ($209.85 in chips) 
VahTang_89: posts small blind $0.50
value_ftw: is sitting out 
GERAKLmeat: posts big blind $1
*** HOLE CARDS ***
value_ftw leaves the table
steelNike: folds 
4ikkiBamBoni: raises $1.20 to $2.20
VahTang_89: folds 
GERAKLmeat: folds 
Uncalled bet ($1.20) returned to 4ikkiBamBoni
4ikkiBamBoni collected $2.50 from pot
4ikkiBamBoni: doesn't show hand 
*** SUMMARY ***
Total pot $2.50 | Rake $0 
Seat 1: value_ftw
Seat 3: Saralah
Seat 2: GERAKLmeat (big blind) folded before Flop
Seat 4: steelNike folded before Flop (didn't bet)
Seat 5: 4ikkiBamBoni (button) collected ($2.50)
Seat 6: VahTang_89 (small blind) folded before Flop



PokerStars Hand #254225433593:  Hold'em No Limit ($0.50/$1.00 USD) - 2025/01/06 10:09:23 WET [2025/01/06 5:09:23 ET]
Table 'Teutonia II' 6-max Seat #6 is the button
Seat 3: Saralah ($0 in chips) is sitting out
Seat 2: GERAKLmeat ($34.42 in chips) 
Seat 4: steelNike ($36.50 in chips) 
Seat 5: 4ikkiBamBoni ($101.50 in chips) 
Seat 6: VahTang_89 ($209.35 in chips) 
GERAKLmeat: posts small blind $0.50
steelNike: posts big blind $1
*** HOLE CARDS ***
4ikkiBamBoni: folds 
VahTang_89: raises $1.20 to $2.20
GERAKLmeat: folds 
steelNike: folds 
Uncalled bet ($1.20) returned to VahTang_89
VahTang_89 collected $2.50 from pot
VahTang_89: doesn't show hand 
*** SUMMARY ***
Total pot $2.50 | Rake $0 
Seat 3: Saralah
Seat 2: GERAKLmeat (small blind) folded before Flop
Seat 4: steelNike (big blind) folded before Flop
Seat 5: 4ikkiBamBoni folded before Flop (didn't bet)
Seat 6: VahTang_89 (button) collected ($2.50)



PokerStars Hand #254225436313:  Hold'em No Limit ($0.50/$1.00 USD) - 2025/01/06 10:09:48 WET [2025/01/06 5:09:48 ET]
Table 'Teutonia II' 6-max Seat #2 is the button
Seat 3: Saralah ($0 in chips) is sitting out
Seat 2: GERAKLmeat ($33.92 in chips) 
Seat 4: steelNike ($35.50 in chips) 
Seat 5: 4ikkiBamBoni ($101.50 in chips) 
Seat 6: VahTang_89 ($210.85 in chips) 
steelNike: posts small blind $0.50
4ikkiBamBoni: posts big blind $1
*** HOLE CARDS ***
VahTang_89: raises $1.20 to $2.20
GERAKLmeat: folds 
steelNike: folds 
4ikkiBamBoni: calls $1.20
*** FLOP *** [5c 9d 5d]
4ikkiBamBoni: checks 
VahTang_89: checks 
*** TURN *** [5c 9d 5d] [8h]
Saralah is disconnected 
4ikkiBamBoni: checks 
VahTang_89: bets $2.33
4ikkiBamBoni: folds 
Uncalled bet ($2.33) returned to VahTang_89
VahTang_89 collected $4.66 from pot
VahTang_89: doesn't show hand 
*** SUMMARY ***
Total pot $4.90 | Rake $0.24 
Board [5c 9d 5d 8h]
Seat 3: Saralah
Seat 2: GERAKLmeat (button) folded before Flop (didn't bet)
Seat 4: steelNike (small blind) folded before Flop
Seat 5: 4ikkiBamBoni (big blind) folded on the Turn
Seat 6: VahTang_89 collected ($4.66)



PokerStars Hand #254225442668:  Hold'em No Limit ($0.50/$1.00 USD) - 2025/01/06 10:10:44 WET [2025/01/06 5:10:44 ET]
Table 'Teutonia II' 6-max Seat #4 is the button
Seat 3: Saralah ($0 in chips) is sitting out
Seat 2: GERAKLmeat ($33.92 in chips) 
Seat 4: steelNike ($35 in chips) 
Seat 5: 4ikkiBamBoni ($100 in chips) 
Seat 6: VahTang_89 ($213.31 in chips) 
4ikkiBamBoni: posts small blind $0.50
VahTang_89: posts big blind $1
*** HOLE CARDS ***
GERAKLmeat: folds 
steelNike: folds 
lacrimnoche joins the table at seat #1 
lacrimnoche is disconnected 
4ikkiBamBoni: folds 
Uncalled bet ($0.50) returned to VahTang_89
VahTang_89 collected $1 from pot
VahTang_89: doesn't show hand 
*** SUMMARY ***
Total pot $1 | Rake $0 
Seat 3: Saralah
Seat 2: GERAKLmeat folded before Flop (didn't bet)
Seat 4: steelNike (button) folded before Flop (didn't bet)
Seat 5: 4ikkiBamBoni (small blind) folded before Flop
Seat 6: VahTang_89 (big blind) collected ($1)



PokerStars Hand #254225448572:  Hold'em No Limit ($0.50/$1.00 USD) - 2025/01/06 10:11:38 WET [2025/01/06 5:11:38 ET]
Table 'Teutonia II' 6-max Seat #5 is the button
Seat 3: Saralah ($0 in chips) is sitting out
Seat 1: lacrimnoche ($39.82 in chips) 
Seat 2: GERAKLmeat ($33.92 in chips) 
Seat 4: steelNike ($35 in chips) 
Seat 5: 4ikkiBamBoni ($100 in chips) 
Seat 6: VahTang_89 ($213.81 in chips) 
VahTang_89: posts small blind $0.50
lacrimnoche: posts big blind $1
*** HOLE CARDS ***
GERAKLmeat: raises $1 to $2
steelNike: folds 
4ikkiBamBoni: folds 
VahTang_89: folds 
lacrimnoche: folds 
Uncalled bet ($1) returned to GERAKLmeat
GERAKLmeat collected $2.50 from pot
GERAKLmeat: doesn't show hand 
*** SUMMARY ***
Total pot $2.50 | Rake $0 
Seat 3: Saralah
Seat 1: lacrimnoche (big blind) folded before Flop
Seat 2: GERAKLmeat collected ($2.50)
Seat 4: steelNike folded before Flop (didn't bet)
Seat 5: 4ikkiBamBoni (button) folded before Flop (didn't bet)
Seat 6: VahTang_89 (small blind) folded before Flop



PokerStars Hand #254225451156:  Hold'em No Limit ($0.50/$1.00 USD) - 2025/01/06 10:12:01 WET [2025/01/06 5:12:01 ET]
Table 'Teutonia II' 6-max Seat #6 is the button
Seat 3: Saralah ($0 in chips) is sitting out
Seat 1: lacrimnoche ($38.82 in chips) 
Seat 2: GERAKLmeat ($35.42 in chips) 
Seat 4: steelNike ($35 in chips) 
Seat 5: 4ikkiBamBoni ($100 in chips) 
Seat 6: VahTang_89 ($213.31 in chips) 
lacrimnoche: posts small blind $0.50
GERAKLmeat: posts big blind $1
*** HOLE CARDS ***
steelNike: raises $1 to $2
4ikkiBamBoni: folds 
VahTang_89: calls $2
lacrimnoche: folds 
GERAKLmeat: calls $1
*** FLOP *** [6s 4c Qs]
GERAKLmeat: checks 
steelNike: checks 
VahTang_89: checks 
*** TURN *** [6s 4c Qs] [6d]
GERAKLmeat: bets $1.50
steelNike: folds 
VahTang_89: calls $1.50
*** RIVER *** [6s 4c Qs 6d] [Ad]
GERAKLmeat: bets $11
VahTang_89: folds 
Uncalled bet ($11) returned to GERAKLmeat
GERAKLmeat collected $9.02 from pot
GERAKLmeat: doesn't show hand 
*** SUMMARY ***
Total pot $9.50 | Rake $0.48 
Board [6s 4c Qs 6d Ad]
Seat 3: Saralah
Seat 1: lacrimnoche (small blind) folded before Flop
Seat 2: GERAKLmeat (big blind) collected ($9.02)
Seat 4: steelNike folded on the Turn
Seat 5: 4ikkiBamBoni folded before Flop (didn't bet)
Seat 6: VahTang_89 (button) folded on the River



PokerStars Hand #254225459675:  Hold'em No Limit ($0.50/$1.00 USD) - 2025/01/06 10:13:18 WET [2025/01/06 5:13:18 ET]
Table 'Teutonia II' 6-max Seat #1 is the button
Seat 3: Saralah ($0 in chips) is sitting out
Seat 1: lacrimnoche ($38.32 in chips) 
Seat 2: GERAKLmeat ($40.94 in chips) 
Seat 4: steelNike ($33 in chips) 
Seat 5: 4ikkiBamBoni ($100 in chips) 
Seat 6: VahTang_89 ($209.81 in chips) 
GERAKLmeat: posts small blind $0.50
steelNike: posts big blind $1
*** HOLE CARDS ***
4ikkiBamBoni: folds 
VahTang_89: folds 
lacrimnoche has timed out
lacrimnoche: folds 
GERAKLmeat: raises $1 to $2
steelNike: raises $31 to $33 and is all-in
GERAKLmeat: folds 
Uncalled bet ($31) returned to steelNike
steelNike collected $4 from pot
*** SUMMARY ***
Total pot $4 | Rake $0 
Seat 3: Saralah
Seat 1: lacrimnoche (button) folded before Flop (didn't bet)
Seat 2: GERAKLmeat (small blind) folded before Flop
Seat 4: steelNike (big blind) collected ($4)
Seat 5: 4ikkiBamBoni folded before Flop (didn't bet)
Seat 6: VahTang_89 folded before Flop (didn't bet)



PokerStars Hand #254225466562:  Hold'em No Limit ($0.50/$1.00 USD) - 2025/01/06 10:14:20 WET [2025/01/06 5:14:20 ET]
Table 'Teutonia II' 6-max Seat #2 is the button
Seat 1: lacrimnoche ($38.32 in chips) is sitting out
Seat 3: Saralah ($0 in chips) is sitting out
Seat 2: GERAKLmeat ($38.94 in chips) 
Seat 4: steelNike ($35 in chips) 
Seat 5: 4ikkiBamBoni ($100 in chips) 
Seat 6: VahTang_89 ($209.81 in chips) 
steelNike: posts small blind $0.50
4ikkiBamBoni: posts big blind $1
*** HOLE CARDS ***
VahTang_89: folds 
GERAKLmeat: raises $1 to $2
steelNike: folds 
4ikkiBamBoni: folds 
Uncalled bet ($1) returned to GERAKLmeat
GERAKLmeat collected $2.50 from pot
GERAKLmeat: doesn't show hand 
*** SUMMARY ***
Total pot $2.50 | Rake $0 
Seat 1: lacrimnoche
Seat 3: Saralah
Seat 2: GERAKLmeat (button) collected ($2.50)
Seat 4: steelNike (small blind) folded before Flop
Seat 5: 4ikkiBamBoni (big blind) folded before Flop
Seat 6: VahTang_89 folded before Flop (didn't bet)



PokerStars Hand #254225471198:  Hold'em No Limit ($0.50/$1.00 USD) - 2025/01/06 10:15:01 WET [2025/01/06 5:15:01 ET]
Table 'Teutonia II' 6-max Seat #4 is the button
Seat 1: lacrimnoche ($38.32 in chips) is sitting out
Seat 3: Saralah ($0 in chips) is sitting out
Seat 2: GERAKLmeat ($40.44 in chips) 
Seat 4: steelNike ($34.50 in chips) 
Seat 5: 4ikkiBamBoni ($100 in chips) 
Seat 6: VahTang_89 ($209.81 in chips) 
4ikkiBamBoni: posts small blind $0.50
VahTang_89: posts big blind $1
*** HOLE CARDS ***
GERAKLmeat: folds 
steelNike: raises $1.30 to $2.30
4ikkiBamBoni: folds 
VahTang_89: folds 
Uncalled bet ($1.30) returned to steelNike
steelNike collected $2.50 from pot
*** SUMMARY ***
Total pot $2.50 | Rake $0 
Seat 1: lacrimnoche
Seat 3: Saralah
Seat 2: GERAKLmeat folded before Flop (didn't bet)
Seat 4: steelNike (button) collected ($2.50)
Seat 5: 4ikkiBamBoni (small blind) folded before Flop
Seat 6: VahTang_89 (big blind) folded before Flop



PokerStars Hand #254225473278:  Hold'em No Limit ($0.50/$1.00 USD) - 2025/01/06 10:15:19 WET [2025/01/06 5:15:19 ET]
Table 'Teutonia II' 6-max Seat #5 is the button
Seat 3: Saralah ($0 in chips) is sitting out
Seat 1: lacrimnoche ($38.32 in chips) 
Seat 2: GERAKLmeat ($40.44 in chips) 
Seat 4: steelNike ($36 in chips) 
Seat 5: 4ikkiBamBoni ($100 in chips) 
Seat 6: VahTang_89 ($208.81 in chips) 
VahTang_89: posts small blind $0.50
lacrimnoche: posts big blind $1
*** HOLE CARDS ***
GERAKLmeat: folds 
steelNike: raises $1 to $2
4ikkiBamBoni: folds 
VahTang_89: raises $8 to $10
lacrimnoche: folds 
steelNike: folds 
Uncalled bet ($8) returned to VahTang_89
VahTang_89 collected $5 from pot
VahTang_89: doesn't show hand 
*** SUMMARY ***
Total pot $5 | Rake $0 
Seat 3: Saralah
Seat 1: lacrimnoche (big blind) folded before Flop
Seat 2: GERAKLmeat folded before Flop (didn't bet)
Seat 4: steelNike folded before Flop
Seat 5: 4ikkiBamBoni (button) folded before Flop (didn't bet)
Seat 6: VahTang_89 (small blind) collected ($5)



PokerStars Hand #254225476531:  Hold'em No Limit ($0.50/$1.00 USD) - 2025/01/06 10:15:48 WET [2025/01/06 5:15:48 ET]
Table 'Teutonia II' 6-max Seat #6 is the button
Seat 3: Saralah ($0 in chips) is sitting out
Seat 1: lacrimnoche ($37.32 in chips) 
Seat 2: GERAKLmeat ($40.44 in chips) 
Seat 4: steelNike ($34 in chips) 
Seat 5: 4ikkiBamBoni ($100 in chips) 
Seat 6: VahTang_89 ($211.81 in chips) 
lacrimnoche: posts small blind $0.50
GERAKLmeat: posts big blind $1
*** HOLE CARDS ***
steelNike: folds 
4ikkiBamBoni: folds 
VahTang_89: raises $1.20 to $2.20
lacrimnoche has timed out
lacrimnoche: folds 
GERAKLmeat: calls $1.20
*** FLOP *** [2d 6c Qh]
GERAKLmeat: bets $1.22
VahTang_89: folds 
Uncalled bet ($1.22) returned to GERAKLmeat
GERAKLmeat collected $4.66 from pot
GERAKLmeat: doesn't show hand 
*** SUMMARY ***
Total pot $4.90 | Rake $0.24 
Board [2d 6c Qh]
Seat 3: Saralah
Seat 1: lacrimnoche (small blind) folded before Flop
Seat 2: GERAKLmeat (big blind) collected ($4.66)
Seat 4: steelNike folded before Flop (didn't bet)
Seat 5: 4ikkiBamBoni folded before Flop (didn't bet)
Seat 6: VahTang_89 (button) folded on the Flop



PokerStars Hand #254225481998:  Hold'em No Limit ($0.50/$1.00 USD) - 2025/01/06 10:16:36 WET [2025/01/06 5:16:36 ET]
Table 'Teutonia II' 6-max Seat #1 is the button
Seat 3: Saralah ($0 in chips) is sitting out
Seat 1: lacrimnoche ($36.82 in chips) 
Seat 2: GERAKLmeat ($42.90 in chips) 
Seat 4: steelNike ($34 in chips) 
Seat 5: 4ikkiBamBoni ($100 in chips) 
Seat 6: VahTang_89 ($209.61 in chips) 
GERAKLmeat: posts small blind $0.50
steelNike: posts big blind $1
*** HOLE CARDS ***
4ikkiBamBoni: raises $1.55 to $2.55
VahTang_89: folds 
lacrimnoche: calls $2.55
GERAKLmeat: folds 
steelNike: folds 
*** FLOP *** [Ah 4c 4h]
4ikkiBamBoni: checks 
lacrimnoche: checks 
*** TURN *** [Ah 4c 4h] [Jd]
4ikkiBamBoni: bets $2.57
lacrimnoche: folds 
Uncalled bet ($2.57) returned to 4ikkiBamBoni
4ikkiBamBoni collected $6.27 from pot
Saralah leaves the table
4ikkiBamBoni: doesn't show hand 
*** SUMMARY ***
Total pot $6.60 | Rake $0.33 
Board [Ah 4c 4h Jd]
Seat 3: Saralah
Seat 1: lacrimnoche (button) folded on the Turn
Seat 2: GERAKLmeat (small blind) folded before Flop
Seat 4: steelNike (big blind) folded before Flop
Seat 5: 4ikkiBamBoni collected ($6.27)
Seat 6: VahTang_89 folded before Flop (didn't bet)



PokerStars Hand #254225486005:  Hold'em No Limit ($0.50/$1.00 USD) - 2025/01/06 10:17:11 WET [2025/01/06 5:17:11 ET]
Table 'Teutonia II' 6-max Seat #2 is the button
Seat 1: lacrimnoche ($34.27 in chips) 
Seat 2: GERAKLmeat ($42.40 in chips) 
Seat 4: steelNike ($33 in chips) 
Seat 5: 4ikkiBamBoni ($103.72 in chips) 
Seat 6: VahTang_89 ($209.61 in chips) 
steelNike: posts small blind $0.50
4ikkiBamBoni: posts big blind $1
*** HOLE CARDS ***
VahTang_89: folds 
lacrimnoche: calls $1
GERAKLmeat: raises $1 to $2
steelNike: folds 
4ikkiBamBoni: calls $1
janarr5 joins the table at seat #3 
lacrimnoche: calls $1
*** FLOP *** [8c 3h 2c]
4ikkiBamBoni: checks 
lacrimnoche: checks 
GERAKLmeat: bets $5
4ikkiBamBoni: folds 
lacrimnoche: folds 
Uncalled bet ($5) returned to GERAKLmeat
GERAKLmeat collected $6.18 from pot
GERAKLmeat: doesn't show hand 
*** SUMMARY ***
Total pot $6.50 | Rake $0.32 
Board [8c 3h 2c]
Seat 1: lacrimnoche folded on the Flop
Seat 2: GERAKLmeat (button) collected ($6.18)
Seat 4: steelNike (small blind) folded before Flop
Seat 5: 4ikkiBamBoni (big blind) folded on the Flop
Seat 6: VahTang_89 folded before Flop (didn't bet)



PokerStars Hand #254225489740:  Hold'em No Limit ($0.50/$1.00 USD) - 2025/01/06 10:17:45 WET [2025/01/06 5:17:45 ET]
Table 'Teutonia II' 6-max Seat #4 is the button
Seat 3: janarr5 ($100 in chips) is sitting out
Seat 1: lacrimnoche ($32.27 in chips) 
Seat 2: GERAKLmeat ($46.58 in chips) 
Seat 4: steelNike ($32.50 in chips) 
Seat 5: 4ikkiBamBoni ($101.72 in chips) 
Seat 6: VahTang_89 ($209.61 in chips) 
4ikkiBamBoni: posts small blind $0.50
VahTang_89: posts big blind $1
janarr5: sits out 
*** HOLE CARDS ***
lacrimnoche: calls $1
GERAKLmeat: raises $1 to $2
steelNike: folds 
4ikkiBamBoni: folds 
VahTang_89: folds 
lacrimnoche: calls $1
*** FLOP *** [7h 9c 8c]
lacrimnoche: checks 
GERAKLmeat: bets $2.61
lacrimnoche: folds 
Uncalled bet ($2.61) returned to GERAKLmeat
GERAKLmeat collected $5.22 from pot
GERAKLmeat: doesn't show hand 
*** SUMMARY ***
Total pot $5.50 | Rake $0.28 
Board [7h 9c 8c]
Seat 3: janarr5
Seat 1: lacrimnoche folded on the Flop
Seat 2: GERAKLmeat collected ($5.22)
Seat 4: steelNike (button) folded before Flop (didn't bet)
Seat 5: 4ikkiBamBoni (small blind) folded before Flop
Seat 6: VahTang_89 (big blind) folded before Flop



PokerStars Hand #254225495009:  Hold'em No Limit ($0.50/$1.00 USD) - 2025/01/06 10:18:30 WET [2025/01/06 5:18:30 ET]
Table 'Teutonia II' 6-max Seat #5 is the button
Seat 3: janarr5 ($100 in chips) is sitting out
Seat 1: lacrimnoche ($30.27 in chips) 
Seat 2: GERAKLmeat ($49.80 in chips) 
Seat 4: steelNike ($32.50 in chips) 
Seat 5: 4ikkiBamBoni ($101.22 in chips) 
Seat 6: VahTang_89 ($208.61 in chips) 
VahTang_89: posts small blind $0.50
lacrimnoche: posts big blind $1
janarr5: sits out 
*** HOLE CARDS ***
GERAKLmeat: folds 
steelNike: folds 
4ikkiBamBoni: folds 
VahTang_89: folds 
Uncalled bet ($0.50) returned to lacrimnoche
lacrimnoche collected $1 from pot
*** SUMMARY ***
Total pot $1 | Rake $0 
Seat 3: janarr5
Seat 1: lacrimnoche (big blind) collected ($1)
Seat 2: GERAKLmeat folded before Flop (didn't bet)
Seat 4: steelNike folded before Flop (didn't bet)
Seat 5: 4ikkiBamBoni (button) folded before Flop (didn't bet)
Seat 6: VahTang_89 (small blind) folded before Flop



PokerStars Hand #254225496462:  Hold'em No Limit ($0.50/$1.00 USD) - 2025/01/06 10:18:43 WET [2025/01/06 5:18:43 ET]
Table 'Teutonia II' 6-max Seat #6 is the button
Seat 3: janarr5 ($100 in chips) is sitting out
Seat 1: lacrimnoche ($30.77 in chips) 
Seat 2: GERAKLmeat ($49.80 in chips) 
Seat 4: steelNike ($32.50 in chips) 
Seat 5: 4ikkiBamBoni ($101.22 in chips) 
Seat 6: VahTang_89 ($208.11 in chips) 
lacrimnoche: posts small blind $0.50
GERAKLmeat: posts big blind $1
janarr5: sits out 
*** HOLE CARDS ***
steelNike: folds 
4ikkiBamBoni: folds 
VahTang_89: folds 
lacrimnoche: calls $0.50
GERAKLmeat: checks 
*** FLOP *** [Ac Tc 9c]
lacrimnoche: checks 
GERAKLmeat: bets $2
lacrimnoche: folds 
Uncalled bet ($2) returned to GERAKLmeat
GERAKLmeat collected $1.90 from pot
GERAKLmeat: doesn't show hand 
*** SUMMARY ***
Total pot $2 | Rake $0.10 
Board [Ac Tc 9c]
Seat 3: janarr5
Seat 1: lacrimnoche (small blind) folded on the Flop
Seat 2: GERAKLmeat (big blind) collected ($1.90)
Seat 4: steelNike folded before Flop (didn't bet)
Seat 5: 4ikkiBamBoni folded before Flop (didn't bet)
Seat 6: VahTang_89 (button) folded before Flop (didn't bet)



PokerStars Hand #254225501944:  Hold'em No Limit ($0.50/$1.00 USD) - 2025/01/06 10:19:30 WET [2025/01/06 5:19:30 ET]
Table 'Teutonia II' 6-max Seat #1 is the button
Seat 1: lacrimnoche ($29.77 in chips) 
Seat 2: GERAKLmeat ($50.70 in chips) 
Seat 3: janarr5 ($100 in chips) 
Seat 4: steelNike ($32.50 in chips) 
Seat 5: 4ikkiBamBoni ($101.22 in chips) 
Seat 6: VahTang_89 ($208.11 in chips) 
GERAKLmeat: posts small blind $0.50
janarr5: posts big blind $1
*** HOLE CARDS ***
steelNike: raises $1 to $2
4ikkiBamBoni: folds 
VahTang_89: folds 
lacrimnoche: folds 
lacrimnoche leaves the table
GERAKLmeat: calls $1.50
janarr5: folds 
*** FLOP *** [7h 4d Qs]
GERAKLmeat: checks 
steelNike: bets $1.19
GERAKLmeat: calls $1.19
*** TURN *** [7h 4d Qs] [5s]
GERAKLmeat: bets $2.10
steelNike: raises $26.90 to $29
GERAKLmeat: folds 
Uncalled bet ($26.90) returned to steelNike
steelNike collected $11 from pot
*** SUMMARY ***
Total pot $11.58 | Rake $0.58 
Board [7h 4d Qs 5s]
Seat 1: lacrimnoche (button) folded before Flop (didn't bet)
Seat 2: GERAKLmeat (small blind) folded on the Turn
Seat 3: janarr5 (big blind) folded before Flop
Seat 4: steelNike collected ($11)
Seat 5: 4ikkiBamBoni folded before Flop (didn't bet)
Seat 6: VahTang_89 folded before Flop (didn't bet)



PokerStars Hand #254225510123:  Hold'em No Limit ($0.50/$1.00 USD) - 2025/01/06 10:20:41 WET [2025/01/06 5:20:41 ET]
Table 'Teutonia II' 6-max Seat #2 is the button
Seat 4: steelNike ($38.21 in chips) is sitting out
Seat 5: 4ikkiBamBoni ($101.22 in chips) is sitting out
Seat 2: GERAKLmeat ($45.41 in chips) 
Seat 3: janarr5 ($100 in chips) 
Seat 6: VahTang_89 ($208.11 in chips) 
janarr5: posts small blind $0.50
steelNike: is sitting out 
4ikkiBamBoni: is sitting out 
VahTang_89: posts big blind $1
*** HOLE CARDS ***
GERAKLmeat: folds 
4ikkiBamBoni leaves the table
steelNike leaves the table
janarr5: raises $2 to $3
VahTang_89: folds 
Uncalled bet ($2) returned to janarr5
janarr5 collected $2 from pot
janarr5: doesn't show hand 
*** SUMMARY ***
Total pot $2 | Rake $0 
Seat 4: steelNike
Seat 5: 4ikkiBamBoni
Seat 2: GERAKLmeat (button) folded before Flop (didn't bet)
Seat 3: janarr5 (small blind) collected ($2)
Seat 6: VahTang_89 (big blind) folded before Flop



PokerStars Hand #254225512129:  Hold'em No Limit ($0.50/$1.00 USD) - 2025/01/06 10:20:58 WET [2025/01/06 5:20:58 ET]
Table 'Teutonia II' 6-max Seat #3 is the button
Seat 2: GERAKLmeat ($45.41 in chips) 
Seat 3: janarr5 ($101 in chips) 
Seat 6: VahTang_89 ($207.11 in chips) 
VahTang_89: posts small blind $0.50
GERAKLmeat: posts big blind $1
*** HOLE CARDS ***
janarr5: raises $1.50 to $2.50
VahTang_89: folds 
GERAKLmeat: raises $5.50 to $8
janarr5: folds 
Uncalled bet ($5.50) returned to GERAKLmeat
GERAKLmeat collected $5.50 from pot
GERAKLmeat: doesn't show hand 
*** SUMMARY ***
Total pot $5.50 | Rake $0 
Seat 2: GERAKLmeat (big blind) collected ($5.50)
Seat 3: janarr5 (button) folded before Flop
Seat 6: VahTang_89 (small blind) folded before Flop



PokerStars Hand #254225514504:  Hold'em No Limit ($0.50/$1.00 USD) - 2025/01/06 10:21:18 WET [2025/01/06 5:21:18 ET]
Table 'Teutonia II' 6-max Seat #6 is the button
Seat 2: GERAKLmeat ($48.41 in chips) 
Seat 3: janarr5 ($100 in chips) 
Seat 6: VahTang_89 ($206.61 in chips) 
GERAKLmeat: posts small blind $0.50
janarr5: posts big blind $1
*** HOLE CARDS ***
VahTang_89: folds 
GERAKLmeat: raises $1 to $2
janarr5: calls $1
*** FLOP *** [Ah Jh 3s]
GERAKLmeat: bets $1.14
janarr5: folds 
Uncalled bet ($1.14) returned to GERAKLmeat
GERAKLmeat collected $3.80 from pot
GERAKLmeat: doesn't show hand 
*** SUMMARY ***
Total pot $4 | Rake $0.20 
Board [Ah Jh 3s]
Seat 2: GERAKLmeat (small blind) collected ($3.80)
Seat 3: janarr5 (big blind) folded on the Flop
Seat 6: VahTang_89 (button) folded before Flop (didn't bet)



PokerStars Hand #254225286465:  Hold'em No Limit ($0.50/$1.00 USD) - 2025/01/06 9:45:30 WET [2025/01/06 4:45:30 ET]
Table 'Teutonia II' 6-max Seat #1 is the button
Seat 1: valmble ($8.50 in chips) 
Seat 3: Saralah ($26.08 in chips) 
Seat 4: steelNike ($10 in chips) 
Saralah: posts small blind $0.50
steelNike: posts big blind $1
*** HOLE CARDS ***
valmble: folds 
Saralah: calls $0.50
steelNike: checks 
*** FLOP *** [3s 6d Js]
Saralah: bets $1
4ikkiBamBoni joins the table at seat #5 
steelNike: calls $1
*** TURN *** [3s 6d Js] [5d]
Saralah: bets $1
steelNike: calls $1
*** RIVER *** [3s 6d Js 5d] [5s]
GERAKLmeat joins the table at seat #2 
Saralah: bets $1
steelNike: raises $6 to $7 and is all-in
Saralah: folds 
Uncalled bet ($6) returned to steelNike
steelNike collected $7.60 from pot
*** SUMMARY ***
Total pot $8 | Rake $0.40 
Board [3s 6d Js 5d 5s]
Seat 1: valmble (button) folded before Flop (didn't bet)
Seat 3: Saralah (small blind) folded on the River
Seat 4: steelNike (big blind) collected ($7.60)



PokerStars Hand #254225291862:  Hold'em No Limit ($0.50/$1.00 USD) - 2025/01/06 9:46:21 WET [2025/01/06 4:46:21 ET]
Table 'Teutonia II' 6-max Seat #3 is the button
Seat 2: GERAKLmeat ($10 in chips) is sitting out
Seat 1: valmble ($8.50 in chips) 
Seat 3: Saralah ($22.08 in chips) 
Seat 4: steelNike ($23.60 in chips) 
Seat 5: 4ikkiBamBoni ($100 in chips) 
steelNike: posts small blind $0.50
4ikkiBamBoni: posts big blind $1
GERAKLmeat: sits out 
*** HOLE CARDS ***
valmble: folds 
Saralah: raises $1 to $2
steelNike: folds 
4ikkiBamBoni: calls $1
*** FLOP *** [4d 2h Qd]
4ikkiBamBoni: checks 
Saralah: bets $4.28
4ikkiBamBoni: calls $4.28
*** TURN *** [4d 2h Qd] [Ah]
4ikkiBamBoni: checks 
Saralah: bets $5
4ikkiBamBoni: folds 
Uncalled bet ($5) returned to Saralah
Saralah collected $12.41 from pot
*** SUMMARY ***
Total pot $13.06 | Rake $0.65 
Board [4d 2h Qd Ah]
Seat 2: GERAKLmeat
Seat 1: valmble folded before Flop (didn't bet)
Seat 3: Saralah (button) collected ($12.41)
Seat 4: steelNike (small blind) folded before Flop
Seat 5: 4ikkiBamBoni (big blind) folded on the Turn



PokerStars Hand #254225295511:  Hold'em No Limit ($0.50/$1.00 USD) - 2025/01/06 9:46:56 WET [2025/01/06 4:46:56 ET]
Table 'Teutonia II' 6-max Seat #4 is the button
Seat 1: valmble ($8.50 in chips) is sitting out
Seat 2: GERAKLmeat ($10 in chips) 
Seat 3: Saralah ($28.21 in chips) 
Seat 4: steelNike ($23.10 in chips) 
Seat 5: 4ikkiBamBoni ($100 in chips) 
4ikkiBamBoni: posts small blind $0.50
valmble: is sitting out 
GERAKLmeat: posts big blind $1
*** HOLE CARDS ***
valmble leaves the table
Saralah: calls $1
steelNike: folds 
4ikkiBamBoni: folds 
GERAKLmeat: raises $9 to $10 and is all-in
Saralah: folds 
Uncalled bet ($9) returned to GERAKLmeat
GERAKLmeat collected $2.50 from pot
GERAKLmeat: doesn't show hand 
*** SUMMARY ***
Total pot $2.50 | Rake $0 
Seat 1: valmble
Seat 2: GERAKLmeat (big blind) collected ($2.50)
Seat 3: Saralah folded before Flop
Seat 4: steelNike (button) folded before Flop (didn't bet)
Seat 5: 4ikkiBamBoni (small blind) folded before Flop



PokerStars Hand #254225297496:  Hold'em No Limit ($0.50/$1.00 USD) - 2025/01/06 9:47:15 WET [2025/01/06 4:47:15 ET]
Table 'Teutonia II' 6-max Seat #5 is the button
Seat 2: GERAKLmeat ($11.50 in chips) 
Seat 3: Saralah ($27.21 in chips) 
Seat 4: steelNike ($23.10 in chips) 
Seat 5: 4ikkiBamBoni ($100 in chips) 
GERAKLmeat: posts small blind $0.50
Saralah: posts big blind $1
*** HOLE CARDS ***
steelNike: folds 
4ikkiBamBoni: raises $1.20 to $2.20
GERAKLmeat: raises $9.30 to $11.50 and is all-in
Saralah: folds 
4ikkiBamBoni: calls $9.30
VahTang_89 joins the table at seat #6 
*** FLOP *** [Td 8d 7s]
*** TURN *** [Td 8d 7s] [6s]
*** RIVER *** [Td 8d 7s 6s] [6c]
*** SHOW DOWN ***
GERAKLmeat: shows [8c As] (two pair, Eights and Sixes)
4ikkiBamBoni: shows [Ad Ks] (a pair of Sixes)
GERAKLmeat collected $23 from pot
*** SUMMARY ***
Total pot $24 | Rake $1 
Board [Td 8d 7s 6s 6c]
Seat 2: GERAKLmeat (small blind) showed [8c As] and won ($23) with two pair, Eights and Sixes
Seat 3: Saralah (big blind) folded before Flop
Seat 4: steelNike folded before Flop (didn't bet)
Seat 5: 4ikkiBamBoni (button) showed [Ad Ks] and lost with a pair of Sixes



PokerStars Hand #254225300569:  Hold'em No Limit ($0.50/$1.00 USD) - 2025/01/06 9:47:45 WET [2025/01/06 4:47:45 ET]
Table 'Teutonia II' 6-max Seat #2 is the button
Seat 6: VahTang_89 ($100 in chips) is sitting out
Seat 2: GERAKLmeat ($23 in chips) 
Seat 3: Saralah ($26.21 in chips) 
Seat 4: steelNike ($23.10 in chips) 
Seat 5: 4ikkiBamBoni ($100 in chips) 
Saralah: posts small blind $0.50
steelNike: posts big blind $1
VahTang_89: sits out 
*** HOLE CARDS ***
4ikkiBamBoni: folds 
GERAKLmeat: raises $1 to $2
Saralah: calls $1.50
steelNike: calls $1
*** FLOP *** [4d Qc Jh]
Saralah: checks 
steelNike: checks 
GERAKLmeat: bets $1.50
Saralah: calls $1.50
steelNike: folds 
*** TURN *** [4d Qc Jh] [Kc]
Saralah: checks 
MaRKiToScoK joins the table at seat #1 
GERAKLmeat: bets $19.50 and is all-in
Saralah: folds 
Uncalled bet ($19.50) returned to GERAKLmeat
GERAKLmeat collected $8.55 from pot
GERAKLmeat: doesn't show hand 
*** SUMMARY ***
Total pot $9 | Rake $0.45 
Board [4d Qc Jh Kc]
Seat 6: VahTang_89
Seat 2: GERAKLmeat (button) collected ($8.55)
Seat 3: Saralah (small blind) folded on the Turn
Seat 4: steelNike (big blind) folded on the Flop
Seat 5: 4ikkiBamBoni folded before Flop (didn't bet)



PokerStars Hand #254225307307:  Hold'em No Limit ($0.50/$1.00 USD) - 2025/01/06 9:48:50 WET [2025/01/06 4:48:50 ET]
Table 'Teutonia II' 6-max Seat #3 is the button
Seat 1: MaRKiToScoK ($100 in chips) is sitting out
Seat 6: VahTang_89 ($100 in chips) is sitting out
Seat 2: GERAKLmeat ($28.05 in chips) 
Seat 3: Saralah ($22.71 in chips) 
Seat 4: steelNike ($21.10 in chips) 
Seat 5: 4ikkiBamBoni ($100 in chips) 
steelNike: posts small blind $0.50
4ikkiBamBoni: posts big blind $1
VahTang_89: sits out 
MaRKiToScoK: sits out 
*** HOLE CARDS ***
GERAKLmeat: raises $1 to $2
Saralah: calls $2
steelNike: folds 
4ikkiBamBoni: folds 
*** FLOP *** [Qd Jh 2h]
GERAKLmeat: bets $1.57
Saralah: calls $1.57
*** TURN *** [Qd Jh 2h] [Td]
GERAKLmeat: checks 
Saralah: checks 
*** RIVER *** [Qd Jh 2h Td] [2s]
GERAKLmeat: checks 
Saralah: checks 
*** SHOW DOWN ***
GERAKLmeat: shows [Ad 6c] (a pair of Deuces)
Saralah: mucks hand 
GERAKLmeat collected $8.21 from pot
*** SUMMARY ***
Total pot $8.64 | Rake $0.43 
Board [Qd Jh 2h Td 2s]
Seat 1: MaRKiToScoK
Seat 6: VahTang_89
Seat 2: GERAKLmeat showed [Ad 6c] and won ($8.21) with a pair of Deuces
Seat 3: Saralah (button) mucked
Seat 4: steelNike (small blind) folded before Flop
Seat 5: 4ikkiBamBoni (big blind) folded before Flop



PokerStars Hand #254225312390:  Hold'em No Limit ($0.50/$1.00 USD) - 2025/01/06 9:49:39 WET [2025/01/06 4:49:39 ET]
Table 'Teutonia II' 6-max Seat #4 is the button
Seat 1: MaRKiToScoK ($100 in chips) is sitting out
Seat 2: GERAKLmeat ($32.69 in chips) 
Seat 3: Saralah ($19.14 in chips) 
Seat 4: steelNike ($20.60 in chips) 
Seat 5: 4ikkiBamBoni ($100 in chips) 
Seat 6: VahTang_89 ($100 in chips) 
4ikkiBamBoni: posts small blind $0.50
VahTang_89: posts big blind $1
MaRKiToScoK: sits out 
*** HOLE CARDS ***
GERAKLmeat: folds 
Saralah: calls $1
steelNike: raises $3 to $4
4ikkiBamBoni: folds 
VahTang_89: calls $3
Saralah: calls $3
*** FLOP *** [5c Js 4d]
VahTang_89: checks 
Saralah: checks 
steelNike: checks 
*** TURN *** [5c Js 4d] [Ts]
VahTang_89: bets $5.94
Saralah: calls $5.94
steelNike: folds 
*** RIVER *** [5c Js 4d Ts] [7s]
VahTang_89: bets $11.58
Saralah: calls $9.20 and is all-in
Uncalled bet ($2.38) returned to VahTang_89
*** SHOW DOWN ***
VahTang_89: shows [Jd 9d] (a pair of Jacks)
Saralah: shows [8s Qs] (a flush, Queen high)
Saralah collected $40.64 from pot
*** SUMMARY ***
Total pot $42.78 | Rake $2.14 
Board [5c Js 4d Ts 7s]
Seat 1: MaRKiToScoK
Seat 2: GERAKLmeat folded before Flop (didn't bet)
Seat 3: Saralah showed [8s Qs] and won ($40.64) with a flush, Queen high
Seat 4: steelNike (button) folded on the Turn
Seat 5: 4ikkiBamBoni (small blind) folded before Flop
Seat 6: VahTang_89 (big blind) showed [Jd 9d] and lost with a pair of Jacks



PokerStars Hand #254225317221:  Hold'em No Limit ($0.50/$1.00 USD) - 2025/01/06 9:50:26 WET [2025/01/06 4:50:26 ET]
Table 'Teutonia II' 6-max Seat #5 is the button
Seat 1: MaRKiToScoK ($100 in chips) 
Seat 2: GERAKLmeat ($32.69 in chips) 
Seat 3: Saralah ($40.64 in chips) 
Seat 4: steelNike ($16.60 in chips) 
Seat 5: 4ikkiBamBoni ($100 in chips) 
Seat 6: VahTang_89 ($100 in chips) 
VahTang_89: posts small blind $0.50
MaRKiToScoK: posts big blind $1
*** HOLE CARDS ***
GERAKLmeat: folds 
Saralah: calls $1
steelNike: raises $4.90 to $5.90
4ikkiBamBoni: folds 
VahTang_89 is connected 
VahTang_89: folds 
MaRKiToScoK: folds 
Saralah: calls $4.90
*** FLOP *** [3d Js Kh]
Saralah: bets $12.64
steelNike: calls $10.70 and is all-in
Uncalled bet ($1.94) returned to Saralah
*** TURN *** [3d Js Kh] [6d]
*** RIVER *** [3d Js Kh 6d] [6c]
*** SHOW DOWN ***
Saralah: shows [Qs 8c] (a pair of Sixes)
steelNike: shows [Ac Jc] (two pair, Jacks and Sixes)
steelNike collected $32.96 from pot
*** SUMMARY ***
Total pot $34.70 | Rake $1.74 
Board [3d Js Kh 6d 6c]
Seat 1: MaRKiToScoK (big blind) folded before Flop
Seat 2: GERAKLmeat folded before Flop (didn't bet)
Seat 3: Saralah showed [Qs 8c] and lost with a pair of Sixes
Seat 4: steelNike showed [Ac Jc] and won ($32.96) with two pair, Jacks and Sixes
Seat 5: 4ikkiBamBoni (button) folded before Flop (didn't bet)
Seat 6: VahTang_89 (small blind) folded before Flop



PokerStars Hand #254225323253:  Hold'em No Limit ($0.50/$1.00 USD) - 2025/01/06 9:51:24 WET [2025/01/06 4:51:24 ET]
Table 'Teutonia II' 6-max Seat #6 is the button
Seat 5: 4ikkiBamBoni ($100 in chips) is sitting out
Seat 1: MaRKiToScoK ($100 in chips) 
Seat 2: GERAKLmeat ($32.69 in chips) 
Seat 3: Saralah ($24.04 in chips) 
Seat 4: steelNike ($32.96 in chips) 
Seat 6: VahTang_89 ($100 in chips) 
MaRKiToScoK: posts small blind $0.50
GERAKLmeat: posts big blind $1
*** HOLE CARDS ***
Saralah: calls $1
steelNike: folds 
VahTang_89: folds 
MaRKiToScoK: folds 
GERAKLmeat: raises $2 to $3
Saralah: calls $2
*** FLOP *** [8d 3d 6s]
GERAKLmeat: bets $1.85
Saralah: calls $1.85
*** TURN *** [8d 3d 6s] [7h]
GERAKLmeat: bets $4.85
Saralah: raises $4.85 to $9.70
GERAKLmeat: folds 
Uncalled bet ($4.85) returned to Saralah
Saralah collected $18.90 from pot
*** SUMMARY ***
Total pot $19.90 | Rake $1 
Board [8d 3d 6s 7h]
Seat 5: 4ikkiBamBoni
Seat 1: MaRKiToScoK (small blind) folded before Flop
Seat 2: GERAKLmeat (big blind) folded on the Turn
Seat 3: Saralah collected ($18.90)
Seat 4: steelNike folded before Flop (didn't bet)
Seat 6: VahTang_89 (button) folded before Flop (didn't bet)



PokerStars Hand #254225328080:  Hold'em No Limit ($0.50/$1.00 USD) - 2025/01/06 9:52:10 WET [2025/01/06 4:52:10 ET]
Table 'Teutonia II' 6-max Seat #1 is the button
Seat 5: 4ikkiBamBoni ($100 in chips) is sitting out
Seat 1: MaRKiToScoK ($100 in chips) 
Seat 2: GERAKLmeat ($22.99 in chips) 
Seat 3: Saralah ($33.24 in chips) 
Seat 4: steelNike ($32.96 in chips) 
Seat 6: VahTang_89 ($100 in chips) 
GERAKLmeat: posts small blind $0.50
Saralah: posts big blind $1
*** HOLE CARDS ***
steelNike: folds 
VahTang_89: folds 
MaRKiToScoK: folds 
GERAKLmeat: raises $1 to $2
Saralah: calls $1
*** FLOP *** [7h 9c Qh]
GERAKLmeat: bets $1.14
Saralah: raises $1.14 to $2.28
GERAKLmeat: folds 
Uncalled bet ($1.14) returned to Saralah
Saralah collected $5.97 from pot
*** SUMMARY ***
Total pot $6.28 | Rake $0.31 
Board [7h 9c Qh]
Seat 5: 4ikkiBamBoni
Seat 1: MaRKiToScoK (button) folded before Flop (didn't bet)
Seat 2: GERAKLmeat (small blind) folded on the Flop
Seat 3: Saralah (big blind) collected ($5.97)
Seat 4: steelNike folded before Flop (didn't bet)
Seat 6: VahTang_89 folded before Flop (didn't bet)



PokerStars Hand #254225330631:  Hold'em No Limit ($0.50/$1.00 USD) - 2025/01/06 9:52:34 WET [2025/01/06 4:52:34 ET]
Table 'Teutonia II' 6-max Seat #2 is the button
Seat 5: 4ikkiBamBoni ($100 in chips) is sitting out
Seat 1: MaRKiToScoK ($100 in chips) 
Seat 2: GERAKLmeat ($19.85 in chips) 
Seat 3: Saralah ($36.07 in chips) 
Seat 4: steelNike ($32.96 in chips) 
Seat 6: VahTang_89 ($100 in chips) 
Saralah: posts small blind $0.50
steelNike: posts big blind $1
*** HOLE CARDS ***
VahTang_89: folds 
MaRKiToScoK: raises $1.20 to $2.20
GERAKLmeat: folds 
Saralah: calls $1.70
steelNike: folds 
*** FLOP *** [Th 5c 5h]
Saralah: checks 
MaRKiToScoK: bets $2.57
Saralah: folds 
Uncalled bet ($2.57) returned to MaRKiToScoK
MaRKiToScoK collected $5.13 from pot
*** SUMMARY ***
Total pot $5.40 | Rake $0.27 
Board [Th 5c 5h]
Seat 5: 4ikkiBamBoni
Seat 1: MaRKiToScoK collected ($5.13)
Seat 2: GERAKLmeat (button) folded before Flop (didn't bet)
Seat 3: Saralah (small blind) folded on the Flop
Seat 4: steelNike (big blind) folded before Flop
Seat 6: VahTang_89 folded before Flop (didn't bet)



PokerStars Hand #254225333642:  Hold'em No Limit ($0.50/$1.00 USD) - 2025/01/06 9:53:03 WET [2025/01/06 4:53:03 ET]
Table 'Teutonia II' 6-max Seat #3 is the button
Seat 5: 4ikkiBamBoni ($100 in chips) is sitting out
Seat 1: MaRKiToScoK ($102.93 in chips) 
Seat 2: GERAKLmeat ($19.85 in chips) 
Seat 3: Saralah ($33.87 in chips) 
Seat 4: steelNike ($31.96 in chips) 
Seat 6: VahTang_89 ($100 in chips) 
steelNike: posts small blind $0.50
VahTang_89: posts big blind $1
*** HOLE CARDS ***
MaRKiToScoK: folds 
GERAKLmeat: raises $1 to $2
Saralah: calls $2
steelNike: calls $1.50
VahTang_89: folds 
*** FLOP *** [8h As Tc]
steelNike: checks 
GERAKLmeat: bets $2
Saralah: folds 
steelNike: folds 
Uncalled bet ($2) returned to GERAKLmeat
GERAKLmeat collected $6.65 from pot
GERAKLmeat: doesn't show hand 
*** SUMMARY ***
Total pot $7 | Rake $0.35 
Board [8h As Tc]
Seat 5: 4ikkiBamBoni
Seat 1: MaRKiToScoK folded before Flop (didn't bet)
Seat 2: GERAKLmeat collected ($6.65)
Seat 3: Saralah (button) folded on the Flop
Seat 4: steelNike (small blind) folded on the Flop
Seat 6: VahTang_89 (big blind) folded before Flop



PokerStars Hand #254225337866:  Hold'em No Limit ($0.50/$1.00 USD) - 2025/01/06 9:53:44 WET [2025/01/06 4:53:44 ET]
Table 'Teutonia II' 6-max Seat #4 is the button
Seat 1: MaRKiToScoK ($102.93 in chips) is sitting out
Seat 5: 4ikkiBamBoni ($100 in chips) is sitting out
Seat 2: GERAKLmeat ($24.50 in chips) 
Seat 3: Saralah ($31.87 in chips) 
Seat 4: steelNike ($29.96 in chips) 
Seat 6: VahTang_89 ($99 in chips) 
VahTang_89: posts small blind $0.50
MaRKiToScoK: is sitting out 
GERAKLmeat: posts big blind $1
*** HOLE CARDS ***
Saralah: calls $1
steelNike: folds 
VahTang_89: folds 
MaRKiToScoK leaves the table
GERAKLmeat: checks 
*** FLOP *** [6h Kd 4d]
GERAKLmeat: checks 
value_ftw joins the table at seat #1 
Saralah: checks 
*** TURN *** [6h Kd 4d] [Qs]
GERAKLmeat: bets $1.19
Saralah: folds 
Uncalled bet ($1.19) returned to GERAKLmeat
GERAKLmeat collected $2.38 from pot
GERAKLmeat: doesn't show hand 
*** SUMMARY ***
Total pot $2.50 | Rake $0.12 
Board [6h Kd 4d Qs]
Seat 1: MaRKiToScoK
Seat 5: 4ikkiBamBoni
Seat 2: GERAKLmeat (big blind) collected ($2.38)
Seat 3: Saralah folded on the Turn
Seat 4: steelNike (button) folded before Flop (didn't bet)
Seat 6: VahTang_89 (small blind) folded before Flop



PokerStars Hand #254225340351:  Hold'em No Limit ($0.50/$1.00 USD) - 2025/01/06 9:54:08 WET [2025/01/06 4:54:08 ET]
Table 'Teutonia II' 6-max Seat #6 is the button
Seat 1: value_ftw ($100 in chips) is sitting out
Seat 5: 4ikkiBamBoni ($100 in chips) is sitting out
Seat 2: GERAKLmeat ($25.88 in chips) 
Seat 3: Saralah ($30.87 in chips) 
Seat 4: steelNike ($29.96 in chips) 
Seat 6: VahTang_89 ($98.50 in chips) 
GERAKLmeat: posts small blind $0.50
Saralah: posts big blind $1
4ikkiBamBoni: sits out 
*** HOLE CARDS ***
steelNike: folds 
VahTang_89: folds 
GERAKLmeat: raises $24.88 to $25.88 and is all-in
Saralah: folds 
Uncalled bet ($24.88) returned to GERAKLmeat
GERAKLmeat collected $2 from pot
GERAKLmeat: doesn't show hand 
*** SUMMARY ***
Total pot $2 | Rake $0 
Seat 1: value_ftw
Seat 5: 4ikkiBamBoni
Seat 2: GERAKLmeat (small blind) collected ($2)
Seat 3: Saralah (big blind) folded before Flop
Seat 4: steelNike folded before Flop (didn't bet)
Seat 6: VahTang_89 (button) folded before Flop (didn't bet)



PokerStars Hand #254225342402:  Hold'em No Limit ($0.50/$1.00 USD) - 2025/01/06 9:54:26 WET [2025/01/06 4:54:26 ET]
Table 'Teutonia II' 6-max Seat #2 is the button
Seat 1: value_ftw ($100 in chips) is sitting out
Seat 5: 4ikkiBamBoni ($100 in chips) is sitting out
Seat 2: GERAKLmeat ($26.88 in chips) 
Seat 3: Saralah ($29.87 in chips) 
Seat 4: steelNike ($29.96 in chips) 
Seat 6: VahTang_89 ($98.50 in chips) 
Saralah: posts small blind $0.50
steelNike: posts big blind $1
4ikkiBamBoni: sits out 
value_ftw: sits out 
*** HOLE CARDS ***
VahTang_89: folds 
GERAKLmeat: folds 
Saralah: raises $1 to $2
steelNike: calls $1
*** FLOP *** [Jh 2s 7h]
Saralah: bets $1
steelNike: folds 
Uncalled bet ($1) returned to Saralah
Saralah collected $3.80 from pot
*** SUMMARY ***
Total pot $4 | Rake $0.20 
Board [Jh 2s 7h]
Seat 1: value_ftw
Seat 5: 4ikkiBamBoni
Seat 2: GERAKLmeat (button) folded before Flop (didn't bet)
Seat 3: Saralah (small blind) collected ($3.80)
Seat 4: steelNike (big blind) folded on the Flop
Seat 6: VahTang_89 folded before Flop (didn't bet)



PokerStars Hand #254225344491:  Hold'em No Limit ($0.50/$1.00 USD) - 2025/01/06 9:54:46 WET [2025/01/06 4:54:46 ET]
Table 'Teutonia II' 6-max Seat #3 is the button
Seat 1: value_ftw ($100 in chips) is sitting out
Seat 2: GERAKLmeat ($26.88 in chips) 
Seat 3: Saralah ($31.67 in chips) 
Seat 4: steelNike ($27.96 in chips) 
Seat 5: 4ikkiBamBoni ($100 in chips) 
Seat 6: VahTang_89 ($98.50 in chips) 
steelNike: posts small blind $0.50
4ikkiBamBoni: posts big blind $1
value_ftw: sits out 
*** HOLE CARDS ***
VahTang_89: folds 
GERAKLmeat: folds 
Saralah: calls $1
steelNike: folds 
4ikkiBamBoni: checks 
*** FLOP *** [3c 9s Qc]
4ikkiBamBoni: checks 
Saralah: bets $1
4ikkiBamBoni: folds 
Uncalled bet ($1) returned to Saralah
Saralah collected $2.38 from pot
*** SUMMARY ***
Total pot $2.50 | Rake $0.12 
Board [3c 9s Qc]
Seat 1: value_ftw
Seat 2: GERAKLmeat folded before Flop (didn't bet)
Seat 3: Saralah (button) collected ($2.38)
Seat 4: steelNike (small blind) folded before Flop
Seat 5: 4ikkiBamBoni (big blind) folded on the Flop
Seat 6: VahTang_89 folded before Flop (didn't bet)



PokerStars Hand #254225346869:  Hold'em No Limit ($0.50/$1.00 USD) - 2025/01/06 9:55:09 WET [2025/01/06 4:55:09 ET]
Table 'Teutonia II' 6-max Seat #4 is the button
Seat 1: value_ftw ($100 in chips) is sitting out
Seat 2: GERAKLmeat ($26.88 in chips) 
Seat 3: Saralah ($33.05 in chips) 
Seat 4: steelNike ($27.46 in chips) 
Seat 5: 4ikkiBamBoni ($100 in chips) 
Seat 6: VahTang_89 ($98.50 in chips) 
4ikkiBamBoni: posts small blind $0.50
VahTang_89: posts big blind $1
value_ftw: sits out 
*** HOLE CARDS ***
GERAKLmeat: folds 
Saralah: calls $1
steelNike: folds 
4ikkiBamBoni: folds 
VahTang_89: checks 
*** FLOP *** [6s Jd 2s]
VahTang_89: checks 
Saralah: checks 
*** TURN *** [6s Jd 2s] [7h]
VahTang_89: checks 
Saralah: checks 
*** RIVER *** [6s Jd 2s 7h] [Th]
VahTang_89: checks 
Saralah: checks 
*** SHOW DOWN ***
VahTang_89: shows [3s Kh] (high card King)
Saralah: mucks hand 
VahTang_89 collected $2.38 from pot
*** SUMMARY ***
Total pot $2.50 | Rake $0.12 
Board [6s Jd 2s 7h Th]
Seat 1: value_ftw
Seat 2: GERAKLmeat folded before Flop (didn't bet)
Seat 3: Saralah mucked
Seat 4: steelNike (button) folded before Flop (didn't bet)
Seat 5: 4ikkiBamBoni (small blind) folded before Flop
Seat 6: VahTang_89 (big blind) showed [3s Kh] and won ($2.38) with high card King



PokerStars Hand #254225350462:  Hold'em No Limit ($0.50/$1.00 USD) - 2025/01/06 9:55:48 WET [2025/01/06 4:55:48 ET]
Table 'Teutonia II' 6-max Seat #5 is the button
Seat 1: value_ftw ($100 in chips) 
Seat 2: GERAKLmeat ($26.88 in chips) 
Seat 3: Saralah ($32.05 in chips) 
Seat 4: steelNike ($27.46 in chips) 
Seat 5: 4ikkiBamBoni ($100 in chips) 
Seat 6: VahTang_89 ($99.88 in chips) 
VahTang_89: posts small blind $0.50
value_ftw: posts big blind $1
*** HOLE CARDS ***
GERAKLmeat: folds 
Saralah: calls $1
steelNike: folds 
4ikkiBamBoni: raises $2.70 to $3.70
VahTang_89: raises $9.40 to $13.10
value_ftw: folds 
Saralah: folds 
4ikkiBamBoni: folds 
Uncalled bet ($9.40) returned to VahTang_89
VahTang_89 collected $9.40 from pot
VahTang_89: doesn't show hand 
*** SUMMARY ***
Total pot $9.40 | Rake $0 
Seat 1: value_ftw (big blind) folded before Flop
Seat 2: GERAKLmeat folded before Flop (didn't bet)
Seat 3: Saralah folded before Flop
Seat 4: steelNike folded before Flop (didn't bet)
Seat 5: 4ikkiBamBoni (button) folded before Flop
Seat 6: VahTang_89 (small blind) collected ($9.40)



PokerStars Hand #254225354232:  Hold'em No Limit ($0.50/$1.00 USD) - 2025/01/06 9:56:29 WET [2025/01/06 4:56:29 ET]
Table 'Teutonia II' 6-max Seat #6 is the button
Seat 1: value_ftw ($100 in chips) 
Seat 2: GERAKLmeat ($26.88 in chips) 
Seat 3: Saralah ($31.05 in chips) 
Seat 4: steelNike ($27.46 in chips) 
Seat 5: 4ikkiBamBoni ($100 in chips) 
Seat 6: VahTang_89 ($105.58 in chips) 
value_ftw: posts small blind $0.50
GERAKLmeat: posts big blind $1
*** HOLE CARDS ***
Saralah: calls $1
steelNike: folds 
4ikkiBamBoni: raises $3.20 to $4.20
VahTang_89: folds 
value_ftw: folds 
GERAKLmeat: folds 
Saralah: calls $3.20
*** FLOP *** [Kd 4h Th]
Saralah: checks 
4ikkiBamBoni: bets $3.85
Saralah: folds 
Uncalled bet ($3.85) returned to 4ikkiBamBoni
4ikkiBamBoni collected $9.40 from pot
4ikkiBamBoni: doesn't show hand 
*** SUMMARY ***
Total pot $9.90 | Rake $0.50 
Board [Kd 4h Th]
Seat 1: value_ftw (small blind) folded before Flop
Seat 2: GERAKLmeat (big blind) folded before Flop
Seat 3: Saralah folded on the Flop
Seat 4: steelNike folded before Flop (didn't bet)
Seat 5: 4ikkiBamBoni collected ($9.40)
Seat 6: VahTang_89 (button) folded before Flop (didn't bet)



PokerStars Hand #254225356941:  Hold'em No Limit ($0.50/$1.00 USD) - 2025/01/06 9:56:59 WET [2025/01/06 4:56:59 ET]
Table 'Teutonia II' 6-max Seat #1 is the button
Seat 1: value_ftw ($100 in chips) 
Seat 2: GERAKLmeat ($25.88 in chips) 
Seat 3: Saralah ($26.85 in chips) 
Seat 4: steelNike ($27.46 in chips) 
Seat 5: 4ikkiBamBoni ($105.20 in chips) 
Seat 6: VahTang_89 ($105.58 in chips) 
GERAKLmeat: posts small blind $0.50
Saralah: posts big blind $1
*** HOLE CARDS ***
steelNike: folds 
4ikkiBamBoni: folds 
VahTang_89: folds 
value_ftw: folds 
GERAKLmeat: raises $1 to $2
Saralah: calls $1
*** FLOP *** [3c Qc Qs]
GERAKLmeat: bets $1.14
Saralah: calls $1.14
*** TURN *** [3c Qc Qs] [7c]
GERAKLmeat: checks 
Saralah: checks 
*** RIVER *** [3c Qc Qs 7c] [Ks]
GERAKLmeat: bets $1.79
Saralah: folds 
Uncalled bet ($1.79) returned to GERAKLmeat
GERAKLmeat collected $5.97 from pot
GERAKLmeat: doesn't show hand 
*** SUMMARY ***
Total pot $6.28 | Rake $0.31 
Board [3c Qc Qs 7c Ks]
Seat 1: value_ftw (button) folded before Flop (didn't bet)
Seat 2: GERAKLmeat (small blind) collected ($5.97)
Seat 3: Saralah (big blind) folded on the River
Seat 4: steelNike folded before Flop (didn't bet)
Seat 5: 4ikkiBamBoni folded before Flop (didn't bet)
Seat 6: VahTang_89 folded before Flop (didn't bet)



PokerStars Hand #254225361753:  Hold'em No Limit ($0.50/$1.00 USD) - 2025/01/06 9:57:52 WET [2025/01/06 4:57:52 ET]
Table 'Teutonia II' 6-max Seat #2 is the button
Seat 1: value_ftw ($100 in chips) 
Seat 2: GERAKLmeat ($28.71 in chips) 
Seat 3: Saralah ($23.71 in chips) 
Seat 4: steelNike ($27.46 in chips) 
Seat 5: 4ikkiBamBoni ($105.20 in chips) 
Seat 6: VahTang_89 ($105.58 in chips) 
Saralah: posts small blind $0.50
steelNike: posts big blind $1
*** HOLE CARDS ***
4ikkiBamBoni: folds 
VahTang_89: folds 
value_ftw: folds 
GERAKLmeat: folds 
Saralah: calls $0.50
steelNike: checks 
*** FLOP *** [9h 4d 5d]
Saralah: bets $1
steelNike: raises $5 to $6
Saralah: folds 
Uncalled bet ($5) returned to steelNike
steelNike collected $3.80 from pot
*** SUMMARY ***
Total pot $4 | Rake $0.20 
Board [9h 4d 5d]
Seat 1: value_ftw folded before Flop (didn't bet)
Seat 2: GERAKLmeat (button) folded before Flop (didn't bet)
Seat 3: Saralah (small blind) folded on the Flop
Seat 4: steelNike (big blind) collected ($3.80)
Seat 5: 4ikkiBamBoni folded before Flop (didn't bet)
Seat 6: VahTang_89 folded before Flop (didn't bet)



PokerStars Hand #254225364701:  Hold'em No Limit ($0.50/$1.00 USD) - 2025/01/06 9:58:24 WET [2025/01/06 4:58:24 ET]
Table 'Teutonia II' 6-max Seat #3 is the button
Seat 1: value_ftw ($100 in chips) 
Seat 2: GERAKLmeat ($28.71 in chips) 
Seat 3: Saralah ($21.71 in chips) 
Seat 4: steelNike ($29.26 in chips) 
Seat 5: 4ikkiBamBoni ($105.20 in chips) 
Seat 6: VahTang_89 ($105.58 in chips) 
steelNike: posts small blind $0.50
4ikkiBamBoni: posts big blind $1
*** HOLE CARDS ***
VahTang_89: raises $1.20 to $2.20
value_ftw: folds 
GERAKLmeat: folds 
Saralah: folds 
steelNike: folds 
4ikkiBamBoni: folds 
Uncalled bet ($1.20) returned to VahTang_89
VahTang_89 collected $2.50 from pot
VahTang_89: doesn't show hand 
*** SUMMARY ***
Total pot $2.50 | Rake $0 
Seat 1: value_ftw folded before Flop (didn't bet)
Seat 2: GERAKLmeat folded before Flop (didn't bet)
Seat 3: Saralah (button) folded before Flop (didn't bet)
Seat 4: steelNike (small blind) folded before Flop
Seat 5: 4ikkiBamBoni (big blind) folded before Flop
Seat 6: VahTang_89 collected ($2.50)



PokerStars Hand #254225535638:  Hold'em No Limit ($0.50/$1.00 USD) - 2025/01/06 10:24:17 WET [2025/01/06 5:24:17 ET]
Table 'Teutonia II' 6-max Seat #1 is the button
Seat 1: nastja336 ($100 in chips) 
Seat 2: blistein ($100 in chips) 
Seat 3: janarr5 ($100 in chips) 
Seat 4: steelNike ($38.21 in chips) 
Seat 6: lacrimnoche ($35.06 in chips) 
blistein: posts small blind $0.50
janarr5: posts big blind $1
*** HOLE CARDS ***
steelNike: raises $1 to $2
lacrimnoche: raises $33.06 to $35.06 and is all-in
nastja336: folds 
blistein: folds 
janarr5: folds 
steelNike: folds 
Uncalled bet ($33.06) returned to lacrimnoche
lacrimnoche collected $5.50 from pot
*** SUMMARY ***
Total pot $5.50 | Rake $0 
Seat 1: nastja336 (button) folded before Flop (didn't bet)
Seat 2: blistein (small blind) folded before Flop
Seat 3: janarr5 (big blind) folded before Flop
Seat 4: steelNike folded before Flop
Seat 6: lacrimnoche collected ($5.50)



PokerStars Hand #254225537820:  Hold'em No Limit ($0.50/$1.00 USD) - 2025/01/06 10:24:36 WET [2025/01/06 5:24:36 ET]
Table 'Teutonia II' 6-max Seat #2 is the button
Seat 1: nastja336 ($100 in chips) 
Seat 2: blistein ($100 in chips) 
Seat 3: janarr5 ($100 in chips) 
Seat 4: steelNike ($36.21 in chips) 
Seat 6: lacrimnoche ($38.56 in chips) 
janarr5: posts small blind $0.50
steelNike: posts big blind $1
*** HOLE CARDS ***
lacrimnoche: raises $37.56 to $38.56 and is all-in
nastja336: folds 
blistein: folds 
janarr5: folds 
steelNike: folds 
Uncalled bet ($37.56) returned to lacrimnoche
lacrimnoche collected $2.50 from pot
*** SUMMARY ***
Total pot $2.50 | Rake $0 
Seat 1: nastja336 folded before Flop (didn't bet)
Seat 2: blistein (button) folded before Flop (didn't bet)
Seat 3: janarr5 (small blind) folded before Flop
Seat 4: steelNike (big blind) folded before Flop
Seat 6: lacrimnoche collected ($2.50)



PokerStars Hand #254225539230:  Hold'em No Limit ($0.50/$1.00 USD) - 2025/01/06 10:24:48 WET [2025/01/06 5:24:48 ET]
Table 'Teutonia II' 6-max Seat #3 is the button
Seat 1: nastja336 ($100 in chips) 
Seat 2: blistein ($100 in chips) 
Seat 3: janarr5 ($100 in chips) 
Seat 4: steelNike ($35.21 in chips) 
Seat 6: lacrimnoche ($40.06 in chips) 
steelNike: posts small blind $0.50
lacrimnoche: posts big blind $1
*** HOLE CARDS ***
nastja336: folds 
blistein: folds 
janarr5: folds 
steelNike: folds 
Uncalled bet ($0.50) returned to lacrimnoche
lacrimnoche collected $1 from pot
*** SUMMARY ***
Total pot $1 | Rake $0 
Seat 1: nastja336 folded before Flop (didn't bet)
Seat 2: blistein folded before Flop (didn't bet)
Seat 3: janarr5 (button) folded before Flop (didn't bet)
Seat 4: steelNike (small blind) folded before Flop
Seat 6: lacrimnoche (big blind) collected ($1)



PokerStars Hand #254225540726:  Hold'em No Limit ($0.50/$1.00 USD) - 2025/01/06 10:25:00 WET [2025/01/06 5:25:00 ET]
Table 'Teutonia II' 6-max Seat #4 is the button
Seat 1: nastja336 ($100 in chips) 
Seat 2: blistein ($100 in chips) 
Seat 3: janarr5 ($100 in chips) 
Seat 4: steelNike ($34.71 in chips) 
Seat 6: lacrimnoche ($40.56 in chips) 
lacrimnoche: posts small blind $0.50
nastja336: posts big blind $1
*** HOLE CARDS ***
blistein: folds 
janarr5: folds 
steelNike: raises $1.30 to $2.30
iNeverBluff398 joins the table at seat #5 
lacrimnoche: calls $1.80
nastja336: raises $11.70 to $14
steelNike: folds 
lacrimnoche: raises $26.56 to $40.56 and is all-in
nastja336: calls $26.56
*** FLOP *** [5s Js 6h]
*** TURN *** [5s Js 6h] [Qc]
*** RIVER *** [5s Js 6h Qc] [5c]
*** SHOW DOWN ***
lacrimnoche: shows [Ah 8d] (a pair of Fives)
nastja336: shows [Qd Qh] (a full house, Queens full of Fives)
nastja336 collected $80.92 from pot
*** SUMMARY ***
Total pot $83.42 | Rake $2.50 
Board [5s Js 6h Qc 5c]
Seat 1: nastja336 (big blind) showed [Qd Qh] and won ($80.92) with a full house, Queens full of Fives
Seat 2: blistein folded before Flop (didn't bet)
Seat 3: janarr5 folded before Flop (didn't bet)
Seat 4: steelNike (button) folded before Flop
Seat 6: lacrimnoche (small blind) showed [Ah 8d] and lost with a pair of Fives



PokerStars Hand #254225545216:  Hold'em No Limit ($0.50/$1.00 USD) - 2025/01/06 10:25:39 WET [2025/01/06 5:25:39 ET]
Table 'Teutonia II' 6-max Seat #1 is the button
Seat 5: iNeverBluff398 ($100 in chips) is sitting out
Seat 6: lacrimnoche ($0 in chips) is sitting out
Seat 1: nastja336 ($140.36 in chips) 
Seat 2: blistein ($100 in chips) 
Seat 3: janarr5 ($100 in chips) 
Seat 4: steelNike ($32.41 in chips) 
blistein: posts small blind $0.50
janarr5: posts big blind $1
iNeverBluff398: sits out 
*** HOLE CARDS ***
lacrimnoche is disconnected 
steelNike: folds 
nastja336: folds 
blistein: raises $2 to $3
janarr5: folds 
Uncalled bet ($2) returned to blistein
blistein collected $2 from pot
blistein: doesn't show hand 
*** SUMMARY ***
Total pot $2 | Rake $0 
Seat 5: iNeverBluff398
Seat 6: lacrimnoche
Seat 1: nastja336 (button) folded before Flop (didn't bet)
Seat 2: blistein (small blind) collected ($2)
Seat 3: janarr5 (big blind) folded before Flop
Seat 4: steelNike folded before Flop (didn't bet)



PokerStars Hand #254225548495:  Hold'em No Limit ($0.50/$1.00 USD) - 2025/01/06 10:26:06 WET [2025/01/06 5:26:06 ET]
Table 'Teutonia II' 6-max Seat #2 is the button
Seat 4: steelNike ($32.41 in chips) is sitting out
Seat 6: lacrimnoche ($0 in chips) is sitting out
Seat 1: nastja336 ($140.36 in chips) 
Seat 2: blistein ($101 in chips) 
Seat 3: janarr5 ($100 in chips) 
Seat 5: iNeverBluff398 ($100 in chips) 
janarr5: posts small blind $0.50
steelNike: is sitting out 
iNeverBluff398: posts big blind $1
*** HOLE CARDS ***
nastja336: folds 
steelNike leaves the table
nastja336 leaves the table
blistein: raises $1.50 to $2.50
janarr5: folds 
iNeverBluff398: folds 
Uncalled bet ($1.50) returned to blistein
blistein collected $2.50 from pot
blistein: doesn't show hand 
*** SUMMARY ***
Total pot $2.50 | Rake $0 
Seat 4: steelNike
Seat 6: lacrimnoche
Seat 1: nastja336 folded before Flop (didn't bet)
Seat 2: blistein (button) collected ($2.50)
Seat 3: janarr5 (small blind) folded before Flop
Seat 5: iNeverBluff398 (big blind) folded before Flop



PokerStars Hand #254225550021:  Hold'em No Limit ($0.50/$1.00 USD) - 2025/01/06 10:26:19 WET [2025/01/06 5:26:19 ET]
Table 'Teutonia II' 6-max Seat #3 is the button
Seat 6: lacrimnoche ($0 in chips) is sitting out
Seat 2: blistein ($102.50 in chips) 
Seat 3: janarr5 ($100 in chips) 
Seat 5: iNeverBluff398 ($100 in chips) 
iNeverBluff398: posts small blind $0.50
blistein: posts big blind $1
*** HOLE CARDS ***
janarr5: folds 
iNeverBluff398: raises $2 to $3
blistein: folds 
Uncalled bet ($2) returned to iNeverBluff398
iNeverBluff398 collected $2 from pot
iNeverBluff398: doesn't show hand 
*** SUMMARY ***
Total pot $2 | Rake $0 
Seat 6: lacrimnoche
Seat 2: blistein (big blind) folded before Flop
Seat 3: janarr5 (button) folded before Flop (didn't bet)
Seat 5: iNeverBluff398 (small blind) collected ($2)



PokerStars Hand #254225551034:  Hold'em No Limit ($0.50/$1.00 USD) - 2025/01/06 10:26:28 WET [2025/01/06 5:26:28 ET]
Table 'Teutonia II' 6-max Seat #5 is the button
Seat 6: lacrimnoche ($0 in chips) is sitting out
Seat 2: blistein ($101.50 in chips) 
Seat 3: janarr5 ($100 in chips) 
Seat 5: iNeverBluff398 ($101 in chips) 
blistein: posts small blind $0.50
janarr5: posts big blind $1
*** HOLE CARDS ***
iNeverBluff398: folds 
blistein: folds 
Uncalled bet ($0.50) returned to janarr5
janarr5 collected $1 from pot
janarr5: doesn't show hand 
*** SUMMARY ***
Total pot $1 | Rake $0 
Seat 6: lacrimnoche
Seat 2: blistein (small blind) folded before Flop
Seat 3: janarr5 (big blind) collected ($1)
Seat 5: iNeverBluff398 (button) folded before Flop (didn't bet)



PokerStars Hand #254225584533:  Hold'em No Limit ($0.50/$1.00 USD) - 2025/01/06 10:31:09 WET [2025/01/06 5:31:09 ET]
Table 'Teutonia II' 6-max Seat #1 is the button
Seat 1: Twistenko ($100 in chips) 
Seat 2: steelNike ($32.41 in chips) 
Seat 3: lacrimnoche ($35.30 in chips) 
Seat 4: nastja336 ($140.36 in chips) 
Seat 5: blistein ($101 in chips) 
steelNike: posts small blind $0.50
lacrimnoche: posts big blind $1
*** HOLE CARDS ***
nastja336: folds 
blistein: raises $1.30 to $2.30
Twistenko: folds 
iNeverBluff398 joins the table at seat #6 
steelNike: calls $1.80
lacrimnoche: folds 
*** FLOP *** [5h 7s 3s]
steelNike: checks 
blistein: bets $1.81
steelNike: raises $28.30 to $30.11 and is all-in
blistein: calls $28.30
*** FIRST TURN *** [5h 7s 3s] [5d]
*** FIRST RIVER *** [5h 7s 3s 5d] [2s]
*** SECOND TURN *** [5h 7s 3s] [Th]
*** SECOND RIVER *** [5h 7s 3s Th] [Qh]
*** FIRST SHOW DOWN ***
steelNike: shows [8c 8s] (two pair, Eights and Fives)
blistein: shows [Tc Td] (two pair, Tens and Fives)
blistein collected $31.66 from pot
*** SECOND SHOW DOWN ***
steelNike: shows [8c 8s] (a pair of Eights)
blistein: shows [Tc Td] (three of a kind, Tens)
blistein collected $31.66 from pot
*** SUMMARY ***
Total pot $65.82 | Rake $2.50 
Hand was run twice
FIRST Board [5h 7s 3s 5d 2s]
SECOND Board [5h 7s 3s Th Qh]
Seat 1: Twistenko (button) folded before Flop (didn't bet)
Seat 2: steelNike (small blind) showed [8c 8s] and lost with two pair, Eights and Fives, and lost with a pair of Eights
Seat 3: lacrimnoche (big blind) folded before Flop
Seat 4: nastja336 folded before Flop (didn't bet)
Seat 5: blistein showed [Tc Td] and won ($31.66) with two pair, Tens and Fives, and won ($31.66) with three of a kind, Tens



PokerStars Hand #254225591741:  Hold'em No Limit ($0.50/$1.00 USD) - 2025/01/06 10:32:08 WET [2025/01/06 5:32:08 ET]
Table 'Teutonia II' 6-max Seat #2 is the button
Seat 6: iNeverBluff398 ($101 in chips) is sitting out
Seat 1: Twistenko ($100 in chips) 
Seat 2: steelNike ($10 in chips) 
Seat 3: lacrimnoche ($34.30 in chips) 
Seat 4: nastja336 ($140.36 in chips) 
Seat 5: blistein ($131.91 in chips) 
lacrimnoche: posts small blind $0.50
nastja336: posts big blind $1
iNeverBluff398: sits out 
*** HOLE CARDS ***
blistein: folds 
Twistenko: folds 
steelNike: raises $9 to $10 and is all-in
lacrimnoche: raises $24.30 to $34.30 and is all-in
nastja336: folds 
Uncalled bet ($24.30) returned to lacrimnoche
*** FLOP *** [5h 8h 7c]
*** TURN *** [5h 8h 7c] [Kd]
*** RIVER *** [5h 8h 7c Kd] [Ac]
*** SHOW DOWN ***
lacrimnoche: shows [9h Th] (high card Ace)
steelNike: shows [Qd Td] (high card Ace - King+Queen kicker)
steelNike collected $19.95 from pot
*** SUMMARY ***
Total pot $21 | Rake $1.05 
Board [5h 8h 7c Kd Ac]
Seat 6: iNeverBluff398
Seat 1: Twistenko folded before Flop (didn't bet)
Seat 2: steelNike (button) showed [Qd Td] and won ($19.95) with high card Ace
Seat 3: lacrimnoche (small blind) showed [9h Th] and lost with high card Ace
Seat 4: nastja336 (big blind) folded before Flop
Seat 5: blistein folded before Flop (didn't bet)



PokerStars Hand #254225595222:  Hold'em No Limit ($0.50/$1.00 USD) - 2025/01/06 10:32:37 WET [2025/01/06 5:32:37 ET]
Table 'Teutonia II' 6-max Seat #3 is the button
Seat 6: iNeverBluff398 ($101 in chips) is sitting out
Seat 1: Twistenko ($100 in chips) 
Seat 2: steelNike ($19.95 in chips) 
Seat 3: lacrimnoche ($24.30 in chips) 
Seat 4: nastja336 ($139.36 in chips) 
Seat 5: blistein ($131.91 in chips) 
nastja336: posts small blind $0.50
blistein: posts big blind $1
iNeverBluff398: sits out 
*** HOLE CARDS ***
Twistenko: folds 
steelNike: folds 
lacrimnoche: calls $1
nastja336: folds 
blistein: raises $3 to $4
lacrimnoche: folds 
Uncalled bet ($3) returned to blistein
blistein collected $2.50 from pot
blistein: doesn't show hand 
*** SUMMARY ***
Total pot $2.50 | Rake $0 
Seat 6: iNeverBluff398
Seat 1: Twistenko folded before Flop (didn't bet)
Seat 2: steelNike folded before Flop (didn't bet)
Seat 3: lacrimnoche (button) folded before Flop
Seat 4: nastja336 (small blind) folded before Flop
Seat 5: blistein (big blind) collected ($2.50)



PokerStars Hand #254225598960:  Hold'em No Limit ($0.50/$1.00 USD) - 2025/01/06 10:33:08 WET [2025/01/06 5:33:08 ET]
Table 'Teutonia II' 6-max Seat #4 is the button
Seat 1: Twistenko ($100 in chips) 
Seat 2: steelNike ($19.95 in chips) 
Seat 3: lacrimnoche ($23.30 in chips) 
Seat 4: nastja336 ($138.86 in chips) 
Seat 5: blistein ($133.41 in chips) 
Seat 6: iNeverBluff398 ($101 in chips) 
blistein: posts small blind $0.50
iNeverBluff398: posts big blind $1
*** HOLE CARDS ***
Twistenko: folds 
steelNike: folds 
lacrimnoche: calls $1
nastja336: folds 
blistein: folds 
iNeverBluff398: checks 
*** FLOP *** [7h 5s 9s]
iNeverBluff398: checks 
lacrimnoche: checks 
*** TURN *** [7h 5s 9s] [7d]
iNeverBluff398: checks 
lacrimnoche: checks 
*** RIVER *** [7h 5s 9s 7d] [2s]
iNeverBluff398: checks 
lacrimnoche: checks 
*** SHOW DOWN ***
iNeverBluff398: shows [Jd 3s] (a pair of Sevens)
lacrimnoche: shows [4s Ad] (a pair of Sevens - Ace kicker)
lacrimnoche collected $2.38 from pot
*** SUMMARY ***
Total pot $2.50 | Rake $0.12 
Board [7h 5s 9s 7d 2s]
Seat 1: Twistenko folded before Flop (didn't bet)
Seat 2: steelNike folded before Flop (didn't bet)
Seat 3: lacrimnoche showed [4s Ad] and won ($2.38) with a pair of Sevens
Seat 4: nastja336 (button) folded before Flop (didn't bet)
Seat 5: blistein (small blind) folded before Flop
Seat 6: iNeverBluff398 (big blind) showed [Jd 3s] and lost with a pair of Sevens



PokerStars Hand #254225601708:  Hold'em No Limit ($0.50/$1.00 USD) - 2025/01/06 10:33:31 WET [2025/01/06 5:33:31 ET]
Table 'Teutonia II' 6-max Seat #5 is the button
Seat 1: Twistenko ($100 in chips) 
Seat 2: steelNike ($19.95 in chips) 
Seat 3: lacrimnoche ($24.68 in chips) 
Seat 4: nastja336 ($138.86 in chips) 
Seat 5: blistein ($132.91 in chips) 
Seat 6: iNeverBluff398 ($100 in chips) 
iNeverBluff398: posts small blind $0.50
Twistenko: posts big blind $1
*** HOLE CARDS ***
steelNike: raises $1 to $2
lacrimnoche: folds 
nastja336: folds 
blistein: folds 
iNeverBluff398: folds 
Twistenko: folds 
Uncalled bet ($1) returned to steelNike
steelNike collected $2.50 from pot
*** SUMMARY ***
Total pot $2.50 | Rake $0 
Seat 1: Twistenko (big blind) folded before Flop
Seat 2: steelNike collected ($2.50)
Seat 3: lacrimnoche folded before Flop (didn't bet)
Seat 4: nastja336 folded before Flop (didn't bet)
Seat 5: blistein (button) folded before Flop (didn't bet)
Seat 6: iNeverBluff398 (small blind) folded before Flop



PokerStars Hand #254225604747:  Hold'em No Limit ($0.50/$1.00 USD) - 2025/01/06 10:33:56 WET [2025/01/06 5:33:56 ET]
Table 'Teutonia II' 6-max Seat #6 is the button
Seat 1: Twistenko ($100 in chips) 
Seat 2: steelNike ($21.45 in chips) 
Seat 3: lacrimnoche ($24.68 in chips) 
Seat 4: nastja336 ($138.86 in chips) 
Seat 5: blistein ($132.91 in chips) 
Seat 6: iNeverBluff398 ($100 in chips) 
Twistenko: posts small blind $0.50
steelNike: posts big blind $1
*** HOLE CARDS ***
lacrimnoche: raises $23.68 to $24.68 and is all-in
nastja336: folds 
blistein: folds 
iNeverBluff398: folds 
Twistenko: folds 
steelNike: folds 
Uncalled bet ($23.68) returned to lacrimnoche
lacrimnoche collected $2.50 from pot
*** SUMMARY ***
Total pot $2.50 | Rake $0 
Seat 1: Twistenko (small blind) folded before Flop
Seat 2: steelNike (big blind) folded before Flop
Seat 3: lacrimnoche collected ($2.50)
Seat 4: nastja336 folded before Flop (didn't bet)
Seat 5: blistein folded before Flop (didn't bet)
Seat 6: iNeverBluff398 (button) folded before Flop (didn't bet)



PokerStars Hand #254225606705:  Hold'em No Limit ($0.50/$1.00 USD) - 2025/01/06 10:34:13 WET [2025/01/06 5:34:13 ET]
Table 'Teutonia II' 6-max Seat #1 is the button
Seat 1: Twistenko ($100 in chips) 
Seat 2: steelNike ($20.45 in chips) 
Seat 3: lacrimnoche ($26.18 in chips) 
Seat 4: nastja336 ($138.86 in chips) 
Seat 5: blistein ($132.91 in chips) 
Seat 6: iNeverBluff398 ($100 in chips) 
steelNike: posts small blind $0.50
lacrimnoche: posts big blind $1
*** HOLE CARDS ***
nastja336: folds 
blistein: raises $1.20 to $2.20
iNeverBluff398: folds 
Twistenko: folds 
steelNike: folds 
lacrimnoche: folds 
Uncalled bet ($1.20) returned to blistein
lacrimnoche leaves the table
blistein collected $2.50 from pot
blistein: doesn't show hand 
*** SUMMARY ***
Total pot $2.50 | Rake $0 
Seat 1: Twistenko (button) folded before Flop (didn't bet)
Seat 2: steelNike (small blind) folded before Flop
Seat 3: lacrimnoche (big blind) folded before Flop
Seat 4: nastja336 folded before Flop (didn't bet)
Seat 5: blistein collected ($2.50)
Seat 6: iNeverBluff398 folded before Flop (didn't bet)



PokerStars Hand #254225608240:  Hold'em No Limit ($0.50/$1.00 USD) - 2025/01/06 10:34:25 WET [2025/01/06 5:34:25 ET]
Table 'Teutonia II' 6-max Seat #2 is the button
Seat 5: blistein ($134.41 in chips) is sitting out
Seat 1: Twistenko ($100 in chips) 
Seat 2: steelNike ($19.95 in chips) 
Seat 4: nastja336 ($138.86 in chips) 
Seat 6: iNeverBluff398 ($100 in chips) 
nastja336: posts small blind $0.50
blistein: is sitting out 
iNeverBluff398: posts big blind $1
*** HOLE CARDS ***
blistein leaves the table
Twistenko: folds 
steelNike: folds 
nastja336: raises $2 to $3
iNeverBluff398: raises $6 to $9
Twistenko leaves the table
nastja336: folds 
Uncalled bet ($6) returned to iNeverBluff398
iNeverBluff398 collected $6 from pot
iNeverBluff398: doesn't show hand 
*** SUMMARY ***
Total pot $6 | Rake $0 
Seat 5: blistein
Seat 1: Twistenko folded before Flop (didn't bet)
Seat 2: steelNike (button) folded before Flop (didn't bet)
Seat 4: nastja336 (small blind) folded before Flop
Seat 6: iNeverBluff398 (big blind) collected ($6)



