PokerStars Hand #254228403267:  Hold'em No Limit ($0.50/$1.00 USD) - 2025/01/06 15:17:27 WET [2025/01/06 10:17:27 ET]
Table 'Mancunia' 6-max Seat #1 is the button
Seat 1: yzuk ($100 in chips) 
Seat 3: YeeesMan ($198 in chips) 
Seat 4: InteRRio ($100 in chips) 
Seat 5: m1lkdud ($100 in chips) 
Seat 6: Joker007r ($100 in chips) 
YeeesMan: posts small blind $0.50
InteRRio: posts big blind $1
*** HOLE CARDS ***
m1lkdud: raises $2.50 to $3.50
Joker007r: folds 
yzuk: folds 
YeeesMan: folds 
InteRRio: folds 
Uncalled bet ($2.50) returned to m1lkdud
m1lkdud collected $2.50 from pot
*** SUMMARY ***
Total pot $2.50 | Rake $0 
Seat 1: yzuk (button) folded before Flop (didn't bet)
Seat 3: YeeesMan (small blind) folded before Flop
Seat 4: InteRRio (big blind) folded before Flop
Seat 5: m1lkdud collected ($2.50)
Seat 6: Joker007r folded before Flop (didn't bet)



PokerStars Hand #254228409748:  Hold'em No Limit ($0.50/$1.00 USD) - 2025/01/06 15:17:54 WET [2025/01/06 10:17:54 ET]
Table 'Mancunia' 6-max Seat #3 is the button
Seat 1: yzuk ($100 in chips) 
Seat 3: YeeesMan ($197.50 in chips) 
Seat 4: InteRRio ($100 in chips) 
Seat 5: m1lkdud ($101.50 in chips) 
Seat 6: Joker007r ($100 in chips) 
InteRRio: posts small blind $0.50
m1lkdud: posts big blind $1
*** HOLE CARDS ***
Joker007r: raises $2 to $3
yzuk: folds 
YeeesMan: folds 
InteRRio: folds 
m1lkdud: calls $2
*** FLOP *** [8d 4d Jh]
m1lkdud: checks 
Joker007r: bets $4.12
m1lkdud: calls $4.12
*** TURN *** [8d 4d Jh] [7s]
m1lkdud: checks 
Joker007r: checks 
*** RIVER *** [8d 4d Jh 7s] [Kc]
m1lkdud: checks 
Joker007r: bets $10.22
m1lkdud: folds 
Uncalled bet ($10.22) returned to Joker007r
Joker007r collected $14 from pot
Joker007r: doesn't show hand 
*** SUMMARY ***
Total pot $14.74 | Rake $0.74 
Board [8d 4d Jh 7s Kc]
Seat 1: yzuk folded before Flop (didn't bet)
Seat 3: YeeesMan (button) folded before Flop (didn't bet)
Seat 4: InteRRio (small blind) folded before Flop
Seat 5: m1lkdud (big blind) folded on the River
Seat 6: Joker007r collected ($14)



PokerStars Hand #254228419468:  Hold'em No Limit ($0.50/$1.00 USD) - 2025/01/06 15:18:35 WET [2025/01/06 10:18:35 ET]
Table 'Mancunia' 6-max Seat #4 is the button
Seat 6: Joker007r ($106.88 in chips) is sitting out
Seat 1: yzuk ($100 in chips) 
Seat 3: YeeesMan ($197.50 in chips) 
Seat 4: InteRRio ($100 in chips) 
Seat 5: m1lkdud ($94.38 in chips) 
m1lkdud: posts small blind $0.50
Joker007r: is sitting out 
yzuk: posts big blind $1
*** HOLE CARDS ***
Flooris123 joins the table at seat #2 
YeeesMan: folds 
InteRRio: raises $1.50 to $2.50
m1lkdud: raises $7 to $9.50
yzuk: folds 
InteRRio: calls $7
*** FLOP *** [3d Ts Kd]
m1lkdud: bets $9.50
InteRRio: folds 
Uncalled bet ($9.50) returned to m1lkdud
m1lkdud collected $19 from pot
*** SUMMARY ***
Total pot $20 | Rake $1 
Board [3d Ts Kd]
Seat 6: Joker007r
Seat 1: yzuk (big blind) folded before Flop
Seat 3: YeeesMan folded before Flop (didn't bet)
Seat 4: InteRRio (button) folded on the Flop
Seat 5: m1lkdud (small blind) collected ($19)



PokerStars Hand #254228431926:  Hold'em No Limit ($0.50/$1.00 USD) - 2025/01/06 15:19:28 WET [2025/01/06 10:19:28 ET]
Table 'Mancunia' 6-max Seat #5 is the button
Seat 6: Joker007r ($106.88 in chips) is sitting out
Seat 1: yzuk ($100 in chips) 
Seat 2: Flooris123 ($100 in chips) 
Seat 3: YeeesMan ($197.50 in chips) 
Seat 4: InteRRio ($100 in chips) 
Seat 5: m1lkdud ($103.88 in chips) 
yzuk: posts small blind $0.50
Flooris123: posts big blind $1
*** HOLE CARDS ***
YeeesMan: folds 
InteRRio: raises $1.50 to $2.50
m1lkdud: folds 
yzuk: folds 
Flooris123: calls $1.50
*** FLOP *** [7c 6d As]
Flooris123: bets $5.22
InteRRio: folds 
Uncalled bet ($5.22) returned to Flooris123
Flooris123 collected $5.22 from pot
Flooris123: doesn't show hand 
*** SUMMARY ***
Total pot $5.50 | Rake $0.28 
Board [7c 6d As]
Seat 6: Joker007r
Seat 1: yzuk (small blind) folded before Flop
Seat 2: Flooris123 (big blind) collected ($5.22)
Seat 3: YeeesMan folded before Flop (didn't bet)
Seat 4: InteRRio folded on the Flop
Seat 5: m1lkdud (button) folded before Flop (didn't bet)



PokerStars Hand #254228441440:  Hold'em No Limit ($0.50/$1.00 USD) - 2025/01/06 15:20:08 WET [2025/01/06 10:20:08 ET]
Table 'Mancunia' 6-max Seat #1 is the button
Seat 3: YeeesMan ($197.50 in chips) is sitting out
Seat 6: Joker007r ($106.88 in chips) is sitting out
Seat 1: yzuk ($100 in chips) 
Seat 2: Flooris123 ($102.72 in chips) 
Seat 4: InteRRio ($100 in chips) 
Seat 5: m1lkdud ($103.88 in chips) 
Flooris123: posts small blind $0.50
YeeesMan: is sitting out 
InteRRio: posts big blind $1
Joker007r: sits out 
*** HOLE CARDS ***
m1lkdud: raises $2.50 to $3.50
yzuk: folds 
Flooris123: folds 
YeeesMan leaves the table
InteRRio: folds 
Uncalled bet ($2.50) returned to m1lkdud
m1lkdud collected $2.50 from pot
*** SUMMARY ***
Total pot $2.50 | Rake $0 
Seat 3: YeeesMan
Seat 6: Joker007r
Seat 1: yzuk (button) folded before Flop (didn't bet)
Seat 2: Flooris123 (small blind) folded before Flop
Seat 4: InteRRio (big blind) folded before Flop
Seat 5: m1lkdud collected ($2.50)



PokerStars Hand #254228444527:  Hold'em No Limit ($0.50/$1.00 USD) - 2025/01/06 15:20:21 WET [2025/01/06 10:20:21 ET]
Table 'Mancunia' 6-max Seat #2 is the button
Seat 6: Joker007r ($106.88 in chips) is sitting out
Seat 1: yzuk ($100 in chips) 
Seat 2: Flooris123 ($102.22 in chips) 
Seat 4: InteRRio ($100 in chips) 
Seat 5: m1lkdud ($105.38 in chips) 
InteRRio: posts small blind $0.50
m1lkdud: posts big blind $1
Joker007r: sits out 
*** HOLE CARDS ***
yzuk: folds 
Flooris123: folds 
Joker007r leaves the table
Joker007r joins the table at seat #3 
InteRRio: raises $2 to $3
m1lkdud: calls $2
*** FLOP *** [4c 2d 3s]
InteRRio: checks 
m1lkdud: checks 
*** TURN *** [4c 2d 3s] [Ks]
InteRRio: checks 
m1lkdud: checks 
*** RIVER *** [4c 2d 3s Ks] [Kh]
gig.gyty joins the table at seat #6 
InteRRio: bets $4.28
m1lkdud: folds 
Uncalled bet ($4.28) returned to InteRRio
InteRRio collected $5.70 from pot
InteRRio: doesn't show hand 
*** SUMMARY ***
Total pot $6 | Rake $0.30 
Board [4c 2d 3s Ks Kh]
Seat 6: Joker007r
Seat 1: yzuk folded before Flop (didn't bet)
Seat 2: Flooris123 (button) folded before Flop (didn't bet)
Seat 4: InteRRio (small blind) collected ($5.70)
Seat 5: m1lkdud (big blind) folded on the River



PokerStars Hand #254228453940:  Hold'em No Limit ($0.50/$1.00 USD) - 2025/01/06 15:21:01 WET [2025/01/06 10:21:01 ET]
Table 'Mancunia' 6-max Seat #4 is the button
Seat 3: Joker007r ($106.88 in chips) is sitting out
Seat 1: yzuk ($100 in chips) 
Seat 2: Flooris123 ($102.22 in chips) 
Seat 4: InteRRio ($102.70 in chips) 
Seat 5: m1lkdud ($102.38 in chips) 
Seat 6: gig.gyty ($100 in chips) 
m1lkdud: posts small blind $0.50
gig.gyty: posts big blind $1
Joker007r: sits out 
*** HOLE CARDS ***
yzuk: folds 
Flooris123: calls $1
InteRRio: raises $3 to $4
m1lkdud: folds 
gig.gyty: folds 
Flooris123: calls $3
*** FLOP *** [4c Th Jc]
Flooris123: checks 
InteRRio: bets $7
Flooris123: folds 
Uncalled bet ($7) returned to InteRRio
InteRRio collected $9.02 from pot
InteRRio: doesn't show hand 
*** SUMMARY ***
Total pot $9.50 | Rake $0.48 
Board [4c Th Jc]
Seat 3: Joker007r
Seat 1: yzuk folded before Flop (didn't bet)
Seat 2: Flooris123 folded on the Flop
Seat 4: InteRRio (button) collected ($9.02)
Seat 5: m1lkdud (small blind) folded before Flop
Seat 6: gig.gyty (big blind) folded before Flop



PokerStars Hand #254228463870:  Hold'em No Limit ($0.50/$1.00 USD) - 2025/01/06 15:21:43 WET [2025/01/06 10:21:43 ET]
Table 'Mancunia' 6-max Seat #5 is the button
Seat 3: Joker007r ($106.88 in chips) is sitting out
Seat 1: yzuk ($100 in chips) 
Seat 2: Flooris123 ($98.22 in chips) 
Seat 4: InteRRio ($107.72 in chips) 
Seat 5: m1lkdud ($101.88 in chips) 
Seat 6: gig.gyty ($100 in chips) 
gig.gyty: posts small blind $0.50
yzuk: posts big blind $1
Joker007r: sits out 
*** HOLE CARDS ***
Flooris123: folds 
InteRRio: folds 
m1lkdud: folds 
gig.gyty: raises $2 to $3
yzuk: calls $2
*** FLOP *** [Kh 3s 2h]
gig.gyty: checks 
yzuk: bets $1.94
gig.gyty: folds 
Uncalled bet ($1.94) returned to yzuk
yzuk collected $5.70 from pot
yzuk: doesn't show hand 
*** SUMMARY ***
Total pot $6 | Rake $0.30 
Board [Kh 3s 2h]
Seat 3: Joker007r
Seat 1: yzuk (big blind) collected ($5.70)
Seat 2: Flooris123 folded before Flop (didn't bet)
Seat 4: InteRRio folded before Flop (didn't bet)
Seat 5: m1lkdud (button) folded before Flop (didn't bet)
Seat 6: gig.gyty (small blind) folded on the Flop



PokerStars Hand #254228473775:  Hold'em No Limit ($0.50/$1.00 USD) - 2025/01/06 15:22:24 WET [2025/01/06 10:22:24 ET]
Table 'Mancunia' 6-max Seat #6 is the button
Seat 3: Joker007r ($106.88 in chips) is sitting out
Seat 1: yzuk ($102.70 in chips) 
Seat 2: Flooris123 ($98.22 in chips) 
Seat 4: InteRRio ($107.72 in chips) 
Seat 5: m1lkdud ($101.88 in chips) 
Seat 6: gig.gyty ($100 in chips) 
yzuk: posts small blind $0.50
Flooris123: posts big blind $1
Joker007r: sits out 
*** HOLE CARDS ***
InteRRio: folds 
m1lkdud: folds 
gig.gyty: folds 
yzuk: folds 
Uncalled bet ($0.50) returned to Flooris123
Flooris123 collected $1 from pot
Flooris123: doesn't show hand 
*** SUMMARY ***
Total pot $1 | Rake $0 
Seat 3: Joker007r
Seat 1: yzuk (small blind) folded before Flop
Seat 2: Flooris123 (big blind) collected ($1)
Seat 4: InteRRio folded before Flop (didn't bet)
Seat 5: m1lkdud folded before Flop (didn't bet)
Seat 6: gig.gyty (button) folded before Flop (didn't bet)



PokerStars Hand #254228477017:  Hold'em No Limit ($0.50/$1.00 USD) - 2025/01/06 15:22:37 WET [2025/01/06 10:22:37 ET]
Table 'Mancunia' 6-max Seat #1 is the button
Seat 1: yzuk ($102.20 in chips) 
Seat 2: Flooris123 ($98.72 in chips) 
Seat 3: Joker007r ($106.88 in chips) 
Seat 4: InteRRio ($107.72 in chips) 
Seat 5: m1lkdud ($101.88 in chips) 
Seat 6: gig.gyty ($100 in chips) 
Flooris123: posts small blind $0.50
Joker007r: posts big blind $1
*** HOLE CARDS ***
InteRRio: folds 
m1lkdud: folds 
gig.gyty: folds 
yzuk: folds 
Flooris123: folds 
Uncalled bet ($0.50) returned to Joker007r
Joker007r collected $1 from pot
Joker007r: doesn't show hand 
*** SUMMARY ***
Total pot $1 | Rake $0 
Seat 1: yzuk (button) folded before Flop (didn't bet)
Seat 2: Flooris123 (small blind) folded before Flop
Seat 3: Joker007r (big blind) collected ($1)
Seat 4: InteRRio folded before Flop (didn't bet)
Seat 5: m1lkdud folded before Flop (didn't bet)
Seat 6: gig.gyty folded before Flop (didn't bet)



PokerStars Hand #254228479881:  Hold'em No Limit ($0.50/$1.00 USD) - 2025/01/06 15:22:49 WET [2025/01/06 10:22:49 ET]
Table 'Mancunia' 6-max Seat #2 is the button
Seat 1: yzuk ($102.20 in chips) 
Seat 2: Flooris123 ($98.22 in chips) 
Seat 3: Joker007r ($107.38 in chips) 
Seat 4: InteRRio ($107.72 in chips) 
Seat 5: m1lkdud ($101.88 in chips) 
Seat 6: gig.gyty ($100 in chips) 
Joker007r: posts small blind $0.50
InteRRio: posts big blind $1
*** HOLE CARDS ***
m1lkdud: folds 
gig.gyty: folds 
yzuk: folds 
Flooris123: folds 
Joker007r: raises $2 to $3
InteRRio: calls $2
*** FLOP *** [5d 2d 2h]
Joker007r: bets $9.01
InteRRio: folds 
Uncalled bet ($9.01) returned to Joker007r
Joker007r collected $5.70 from pot
Joker007r: doesn't show hand 
*** SUMMARY ***
Total pot $6 | Rake $0.30 
Board [5d 2d 2h]
Seat 1: yzuk folded before Flop (didn't bet)
Seat 2: Flooris123 (button) folded before Flop (didn't bet)
Seat 3: Joker007r (small blind) collected ($5.70)
Seat 4: InteRRio (big blind) folded on the Flop
Seat 5: m1lkdud folded before Flop (didn't bet)
Seat 6: gig.gyty folded before Flop (didn't bet)



PokerStars Hand #254228487189:  Hold'em No Limit ($0.50/$1.00 USD) - 2025/01/06 15:23:20 WET [2025/01/06 10:23:20 ET]
Table 'Mancunia' 6-max Seat #3 is the button
Seat 1: yzuk ($102.20 in chips) 
Seat 2: Flooris123 ($98.22 in chips) 
Seat 3: Joker007r ($110.08 in chips) 
Seat 4: InteRRio ($104.72 in chips) 
Seat 5: m1lkdud ($101.88 in chips) 
Seat 6: gig.gyty ($100 in chips) 
InteRRio: posts small blind $0.50
m1lkdud: posts big blind $1
*** HOLE CARDS ***
gig.gyty: raises $1.25 to $2.25
yzuk: folds 
Flooris123: folds 
Joker007r: raises $4.50 to $6.75
InteRRio: folds 
m1lkdud: folds 
gig.gyty: folds 
Uncalled bet ($4.50) returned to Joker007r
Joker007r collected $6 from pot
Joker007r: doesn't show hand 
*** SUMMARY ***
Total pot $6 | Rake $0 
Seat 1: yzuk folded before Flop (didn't bet)
Seat 2: Flooris123 folded before Flop (didn't bet)
Seat 3: Joker007r (button) collected ($6)
Seat 4: InteRRio (small blind) folded before Flop
Seat 5: m1lkdud (big blind) folded before Flop
Seat 6: gig.gyty folded before Flop



PokerStars Hand #254228494755:  Hold'em No Limit ($0.50/$1.00 USD) - 2025/01/06 15:23:52 WET [2025/01/06 10:23:52 ET]
Table 'Mancunia' 6-max Seat #4 is the button
Seat 1: yzuk ($102.20 in chips) 
Seat 2: Flooris123 ($98.22 in chips) 
Seat 3: Joker007r ($113.83 in chips) 
Seat 4: InteRRio ($104.22 in chips) 
Seat 5: m1lkdud ($100.88 in chips) 
Seat 6: gig.gyty ($100 in chips) 
m1lkdud: posts small blind $0.50
gig.gyty: posts big blind $1
*** HOLE CARDS ***
yzuk: folds 
Flooris123: raises $2 to $3
Joker007r: raises $6 to $9
InteRRio: folds 
m1lkdud: folds 
gig.gyty: folds 
Flooris123: calls $6
*** FLOP *** [Qh 4h 3c]
Flooris123: checks 
Joker007r: bets $6.11
Flooris123: folds 
Uncalled bet ($6.11) returned to Joker007r
Joker007r collected $18.52 from pot
Joker007r: doesn't show hand 
*** SUMMARY ***
Total pot $19.50 | Rake $0.98 
Board [Qh 4h 3c]
Seat 1: yzuk folded before Flop (didn't bet)
Seat 2: Flooris123 folded on the Flop
Seat 3: Joker007r collected ($18.52)
Seat 4: InteRRio (button) folded before Flop (didn't bet)
Seat 5: m1lkdud (small blind) folded before Flop
Seat 6: gig.gyty (big blind) folded before Flop



PokerStars Hand #254228503252:  Hold'em No Limit ($0.50/$1.00 USD) - 2025/01/06 15:24:27 WET [2025/01/06 10:24:27 ET]
Table 'Mancunia' 6-max Seat #5 is the button
Seat 1: yzuk ($102.20 in chips) 
Seat 2: Flooris123 ($89.22 in chips) 
Seat 3: Joker007r ($123.35 in chips) 
Seat 4: InteRRio ($104.22 in chips) 
Seat 5: m1lkdud ($100.38 in chips) 
Seat 6: gig.gyty ($100 in chips) 
gig.gyty: posts small blind $0.50
yzuk: posts big blind $1
*** HOLE CARDS ***
Flooris123: folds 
Joker007r: folds 
InteRRio: folds 
m1lkdud: raises $2.50 to $3.50
gig.gyty: folds 
yzuk: folds 
Uncalled bet ($2.50) returned to m1lkdud
m1lkdud collected $2.50 from pot
*** SUMMARY ***
Total pot $2.50 | Rake $0 
Seat 1: yzuk (big blind) folded before Flop
Seat 2: Flooris123 folded before Flop (didn't bet)
Seat 3: Joker007r folded before Flop (didn't bet)
Seat 4: InteRRio folded before Flop (didn't bet)
Seat 5: m1lkdud (button) collected ($2.50)
Seat 6: gig.gyty (small blind) folded before Flop



PokerStars Hand #254228506474:  Hold'em No Limit ($0.50/$1.00 USD) - 2025/01/06 15:24:41 WET [2025/01/06 10:24:41 ET]
Table 'Mancunia' 6-max Seat #6 is the button
Seat 1: yzuk ($101.20 in chips) 
Seat 2: Flooris123 ($89.22 in chips) 
Seat 3: Joker007r ($123.35 in chips) 
Seat 4: InteRRio ($104.22 in chips) 
Seat 5: m1lkdud ($101.88 in chips) 
Seat 6: gig.gyty ($100 in chips) 
yzuk: posts small blind $0.50
Flooris123: posts big blind $1
*** HOLE CARDS ***
Joker007r: folds 
InteRRio: folds 
m1lkdud: folds 
gig.gyty: folds 
yzuk: folds 
Uncalled bet ($0.50) returned to Flooris123
Flooris123 collected $1 from pot
Flooris123: doesn't show hand 
*** SUMMARY ***
Total pot $1 | Rake $0 
Seat 1: yzuk (small blind) folded before Flop
Seat 2: Flooris123 (big blind) collected ($1)
Seat 3: Joker007r folded before Flop (didn't bet)
Seat 4: InteRRio folded before Flop (didn't bet)
Seat 5: m1lkdud folded before Flop (didn't bet)
Seat 6: gig.gyty (button) folded before Flop (didn't bet)



PokerStars Hand #254228509557:  Hold'em No Limit ($0.50/$1.00 USD) - 2025/01/06 15:24:54 WET [2025/01/06 10:24:54 ET]
Table 'Mancunia' 6-max Seat #1 is the button
Seat 1: yzuk ($100.70 in chips) 
Seat 2: Flooris123 ($89.72 in chips) 
Seat 3: Joker007r ($123.35 in chips) 
Seat 4: InteRRio ($104.22 in chips) 
Seat 5: m1lkdud ($101.88 in chips) 
Seat 6: gig.gyty ($100 in chips) 
Flooris123: posts small blind $0.50
Joker007r: posts big blind $1
*** HOLE CARDS ***
InteRRio: folds 
m1lkdud: raises $2.50 to $3.50
gig.gyty: folds 
yzuk: folds 
Flooris123: calls $3
Joker007r: folds 
*** FLOP *** [7d 2c Th]
Flooris123: bets $3.80
m1lkdud: calls $3.80
*** TURN *** [7d 2c Th] [2s]
Flooris123: checks 
m1lkdud: bets $14.82
Flooris123: folds 
Uncalled bet ($14.82) returned to m1lkdud
m1lkdud collected $14.82 from pot
*** SUMMARY ***
Total pot $15.60 | Rake $0.78 
Board [7d 2c Th 2s]
Seat 1: yzuk (button) folded before Flop (didn't bet)
Seat 2: Flooris123 (small blind) folded on the Turn
Seat 3: Joker007r (big blind) folded before Flop
Seat 4: InteRRio folded before Flop (didn't bet)
Seat 5: m1lkdud collected ($14.82)
Seat 6: gig.gyty folded before Flop (didn't bet)



PokerStars Hand #254228517227:  Hold'em No Limit ($0.50/$1.00 USD) - 2025/01/06 15:25:26 WET [2025/01/06 10:25:26 ET]
Table 'Mancunia' 6-max Seat #2 is the button
Seat 1: yzuk ($100.70 in chips) 
Seat 2: Flooris123 ($82.42 in chips) 
Seat 3: Joker007r ($122.35 in chips) 
Seat 4: InteRRio ($104.22 in chips) 
Seat 5: m1lkdud ($109.40 in chips) 
Seat 6: gig.gyty ($100 in chips) 
Joker007r: posts small blind $0.50
InteRRio: posts big blind $1
*** HOLE CARDS ***
m1lkdud: folds 
gig.gyty: folds 
yzuk: folds 
Flooris123: folds 
Joker007r: raises $2 to $3
InteRRio: folds 
Uncalled bet ($2) returned to Joker007r
Joker007r collected $2 from pot
Joker007r: doesn't show hand 
*** SUMMARY ***
Total pot $2 | Rake $0 
Seat 1: yzuk folded before Flop (didn't bet)
Seat 2: Flooris123 (button) folded before Flop (didn't bet)
Seat 3: Joker007r (small blind) collected ($2)
Seat 4: InteRRio (big blind) folded before Flop
Seat 5: m1lkdud folded before Flop (didn't bet)
Seat 6: gig.gyty folded before Flop (didn't bet)



PokerStars Hand #254228520803:  Hold'em No Limit ($0.50/$1.00 USD) - 2025/01/06 15:25:41 WET [2025/01/06 10:25:41 ET]
Table 'Mancunia' 6-max Seat #3 is the button
Seat 1: yzuk ($100.70 in chips) 
Seat 2: Flooris123 ($82.42 in chips) 
Seat 3: Joker007r ($123.35 in chips) 
Seat 4: InteRRio ($103.22 in chips) 
Seat 5: m1lkdud ($109.40 in chips) 
Seat 6: gig.gyty ($100 in chips) 
InteRRio: posts small blind $0.50
m1lkdud: posts big blind $1
*** HOLE CARDS ***
gig.gyty: folds 
yzuk: folds 
Flooris123: folds 
Joker007r: raises $1.50 to $2.50
InteRRio: folds 
m1lkdud: calls $1.50
*** FLOP *** [3s As Ac]
m1lkdud: checks 
Joker007r: bets $1.72
m1lkdud: folds 
Uncalled bet ($1.72) returned to Joker007r
Joker007r collected $5.22 from pot
Joker007r: doesn't show hand 
*** SUMMARY ***
Total pot $5.50 | Rake $0.28 
Board [3s As Ac]
Seat 1: yzuk folded before Flop (didn't bet)
Seat 2: Flooris123 folded before Flop (didn't bet)
Seat 3: Joker007r (button) collected ($5.22)
Seat 4: InteRRio (small blind) folded before Flop
Seat 5: m1lkdud (big blind) folded on the Flop
Seat 6: gig.gyty folded before Flop (didn't bet)



PokerStars Hand #254228528043:  Hold'em No Limit ($0.50/$1.00 USD) - 2025/01/06 15:26:12 WET [2025/01/06 10:26:12 ET]
Table 'Mancunia' 6-max Seat #4 is the button
Seat 6: gig.gyty ($100 in chips) is sitting out
Seat 1: yzuk ($100.70 in chips) 
Seat 2: Flooris123 ($82.42 in chips) 
Seat 3: Joker007r ($126.07 in chips) 
Seat 4: InteRRio ($102.72 in chips) 
Seat 5: m1lkdud ($106.90 in chips) 
m1lkdud: posts small blind $0.50
gig.gyty: is sitting out 
yzuk: posts big blind $1
*** HOLE CARDS ***
Flooris123: folds 
Joker007r: folds 
InteRRio: folds 
m1lkdud: folds 
Uncalled bet ($0.50) returned to yzuk
gig.gyty leaves the table
yzuk collected $1 from pot
yzuk: doesn't show hand 
*** SUMMARY ***
Total pot $1 | Rake $0 
Seat 6: gig.gyty
Seat 1: yzuk (big blind) collected ($1)
Seat 2: Flooris123 folded before Flop (didn't bet)
Seat 3: Joker007r folded before Flop (didn't bet)
Seat 4: InteRRio (button) folded before Flop (didn't bet)
Seat 5: m1lkdud (small blind) folded before Flop



PokerStars Hand #254228530268:  Hold'em No Limit ($0.50/$1.00 USD) - 2025/01/06 15:26:21 WET [2025/01/06 10:26:21 ET]
Table 'Mancunia' 6-max Seat #5 is the button
Seat 1: yzuk ($101.20 in chips) 
Seat 2: Flooris123 ($82.42 in chips) 
Seat 3: Joker007r ($126.07 in chips) 
Seat 4: InteRRio ($102.72 in chips) 
Seat 5: m1lkdud ($106.40 in chips) 
yzuk: posts small blind $0.50
Flooris123: posts big blind $1
*** HOLE CARDS ***
Joker007r: folds 
InteRRio: raises $1.50 to $2.50
m1lkdud: folds 
yzuk: folds 
Flooris123: raises $4.50 to $7
InteRRio: calls $4.50
*** FLOP *** [Jh 5h Jd]
Flooris123: checks 
InteRRio: checks 
*** TURN *** [Jh 5h Jd] [Ac]
Flooris123: bets $6.89
Unipoker11 joins the table at seat #6 
InteRRio: folds 
Uncalled bet ($6.89) returned to Flooris123
Flooris123 collected $13.78 from pot
Flooris123: doesn't show hand 
*** SUMMARY ***
Total pot $14.50 | Rake $0.72 
Board [Jh 5h Jd Ac]
Seat 1: yzuk (small blind) folded before Flop
Seat 2: Flooris123 (big blind) collected ($13.78)
Seat 3: Joker007r folded before Flop (didn't bet)
Seat 4: InteRRio folded on the Turn
Seat 5: m1lkdud (button) folded before Flop (didn't bet)



PokerStars Hand #254228541565:  Hold'em No Limit ($0.50/$1.00 USD) - 2025/01/06 15:27:09 WET [2025/01/06 10:27:09 ET]
Table 'Mancunia' 6-max Seat #1 is the button
Seat 6: Unipoker11 ($100 in chips) is sitting out
Seat 1: yzuk ($100.70 in chips) 
Seat 2: Flooris123 ($89.20 in chips) 
Seat 3: Joker007r ($126.07 in chips) 
Seat 4: InteRRio ($100 in chips) 
Seat 5: m1lkdud ($106.40 in chips) 
Flooris123: posts small blind $0.50
Joker007r: posts big blind $1
Unipoker11: sits out 
*** HOLE CARDS ***
InteRRio: raises $1.50 to $2.50
m1lkdud: folds 
yzuk: folds 
Flooris123: calls $2
Joker007r: folds 
*** FLOP *** [9d 7c 7s]
Flooris123: checks 
InteRRio: bets $1.90
Flooris123: calls $1.90
*** TURN *** [9d 7c 7s] [6h]
Flooris123: checks 
InteRRio: checks 
*** RIVER *** [9d 7c 7s 6h] [6d]
Flooris123: checks 
InteRRio: checks 
*** SHOW DOWN ***
Flooris123: shows [Ks Qd] (two pair, Sevens and Sixes)
InteRRio: mucks hand 
Flooris123 collected $9.31 from pot
*** SUMMARY ***
Total pot $9.80 | Rake $0.49 
Board [9d 7c 7s 6h 6d]
Seat 6: Unipoker11
Seat 1: yzuk (button) folded before Flop (didn't bet)
Seat 2: Flooris123 (small blind) showed [Ks Qd] and won ($9.31) with two pair, Sevens and Sixes
Seat 3: Joker007r (big blind) folded before Flop
Seat 4: InteRRio mucked
Seat 5: m1lkdud folded before Flop (didn't bet)



PokerStars Hand #254228555022:  Hold'em No Limit ($0.50/$1.00 USD) - 2025/01/06 15:28:06 WET [2025/01/06 10:28:06 ET]
Table 'Mancunia' 6-max Seat #2 is the button
Seat 6: Unipoker11 ($100 in chips) is sitting out
Seat 1: yzuk ($100.70 in chips) 
Seat 2: Flooris123 ($94.11 in chips) 
Seat 3: Joker007r ($125.07 in chips) 
Seat 4: InteRRio ($100 in chips) 
Seat 5: m1lkdud ($106.40 in chips) 
Joker007r: posts small blind $0.50
InteRRio: posts big blind $1
Unipoker11: sits out 
*** HOLE CARDS ***
m1lkdud: raises $2.50 to $3.50
yzuk: folds 
Flooris123: calls $3.50
Joker007r: folds 
InteRRio: raises $11.50 to $15
m1lkdud: calls $11.50
Flooris123: calls $11.50
*** FLOP *** [As 8c 9c]
InteRRio: bets $85 and is all-in
m1lkdud: folds 
Flooris123: calls $79.11 and is all-in
Uncalled bet ($5.89) returned to InteRRio
*** TURN *** [As 8c 9c] [4h]
*** RIVER *** [As 8c 9c 4h] [Qc]
*** SHOW DOWN ***
InteRRio: shows [Ah Qh] (two pair, Aces and Queens)
Flooris123: shows [Ac Jh] (a pair of Aces)
InteRRio cashed out the hand for $159.36 | Cash Out Fee $3.25
*** SUMMARY ***
Total pot $203.72 | Rake $2.50 
Board [As 8c 9c 4h Qc]
Seat 6: Unipoker11
Seat 1: yzuk folded before Flop (didn't bet)
Seat 2: Flooris123 (button) showed [Ac Jh] and lost with a pair of Aces
Seat 3: Joker007r (small blind) folded before Flop
Seat 4: InteRRio (big blind) showed [Ah Qh] and won ($201.22) with two pair, Aces and Queens (pot not awarded as player cashed out)
Seat 5: m1lkdud folded on the Flop



PokerStars Hand #254228573460:  Hold'em No Limit ($0.50/$1.00 USD) - 2025/01/06 15:29:24 WET [2025/01/06 10:29:24 ET]
Table 'Mancunia' 6-max Seat #3 is the button
Seat 2: Flooris123 ($0 in chips) is sitting out
Seat 6: Unipoker11 ($100 in chips) is sitting out
Seat 1: yzuk ($100.70 in chips) 
Seat 3: Joker007r ($124.57 in chips) 
Seat 4: InteRRio ($165.25 in chips) 
Seat 5: m1lkdud ($91.40 in chips) 
InteRRio: posts small blind $0.50
m1lkdud: posts big blind $1
Unipoker11: sits out 
*** HOLE CARDS ***
yzuk: folds 
Flooris123 leaves the table
Joker007r has timed out
Joker007r: folds 
InteRRio: folds 
Uncalled bet ($0.50) returned to m1lkdud
m1lkdud collected $1 from pot
Nazareno1999 joins the table at seat #2 
*** SUMMARY ***
Total pot $1 | Rake $0 
Seat 2: Flooris123
Seat 6: Unipoker11
Seat 1: yzuk folded before Flop (didn't bet)
Seat 3: Joker007r (button) folded before Flop (didn't bet)
Seat 4: InteRRio (small blind) folded before Flop
Seat 5: m1lkdud (big blind) collected ($1)



PokerStars Hand #254228577551:  Hold'em No Limit ($0.50/$1.00 USD) - 2025/01/06 15:29:41 WET [2025/01/06 10:29:41 ET]
Table 'Mancunia' 6-max Seat #4 is the button
Seat 2: Nazareno1999 ($100 in chips) is sitting out
Seat 3: Joker007r ($124.57 in chips) is sitting out
Seat 1: yzuk ($100.70 in chips) 
Seat 4: InteRRio ($164.75 in chips) 
Seat 5: m1lkdud ($91.90 in chips) 
Seat 6: Unipoker11 ($100 in chips) 
m1lkdud: posts small blind $0.50
Unipoker11: posts big blind $1
Nazareno1999: sits out 
*** HOLE CARDS ***
yzuk: folds 
Joker007r leaves the table
InteRRio: raises $1.50 to $2.50
Pippa83 joins the table at seat #3 
m1lkdud: raises $7 to $9.50
Unipoker11: folds 
InteRRio: folds 
Uncalled bet ($7) returned to m1lkdud
m1lkdud collected $6 from pot
*** SUMMARY ***
Total pot $6 | Rake $0 
Seat 2: Nazareno1999
Seat 3: Joker007r
Seat 1: yzuk folded before Flop (didn't bet)
Seat 4: InteRRio (button) folded before Flop
Seat 5: m1lkdud (small blind) collected ($6)
Seat 6: Unipoker11 (big blind) folded before Flop



PokerStars Hand #254228582738:  Hold'em No Limit ($0.50/$1.00 USD) - 2025/01/06 15:30:02 WET [2025/01/06 10:30:02 ET]
Table 'Mancunia' 6-max Seat #5 is the button
Seat 2: Nazareno1999 ($100 in chips) is sitting out
Seat 3: Pippa83 ($100 in chips) is sitting out
Seat 1: yzuk ($100.70 in chips) 
Seat 4: InteRRio ($162.25 in chips) 
Seat 5: m1lkdud ($95.40 in chips) 
Seat 6: Unipoker11 ($100 in chips) 
Unipoker11: posts small blind $0.50
yzuk: posts big blind $1
Nazareno1999: sits out 
Pippa83: sits out 
*** HOLE CARDS ***
InteRRio: folds 
m1lkdud: raises $2.50 to $3.50
Unipoker11: folds 
yzuk: folds 
Uncalled bet ($2.50) returned to m1lkdud
m1lkdud collected $2.50 from pot
*** SUMMARY ***
Total pot $2.50 | Rake $0 
Seat 2: Nazareno1999
Seat 3: Pippa83
Seat 1: yzuk (big blind) folded before Flop
Seat 4: InteRRio folded before Flop (didn't bet)
Seat 5: m1lkdud (button) collected ($2.50)
Seat 6: Unipoker11 (small blind) folded before Flop



PokerStars Hand #254228585418:  Hold'em No Limit ($0.50/$1.00 USD) - 2025/01/06 15:30:13 WET [2025/01/06 10:30:13 ET]
Table 'Mancunia' 6-max Seat #6 is the button
Seat 3: Pippa83 ($100 in chips) is sitting out
Seat 1: yzuk ($100 in chips) 
Seat 2: Nazareno1999 ($100 in chips) 
Seat 4: InteRRio ($162.25 in chips) 
Seat 5: m1lkdud ($96.90 in chips) 
Seat 6: Unipoker11 ($100 in chips) 
yzuk: posts small blind $0.50
Nazareno1999: posts big blind $1
Pippa83: sits out 
*** HOLE CARDS ***
InteRRio: folds 
m1lkdud: folds 
Unipoker11: raises $1.50 to $2.50
yzuk: raises $10 to $12.50
Nazareno1999: folds 
Unipoker11: folds 
Uncalled bet ($10) returned to yzuk
yzuk collected $6 from pot
yzuk: doesn't show hand 
*** SUMMARY ***
Total pot $6 | Rake $0 
Seat 3: Pippa83
Seat 1: yzuk (small blind) collected ($6)
Seat 2: Nazareno1999 (big blind) folded before Flop
Seat 4: InteRRio folded before Flop (didn't bet)
Seat 5: m1lkdud folded before Flop (didn't bet)
Seat 6: Unipoker11 (button) folded before Flop



PokerStars Hand #254228591178:  Hold'em No Limit ($0.50/$1.00 USD) - 2025/01/06 15:30:37 WET [2025/01/06 10:30:37 ET]
Table 'Mancunia' 6-max Seat #1 is the button
Seat 1: yzuk ($103.50 in chips) 
Seat 2: Nazareno1999 ($100 in chips) 
Seat 3: Pippa83 ($100 in chips) 
Seat 4: InteRRio ($162.25 in chips) 
Seat 5: m1lkdud ($96.90 in chips) 
Seat 6: Unipoker11 ($100 in chips) 
Nazareno1999: posts small blind $0.50
Pippa83: posts big blind $1
*** HOLE CARDS ***
InteRRio: folds 
m1lkdud: folds 
Unipoker11: folds 
yzuk: folds 
Nazareno1999: folds 
Uncalled bet ($0.50) returned to Pippa83
Pippa83 collected $1 from pot
Pippa83: doesn't show hand 
*** SUMMARY ***
Total pot $1 | Rake $0 
Seat 1: yzuk (button) folded before Flop (didn't bet)
Seat 2: Nazareno1999 (small blind) folded before Flop
Seat 3: Pippa83 (big blind) collected ($1)
Seat 4: InteRRio folded before Flop (didn't bet)
Seat 5: m1lkdud folded before Flop (didn't bet)
Seat 6: Unipoker11 folded before Flop (didn't bet)



PokerStars Hand #254228594476:  Hold'em No Limit ($0.50/$1.00 USD) - 2025/01/06 15:30:50 WET [2025/01/06 10:30:50 ET]
Table 'Mancunia' 6-max Seat #2 is the button
Seat 1: yzuk ($103.50 in chips) 
Seat 2: Nazareno1999 ($100 in chips) 
Seat 3: Pippa83 ($100.50 in chips) 
Seat 4: InteRRio ($162.25 in chips) 
Seat 5: m1lkdud ($96.90 in chips) 
Seat 6: Unipoker11 ($100 in chips) 
Pippa83: posts small blind $0.50
InteRRio: posts big blind $1
*** HOLE CARDS ***
m1lkdud: folds 
Unipoker11: folds 
yzuk: folds 
Nazareno1999: raises $1.20 to $2.20
Pippa83: folds 
InteRRio: folds 
Uncalled bet ($1.20) returned to Nazareno1999
Nazareno1999 collected $2.50 from pot
Nazareno1999: doesn't show hand 
*** SUMMARY ***
Total pot $2.50 | Rake $0 
Seat 1: yzuk folded before Flop (didn't bet)
Seat 2: Nazareno1999 (button) collected ($2.50)
Seat 3: Pippa83 (small blind) folded before Flop
Seat 4: InteRRio (big blind) folded before Flop
Seat 5: m1lkdud folded before Flop (didn't bet)
Seat 6: Unipoker11 folded before Flop (didn't bet)



PokerStars Hand #254228601529:  Hold'em No Limit ($0.50/$1.00 USD) - 2025/01/06 15:31:20 WET [2025/01/06 10:31:20 ET]
Table 'Mancunia' 6-max Seat #3 is the button
Seat 1: yzuk ($103.50 in chips) 
Seat 2: Nazareno1999 ($101.50 in chips) 
Seat 3: Pippa83 ($100 in chips) 
Seat 4: InteRRio ($161.25 in chips) 
Seat 5: m1lkdud ($96.90 in chips) 
Seat 6: Unipoker11 ($100 in chips) 
InteRRio: posts small blind $0.50
m1lkdud: posts big blind $1
*** HOLE CARDS ***
Unipoker11: folds 
yzuk: folds 
Nazareno1999: folds 
Pippa83: folds 
InteRRio: folds 
Uncalled bet ($0.50) returned to m1lkdud
m1lkdud collected $1 from pot
*** SUMMARY ***
Total pot $1 | Rake $0 
Seat 1: yzuk folded before Flop (didn't bet)
Seat 2: Nazareno1999 folded before Flop (didn't bet)
Seat 3: Pippa83 (button) folded before Flop (didn't bet)
Seat 4: InteRRio (small blind) folded before Flop
Seat 5: m1lkdud (big blind) collected ($1)
Seat 6: Unipoker11 folded before Flop (didn't bet)



PokerStars Hand #254228604983:  Hold'em No Limit ($0.50/$1.00 USD) - 2025/01/06 15:31:34 WET [2025/01/06 10:31:34 ET]
Table 'Mancunia' 6-max Seat #4 is the button
Seat 1: yzuk ($103.50 in chips) 
Seat 2: Nazareno1999 ($101.50 in chips) 
Seat 3: Pippa83 ($100 in chips) 
Seat 4: InteRRio ($160.75 in chips) 
Seat 5: m1lkdud ($97.40 in chips) 
Seat 6: Unipoker11 ($100 in chips) 
m1lkdud: posts small blind $0.50
Unipoker11: posts big blind $1
*** HOLE CARDS ***
yzuk: folds 
Nazareno1999: folds 
Pippa83: folds 
InteRRio: raises $1.50 to $2.50
m1lkdud: folds 
Unipoker11: folds 
Uncalled bet ($1.50) returned to InteRRio
InteRRio collected $2.50 from pot
InteRRio: doesn't show hand 
*** SUMMARY ***
Total pot $2.50 | Rake $0 
Seat 1: yzuk folded before Flop (didn't bet)
Seat 2: Nazareno1999 folded before Flop (didn't bet)
Seat 3: Pippa83 folded before Flop (didn't bet)
Seat 4: InteRRio (button) collected ($2.50)
Seat 5: m1lkdud (small blind) folded before Flop
Seat 6: Unipoker11 (big blind) folded before Flop



PokerStars Hand #254228609427:  Hold'em No Limit ($0.50/$1.00 USD) - 2025/01/06 15:31:52 WET [2025/01/06 10:31:52 ET]
Table 'Mancunia' 6-max Seat #5 is the button
Seat 1: yzuk ($103.50 in chips) 
Seat 2: Nazareno1999 ($101.50 in chips) 
Seat 3: Pippa83 ($100 in chips) 
Seat 4: InteRRio ($162.25 in chips) 
Seat 5: m1lkdud ($96.90 in chips) 
Seat 6: Unipoker11 ($100 in chips) 
Unipoker11: posts small blind $0.50
yzuk: posts big blind $1
*** HOLE CARDS ***
Nazareno1999: folds 
Pippa83: folds 
InteRRio: folds 
m1lkdud: folds 
Unipoker11: raises $2 to $3
yzuk: raises $6 to $9
Unipoker11: folds 
Uncalled bet ($6) returned to yzuk
yzuk collected $6 from pot
yzuk: doesn't show hand 
*** SUMMARY ***
Total pot $6 | Rake $0 
Seat 1: yzuk (big blind) collected ($6)
Seat 2: Nazareno1999 folded before Flop (didn't bet)
Seat 3: Pippa83 folded before Flop (didn't bet)
Seat 4: InteRRio folded before Flop (didn't bet)
Seat 5: m1lkdud (button) folded before Flop (didn't bet)
Seat 6: Unipoker11 (small blind) folded before Flop



PokerStars Hand #254228619297:  Hold'em No Limit ($0.50/$1.00 USD) - 2025/01/06 15:32:33 WET [2025/01/06 10:32:33 ET]
Table 'Mancunia' 6-max Seat #6 is the button
Seat 1: yzuk ($106.50 in chips) 
Seat 2: Nazareno1999 ($101.50 in chips) 
Seat 3: Pippa83 ($100 in chips) 
Seat 4: InteRRio ($162.25 in chips) 
Seat 5: m1lkdud ($96.90 in chips) 
Seat 6: Unipoker11 ($100 in chips) 
yzuk: posts small blind $0.50
Nazareno1999: posts big blind $1
*** HOLE CARDS ***
Pippa83: folds 
InteRRio: folds 
m1lkdud: folds 
Unipoker11: raises $1.50 to $2.50
yzuk: folds 
Nazareno1999: folds 
Uncalled bet ($1.50) returned to Unipoker11
Unipoker11 collected $2.50 from pot
Unipoker11: doesn't show hand 
*** SUMMARY ***
Total pot $2.50 | Rake $0 
Seat 1: yzuk (small blind) folded before Flop
Seat 2: Nazareno1999 (big blind) folded before Flop
Seat 3: Pippa83 folded before Flop (didn't bet)
Seat 4: InteRRio folded before Flop (didn't bet)
Seat 5: m1lkdud folded before Flop (didn't bet)
Seat 6: Unipoker11 (button) collected ($2.50)



PokerStars Hand #254228622724:  Hold'em No Limit ($0.50/$1.00 USD) - 2025/01/06 15:32:47 WET [2025/01/06 10:32:47 ET]
Table 'Mancunia' 6-max Seat #1 is the button
Seat 1: yzuk ($106 in chips) 
Seat 2: Nazareno1999 ($100.50 in chips) 
Seat 3: Pippa83 ($100 in chips) 
Seat 4: InteRRio ($162.25 in chips) 
Seat 5: m1lkdud ($96.90 in chips) 
Seat 6: Unipoker11 ($101.50 in chips) 
Nazareno1999: posts small blind $0.50
Pippa83: posts big blind $1
*** HOLE CARDS ***
InteRRio: folds 
m1lkdud: folds 
Unipoker11: raises $1.30 to $2.30
yzuk: folds 
Nazareno1999: folds 
Pippa83: raises $9.70 to $12
Unipoker11: calls $9.70
*** FLOP *** [8s Ad Qd]
Pippa83: bets $4.66
Unipoker11: calls $4.66
*** TURN *** [8s Ad Qd] [5c]
Pippa83: checks 
Unipoker11: checks 
*** RIVER *** [8s Ad Qd 5c] [4s]
Pippa83: checks 
Unipoker11: checks 
*** SHOW DOWN ***
Pippa83: shows [Js Jh] (a pair of Jacks)
Unipoker11: shows [Jc Jd] (a pair of Jacks)
Pippa83 collected $16.07 from pot
Unipoker11 collected $16.06 from pot
*** SUMMARY ***
Total pot $33.82 | Rake $1.69 
Board [8s Ad Qd 5c 4s]
Seat 1: yzuk (button) folded before Flop (didn't bet)
Seat 2: Nazareno1999 (small blind) folded before Flop
Seat 3: Pippa83 (big blind) showed [Js Jh] and won ($16.07) with a pair of Jacks
Seat 4: InteRRio folded before Flop (didn't bet)
Seat 5: m1lkdud folded before Flop (didn't bet)
Seat 6: Unipoker11 showed [Jc Jd] and won ($16.06) with a pair of Jacks



PokerStars Hand #254228642573:  Hold'em No Limit ($0.50/$1.00 USD) - 2025/01/06 15:34:09 WET [2025/01/06 10:34:09 ET]
Table 'Mancunia' 6-max Seat #2 is the button
Seat 4: InteRRio ($162.25 in chips) is sitting out
Seat 1: yzuk ($106 in chips) 
Seat 2: Nazareno1999 ($100 in chips) 
Seat 3: Pippa83 ($100 in chips) 
Seat 5: m1lkdud ($96.90 in chips) 
Seat 6: Unipoker11 ($100.90 in chips) 
Pippa83: posts small blind $0.50
InteRRio: is sitting out 
m1lkdud: posts big blind $1
*** HOLE CARDS ***
Unipoker11: folds 
yzuk: raises $1.50 to $2.50
Nazareno1999: raises $5 to $7.50
Pippa83: folds 
m1lkdud: calls $6.50
yzuk: calls $5
*** FLOP *** [8s Kd 9d]
m1lkdud: checks 
yzuk: checks 
Nazareno1999: bets $7.21
m1lkdud: raises $18.14 to $25.35
yzuk: folds 
Nazareno1999: calls $18.14
*** TURN *** [8s Kd 9d] [Ac]
m1lkdud: bets $64.05 and is all-in
Nazareno1999: folds 
Uncalled bet ($64.05) returned to m1lkdud
m1lkdud collected $71.20 from pot
*** SUMMARY ***
Total pot $73.70 | Rake $2.50 
Board [8s Kd 9d Ac]
Seat 4: InteRRio
Seat 1: yzuk folded on the Flop
Seat 2: Nazareno1999 (button) folded on the Turn
Seat 3: Pippa83 (small blind) folded before Flop
Seat 5: m1lkdud (big blind) collected ($71.20)
Seat 6: Unipoker11 folded before Flop (didn't bet)



PokerStars Hand #254228655004:  Hold'em No Limit ($0.50/$1.00 USD) - 2025/01/06 15:35:00 WET [2025/01/06 10:35:00 ET]
Table 'Mancunia' 6-max Seat #3 is the button
Seat 4: InteRRio ($162.25 in chips) is sitting out
Seat 1: yzuk ($100 in chips) 
Seat 2: Nazareno1999 ($100 in chips) 
Seat 3: Pippa83 ($100 in chips) 
Seat 5: m1lkdud ($135.25 in chips) 
Seat 6: Unipoker11 ($100.90 in chips) 
m1lkdud: posts small blind $0.50
Unipoker11: posts big blind $1
*** HOLE CARDS ***
yzuk: folds 
Nazareno1999: raises $1.20 to $2.20
Pippa83: folds 
m1lkdud: folds 
Unipoker11: folds 
Uncalled bet ($1.20) returned to Nazareno1999
Nazareno1999 collected $2.50 from pot
Nazareno1999: doesn't show hand 
*** SUMMARY ***
Total pot $2.50 | Rake $0 
Seat 4: InteRRio
Seat 1: yzuk folded before Flop (didn't bet)
Seat 2: Nazareno1999 collected ($2.50)
Seat 3: Pippa83 (button) folded before Flop (didn't bet)
Seat 5: m1lkdud (small blind) folded before Flop
Seat 6: Unipoker11 (big blind) folded before Flop



PokerStars Hand #254228659616:  Hold'em No Limit ($0.50/$1.00 USD) - 2025/01/06 15:35:19 WET [2025/01/06 10:35:19 ET]
Table 'Mancunia' 6-max Seat #5 is the button
Seat 4: InteRRio ($162.25 in chips) is sitting out
Seat 1: yzuk ($100 in chips) 
Seat 2: Nazareno1999 ($101.50 in chips) 
Seat 3: Pippa83 ($100 in chips) 
Seat 5: m1lkdud ($134.75 in chips) 
Seat 6: Unipoker11 ($100 in chips) 
Unipoker11: posts small blind $0.50
yzuk: posts big blind $1
*** HOLE CARDS ***
Nazareno1999: folds 
Pippa83: folds 
m1lkdud: folds 
Unipoker11: folds 
Uncalled bet ($0.50) returned to yzuk
yzuk collected $1 from pot
yzuk: doesn't show hand 
*** SUMMARY ***
Total pot $1 | Rake $0 
Seat 4: InteRRio
Seat 1: yzuk (big blind) collected ($1)
Seat 2: Nazareno1999 folded before Flop (didn't bet)
Seat 3: Pippa83 folded before Flop (didn't bet)
Seat 5: m1lkdud (button) folded before Flop (didn't bet)
Seat 6: Unipoker11 (small blind) folded before Flop



PokerStars Hand #254228662985:  Hold'em No Limit ($0.50/$1.00 USD) - 2025/01/06 15:35:33 WET [2025/01/06 10:35:33 ET]
Table 'Mancunia' 6-max Seat #6 is the button
Seat 4: InteRRio ($162.25 in chips) is sitting out
Seat 1: yzuk ($100.50 in chips) 
Seat 2: Nazareno1999 ($101.50 in chips) 
Seat 3: Pippa83 ($100 in chips) 
Seat 5: m1lkdud ($134.75 in chips) 
Seat 6: Unipoker11 ($100 in chips) 
yzuk: posts small blind $0.50
Nazareno1999: posts big blind $1
*** HOLE CARDS ***
Pippa83: folds 
m1lkdud: raises $2.50 to $3.50
Unipoker11: folds 
yzuk: folds 
Nazareno1999: calls $2.50
*** FLOP *** [Ad Js Jc]
Nazareno1999: checks 
m1lkdud: bets $3.56
Nazareno1999: calls $3.56
*** TURN *** [Ad Js Jc] [5h]
Nazareno1999: checks 
m1lkdud: checks 
*** RIVER *** [Ad Js Jc 5h] [Tc]
Nazareno1999: bets $10.42
m1lkdud: folds 
Uncalled bet ($10.42) returned to Nazareno1999
Nazareno1999 collected $13.89 from pot
Nazareno1999: doesn't show hand 
*** SUMMARY ***
Total pot $14.62 | Rake $0.73 
Board [Ad Js Jc 5h Tc]
Seat 4: InteRRio
Seat 1: yzuk (small blind) folded before Flop
Seat 2: Nazareno1999 (big blind) collected ($13.89)
Seat 3: Pippa83 folded before Flop (didn't bet)
Seat 5: m1lkdud folded on the River
Seat 6: Unipoker11 (button) folded before Flop (didn't bet)



PokerStars Hand #254228676337:  Hold'em No Limit ($0.50/$1.00 USD) - 2025/01/06 15:36:29 WET [2025/01/06 10:36:29 ET]
Table 'Mancunia' 6-max Seat #1 is the button
Seat 4: InteRRio ($162.25 in chips) is sitting out
Seat 1: yzuk ($100 in chips) 
Seat 2: Nazareno1999 ($108.33 in chips) 
Seat 3: Pippa83 ($100 in chips) 
Seat 5: m1lkdud ($127.69 in chips) 
Seat 6: Unipoker11 ($100 in chips) 
Nazareno1999: posts small blind $0.50
Pippa83: posts big blind $1
*** HOLE CARDS ***
m1lkdud: raises $2.50 to $3.50
Unipoker11: folds 
yzuk: folds 
Nazareno1999: folds 
Pippa83: calls $2.50
*** FLOP *** [6s 9d Qs]
Pippa83: checks 
m1lkdud: checks 
*** TURN *** [6s 9d Qs] [8d]
Pippa83: bets $2.35
m1lkdud: folds 
Uncalled bet ($2.35) returned to Pippa83
Pippa83 collected $7.12 from pot
Pippa83: doesn't show hand 
*** SUMMARY ***
Total pot $7.50 | Rake $0.38 
Board [6s 9d Qs 8d]
Seat 4: InteRRio
Seat 1: yzuk (button) folded before Flop (didn't bet)
Seat 2: Nazareno1999 (small blind) folded before Flop
Seat 3: Pippa83 (big blind) collected ($7.12)
Seat 5: m1lkdud folded on the Turn
Seat 6: Unipoker11 folded before Flop (didn't bet)



PokerStars Hand #254228684036:  Hold'em No Limit ($0.50/$1.00 USD) - 2025/01/06 15:37:01 WET [2025/01/06 10:37:01 ET]
Table 'Mancunia' 6-max Seat #2 is the button
Seat 4: InteRRio ($162.25 in chips) is sitting out
Seat 1: yzuk ($100 in chips) 
Seat 2: Nazareno1999 ($107.83 in chips) 
Seat 3: Pippa83 ($103.62 in chips) 
Seat 5: m1lkdud ($124.19 in chips) 
Seat 6: Unipoker11 ($100 in chips) 
Pippa83: posts small blind $0.50
m1lkdud: posts big blind $1
*** HOLE CARDS ***
Unipoker11: folds 
yzuk: raises $1.50 to $2.50
Nazareno1999: raises $5 to $7.50
Pippa83: folds 
m1lkdud: folds 
yzuk: folds 
Uncalled bet ($5) returned to Nazareno1999
Nazareno1999 collected $6.50 from pot
Nazareno1999: doesn't show hand 
*** SUMMARY ***
Total pot $6.50 | Rake $0 
Seat 4: InteRRio
Seat 1: yzuk folded before Flop
Seat 2: Nazareno1999 (button) collected ($6.50)
Seat 3: Pippa83 (small blind) folded before Flop
Seat 5: m1lkdud (big blind) folded before Flop
Seat 6: Unipoker11 folded before Flop (didn't bet)



PokerStars Hand #254228687733:  Hold'em No Limit ($0.50/$1.00 USD) - 2025/01/06 15:37:16 WET [2025/01/06 10:37:16 ET]
Table 'Mancunia' 6-max Seat #3 is the button
Seat 4: InteRRio ($162.25 in chips) is sitting out
Seat 1: yzuk ($100 in chips) 
Seat 2: Nazareno1999 ($111.83 in chips) 
Seat 3: Pippa83 ($103.12 in chips) 
Seat 5: m1lkdud ($123.19 in chips) 
Seat 6: Unipoker11 ($100 in chips) 
m1lkdud: posts small blind $0.50
Unipoker11: posts big blind $1
*** HOLE CARDS ***
yzuk: folds 
Nazareno1999: folds 
Pippa83: raises $1.50 to $2.50
m1lkdud: folds 
Unipoker11: folds 
Uncalled bet ($1.50) returned to Pippa83
Pippa83 collected $2.50 from pot
Pippa83: doesn't show hand 
*** SUMMARY ***
Total pot $2.50 | Rake $0 
Seat 4: InteRRio
Seat 1: yzuk folded before Flop (didn't bet)
Seat 2: Nazareno1999 folded before Flop (didn't bet)
Seat 3: Pippa83 (button) collected ($2.50)
Seat 5: m1lkdud (small blind) folded before Flop
Seat 6: Unipoker11 (big blind) folded before Flop



PokerStars Hand #254228690043:  Hold'em No Limit ($0.50/$1.00 USD) - 2025/01/06 15:37:26 WET [2025/01/06 10:37:26 ET]
Table 'Mancunia' 6-max Seat #5 is the button
Seat 4: InteRRio ($162.25 in chips) is sitting out
Seat 1: yzuk ($100 in chips) 
Seat 2: Nazareno1999 ($111.83 in chips) 
Seat 3: Pippa83 ($104.62 in chips) 
Seat 5: m1lkdud ($122.69 in chips) 
Seat 6: Unipoker11 ($100 in chips) 
Unipoker11: posts small blind $0.50
yzuk: posts big blind $1
*** HOLE CARDS ***
Nazareno1999: folds 
Pippa83: folds 
m1lkdud: folds 
Unipoker11: raises $2 to $3
yzuk: raises $6 to $9
Unipoker11: folds 
Uncalled bet ($6) returned to yzuk
yzuk collected $6 from pot
yzuk: doesn't show hand 
*** SUMMARY ***
Total pot $6 | Rake $0 
Seat 4: InteRRio
Seat 1: yzuk (big blind) collected ($6)
Seat 2: Nazareno1999 folded before Flop (didn't bet)
Seat 3: Pippa83 folded before Flop (didn't bet)
Seat 5: m1lkdud (button) folded before Flop (didn't bet)
Seat 6: Unipoker11 (small blind) folded before Flop



PokerStars Hand #254228696166:  Hold'em No Limit ($0.50/$1.00 USD) - 2025/01/06 15:37:51 WET [2025/01/06 10:37:51 ET]
Table 'Mancunia' 6-max Seat #6 is the button
Seat 4: InteRRio ($162.25 in chips) is sitting out
Seat 1: yzuk ($103 in chips) 
Seat 2: Nazareno1999 ($111.83 in chips) 
Seat 3: Pippa83 ($104.62 in chips) 
Seat 5: m1lkdud ($122.69 in chips) 
Seat 6: Unipoker11 ($100 in chips) 
yzuk: posts small blind $0.50
Nazareno1999: posts big blind $1
*** HOLE CARDS ***
Pippa83: folds 
m1lkdud: folds 
Unipoker11: folds 
yzuk: folds 
Uncalled bet ($0.50) returned to Nazareno1999
Nazareno1999 collected $1 from pot
Nazareno1999: doesn't show hand 
*** SUMMARY ***
Total pot $1 | Rake $0 
Seat 4: InteRRio
Seat 1: yzuk (small blind) folded before Flop
Seat 2: Nazareno1999 (big blind) collected ($1)
Seat 3: Pippa83 folded before Flop (didn't bet)
Seat 5: m1lkdud folded before Flop (didn't bet)
Seat 6: Unipoker11 (button) folded before Flop (didn't bet)



PokerStars Hand #254228700868:  Hold'em No Limit ($0.50/$1.00 USD) - 2025/01/06 15:38:11 WET [2025/01/06 10:38:11 ET]
Table 'Mancunia' 6-max Seat #1 is the button
Seat 4: InteRRio ($162.25 in chips) is sitting out
Seat 1: yzuk ($102.50 in chips) 
Seat 2: Nazareno1999 ($112.33 in chips) 
Seat 3: Pippa83 ($104.62 in chips) 
Seat 5: m1lkdud ($122.69 in chips) 
Seat 6: Unipoker11 ($100 in chips) 
Nazareno1999: posts small blind $0.50
Pippa83: posts big blind $1
*** HOLE CARDS ***
m1lkdud: folds 
Unipoker11: folds 
yzuk: raises $1.50 to $2.50
Nazareno1999: folds 
Pippa83: calls $1.50
*** FLOP *** [4c Qd Td]
Pippa83: checks 
yzuk: bets $4.02
Pippa83: folds 
Uncalled bet ($4.02) returned to yzuk
yzuk collected $5.22 from pot
yzuk: doesn't show hand 
*** SUMMARY ***
Total pot $5.50 | Rake $0.28 
Board [4c Qd Td]
Seat 4: InteRRio
Seat 1: yzuk (button) collected ($5.22)
Seat 2: Nazareno1999 (small blind) folded before Flop
Seat 3: Pippa83 (big blind) folded on the Flop
Seat 5: m1lkdud folded before Flop (didn't bet)
Seat 6: Unipoker11 folded before Flop (didn't bet)



PokerStars Hand #254228709066:  Hold'em No Limit ($0.50/$1.00 USD) - 2025/01/06 15:38:45 WET [2025/01/06 10:38:45 ET]
Table 'Mancunia' 6-max Seat #2 is the button
Seat 4: InteRRio ($162.25 in chips) is sitting out
Seat 1: yzuk ($105.22 in chips) 
Seat 2: Nazareno1999 ($111.83 in chips) 
Seat 3: Pippa83 ($102.12 in chips) 
Seat 5: m1lkdud ($122.69 in chips) 
Seat 6: Unipoker11 ($100 in chips) 
Pippa83: posts small blind $0.50
m1lkdud: posts big blind $1
*** HOLE CARDS ***
Unipoker11: raises $1 to $2
yzuk: folds 
Nazareno1999: folds 
Pippa83: folds 
m1lkdud: folds 
Uncalled bet ($1) returned to Unipoker11
Unipoker11 collected $2.50 from pot
Unipoker11: doesn't show hand 
*** SUMMARY ***
Total pot $2.50 | Rake $0 
Seat 4: InteRRio
Seat 1: yzuk folded before Flop (didn't bet)
Seat 2: Nazareno1999 (button) folded before Flop (didn't bet)
Seat 3: Pippa83 (small blind) folded before Flop
Seat 5: m1lkdud (big blind) folded before Flop
Seat 6: Unipoker11 collected ($2.50)



PokerStars Hand #254228711337:  Hold'em No Limit ($0.50/$1.00 USD) - 2025/01/06 15:38:54 WET [2025/01/06 10:38:54 ET]
Table 'Mancunia' 6-max Seat #3 is the button
Seat 4: InteRRio ($162.25 in chips) is sitting out
Seat 1: yzuk ($105.22 in chips) 
Seat 2: Nazareno1999 ($111.83 in chips) 
Seat 3: Pippa83 ($101.62 in chips) 
Seat 5: m1lkdud ($121.69 in chips) 
Seat 6: Unipoker11 ($101.50 in chips) 
m1lkdud: posts small blind $0.50
Unipoker11: posts big blind $1
*** HOLE CARDS ***
yzuk: raises $1.50 to $2.50
Nazareno1999: folds 
Pippa83: folds 
m1lkdud: folds 
InteRRio leaves the table
Unipoker11: folds 
Uncalled bet ($1.50) returned to yzuk
yzuk collected $2.50 from pot
yzuk: doesn't show hand 
*** SUMMARY ***
Total pot $2.50 | Rake $0 
Seat 4: InteRRio
Seat 1: yzuk collected ($2.50)
Seat 2: Nazareno1999 folded before Flop (didn't bet)
Seat 3: Pippa83 (button) folded before Flop (didn't bet)
Seat 5: m1lkdud (small blind) folded before Flop
Seat 6: Unipoker11 (big blind) folded before Flop



PokerStars Hand #254228713732:  Hold'em No Limit ($0.50/$1.00 USD) - 2025/01/06 15:39:04 WET [2025/01/06 10:39:04 ET]
Table 'Mancunia' 6-max Seat #5 is the button
Seat 1: yzuk ($106.72 in chips) 
Seat 2: Nazareno1999 ($111.83 in chips) 
Seat 3: Pippa83 ($101.62 in chips) 
Seat 5: m1lkdud ($121.19 in chips) 
Seat 6: Unipoker11 ($100.50 in chips) 
Unipoker11: posts small blind $0.50
yzuk: posts big blind $1
*** HOLE CARDS ***
Nazareno1999: folds 
Pippa83: folds 
m1lkdud: folds 
Unipoker11: folds 
Uncalled bet ($0.50) returned to yzuk
yzuk collected $1 from pot
yzuk: doesn't show hand 
*** SUMMARY ***
Total pot $1 | Rake $0 
Seat 1: yzuk (big blind) collected ($1)
Seat 2: Nazareno1999 folded before Flop (didn't bet)
Seat 3: Pippa83 folded before Flop (didn't bet)
Seat 5: m1lkdud (button) folded before Flop (didn't bet)
Seat 6: Unipoker11 (small blind) folded before Flop



PokerStars Hand #254228716521:  Hold'em No Limit ($0.50/$1.00 USD) - 2025/01/06 15:39:16 WET [2025/01/06 10:39:16 ET]
Table 'Mancunia' 6-max Seat #6 is the button
Seat 1: yzuk ($107.22 in chips) 
Seat 2: Nazareno1999 ($111.83 in chips) 
Seat 3: Pippa83 ($101.62 in chips) 
Seat 5: m1lkdud ($121.19 in chips) 
Seat 6: Unipoker11 ($100 in chips) 
yzuk: posts small blind $0.50
Nazareno1999: posts big blind $1
*** HOLE CARDS ***
Pippa83: folds 
m1lkdud: folds 
Unipoker11: folds 
yzuk: folds 
Uncalled bet ($0.50) returned to Nazareno1999
Nazareno1999 collected $1 from pot
Nazareno1999: doesn't show hand 
*** SUMMARY ***
Total pot $1 | Rake $0 
Seat 1: yzuk (small blind) folded before Flop
Seat 2: Nazareno1999 (big blind) collected ($1)
Seat 3: Pippa83 folded before Flop (didn't bet)
Seat 5: m1lkdud folded before Flop (didn't bet)
Seat 6: Unipoker11 (button) folded before Flop (didn't bet)



PokerStars Hand #254228718897:  Hold'em No Limit ($0.50/$1.00 USD) - 2025/01/06 15:39:26 WET [2025/01/06 10:39:26 ET]
Table 'Mancunia' 6-max Seat #1 is the button
Seat 1: yzuk ($106.72 in chips) 
Seat 2: Nazareno1999 ($112.33 in chips) 
Seat 3: Pippa83 ($101.62 in chips) 
Seat 5: m1lkdud ($121.19 in chips) 
Seat 6: Unipoker11 ($100 in chips) 
Nazareno1999: posts small blind $0.50
Pippa83: posts big blind $1
*** HOLE CARDS ***
m1lkdud: folds 
Unipoker11: raises $1.30 to $2.30
yzuk: folds 
Nazareno1999: folds 
Pippa83: calls $1.30
*** FLOP *** [Kd 5d Jh]
Pippa83: checks 
stephane2022 joins the table at seat #4 
stephane2022 is disconnected 
Unipoker11: bets $1.21
Pippa83: folds 
Uncalled bet ($1.21) returned to Unipoker11
Unipoker11 collected $4.84 from pot
Unipoker11: doesn't show hand 
*** SUMMARY ***
Total pot $5.10 | Rake $0.26 
Board [Kd 5d Jh]
Seat 1: yzuk (button) folded before Flop (didn't bet)
Seat 2: Nazareno1999 (small blind) folded before Flop
Seat 3: Pippa83 (big blind) folded on the Flop
Seat 5: m1lkdud folded before Flop (didn't bet)
Seat 6: Unipoker11 collected ($4.84)



PokerStars Hand #254228729103:  Hold'em No Limit ($0.50/$1.00 USD) - 2025/01/06 15:40:08 WET [2025/01/06 10:40:08 ET]
Table 'Mancunia' 6-max Seat #2 is the button
Seat 1: yzuk ($106.72 in chips) 
Seat 2: Nazareno1999 ($111.83 in chips) 
Seat 3: Pippa83 ($100 in chips) 
Seat 4: stephane2022 ($54.99 in chips) 
Seat 5: m1lkdud ($121.19 in chips) 
Seat 6: Unipoker11 ($102.54 in chips) 
Pippa83: posts small blind $0.50
stephane2022: posts big blind $1
*** HOLE CARDS ***
m1lkdud: folds 
Unipoker11: folds 
yzuk: raises $1.50 to $2.50
Nazareno1999: folds 
Pippa83: folds 
stephane2022: folds 
Uncalled bet ($1.50) returned to yzuk
yzuk collected $2.50 from pot
yzuk: doesn't show hand 
*** SUMMARY ***
Total pot $2.50 | Rake $0 
Seat 1: yzuk collected ($2.50)
Seat 2: Nazareno1999 (button) folded before Flop (didn't bet)
Seat 3: Pippa83 (small blind) folded before Flop
Seat 4: stephane2022 (big blind) folded before Flop
Seat 5: m1lkdud folded before Flop (didn't bet)
Seat 6: Unipoker11 folded before Flop (didn't bet)



PokerStars Hand #254228735720:  Hold'em No Limit ($0.50/$1.00 USD) - 2025/01/06 15:40:35 WET [2025/01/06 10:40:35 ET]
Table 'Mancunia' 6-max Seat #3 is the button
Seat 1: yzuk ($108.22 in chips) 
Seat 2: Nazareno1999 ($111.83 in chips) 
Seat 3: Pippa83 ($100 in chips) 
Seat 4: stephane2022 ($53.99 in chips) 
Seat 5: m1lkdud ($121.19 in chips) 
Seat 6: Unipoker11 ($102.54 in chips) 
stephane2022: posts small blind $0.50
m1lkdud: posts big blind $1
*** HOLE CARDS ***
Unipoker11: raises $1 to $2
yzuk: folds 
Nazareno1999: folds 
Pippa83: folds 
stephane2022: calls $1.50
m1lkdud: folds 
*** FLOP *** [3s Ks 9d]
stephane2022: checks 
Unipoker11: bets $1.19
stephane2022: calls $1.19
*** TURN *** [3s Ks 9d] [4d]
stephane2022: checks 
Unipoker11: checks 
*** RIVER *** [3s Ks 9d 4d] [8h]
stephane2022: bets $4.51
Unipoker11: folds 
Uncalled bet ($4.51) returned to stephane2022
stephane2022 collected $7.01 from pot
*** SUMMARY ***
Total pot $7.38 | Rake $0.37 
Board [3s Ks 9d 4d 8h]
Seat 1: yzuk folded before Flop (didn't bet)
Seat 2: Nazareno1999 folded before Flop (didn't bet)
Seat 3: Pippa83 (button) folded before Flop (didn't bet)
Seat 4: stephane2022 (small blind) collected ($7.01)
Seat 5: m1lkdud (big blind) folded before Flop
Seat 6: Unipoker11 folded on the River



PokerStars Hand #254228752389:  Hold'em No Limit ($0.50/$1.00 USD) - 2025/01/06 15:41:45 WET [2025/01/06 10:41:45 ET]
Table 'Mancunia' 6-max Seat #4 is the button
Seat 1: yzuk ($108.22 in chips) 
Seat 2: Nazareno1999 ($111.83 in chips) 
Seat 3: Pippa83 ($100 in chips) 
Seat 4: stephane2022 ($57.81 in chips) 
Seat 5: m1lkdud ($120.19 in chips) 
Seat 6: Unipoker11 ($100 in chips) 
m1lkdud: posts small blind $0.50
Unipoker11: posts big blind $1
*** HOLE CARDS ***
yzuk: raises $1.50 to $2.50
Nazareno1999: folds 
Pippa83: folds 
stephane2022: folds 
m1lkdud: folds 
Unipoker11: folds 
Uncalled bet ($1.50) returned to yzuk
yzuk collected $2.50 from pot
yzuk: doesn't show hand 
*** SUMMARY ***
Total pot $2.50 | Rake $0 
Seat 1: yzuk collected ($2.50)
Seat 2: Nazareno1999 folded before Flop (didn't bet)
Seat 3: Pippa83 folded before Flop (didn't bet)
Seat 4: stephane2022 (button) folded before Flop (didn't bet)
Seat 5: m1lkdud (small blind) folded before Flop
Seat 6: Unipoker11 (big blind) folded before Flop



PokerStars Hand #254228757161:  Hold'em No Limit ($0.50/$1.00 USD) - 2025/01/06 15:42:05 WET [2025/01/06 10:42:05 ET]
Table 'Mancunia' 6-max Seat #5 is the button
Seat 1: yzuk ($109.72 in chips) 
Seat 2: Nazareno1999 ($111.83 in chips) 
Seat 3: Pippa83 ($100 in chips) 
Seat 4: stephane2022 ($57.81 in chips) 
Seat 5: m1lkdud ($119.69 in chips) 
Seat 6: Unipoker11 ($100 in chips) 
Unipoker11: posts small blind $0.50
yzuk: posts big blind $1
*** HOLE CARDS ***
Nazareno1999: raises $1.20 to $2.20
Pippa83: folds 
stephane2022: calls $2.20
m1lkdud: folds 
Unipoker11: folds 
yzuk: folds 
*** FLOP *** [Ad Jd Ts]
Nazareno1999: checks 
stephane2022: checks 
*** TURN *** [Ad Jd Ts] [2s]
Nazareno1999: checks 
stephane2022: bets $2.80
Nazareno1999: folds 
Uncalled bet ($2.80) returned to stephane2022
stephane2022 collected $5.60 from pot
*** SUMMARY ***
Total pot $5.90 | Rake $0.30 
Board [Ad Jd Ts 2s]
Seat 1: yzuk (big blind) folded before Flop
Seat 2: Nazareno1999 folded on the Turn
Seat 3: Pippa83 folded before Flop (didn't bet)
Seat 4: stephane2022 collected ($5.60)
Seat 5: m1lkdud (button) folded before Flop (didn't bet)
Seat 6: Unipoker11 (small blind) folded before Flop



PokerStars Hand #254228772685:  Hold'em No Limit ($0.50/$1.00 USD) - 2025/01/06 15:43:10 WET [2025/01/06 10:43:10 ET]
Table 'Mancunia' 6-max Seat #6 is the button
Seat 1: yzuk ($108.72 in chips) 
Seat 2: Nazareno1999 ($109.63 in chips) 
Seat 3: Pippa83 ($100 in chips) 
Seat 4: stephane2022 ($61.21 in chips) 
Seat 5: m1lkdud ($119.69 in chips) 
Seat 6: Unipoker11 ($100 in chips) 
yzuk: posts small blind $0.50
Nazareno1999: posts big blind $1
*** HOLE CARDS ***
Pippa83: folds 
stephane2022: folds 
m1lkdud: folds 
Unipoker11: raises $1.50 to $2.50
yzuk: folds 
Nazareno1999: folds 
Uncalled bet ($1.50) returned to Unipoker11
Unipoker11 collected $2.50 from pot
Unipoker11: doesn't show hand 
*** SUMMARY ***
Total pot $2.50 | Rake $0 
Seat 1: yzuk (small blind) folded before Flop
Seat 2: Nazareno1999 (big blind) folded before Flop
Seat 3: Pippa83 folded before Flop (didn't bet)
Seat 4: stephane2022 folded before Flop (didn't bet)
Seat 5: m1lkdud folded before Flop (didn't bet)
Seat 6: Unipoker11 (button) collected ($2.50)



PokerStars Hand #254228776024:  Hold'em No Limit ($0.50/$1.00 USD) - 2025/01/06 15:43:24 WET [2025/01/06 10:43:24 ET]
Table 'Mancunia' 6-max Seat #1 is the button
Seat 1: yzuk ($108.22 in chips) 
Seat 2: Nazareno1999 ($108.63 in chips) 
Seat 3: Pippa83 ($100 in chips) 
Seat 4: stephane2022 ($61.21 in chips) 
Seat 5: m1lkdud ($119.69 in chips) 
Seat 6: Unipoker11 ($101.50 in chips) 
Nazareno1999: posts small blind $0.50
Pippa83: posts big blind $1
*** HOLE CARDS ***
stephane2022: folds 
m1lkdud: folds 
Unipoker11: raises $1.30 to $2.30
yzuk: folds 
Nazareno1999: folds 
Pippa83: folds 
Uncalled bet ($1.30) returned to Unipoker11
Unipoker11 collected $2.50 from pot
Unipoker11: doesn't show hand 
*** SUMMARY ***
Total pot $2.50 | Rake $0 
Seat 1: yzuk (button) folded before Flop (didn't bet)
Seat 2: Nazareno1999 (small blind) folded before Flop
Seat 3: Pippa83 (big blind) folded before Flop
Seat 4: stephane2022 folded before Flop (didn't bet)
Seat 5: m1lkdud folded before Flop (didn't bet)
Seat 6: Unipoker11 collected ($2.50)



PokerStars Hand #254228781102:  Hold'em No Limit ($0.50/$1.00 USD) - 2025/01/06 15:43:45 WET [2025/01/06 10:43:45 ET]
Table 'Mancunia' 6-max Seat #2 is the button
Seat 1: yzuk ($108.22 in chips) 
Seat 2: Nazareno1999 ($108.13 in chips) 
Seat 3: Pippa83 ($100 in chips) 
Seat 4: stephane2022 ($61.21 in chips) 
Seat 5: m1lkdud ($119.69 in chips) 
Seat 6: Unipoker11 ($103 in chips) 
Pippa83: posts small blind $0.50
stephane2022: posts big blind $1
*** HOLE CARDS ***
m1lkdud: folds 
Unipoker11: folds 
yzuk: folds 
Nazareno1999: folds 
Pippa83: raises $2 to $3
stephane2022: folds 
Uncalled bet ($2) returned to Pippa83
Pippa83 collected $2 from pot
Pippa83: doesn't show hand 
*** SUMMARY ***
Total pot $2 | Rake $0 
Seat 1: yzuk folded before Flop (didn't bet)
Seat 2: Nazareno1999 (button) folded before Flop (didn't bet)
Seat 3: Pippa83 (small blind) collected ($2)
Seat 4: stephane2022 (big blind) folded before Flop
Seat 5: m1lkdud folded before Flop (didn't bet)
Seat 6: Unipoker11 folded before Flop (didn't bet)



PokerStars Hand #254228785893:  Hold'em No Limit ($0.50/$1.00 USD) - 2025/01/06 15:44:05 WET [2025/01/06 10:44:05 ET]
Table 'Mancunia' 6-max Seat #3 is the button
Seat 5: m1lkdud ($119.69 in chips) is sitting out
Seat 1: yzuk ($108.22 in chips) 
Seat 2: Nazareno1999 ($108.13 in chips) 
Seat 3: Pippa83 ($101 in chips) 
Seat 4: stephane2022 ($60.21 in chips) 
Seat 6: Unipoker11 ($103 in chips) 
stephane2022: posts small blind $0.50
m1lkdud: is sitting out 
Unipoker11: posts big blind $1
*** HOLE CARDS ***
yzuk: folds 
m1lkdud leaves the table
Nazareno1999: raises $1.20 to $2.20
Pippa83: folds 
stephane2022: calls $1.70
Unipoker11: folds 
*** FLOP *** [7h Ks Qs]
stephane2022: checks 
yzuk leaves the table
Nazareno1999: bets $1.69
stephane2022: calls $1.69
*** TURN *** [7h Ks Qs] [Ts]
Unipoker11 leaves the table
stephane2022: checks 
Nazareno1999: bets $6.26
stephane2022: folds 
Uncalled bet ($6.26) returned to Nazareno1999
Nazareno1999 collected $8.34 from pot
Nazareno1999: doesn't show hand 
*** SUMMARY ***
Total pot $8.78 | Rake $0.44 
Board [7h Ks Qs Ts]
Seat 5: m1lkdud
Seat 1: yzuk folded before Flop (didn't bet)
Seat 2: Nazareno1999 collected ($8.34)
Seat 3: Pippa83 (button) folded before Flop (didn't bet)
Seat 4: stephane2022 (small blind) folded on the Turn
Seat 6: Unipoker11 (big blind) folded before Flop



PokerStars Hand #254228792784:  Hold'em No Limit ($0.50/$1.00 USD) - 2025/01/06 15:44:33 WET [2025/01/06 10:44:33 ET]
Table 'Mancunia' 6-max Seat #4 is the button
Seat 2: Nazareno1999 ($112.58 in chips) 
Seat 3: Pippa83 ($101 in chips) 
Seat 4: stephane2022 ($56.32 in chips) 
Nazareno1999: posts small blind $0.50
Pippa83: posts big blind $1
*** HOLE CARDS ***
stephane2022: folds 
Nazareno1999: folds 
Uncalled bet ($0.50) returned to Pippa83
Pippa83 collected $1 from pot
Pippa83: doesn't show hand 
*** SUMMARY ***
Total pot $1 | Rake $0 
Seat 2: Nazareno1999 (small blind) folded before Flop
Seat 3: Pippa83 (big blind) collected ($1)
Seat 4: stephane2022 (button) folded before Flop (didn't bet)



PokerStars Hand #254228794534:  Hold'em No Limit ($0.50/$1.00 USD) - 2025/01/06 15:44:41 WET [2025/01/06 10:44:41 ET]
Table 'Mancunia' 6-max Seat #2 is the button
Seat 2: Nazareno1999 ($112.08 in chips) 
Seat 3: Pippa83 ($101.50 in chips) 
Seat 4: stephane2022 ($56.32 in chips) 
Pippa83: posts small blind $0.50
stephane2022: posts big blind $1
*** HOLE CARDS ***
Nazareno1999: folds 
Pippa83: raises $2 to $3
stephane2022: folds 
Uncalled bet ($2) returned to Pippa83
Pippa83 collected $2 from pot
Pippa83: doesn't show hand 
*** SUMMARY ***
Total pot $2 | Rake $0 
Seat 2: Nazareno1999 (button) folded before Flop (didn't bet)
Seat 3: Pippa83 (small blind) collected ($2)
Seat 4: stephane2022 (big blind) folded before Flop



PokerStars Hand #254228797471:  Hold'em No Limit ($0.50/$1.00 USD) - 2025/01/06 15:44:53 WET [2025/01/06 10:44:53 ET]
Table 'Mancunia' 6-max Seat #3 is the button
Seat 2: Nazareno1999 ($112.08 in chips) 
Seat 3: Pippa83 ($102.50 in chips) 
Seat 4: stephane2022 ($55.32 in chips) 
stephane2022: posts small blind $0.50
Nazareno1999: posts big blind $1
*** HOLE CARDS ***
Pippa83: raises $1.50 to $2.50
stephane2022: calls $2
Nazareno1999: folds 
*** FLOP *** [4s 3d 2h]
stephane2022: bets $3
Pippa83: folds 
Uncalled bet ($3) returned to stephane2022
stephane2022 collected $5.70 from pot
*** SUMMARY ***
Total pot $6 | Rake $0.30 
Board [4s 3d 2h]
Seat 2: Nazareno1999 (big blind) folded before Flop
Seat 3: Pippa83 (button) folded on the Flop
Seat 4: stephane2022 (small blind) collected ($5.70)



PokerStars Hand #254228802493:  Hold'em No Limit ($0.50/$1.00 USD) - 2025/01/06 15:45:13 WET [2025/01/06 10:45:13 ET]
Table 'Mancunia' 6-max Seat #4 is the button
Seat 2: Nazareno1999 ($111.08 in chips) 
Seat 3: Pippa83 ($100 in chips) 
Seat 4: stephane2022 ($58.52 in chips) 
Nazareno1999: posts small blind $0.50
Pippa83: posts big blind $1
*** HOLE CARDS ***
stephane2022: folds 
Nazareno1999: raises $1.50 to $2.50
Pippa83: folds 
Uncalled bet ($1.50) returned to Nazareno1999
Nazareno1999 collected $2 from pot
Nazareno1999: doesn't show hand 
*** SUMMARY ***
Total pot $2 | Rake $0 
Seat 2: Nazareno1999 (small blind) collected ($2)
Seat 3: Pippa83 (big blind) folded before Flop
Seat 4: stephane2022 (button) folded before Flop (didn't bet)



PokerStars Hand #254228805335:  Hold'em No Limit ($0.50/$1.00 USD) - 2025/01/06 15:45:25 WET [2025/01/06 10:45:25 ET]
Table 'Mancunia' 6-max Seat #2 is the button
Seat 2: Nazareno1999 ($112.08 in chips) 
Seat 3: Pippa83 ($100 in chips) 
Seat 4: stephane2022 ($58.52 in chips) 
Pippa83: posts small blind $0.50
stephane2022: posts big blind $1
*** HOLE CARDS ***
Nazareno1999: folds 
Pippa83: raises $2 to $3
stephane2022: folds 
Uncalled bet ($2) returned to Pippa83
Pippa83 collected $2 from pot
Pippa83: doesn't show hand 
*** SUMMARY ***
Total pot $2 | Rake $0 
Seat 2: Nazareno1999 (button) folded before Flop (didn't bet)
Seat 3: Pippa83 (small blind) collected ($2)
Seat 4: stephane2022 (big blind) folded before Flop



PokerStars Hand #254228808169:  Hold'em No Limit ($0.50/$1.00 USD) - 2025/01/06 15:45:37 WET [2025/01/06 10:45:37 ET]
Table 'Mancunia' 6-max Seat #3 is the button
Seat 2: Nazareno1999 ($112.08 in chips) 
Seat 3: Pippa83 ($101 in chips) 
Seat 4: stephane2022 ($57.52 in chips) 
stephane2022: posts small blind $0.50
Nazareno1999: posts big blind $1
*** HOLE CARDS ***
Pippa83: folds 
stephane2022: raises $2 to $3
Nazareno1999: calls $2
*** FLOP *** [3s 2h Jd]
stephane2022: bets $3.85
Nazareno1999: folds 
Uncalled bet ($3.85) returned to stephane2022
stephane2022 collected $5.70 from pot
*** SUMMARY ***
Total pot $6 | Rake $0.30 
Board [3s 2h Jd]
Seat 2: Nazareno1999 (big blind) folded on the Flop
Seat 3: Pippa83 (button) folded before Flop (didn't bet)
Seat 4: stephane2022 (small blind) collected ($5.70)



PokerStars Hand #254228813242:  Hold'em No Limit ($0.50/$1.00 USD) - 2025/01/06 15:45:58 WET [2025/01/06 10:45:58 ET]
Table 'Mancunia' 6-max Seat #4 is the button
Seat 2: Nazareno1999 ($109.08 in chips) 
Seat 3: Pippa83 ($101 in chips) 
Seat 4: stephane2022 ($60.22 in chips) 
Nazareno1999: posts small blind $0.50
Pippa83: posts big blind $1
*** HOLE CARDS ***
stephane2022: folds 
Nazareno1999: folds 
Uncalled bet ($0.50) returned to Pippa83
Pippa83 collected $1 from pot
Pippa83: doesn't show hand 
*** SUMMARY ***
Total pot $1 | Rake $0 
Seat 2: Nazareno1999 (small blind) folded before Flop
Seat 3: Pippa83 (big blind) collected ($1)
Seat 4: stephane2022 (button) folded before Flop (didn't bet)



PokerStars Hand #254228815435:  Hold'em No Limit ($0.50/$1.00 USD) - 2025/01/06 15:46:07 WET [2025/01/06 10:46:07 ET]
Table 'Mancunia' 6-max Seat #2 is the button
Seat 2: Nazareno1999 ($108.58 in chips) 
Seat 3: Pippa83 ($101.50 in chips) 
Seat 4: stephane2022 ($60.22 in chips) 
Pippa83: posts small blind $0.50
stephane2022: posts big blind $1
*** HOLE CARDS ***
Nazareno1999: raises $1.20 to $2.20
Pippa83: folds 
stephane2022: folds 
Uncalled bet ($1.20) returned to Nazareno1999
Nazareno1999 collected $2.50 from pot
Nazareno1999: doesn't show hand 
*** SUMMARY ***
Total pot $2.50 | Rake $0 
Seat 2: Nazareno1999 (button) collected ($2.50)
Seat 3: Pippa83 (small blind) folded before Flop
Seat 4: stephane2022 (big blind) folded before Flop



PokerStars Hand #254228818700:  Hold'em No Limit ($0.50/$1.00 USD) - 2025/01/06 15:46:20 WET [2025/01/06 10:46:20 ET]
Table 'Mancunia' 6-max Seat #3 is the button
Seat 2: Nazareno1999 ($110.08 in chips) 
Seat 3: Pippa83 ($101 in chips) 
Seat 4: stephane2022 ($59.22 in chips) 
stephane2022: posts small blind $0.50
Nazareno1999: posts big blind $1
*** HOLE CARDS ***
Pippa83: raises $1.50 to $2.50
stephane2022: folds 
Nazareno1999: folds 
Uncalled bet ($1.50) returned to Pippa83
Pippa83 collected $2.50 from pot
Pippa83: doesn't show hand 
*** SUMMARY ***
Total pot $2.50 | Rake $0 
Seat 2: Nazareno1999 (big blind) folded before Flop
Seat 3: Pippa83 (button) collected ($2.50)
Seat 4: stephane2022 (small blind) folded before Flop



PokerStars Hand #254228822622:  Hold'em No Limit ($0.50/$1.00 USD) - 2025/01/06 15:46:36 WET [2025/01/06 10:46:36 ET]
Table 'Mancunia' 6-max Seat #4 is the button
Seat 2: Nazareno1999 ($109.08 in chips) 
Seat 3: Pippa83 ($102.50 in chips) 
Seat 4: stephane2022 ($58.72 in chips) 
Nazareno1999: posts small blind $0.50
Pippa83: posts big blind $1
*** HOLE CARDS ***
stephane2022: raises $1 to $2
Nazareno1999: folds 
Pippa83: calls $1
*** FLOP *** [7c 5c 6c]
Pippa83: checks 
stephane2022: checks 
*** TURN *** [7c 5c 6c] [Jc]
Pippa83: checks 
stephane2022: bets $3
Pippa83: calls $3
*** RIVER *** [7c 5c 6c Jc] [8d]
Pippa83: checks 
stephane2022: bets $4.99
Pippa83: folds 
Uncalled bet ($4.99) returned to stephane2022
stephane2022 collected $9.98 from pot
*** SUMMARY ***
Total pot $10.50 | Rake $0.52 
Board [7c 5c 6c Jc 8d]
Seat 2: Nazareno1999 (small blind) folded before Flop
Seat 3: Pippa83 (big blind) folded on the River
Seat 4: stephane2022 (button) collected ($9.98)



PokerStars Hand #254228831959:  Hold'em No Limit ($0.50/$1.00 USD) - 2025/01/06 15:47:15 WET [2025/01/06 10:47:15 ET]
Table 'Mancunia' 6-max Seat #2 is the button
Seat 2: Nazareno1999 ($108.58 in chips) 
Seat 3: Pippa83 ($100 in chips) 
Seat 4: stephane2022 ($63.70 in chips) 
Pippa83: posts small blind $0.50
stephane2022: posts big blind $1
*** HOLE CARDS ***
Nazareno1999: raises $1.20 to $2.20
Pippa83: folds 
stephane2022: calls $1.20
*** FLOP *** [Qc 6s Kc]
stephane2022: checks 
Nazareno1999: bets $1.54
stephane2022: folds 
Uncalled bet ($1.54) returned to Nazareno1999
Nazareno1999 collected $4.66 from pot
Nazareno1999: doesn't show hand 
*** SUMMARY ***
Total pot $4.90 | Rake $0.24 
Board [Qc 6s Kc]
Seat 2: Nazareno1999 (button) collected ($4.66)
Seat 3: Pippa83 (small blind) folded before Flop
Seat 4: stephane2022 (big blind) folded on the Flop



PokerStars Hand #254228836987:  Hold'em No Limit ($0.50/$1.00 USD) - 2025/01/06 15:47:36 WET [2025/01/06 10:47:36 ET]
Table 'Mancunia' 6-max Seat #3 is the button
Seat 2: Nazareno1999 ($111.04 in chips) 
Seat 3: Pippa83 ($100 in chips) 
Seat 4: stephane2022 ($61.50 in chips) 
stephane2022: posts small blind $0.50
Nazareno1999: posts big blind $1
*** HOLE CARDS ***
Pippa83: folds 
stephane2022: folds 
Uncalled bet ($0.50) returned to Nazareno1999
Nazareno1999 collected $1 from pot
Nazareno1999: doesn't show hand 
*** SUMMARY ***
Total pot $1 | Rake $0 
Seat 2: Nazareno1999 (big blind) collected ($1)
Seat 3: Pippa83 (button) folded before Flop (didn't bet)
Seat 4: stephane2022 (small blind) folded before Flop



PokerStars Hand #254228840792:  Hold'em No Limit ($0.50/$1.00 USD) - 2025/01/06 15:47:52 WET [2025/01/06 10:47:52 ET]
Table 'Mancunia' 6-max Seat #4 is the button
Seat 2: Nazareno1999 ($111.54 in chips) 
Seat 3: Pippa83 ($100 in chips) 
Seat 4: stephane2022 ($61 in chips) 
VahTang_89 joins the table at seat #5 
Nazareno1999: posts small blind $0.50
Pippa83: posts big blind $1
*** HOLE CARDS ***
stephane2022: folds 
Nazareno1999: folds 
Uncalled bet ($0.50) returned to Pippa83
Pippa83 collected $1 from pot
Pippa83: doesn't show hand 
*** SUMMARY ***
Total pot $1 | Rake $0 
Seat 2: Nazareno1999 (small blind) folded before Flop
Seat 3: Pippa83 (big blind) collected ($1)
Seat 4: stephane2022 (button) folded before Flop (didn't bet)



PokerStars Hand #254228843840:  Hold'em No Limit ($0.50/$1.00 USD) - 2025/01/06 15:48:05 WET [2025/01/06 10:48:05 ET]
Table 'Mancunia' 6-max Seat #2 is the button
Seat 5: VahTang_89 ($100 in chips) is sitting out
Seat 2: Nazareno1999 ($111.04 in chips) 
Seat 3: Pippa83 ($100.50 in chips) 
Seat 4: stephane2022 ($61 in chips) 
Pippa83: posts small blind $0.50
stephane2022: posts big blind $1
VahTang_89: sits out 
*** HOLE CARDS ***
Nazareno1999: folds 
Pippa83: raises $2 to $3
stephane2022: folds 
Uncalled bet ($2) returned to Pippa83
Pippa83 collected $2 from pot
Pippa83: doesn't show hand 
*** SUMMARY ***
Total pot $2 | Rake $0 
Seat 5: VahTang_89
Seat 2: Nazareno1999 (button) folded before Flop (didn't bet)
Seat 3: Pippa83 (small blind) collected ($2)
Seat 4: stephane2022 (big blind) folded before Flop



PokerStars Hand #254228846920:  Hold'em No Limit ($0.50/$1.00 USD) - 2025/01/06 15:48:17 WET [2025/01/06 10:48:17 ET]
Table 'Mancunia' 6-max Seat #3 is the button
Seat 2: Nazareno1999 ($111.04 in chips) 
Seat 3: Pippa83 ($101.50 in chips) 
Seat 4: stephane2022 ($60 in chips) 
Seat 5: VahTang_89 ($100 in chips) 
stephane2022: posts small blind $0.50
VahTang_89: posts big blind $1
*** HOLE CARDS ***
Nazareno1999: folds 
Pippa83: folds 
stephane2022: calls $0.50
VahTang_89: checks 
*** FLOP *** [Ad Ks 5c]
stephane2022: checks 
VahTang_89: bets $1
Nazareno1999 leaves the table
stephane2022: folds 
Uncalled bet ($1) returned to VahTang_89
VahTang_89 collected $1.90 from pot
VahTang_89: doesn't show hand 
*** SUMMARY ***
Total pot $2 | Rake $0.10 
Board [Ad Ks 5c]
Seat 2: Nazareno1999 folded before Flop (didn't bet)
Seat 3: Pippa83 (button) folded before Flop (didn't bet)
Seat 4: stephane2022 (small blind) folded on the Flop
Seat 5: VahTang_89 (big blind) collected ($1.90)



PokerStars Hand #254228851720:  Hold'em No Limit ($0.50/$1.00 USD) - 2025/01/06 15:48:37 WET [2025/01/06 10:48:37 ET]
Table 'Mancunia' 6-max Seat #4 is the button
Seat 3: Pippa83 ($101.50 in chips) 
Seat 4: stephane2022 ($59 in chips) 
Seat 5: VahTang_89 ($100.90 in chips) 
VahTang_89: posts small blind $0.50
Pippa83: posts big blind $1
*** HOLE CARDS ***
stephane2022: raises $2 to $3
VahTang_89: folds 
Pippa83: folds 
Uncalled bet ($2) returned to stephane2022
stephane2022 collected $2.50 from pot
*** SUMMARY ***
Total pot $2.50 | Rake $0 
Seat 3: Pippa83 (big blind) folded before Flop
Seat 4: stephane2022 (button) collected ($2.50)
Seat 5: VahTang_89 (small blind) folded before Flop



PokerStars Hand #254228854976:  Hold'em No Limit ($0.50/$1.00 USD) - 2025/01/06 15:48:51 WET [2025/01/06 10:48:51 ET]
Table 'Mancunia' 6-max Seat #5 is the button
Seat 3: Pippa83 ($100.50 in chips) 
Seat 4: stephane2022 ($60.50 in chips) 
Seat 5: VahTang_89 ($100.40 in chips) 
Pippa83: posts small blind $0.50
stephane2022: posts big blind $1
*** HOLE CARDS ***
VahTang_89: folds 
Pippa83: raises $2 to $3
stephane2022: calls $2
*** FLOP *** [9h 9c 8s]
Pippa83: bets $1.14
stephane2022: calls $1.14
*** TURN *** [9h 9c 8s] [8d]
Pippa83: checks 
stephane2022: checks 
*** RIVER *** [9h 9c 8s 8d] [5s]
Pippa83: bets $5.90
stephane2022: folds 
Uncalled bet ($5.90) returned to Pippa83
Pippa83 collected $7.87 from pot
Pippa83: doesn't show hand 
*** SUMMARY ***
Total pot $8.28 | Rake $0.41 
Board [9h 9c 8s 8d 5s]
Seat 3: Pippa83 (small blind) collected ($7.87)
Seat 4: stephane2022 (big blind) folded on the River
Seat 5: VahTang_89 (button) folded before Flop (didn't bet)



PokerStars Hand #254228865780:  Hold'em No Limit ($0.50/$1.00 USD) - 2025/01/06 15:49:36 WET [2025/01/06 10:49:36 ET]
Table 'Mancunia' 6-max Seat #3 is the button
Seat 3: Pippa83 ($104.23 in chips) 
Seat 4: stephane2022 ($56.36 in chips) 
Seat 5: VahTang_89 ($100.40 in chips) 
stephane2022: posts small blind $0.50
VahTang_89: posts big blind $1
*** HOLE CARDS ***
Pippa83: folds 
stephane2022: folds 
Uncalled bet ($0.50) returned to VahTang_89
VahTang_89 collected $1 from pot
VahTang_89: doesn't show hand 
*** SUMMARY ***
Total pot $1 | Rake $0 
Seat 3: Pippa83 (button) folded before Flop (didn't bet)
Seat 4: stephane2022 (small blind) folded before Flop
Seat 5: VahTang_89 (big blind) collected ($1)



PokerStars Hand #254228867759:  Hold'em No Limit ($0.50/$1.00 USD) - 2025/01/06 15:49:44 WET [2025/01/06 10:49:44 ET]
Table 'Mancunia' 6-max Seat #4 is the button
Seat 3: Pippa83 ($104.23 in chips) 
Seat 4: stephane2022 ($55.86 in chips) 
Seat 5: VahTang_89 ($100.90 in chips) 
VahTang_89: posts small blind $0.50
Pippa83: posts big blind $1
*** HOLE CARDS ***
stephane2022: folds 
VahTang_89: raises $2 to $3
Pippa83: calls $2
*** FLOP *** [3d 5h 7c]
VahTang_89: bets $4.27
Pippa83: calls $4.27
*** TURN *** [3d 5h 7c] [4d]
VahTang_89: bets $9.11
Pippa83: calls $9.11
*** RIVER *** [3d 5h 7c 4d] [8h]
VahTang_89: checks 
Pippa83: checks 
*** SHOW DOWN ***
VahTang_89: shows [8c Js] (a pair of Eights)
Pippa83: mucks hand 
VahTang_89 collected $31.76 from pot
*** SUMMARY ***
Total pot $32.76 | Rake $1 
Board [3d 5h 7c 4d 8h]
Seat 3: Pippa83 (big blind) mucked
Seat 4: stephane2022 (button) folded before Flop (didn't bet)
Seat 5: VahTang_89 (small blind) showed [8c Js] and won ($31.76) with a pair of Eights



PokerStars Hand #254228882551:  Hold'em No Limit ($0.50/$1.00 USD) - 2025/01/06 15:50:46 WET [2025/01/06 10:50:46 ET]
Table 'Mancunia' 6-max Seat #5 is the button
Seat 3: Pippa83 ($100 in chips) 
Seat 4: stephane2022 ($55.86 in chips) 
Seat 5: VahTang_89 ($116.28 in chips) 
Pippa83: posts small blind $0.50
stephane2022: posts big blind $1
*** HOLE CARDS ***
VahTang_89: folds 
Pippa83: raises $2 to $3
stephane2022: calls $2
*** FLOP *** [Jc 2c Js]
Pippa83: bets $1.14
stephane2022: raises $2.14 to $3.28
Pippa83: folds 
Uncalled bet ($2.14) returned to stephane2022
stephane2022 collected $7.87 from pot
*** SUMMARY ***
Total pot $8.28 | Rake $0.41 
Board [Jc 2c Js]
Seat 3: Pippa83 (small blind) folded on the Flop
Seat 4: stephane2022 (big blind) collected ($7.87)
Seat 5: VahTang_89 (button) folded before Flop (didn't bet)



PokerStars Hand #254228888917:  Hold'em No Limit ($0.50/$1.00 USD) - 2025/01/06 15:51:12 WET [2025/01/06 10:51:12 ET]
Table 'Mancunia' 6-max Seat #4 is the button
Seat 5: VahTang_89 ($116.28 in chips) is sitting out
Seat 3: Pippa83 ($100 in chips) 
Seat 4: stephane2022 ($59.59 in chips) 
stephane2022: posts small blind $0.50
VahTang_89: is sitting out 
Pippa83: posts big blind $1
*** HOLE CARDS ***
VahTang_89 leaves the table
stephane2022: calls $0.50
Pippa83: checks 
*** FLOP *** [8h 5c Js]
Pippa83: bets $1
stephane2022: calls $1
*** TURN *** [8h 5c Js] [5h]
Pippa83: bets $2.50
stephane2022: calls $2.50
*** RIVER *** [8h 5c Js 5h] [Kh]
Pippa83: bets $12.83
stephane2022: folds 
Uncalled bet ($12.83) returned to Pippa83
Pippa83 collected $8.55 from pot
Pippa83: doesn't show hand 
*** SUMMARY ***
Total pot $9 | Rake $0.45 
Board [8h 5c Js 5h Kh]
Seat 5: VahTang_89
Seat 3: Pippa83 (big blind) collected ($8.55)
Seat 4: stephane2022 (button) (small blind) folded on the River



PokerStars Hand #254228895061:  Hold'em No Limit ($0.50/$1.00 USD) - 2025/01/06 15:51:37 WET [2025/01/06 10:51:37 ET]
Table 'Mancunia' 6-max Seat #3 is the button
Seat 3: Pippa83 ($104.05 in chips) 
Seat 4: stephane2022 ($55.09 in chips) 
Pippa83: posts small blind $0.50
stephane2022: posts big blind $1
*** HOLE CARDS ***
Pippa83: raises $1.50 to $2.50
stephane2022: raises $2.50 to $5
Pippa83: calls $2.50
*** FLOP *** [4h Td 3h]
stephane2022: bets $4.75
Pippa83: calls $4.75
*** TURN *** [4h Td 3h] [3d]
stephane2022: bets $11.26
Pippa83: calls $11.26
*** RIVER *** [4h Td 3h 3d] [8s]
stephane2022: bets $34.08 and is all-in
Pippa83: folds 
Uncalled bet ($34.08) returned to stephane2022
stephane2022 collected $41.02 from pot
*** SUMMARY ***
Total pot $42.02 | Rake $1 
Board [4h Td 3h 3d 8s]
Seat 3: Pippa83 (button) (small blind) folded on the River
Seat 4: stephane2022 (big blind) collected ($41.02)



PokerStars Hand #254228911183:  Hold'em No Limit ($0.50/$1.00 USD) - 2025/01/06 15:52:45 WET [2025/01/06 10:52:45 ET]
Table 'Mancunia' 6-max Seat #4 is the button
Seat 3: Pippa83 ($100 in chips) 
Seat 4: stephane2022 ($75.10 in chips) 
stephane2022: posts small blind $0.50
Pippa83: posts big blind $1
*** HOLE CARDS ***
stephane2022: folds 
Uncalled bet ($0.50) returned to Pippa83
Pippa83 collected $1 from pot
Pippa83: doesn't show hand 
*** SUMMARY ***
Total pot $1 | Rake $0 
Seat 3: Pippa83 (big blind) collected ($1)
Seat 4: stephane2022 (button) (small blind) folded before Flop



PokerStars Hand #254228912908:  Hold'em No Limit ($0.50/$1.00 USD) - 2025/01/06 15:52:52 WET [2025/01/06 10:52:52 ET]
Table 'Mancunia' 6-max Seat #3 is the button
Seat 3: Pippa83 ($100.50 in chips) 
Seat 4: stephane2022 ($74.60 in chips) 
Pippa83: posts small blind $0.50
stephane2022: posts big blind $1
*** HOLE CARDS ***
Pippa83: folds 
Uncalled bet ($0.50) returned to stephane2022
stephane2022 collected $1 from pot
*** SUMMARY ***
Total pot $1 | Rake $0 
Seat 3: Pippa83 (button) (small blind) folded before Flop
Seat 4: stephane2022 (big blind) collected ($1)



PokerStars Hand #254228914305:  Hold'em No Limit ($0.50/$1.00 USD) - 2025/01/06 15:52:58 WET [2025/01/06 10:52:58 ET]
Table 'Mancunia' 6-max Seat #4 is the button
Seat 3: Pippa83 ($100 in chips) 
Seat 4: stephane2022 ($75.10 in chips) 
stephane2022: posts small blind $0.50
Pippa83: posts big blind $1
*** HOLE CARDS ***
stephane2022: calls $0.50
Pippa83: checks 
*** FLOP *** [Kc Ac Th]
Pippa83: checks 
stephane2022: checks 
*** TURN *** [Kc Ac Th] [3d]
Pippa83: checks 
stephane2022: checks 
*** RIVER *** [Kc Ac Th 3d] [4s]
Pippa83: checks 
stephane2022: checks 
*** SHOW DOWN ***
Pippa83: shows [4h 9d] (a pair of Fours)
stephane2022: mucks hand 
Pippa83 collected $1.90 from pot
*** SUMMARY ***
Total pot $2 | Rake $0.10 
Board [Kc Ac Th 3d 4s]
Seat 3: Pippa83 (big blind) showed [4h 9d] and won ($1.90) with a pair of Fours
Seat 4: stephane2022 (button) (small blind) mucked



PokerStars Hand #254228919769:  Hold'em No Limit ($0.50/$1.00 USD) - 2025/01/06 15:53:20 WET [2025/01/06 10:53:20 ET]
Table 'Mancunia' 6-max Seat #3 is the button
Seat 3: Pippa83 ($100.90 in chips) 
Seat 4: stephane2022 ($74.10 in chips) 
Pippa83: posts small blind $0.50
stephane2022: posts big blind $1
*** HOLE CARDS ***
Pippa83: raises $1.50 to $2.50
stephane2022: calls $1.50
*** FLOP *** [Th 5d 4h]
stephane2022: checks 
Pippa83: checks 
*** TURN *** [Th 5d 4h] [Js]
stephane2022: bets $2.38
Pippa83: calls $2.38
*** RIVER *** [Th 5d 4h Js] [Ks]
stephane2022: bets $4.64
Pippa83: folds 
Uncalled bet ($4.64) returned to stephane2022
stephane2022 collected $9.27 from pot
*** SUMMARY ***
Total pot $9.76 | Rake $0.49 
Board [Th 5d 4h Js Ks]
Seat 3: Pippa83 (button) (small blind) folded on the River
Seat 4: stephane2022 (big blind) collected ($9.27)



PokerStars Hand #254228927646:  Hold'em No Limit ($0.50/$1.00 USD) - 2025/01/06 15:53:53 WET [2025/01/06 10:53:53 ET]
Table 'Mancunia' 6-max Seat #4 is the button
Seat 3: Pippa83 ($100 in chips) 
Seat 4: stephane2022 ($78.49 in chips) 
stephane2022: posts small blind $0.50
Pippa83: posts big blind $1
*** HOLE CARDS ***
stephane2022: folds 
Uncalled bet ($0.50) returned to Pippa83
Pippa83 collected $1 from pot
Pippa83: doesn't show hand 
*** SUMMARY ***
Total pot $1 | Rake $0 
Seat 3: Pippa83 (big blind) collected ($1)
Seat 4: stephane2022 (button) (small blind) folded before Flop



PokerStars Hand #254228928993:  Hold'em No Limit ($0.50/$1.00 USD) - 2025/01/06 15:53:59 WET [2025/01/06 10:53:59 ET]
Table 'Mancunia' 6-max Seat #3 is the button
Seat 3: Pippa83 ($100.50 in chips) 
Seat 4: stephane2022 ($77.99 in chips) 
Pippa83: posts small blind $0.50
stephane2022: posts big blind $1
*** HOLE CARDS ***
Pippa83: folds 
Uncalled bet ($0.50) returned to stephane2022
NISIY joins the table at seat #5 
stephane2022 collected $1 from pot
*** SUMMARY ***
Total pot $1 | Rake $0 
Seat 3: Pippa83 (button) (small blind) folded before Flop
Seat 4: stephane2022 (big blind) collected ($1)



PokerStars Hand #254228930941:  Hold'em No Limit ($0.50/$1.00 USD) - 2025/01/06 15:54:07 WET [2025/01/06 10:54:07 ET]
Table 'Mancunia' 6-max Seat #3 is the button
Seat 3: Pippa83 ($100 in chips) 
Seat 4: stephane2022 ($78.49 in chips) 
Seat 5: NISIY ($100 in chips) 
stephane2022: posts small blind $0.50
NISIY: posts big blind $1
*** HOLE CARDS ***
Pippa83: folds 
stephane2022: folds 
Uncalled bet ($0.50) returned to NISIY
NISIY collected $1 from pot
NISIY: doesn't show hand 
*** SUMMARY ***
Total pot $1 | Rake $0 
Seat 3: Pippa83 (button) folded before Flop (didn't bet)
Seat 4: stephane2022 (small blind) folded before Flop
Seat 5: NISIY (big blind) collected ($1)



PokerStars Hand #254228932551:  Hold'em No Limit ($0.50/$1.00 USD) - 2025/01/06 15:54:13 WET [2025/01/06 10:54:13 ET]
Table 'Mancunia' 6-max Seat #4 is the button
Seat 3: Pippa83 ($100 in chips) 
Seat 4: stephane2022 ($77.99 in chips) 
Seat 5: NISIY ($100.50 in chips) 
NISIY: posts small blind $0.50
Pippa83: posts big blind $1
*** HOLE CARDS ***
stephane2022: folds 
NISIY: folds 
Uncalled bet ($0.50) returned to Pippa83
Pippa83 collected $1 from pot
Pippa83: doesn't show hand 
*** SUMMARY ***
Total pot $1 | Rake $0 
Seat 3: Pippa83 (big blind) collected ($1)
Seat 4: stephane2022 (button) folded before Flop (didn't bet)
Seat 5: NISIY (small blind) folded before Flop



PokerStars Hand #254228934062:  Hold'em No Limit ($0.50/$1.00 USD) - 2025/01/06 15:54:20 WET [2025/01/06 10:54:20 ET]
Table 'Mancunia' 6-max Seat #5 is the button
Seat 3: Pippa83 ($100.50 in chips) 
Seat 4: stephane2022 ($77.99 in chips) 
Seat 5: NISIY ($100 in chips) 
Pippa83: posts small blind $0.50
stephane2022: posts big blind $1
*** HOLE CARDS ***
NISIY: raises $1.50 to $2.50
Pippa83: folds 
stephane2022: folds 
Uncalled bet ($1.50) returned to NISIY
NISIY collected $2.50 from pot
NISIY: doesn't show hand 
Rdalonso joins the table at seat #6 
*** SUMMARY ***
Total pot $2.50 | Rake $0 
Seat 3: Pippa83 (small blind) folded before Flop
Seat 4: stephane2022 (big blind) folded before Flop
Seat 5: NISIY (button) collected ($2.50)



PokerStars Hand #254228935986:  Hold'em No Limit ($0.50/$1.00 USD) - 2025/01/06 15:54:28 WET [2025/01/06 10:54:28 ET]
Table 'Mancunia' 6-max Seat #3 is the button
Seat 6: Rdalonso ($100 in chips) is sitting out
Seat 3: Pippa83 ($100 in chips) 
Seat 4: stephane2022 ($76.99 in chips) 
Seat 5: NISIY ($101.50 in chips) 
stephane2022: posts small blind $0.50
NISIY: posts big blind $1
Rdalonso: sits out 
*** HOLE CARDS ***
Pippa83: raises $1.50 to $2.50
stephane2022: folds 
NISIY: folds 
Uncalled bet ($1.50) returned to Pippa83
Pippa83 collected $2.50 from pot
Pippa83: doesn't show hand 
*** SUMMARY ***
Total pot $2.50 | Rake $0 
Seat 6: Rdalonso
Seat 3: Pippa83 (button) collected ($2.50)
Seat 4: stephane2022 (small blind) folded before Flop
Seat 5: NISIY (big blind) folded before Flop



PokerStars Hand #254228938149:  Hold'em No Limit ($0.50/$1.00 USD) - 2025/01/06 15:54:37 WET [2025/01/06 10:54:37 ET]
Table 'Mancunia' 6-max Seat #4 is the button
Seat 3: Pippa83 ($101.50 in chips) 
Seat 4: stephane2022 ($76.49 in chips) 
Seat 5: NISIY ($100.50 in chips) 
Seat 6: Rdalonso ($100 in chips) 
NISIY: posts small blind $0.50
Rdalonso: posts big blind $1
*** HOLE CARDS ***
Pippa83: folds 
stephane2022: folds 
NISIY: raises $2 to $3
Rdalonso: calls $2
*** FLOP *** [3d 2c Js]
NISIY: bets $1.88
Rdalonso: calls $1.88
*** TURN *** [3d 2c Js] [7h]
NISIY: checks 
Rdalonso: checks 
*** RIVER *** [3d 2c Js 7h] [4c]
NISIY: checks 
Rdalonso: bets $6.95
NISIY: calls $6.95
*** SHOW DOWN ***
Rdalonso: shows [Ts Jc] (a pair of Jacks)
NISIY: mucks hand 
Rdalonso collected $22.66 from pot
*** SUMMARY ***
Total pot $23.66 | Rake $1 
Board [3d 2c Js 7h 4c]
Seat 3: Pippa83 folded before Flop (didn't bet)
Seat 4: stephane2022 (button) folded before Flop (didn't bet)
Seat 5: NISIY (small blind) mucked
Seat 6: Rdalonso (big blind) showed [Ts Jc] and won ($22.66) with a pair of Jacks



PokerStars Hand #254228954728:  Hold'em No Limit ($0.50/$1.00 USD) - 2025/01/06 15:55:55 WET [2025/01/06 10:55:55 ET]
Table 'Mancunia' 6-max Seat #5 is the button
Seat 3: Pippa83 ($101.50 in chips) 
Seat 4: stephane2022 ($76.49 in chips) 
Seat 5: NISIY ($100 in chips) 
Seat 6: Rdalonso ($110.83 in chips) 
Rdalonso: posts small blind $0.50
Pippa83: posts big blind $1
*** HOLE CARDS ***
stephane2022: folds 
NISIY: folds 
Rdalonso: folds 
Uncalled bet ($0.50) returned to Pippa83
Pippa83 collected $1 from pot
Pippa83: doesn't show hand 
*** SUMMARY ***
Total pot $1 | Rake $0 
Seat 3: Pippa83 (big blind) collected ($1)
Seat 4: stephane2022 folded before Flop (didn't bet)
Seat 5: NISIY (button) folded before Flop (didn't bet)
Seat 6: Rdalonso (small blind) folded before Flop



PokerStars Hand #254228957221:  Hold'em No Limit ($0.50/$1.00 USD) - 2025/01/06 15:56:09 WET [2025/01/06 10:56:09 ET]
Table 'Mancunia' 6-max Seat #6 is the button
Seat 4: stephane2022 ($76.49 in chips) 
Seat 5: NISIY ($100 in chips) 
Seat 6: Rdalonso ($110.33 in chips) 
stephane2022: posts small blind $0.50
NISIY: posts big blind $1
*** HOLE CARDS ***
Rdalonso: raises $1.50 to $2.50
stephane2022: folds 
NISIY: folds 
Uncalled bet ($1.50) returned to Rdalonso
Rdalonso collected $2.50 from pot
Rdalonso: doesn't show hand 
*** SUMMARY ***
Total pot $2.50 | Rake $0 
Seat 4: stephane2022 (small blind) folded before Flop
Seat 5: NISIY (big blind) folded before Flop
Seat 6: Rdalonso (button) collected ($2.50)



PokerStars Hand #254228958855:  Hold'em No Limit ($0.50/$1.00 USD) - 2025/01/06 15:56:17 WET [2025/01/06 10:56:17 ET]
Table 'Mancunia' 6-max Seat #4 is the button
Seat 4: stephane2022 ($75.99 in chips) 
Seat 5: NISIY ($100 in chips) 
Seat 6: Rdalonso ($111.83 in chips) 
NISIY: posts small blind $0.50
Rdalonso: posts big blind $1
*** HOLE CARDS ***
stephane2022: folds 
NISIY: folds 
Uncalled bet ($0.50) returned to Rdalonso
Rdalonso collected $1 from pot
Rdalonso: doesn't show hand 
*** SUMMARY ***
Total pot $1 | Rake $0 
Seat 4: stephane2022 (button) folded before Flop (didn't bet)
Seat 5: NISIY (small blind) folded before Flop
Seat 6: Rdalonso (big blind) collected ($1)



PokerStars Hand #254228960061:  Hold'em No Limit ($0.50/$1.00 USD) - 2025/01/06 15:56:24 WET [2025/01/06 10:56:24 ET]
Table 'Mancunia' 6-max Seat #5 is the button
Seat 4: stephane2022 ($75.99 in chips) 
Seat 5: NISIY ($100 in chips) 
Seat 6: Rdalonso ($112.33 in chips) 
Rdalonso: posts small blind $0.50
stephane2022: posts big blind $1
*** HOLE CARDS ***
NISIY: raises $1.50 to $2.50
Rdalonso: raises $8.50 to $11
stephane2022: folds 
NISIY: calls $8.50
*** FLOP *** [Js 3s 9c]
Rdalonso: checks 
NISIY: bets $7.26
Rdalonso: calls $7.26
*** TURN *** [Js 3s 9c] [Th]
Rdalonso: checks 
NISIY: checks 
*** RIVER *** [Js 3s 9c Th] [Qh]
Rdalonso: bets $12.05
NISIY: calls $12.05
*** SHOW DOWN ***
Rdalonso: shows [Jd Kd] (a straight, Nine to King)
NISIY: shows [Tc Kc] (a straight, Nine to King)
Rdalonso collected $30.31 from pot
NISIY collected $30.31 from pot
*** SUMMARY ***
Total pot $61.62 | Rake $1 
Board [Js 3s 9c Th Qh]
Seat 4: stephane2022 (big blind) folded before Flop
Seat 5: NISIY (button) showed [Tc Kc] and won ($30.31) with a straight, Nine to King
Seat 6: Rdalonso (small blind) showed [Jd Kd] and won ($30.31) with a straight, Nine to King



PokerStars Hand #254228977632:  Hold'em No Limit ($0.50/$1.00 USD) - 2025/01/06 15:57:56 WET [2025/01/06 10:57:56 ET]
Table 'Mancunia' 6-max Seat #6 is the button
Seat 4: stephane2022 ($74.99 in chips) 
Seat 5: NISIY ($100 in chips) 
Seat 6: Rdalonso ($112.33 in chips) 
stephane2022: posts small blind $0.50
NISIY: posts big blind $1
*** HOLE CARDS ***
Rdalonso: raises $1.50 to $2.50
stephane2022: calls $2
NISIY: folds 
*** FLOP *** [Jc 4s 4d]
stephane2022: checks 
Rdalonso: bets $1.88
stephane2022: folds 
Uncalled bet ($1.88) returned to Rdalonso
Rdalonso collected $5.70 from pot
Rdalonso: doesn't show hand 
*** SUMMARY ***
Total pot $6 | Rake $0.30 
Board [Jc 4s 4d]
Seat 4: stephane2022 (small blind) folded on the Flop
Seat 5: NISIY (big blind) folded before Flop
Seat 6: Rdalonso (button) collected ($5.70)



PokerStars Hand #254228981343:  Hold'em No Limit ($0.50/$1.00 USD) - 2025/01/06 15:58:16 WET [2025/01/06 10:58:16 ET]
Table 'Mancunia' 6-max Seat #4 is the button
Seat 4: stephane2022 ($72.49 in chips) 
Seat 5: NISIY ($100 in chips) 
Seat 6: Rdalonso ($115.53 in chips) 
NISIY: posts small blind $0.50
Rdalonso: posts big blind $1
*** HOLE CARDS ***
stephane2022: folds 
NISIY: folds 
Uncalled bet ($0.50) returned to Rdalonso
Rdalonso collected $1 from pot
Rdalonso: doesn't show hand 
*** SUMMARY ***
Total pot $1 | Rake $0 
Seat 4: stephane2022 (button) folded before Flop (didn't bet)
Seat 5: NISIY (small blind) folded before Flop
Seat 6: Rdalonso (big blind) collected ($1)



PokerStars Hand #254228983057:  Hold'em No Limit ($0.50/$1.00 USD) - 2025/01/06 15:58:25 WET [2025/01/06 10:58:25 ET]
Table 'Mancunia' 6-max Seat #5 is the button
Seat 4: stephane2022 ($72.49 in chips) 
Seat 5: NISIY ($100 in chips) 
Seat 6: Rdalonso ($116.03 in chips) 
Rdalonso: posts small blind $0.50
stephane2022: posts big blind $1
*** HOLE CARDS ***
NISIY: folds 
Rdalonso: raises $2 to $3
stephane2022: calls $2
*** FLOP *** [8c Kc 6h]
AndreaBsAs joins the table at seat #1 
Rdalonso: bets $1.88
stephane2022: calls $1.88
*** TURN *** [8c Kc 6h] [3s]
Rdalonso: bets $6.95
stephane2022: folds 
Uncalled bet ($6.95) returned to Rdalonso
Rdalonso collected $9.27 from pot
Rdalonso: doesn't show hand 
*** SUMMARY ***
Total pot $9.76 | Rake $0.49 
Board [8c Kc 6h 3s]
Seat 4: stephane2022 (big blind) folded on the Turn
Seat 5: NISIY (button) folded before Flop (didn't bet)
Seat 6: Rdalonso (small blind) collected ($9.27)



PokerStars Hand #254229096586:  Hold'em No Limit ($0.50/$1.00 USD) - 2025/01/06 16:06:41 WET [2025/01/06 11:06:41 ET]
Table 'Mancunia' 6-max Seat #6 is the button
Seat 1: AndreaBsAs ($213.02 in chips) 
Seat 2: Davvve321 ($98.50 in chips) 
Seat 3: worker0k ($104 in chips) 
Seat 4: stephane2022 ($93 in chips) 
Seat 5: NISIY ($100 in chips) 
Seat 6: Rdalonso ($100 in chips) 
AndreaBsAs: posts small blind $0.50
Davvve321: posts big blind $1
*** HOLE CARDS ***
worker0k: folds 
worker0k leaves the table
stephane2022: raises $1 to $2
NISIY: folds 
Rdalonso: folds 
AndreaBsAs: raises $8 to $10
Davvve321: folds 
stephane2022: folds 
Uncalled bet ($8) returned to AndreaBsAs
AndreaBsAs collected $5 from pot
*** SUMMARY ***
Total pot $5 | Rake $0 
Seat 1: AndreaBsAs (small blind) collected ($5)
Seat 2: Davvve321 (big blind) folded before Flop
Seat 3: worker0k folded before Flop (didn't bet)
Seat 4: stephane2022 folded before Flop
Seat 5: NISIY folded before Flop (didn't bet)
Seat 6: Rdalonso (button) folded before Flop (didn't bet)



PokerStars Hand #254229104271:  Hold'em No Limit ($0.50/$1.00 USD) - 2025/01/06 16:07:12 WET [2025/01/06 11:07:12 ET]
Table 'Mancunia' 6-max Seat #1 is the button
Seat 1: AndreaBsAs ($216.02 in chips) 
Seat 2: Davvve321 ($97.50 in chips) 
Seat 4: stephane2022 ($91 in chips) 
Seat 5: NISIY ($100 in chips) 
Seat 6: Rdalonso ($100 in chips) 
Davvve321: posts small blind $0.50
stephane2022: posts big blind $1
*** HOLE CARDS ***
NISIY: folds 
Rdalonso: raises $1.50 to $2.50
AndreaBsAs: folds 
Davvve321: raises $7 to $9.50
stephane2022: folds 
erpaye joins the table at seat #3 
Rdalonso: raises $12.50 to $22
Davvve321: folds 
Uncalled bet ($12.50) returned to Rdalonso
stephane2022 leaves the table
Rdalonso collected $20 from pot
Rdalonso: doesn't show hand 
*** SUMMARY ***
Total pot $20 | Rake $0 
Seat 1: AndreaBsAs (button) folded before Flop (didn't bet)
Seat 2: Davvve321 (small blind) folded before Flop
Seat 4: stephane2022 (big blind) folded before Flop
Seat 5: NISIY folded before Flop (didn't bet)
Seat 6: Rdalonso collected ($20)



PokerStars Hand #254229116895:  Hold'em No Limit ($0.50/$1.00 USD) - 2025/01/06 16:08:04 WET [2025/01/06 11:08:04 ET]
Table 'Mancunia' 6-max Seat #2 is the button
Seat 3: erpaye ($100 in chips) is sitting out
Seat 1: AndreaBsAs ($216.02 in chips) 
Seat 2: Davvve321 ($88 in chips) 
Seat 5: NISIY ($100 in chips) 
Seat 6: Rdalonso ($110.50 in chips) 
NISIY: posts small blind $0.50
Rdalonso: posts big blind $1
*** HOLE CARDS ***
AndreaBsAs: folds 
Davvve321: folds 
NISIY: folds 
Uncalled bet ($0.50) returned to Rdalonso
YeeesMan joins the table at seat #4 
Rdalonso collected $1 from pot
Rdalonso: doesn't show hand 
*** SUMMARY ***
Total pot $1 | Rake $0 
Seat 3: erpaye
Seat 1: AndreaBsAs folded before Flop (didn't bet)
Seat 2: Davvve321 (button) folded before Flop (didn't bet)
Seat 5: NISIY (small blind) folded before Flop
Seat 6: Rdalonso (big blind) collected ($1)



PokerStars Hand #254229119570:  Hold'em No Limit ($0.50/$1.00 USD) - 2025/01/06 16:08:15 WET [2025/01/06 11:08:15 ET]
Table 'Mancunia' 6-max Seat #5 is the button
Seat 3: erpaye ($100 in chips) is sitting out
Seat 4: YeeesMan ($197.50 in chips) is sitting out
Seat 1: AndreaBsAs ($216.02 in chips) 
Seat 2: Davvve321 ($88 in chips) 
Seat 5: NISIY ($100 in chips) 
Seat 6: Rdalonso ($111 in chips) 
Rdalonso: posts small blind $0.50
AndreaBsAs: posts big blind $1
erpaye: sits out 
YeeesMan: sits out 
*** HOLE CARDS ***
Davvve321: folds 
NISIY: folds 
Rdalonso: raises $2 to $3
AndreaBsAs: folds 
Uncalled bet ($2) returned to Rdalonso
Rdalonso collected $2 from pot
Rdalonso: doesn't show hand 
*** SUMMARY ***
Total pot $2 | Rake $0 
Seat 3: erpaye
Seat 4: YeeesMan
Seat 1: AndreaBsAs (big blind) folded before Flop
Seat 2: Davvve321 folded before Flop (didn't bet)
Seat 5: NISIY (button) folded before Flop (didn't bet)
Seat 6: Rdalonso (small blind) collected ($2)



PokerStars Hand #254229123108:  Hold'em No Limit ($0.50/$1.00 USD) - 2025/01/06 16:08:30 WET [2025/01/06 11:08:30 ET]
Table 'Mancunia' 6-max Seat #6 is the button
Seat 3: erpaye ($100 in chips) is sitting out
Seat 4: YeeesMan ($197.50 in chips) is sitting out
Seat 1: AndreaBsAs ($215.02 in chips) 
Seat 2: Davvve321 ($88 in chips) 
Seat 5: NISIY ($100 in chips) 
Seat 6: Rdalonso ($112 in chips) 
AndreaBsAs: posts small blind $0.50
Davvve321: posts big blind $1
erpaye: sits out 
YeeesMan: sits out 
*** HOLE CARDS ***
NISIY: folds 
Rdalonso: raises $1.50 to $2.50
AndreaBsAs: folds 
Davvve321: folds 
Uncalled bet ($1.50) returned to Rdalonso
Rdalonso collected $2.50 from pot
Rdalonso: doesn't show hand 
*** SUMMARY ***
Total pot $2.50 | Rake $0 
Seat 3: erpaye
Seat 4: YeeesMan
Seat 1: AndreaBsAs (small blind) folded before Flop
Seat 2: Davvve321 (big blind) folded before Flop
Seat 5: NISIY folded before Flop (didn't bet)
Seat 6: Rdalonso (button) collected ($2.50)



PokerStars Hand #254229125823:  Hold'em No Limit ($0.50/$1.00 USD) - 2025/01/06 16:08:40 WET [2025/01/06 11:08:40 ET]
Table 'Mancunia' 6-max Seat #1 is the button
Seat 4: YeeesMan ($197.50 in chips) is sitting out
Seat 1: AndreaBsAs ($214.52 in chips) 
Seat 2: Davvve321 ($87 in chips) 
Seat 3: erpaye ($100 in chips) 
Seat 5: NISIY ($100 in chips) 
Seat 6: Rdalonso ($113.50 in chips) 
Davvve321: posts small blind $0.50
erpaye: posts big blind $1
YeeesMan: sits out 
*** HOLE CARDS ***
NISIY: folds 
Rdalonso: raises $1.50 to $2.50
AndreaBsAs: folds 
Davvve321: folds 
erpaye: folds 
Uncalled bet ($1.50) returned to Rdalonso
Rdalonso collected $2.50 from pot
Rdalonso: doesn't show hand 
*** SUMMARY ***
Total pot $2.50 | Rake $0 
Seat 4: YeeesMan
Seat 1: AndreaBsAs (button) folded before Flop (didn't bet)
Seat 2: Davvve321 (small blind) folded before Flop
Seat 3: erpaye (big blind) folded before Flop
Seat 5: NISIY folded before Flop (didn't bet)
Seat 6: Rdalonso collected ($2.50)



PokerStars Hand #254229132968:  Hold'em No Limit ($0.50/$1.00 USD) - 2025/01/06 16:09:10 WET [2025/01/06 11:09:10 ET]
Table 'Mancunia' 6-max Seat #2 is the button
Seat 1: AndreaBsAs ($214.52 in chips) 
Seat 2: Davvve321 ($100 in chips) 
Seat 3: erpaye ($100 in chips) 
Seat 4: YeeesMan ($197.50 in chips) 
Seat 5: NISIY ($100 in chips) 
Seat 6: Rdalonso ($115 in chips) 
erpaye: posts small blind $0.50
YeeesMan: posts big blind $1
*** HOLE CARDS ***
NISIY: folds 
Rdalonso: folds 
AndreaBsAs: folds 
Davvve321: folds 
erpaye: folds 
Uncalled bet ($0.50) returned to YeeesMan
YeeesMan collected $1 from pot
YeeesMan: doesn't show hand 
Rdalonso leaves the table
*** SUMMARY ***
Total pot $1 | Rake $0 
Seat 1: AndreaBsAs folded before Flop (didn't bet)
Seat 2: Davvve321 (button) folded before Flop (didn't bet)
Seat 3: erpaye (small blind) folded before Flop
Seat 4: YeeesMan (big blind) collected ($1)
Seat 5: NISIY folded before Flop (didn't bet)
Seat 6: Rdalonso folded before Flop (didn't bet)



PokerStars Hand #254229136455:  Hold'em No Limit ($0.50/$1.00 USD) - 2025/01/06 16:09:24 WET [2025/01/06 11:09:24 ET]
Table 'Mancunia' 6-max Seat #3 is the button
Seat 1: AndreaBsAs ($214.52 in chips) 
Seat 2: Davvve321 ($100 in chips) 
Seat 3: erpaye ($100 in chips) 
Seat 4: YeeesMan ($198 in chips) 
Seat 5: NISIY ($100 in chips) 
YeeesMan: posts small blind $0.50
NISIY: posts big blind $1
*** HOLE CARDS ***
AndreaBsAs: folds 
Davvve321: folds 
erpaye: raises $1.30 to $2.30
YeeesMan: folds 
blistein joins the table at seat #6 
NISIY: calls $1.30
*** FLOP *** [Qs Ts 2d]
NISIY: checks 
erpaye: checks 
*** TURN *** [Qs Ts 2d] [Ks]
NISIY: bets $1.60
erpaye: calls $1.60
*** RIVER *** [Qs Ts 2d Ks] [5s]
NISIY: checks 
erpaye: bets $2.60
NISIY: folds 
Uncalled bet ($2.60) returned to erpaye
erpaye collected $7.88 from pot
erpaye: doesn't show hand 
*** SUMMARY ***
Total pot $8.30 | Rake $0.42 
Board [Qs Ts 2d Ks 5s]
Seat 1: AndreaBsAs folded before Flop (didn't bet)
Seat 2: Davvve321 folded before Flop (didn't bet)
Seat 3: erpaye (button) collected ($7.88)
Seat 4: YeeesMan (small blind) folded before Flop
Seat 5: NISIY (big blind) folded on the River



PokerStars Hand #254229152617:  Hold'em No Limit ($0.50/$1.00 USD) - 2025/01/06 16:10:29 WET [2025/01/06 11:10:29 ET]
Table 'Mancunia' 6-max Seat #4 is the button
Seat 1: AndreaBsAs ($214.52 in chips) 
Seat 2: Davvve321 ($100 in chips) 
Seat 3: erpaye ($103.98 in chips) 
Seat 4: YeeesMan ($197.50 in chips) 
Seat 5: NISIY ($100 in chips) 
Seat 6: blistein ($100 in chips) 
NISIY: posts small blind $0.50
blistein: posts big blind $1
*** HOLE CARDS ***
AndreaBsAs: folds 
Davvve321: folds 
erpaye: raises $1.10 to $2.10
YeeesMan: folds 
NISIY: folds 
blistein: calls $1.10
*** FLOP *** [Td 3s 4h]
blistein: checks 
erpaye: checks 
*** TURN *** [Td 3s 4h] [6s]
blistein: checks 
erpaye: checks 
*** RIVER *** [Td 3s 4h 6s] [Qd]
blistein: checks 
erpaye: checks 
*** SHOW DOWN ***
blistein: shows [Jc Ad] (high card Ace)
erpaye: shows [Js Ah] (high card Ace)
blistein collected $2.23 from pot
erpaye collected $2.23 from pot
*** SUMMARY ***
Total pot $4.70 | Rake $0.24 
Board [Td 3s 4h 6s Qd]
Seat 1: AndreaBsAs folded before Flop (didn't bet)
Seat 2: Davvve321 folded before Flop (didn't bet)
Seat 3: erpaye showed [Js Ah] and won ($2.23) with high card Ace
Seat 4: YeeesMan (button) folded before Flop (didn't bet)
Seat 5: NISIY (small blind) folded before Flop
Seat 6: blistein (big blind) showed [Jc Ad] and won ($2.23) with high card Ace



PokerStars Hand #254229170617:  Hold'em No Limit ($0.50/$1.00 USD) - 2025/01/06 16:11:42 WET [2025/01/06 11:11:42 ET]
Table 'Mancunia' 6-max Seat #5 is the button
Seat 1: AndreaBsAs ($214.52 in chips) is sitting out
Seat 2: Davvve321 ($100 in chips) 
Seat 3: erpaye ($104.11 in chips) 
Seat 4: YeeesMan ($197.50 in chips) 
Seat 5: NISIY ($100 in chips) 
Seat 6: blistein ($100.13 in chips) 
blistein: posts small blind $0.50
AndreaBsAs: is sitting out 
Davvve321: posts big blind $1
*** HOLE CARDS ***
erpaye: folds 
YeeesMan: folds 
NISIY: raises $1.50 to $2.50
blistein: folds 
AndreaBsAs leaves the table
Davvve321: calls $1.50
*** FLOP *** [8d Td 4h]
Davvve321: checks 
Nazareno1999 joins the table at seat #1 
NISIY: bets $3.92
Davvve321: folds 
Uncalled bet ($3.92) returned to NISIY
NISIY collected $5.22 from pot
NISIY: doesn't show hand 
*** SUMMARY ***
Total pot $5.50 | Rake $0.28 
Board [8d Td 4h]
Seat 1: AndreaBsAs
Seat 2: Davvve321 (big blind) folded on the Flop
Seat 3: erpaye folded before Flop (didn't bet)
Seat 4: YeeesMan folded before Flop (didn't bet)
Seat 5: NISIY (button) collected ($5.22)
Seat 6: blistein (small blind) folded before Flop



PokerStars Hand #254229226818:  Hold'em No Limit ($0.50/$1.00 USD) - 2025/01/06 16:15:29 WET [2025/01/06 11:15:29 ET]
Table 'Mancunia' 6-max Seat #5 is the button
Seat 4: BGS013 ($100 in chips) is sitting out
Seat 1: Nazareno1999 ($111.04 in chips) 
Seat 2: Davvve321 ($98.50 in chips) 
Seat 3: erpaye ($100 in chips) 
Seat 5: NISIY ($103.22 in chips) 
Seat 6: blistein ($100 in chips) 
blistein: posts small blind $0.50
Nazareno1999: posts big blind $1
BGS013: sits out 
*** HOLE CARDS ***
Davvve321: folds 
erpaye: raises $1.10 to $2.10
NISIY: folds 
blistein: folds 
Nazareno1999: calls $1.10
*** FLOP *** [6c 6d 2h]
Nazareno1999: checks 
erpaye: checks 
*** TURN *** [6c 6d 2h] [7d]
Nazareno1999: bets $1.47
erpaye: calls $1.47
*** RIVER *** [6c 6d 2h 7d] [Qs]
Nazareno1999: bets $2.40
erpaye: calls $2.40
*** SHOW DOWN ***
Nazareno1999: shows [8c 7c] (two pair, Sevens and Sixes)
erpaye: mucks hand 
Nazareno1999 collected $11.82 from pot
*** SUMMARY ***
Total pot $12.44 | Rake $0.62 
Board [6c 6d 2h 7d Qs]
Seat 4: BGS013
Seat 1: Nazareno1999 (big blind) showed [8c 7c] and won ($11.82) with two pair, Sevens and Sixes
Seat 2: Davvve321 folded before Flop (didn't bet)
Seat 3: erpaye mucked
Seat 5: NISIY (button) folded before Flop (didn't bet)
Seat 6: blistein (small blind) folded before Flop



PokerStars Hand #254229238877:  Hold'em No Limit ($0.50/$1.00 USD) - 2025/01/06 16:16:18 WET [2025/01/06 11:16:18 ET]
Table 'Mancunia' 6-max Seat #6 is the button
Seat 4: BGS013 ($100 in chips) is sitting out
Seat 1: Nazareno1999 ($116.89 in chips) 
Seat 2: Davvve321 ($98.50 in chips) 
Seat 3: erpaye ($100 in chips) 
Seat 5: NISIY ($103.22 in chips) 
Seat 6: blistein ($100 in chips) 
Nazareno1999: posts small blind $0.50
Davvve321: posts big blind $1
BGS013: sits out 
*** HOLE CARDS ***
erpaye: raises $1.10 to $2.10
NISIY: folds 
blistein: folds 
Nazareno1999: folds 
Davvve321: folds 
Uncalled bet ($1.10) returned to erpaye
erpaye collected $2.50 from pot
erpaye: doesn't show hand 
*** SUMMARY ***
Total pot $2.50 | Rake $0 
Seat 4: BGS013
Seat 1: Nazareno1999 (small blind) folded before Flop
Seat 2: Davvve321 (big blind) folded before Flop
Seat 3: erpaye collected ($2.50)
Seat 5: NISIY folded before Flop (didn't bet)
Seat 6: blistein (button) folded before Flop (didn't bet)



PokerStars Hand #254229243004:  Hold'em No Limit ($0.50/$1.00 USD) - 2025/01/06 16:16:35 WET [2025/01/06 11:16:35 ET]
Table 'Mancunia' 6-max Seat #1 is the button
Seat 4: BGS013 ($100 in chips) is sitting out
Seat 1: Nazareno1999 ($116.39 in chips) 
Seat 2: Davvve321 ($97.50 in chips) 
Seat 3: erpaye ($101.50 in chips) 
Seat 5: NISIY ($103.22 in chips) 
Seat 6: blistein ($100 in chips) 
Davvve321: posts small blind $0.50
erpaye: posts big blind $1
BGS013: sits out 
*** HOLE CARDS ***
NISIY: folds 
blistein: raises $1.30 to $2.30
Nazareno1999: folds 
Davvve321: folds 
erpaye: folds 
Uncalled bet ($1.30) returned to blistein
blistein collected $2.50 from pot
blistein: doesn't show hand 
*** SUMMARY ***
Total pot $2.50 | Rake $0 
Seat 4: BGS013
Seat 1: Nazareno1999 (button) folded before Flop (didn't bet)
Seat 2: Davvve321 (small blind) folded before Flop
Seat 3: erpaye (big blind) folded before Flop
Seat 5: NISIY folded before Flop (didn't bet)
Seat 6: blistein collected ($2.50)



PokerStars Hand #254229246166:  Hold'em No Limit ($0.50/$1.00 USD) - 2025/01/06 16:16:48 WET [2025/01/06 11:16:48 ET]
Table 'Mancunia' 6-max Seat #2 is the button
Seat 1: Nazareno1999 ($116.39 in chips) 
Seat 2: Davvve321 ($97 in chips) 
Seat 3: erpaye ($100.50 in chips) 
Seat 4: BGS013 ($100 in chips) 
Seat 5: NISIY ($103.22 in chips) 
Seat 6: blistein ($101.50 in chips) 
erpaye: posts small blind $0.50
BGS013: posts big blind $1
*** HOLE CARDS ***
NISIY: folds 
blistein: raises $1.20 to $2.20
Nazareno1999: folds 
Davvve321: folds 
erpaye: folds 
BGS013: folds 
Uncalled bet ($1.20) returned to blistein
blistein collected $2.50 from pot
blistein: doesn't show hand 
*** SUMMARY ***
Total pot $2.50 | Rake $0 
Seat 1: Nazareno1999 folded before Flop (didn't bet)
Seat 2: Davvve321 (button) folded before Flop (didn't bet)
Seat 3: erpaye (small blind) folded before Flop
Seat 4: BGS013 (big blind) folded before Flop
Seat 5: NISIY folded before Flop (didn't bet)
Seat 6: blistein collected ($2.50)



PokerStars Hand #254229254219:  Hold'em No Limit ($0.50/$1.00 USD) - 2025/01/06 16:17:20 WET [2025/01/06 11:17:20 ET]
Table 'Mancunia' 6-max Seat #3 is the button
Seat 1: Nazareno1999 ($116.39 in chips) 
Seat 2: Davvve321 ($97 in chips) 
Seat 3: erpaye ($100 in chips) 
Seat 4: BGS013 ($100 in chips) 
Seat 5: NISIY ($103.22 in chips) 
Seat 6: blistein ($103 in chips) 
BGS013: posts small blind $0.50
NISIY: posts big blind $1
*** HOLE CARDS ***
blistein: raises $1.20 to $2.20
Nazareno1999: folds 
Davvve321: folds 
erpaye: raises $4.40 to $6.60
BGS013: folds 
NISIY: folds 
blistein: folds 
Uncalled bet ($4.40) returned to erpaye
erpaye collected $5.90 from pot
erpaye: doesn't show hand 
*** SUMMARY ***
Total pot $5.90 | Rake $0 
Seat 1: Nazareno1999 folded before Flop (didn't bet)
Seat 2: Davvve321 folded before Flop (didn't bet)
Seat 3: erpaye (button) collected ($5.90)
Seat 4: BGS013 (small blind) folded before Flop
Seat 5: NISIY (big blind) folded before Flop
Seat 6: blistein folded before Flop



PokerStars Hand #254229259405:  Hold'em No Limit ($0.50/$1.00 USD) - 2025/01/06 16:17:41 WET [2025/01/06 11:17:41 ET]
Table 'Mancunia' 6-max Seat #4 is the button
Seat 1: Nazareno1999 ($116.39 in chips) 
Seat 2: Davvve321 ($97 in chips) 
Seat 3: erpaye ($103.70 in chips) 
Seat 4: BGS013 ($100 in chips) 
Seat 5: NISIY ($102.22 in chips) 
Seat 6: blistein ($100.80 in chips) 
NISIY: posts small blind $0.50
blistein: posts big blind $1
*** HOLE CARDS ***
Nazareno1999: folds 
Davvve321: folds 
erpaye: folds 
BGS013: folds 
NISIY: folds 
Uncalled bet ($0.50) returned to blistein
blistein collected $1 from pot
blistein: doesn't show hand 
*** SUMMARY ***
Total pot $1 | Rake $0 
Seat 1: Nazareno1999 folded before Flop (didn't bet)
Seat 2: Davvve321 folded before Flop (didn't bet)
Seat 3: erpaye folded before Flop (didn't bet)
Seat 4: BGS013 (button) folded before Flop (didn't bet)
Seat 5: NISIY (small blind) folded before Flop
Seat 6: blistein (big blind) collected ($1)



PokerStars Hand #254229264123:  Hold'em No Limit ($0.50/$1.00 USD) - 2025/01/06 16:18:00 WET [2025/01/06 11:18:00 ET]
Table 'Mancunia' 6-max Seat #5 is the button
Seat 1: Nazareno1999 ($116.39 in chips) 
Seat 2: Davvve321 ($97 in chips) 
Seat 3: erpaye ($103.70 in chips) 
Seat 4: BGS013 ($100 in chips) 
Seat 5: NISIY ($101.72 in chips) 
Seat 6: blistein ($101.30 in chips) 
blistein: posts small blind $0.50
Nazareno1999: posts big blind $1
*** HOLE CARDS ***
Davvve321: raises $1.50 to $2.50
erpaye: folds 
BGS013: folds 
NISIY: folds 
blistein: folds 
erpaye leaves the table
Nazareno1999: folds 
Uncalled bet ($1.50) returned to Davvve321
yzuk joins the table at seat #3 
Davvve321 collected $2.50 from pot
Davvve321: doesn't show hand 
*** SUMMARY ***
Total pot $2.50 | Rake $0 
Seat 1: Nazareno1999 (big blind) folded before Flop
Seat 2: Davvve321 collected ($2.50)
Seat 3: erpaye folded before Flop (didn't bet)
Seat 4: BGS013 folded before Flop (didn't bet)
Seat 5: NISIY (button) folded before Flop (didn't bet)
Seat 6: blistein (small blind) folded before Flop



PokerStars Hand #254229272560:  Hold'em No Limit ($0.50/$1.00 USD) - 2025/01/06 16:18:34 WET [2025/01/06 11:18:34 ET]
Table 'Mancunia' 6-max Seat #6 is the button
Seat 3: yzuk ($108.22 in chips) is sitting out
Seat 1: Nazareno1999 ($115.39 in chips) 
Seat 2: Davvve321 ($98.50 in chips) 
Seat 4: BGS013 ($100 in chips) 
Seat 5: NISIY ($101.72 in chips) 
Seat 6: blistein ($100.80 in chips) 
Nazareno1999: posts small blind $0.50
Davvve321: posts big blind $1
yzuk: sits out 
*** HOLE CARDS ***
BGS013: folds 
NISIY: raises $1.50 to $2.50
blistein: folds 
Nazareno1999: folds 
Davvve321: folds 
Uncalled bet ($1.50) returned to NISIY
NISIY collected $2.50 from pot
NISIY: doesn't show hand 
*** SUMMARY ***
Total pot $2.50 | Rake $0 
Seat 3: yzuk
Seat 1: Nazareno1999 (small blind) folded before Flop
Seat 2: Davvve321 (big blind) folded before Flop
Seat 4: BGS013 folded before Flop (didn't bet)
Seat 5: NISIY collected ($2.50)
Seat 6: blistein (button) folded before Flop (didn't bet)



PokerStars Hand #254229276939:  Hold'em No Limit ($0.50/$1.00 USD) - 2025/01/06 16:18:51 WET [2025/01/06 11:18:51 ET]
Table 'Mancunia' 6-max Seat #1 is the button
Seat 1: Nazareno1999 ($114.89 in chips) 
Seat 2: Davvve321 ($97.50 in chips) 
Seat 3: yzuk ($108.22 in chips) 
Seat 4: BGS013 ($100 in chips) 
Seat 5: NISIY ($103.22 in chips) 
Seat 6: blistein ($100.80 in chips) 
Davvve321: posts small blind $0.50
yzuk: posts big blind $1
*** HOLE CARDS ***
BGS013: folds 
NISIY: folds 
BGS013 leaves the table
blistein: raises $1.30 to $2.30
Nazareno1999: folds 
Davvve321: folds 
yzuk: folds 
Uncalled bet ($1.30) returned to blistein
blistein collected $2.50 from pot
blistein: doesn't show hand 
*** SUMMARY ***
Total pot $2.50 | Rake $0 
Seat 1: Nazareno1999 (button) folded before Flop (didn't bet)
Seat 2: Davvve321 (small blind) folded before Flop
Seat 3: yzuk (big blind) folded before Flop
Seat 4: BGS013 folded before Flop (didn't bet)
Seat 5: NISIY folded before Flop (didn't bet)
Seat 6: blistein collected ($2.50)



PokerStars Hand #254229281342:  Hold'em No Limit ($0.50/$1.00 USD) - 2025/01/06 16:19:08 WET [2025/01/06 11:19:08 ET]
Table 'Mancunia' 6-max Seat #2 is the button
Seat 1: Nazareno1999 ($114.89 in chips) 
Seat 2: Davvve321 ($97 in chips) 
Seat 3: yzuk ($107.22 in chips) 
Seat 5: NISIY ($103.22 in chips) 
Seat 6: blistein ($102.30 in chips) 
yzuk: posts small blind $0.50
NISIY: posts big blind $1
*** HOLE CARDS ***
blistein: folds 
sta$igk joins the table at seat #4 
Nazareno1999: folds 
Davvve321: folds 
yzuk: folds 
Uncalled bet ($0.50) returned to NISIY
NISIY collected $1 from pot
NISIY: doesn't show hand 
*** SUMMARY ***
Total pot $1 | Rake $0 
Seat 1: Nazareno1999 folded before Flop (didn't bet)
Seat 2: Davvve321 (button) folded before Flop (didn't bet)
Seat 3: yzuk (small blind) folded before Flop
Seat 5: NISIY (big blind) collected ($1)
Seat 6: blistein folded before Flop (didn't bet)



PokerStars Hand #254229285736:  Hold'em No Limit ($0.50/$1.00 USD) - 2025/01/06 16:19:26 WET [2025/01/06 11:19:26 ET]
Table 'Mancunia' 6-max Seat #3 is the button
Seat 4: sta$igk ($100 in chips) is sitting out
Seat 1: Nazareno1999 ($114.89 in chips) 
Seat 2: Davvve321 ($97 in chips) 
Seat 3: yzuk ($106.72 in chips) 
Seat 5: NISIY ($103.72 in chips) 
Seat 6: blistein ($102.30 in chips) 
NISIY: posts small blind $0.50
blistein: posts big blind $1
*** HOLE CARDS ***
Nazareno1999: folds 
Davvve321: folds 
yzuk: folds 
NISIY: raises $2 to $3
blistein: folds 
Uncalled bet ($2) returned to NISIY
NISIY collected $2 from pot
NISIY: doesn't show hand 
*** SUMMARY ***
Total pot $2 | Rake $0 
Seat 4: sta$igk
Seat 1: Nazareno1999 folded before Flop (didn't bet)
Seat 2: Davvve321 folded before Flop (didn't bet)
Seat 3: yzuk (button) folded before Flop (didn't bet)
Seat 5: NISIY (small blind) collected ($2)
Seat 6: blistein (big blind) folded before Flop



PokerStars Hand #254229288149:  Hold'em No Limit ($0.50/$1.00 USD) - 2025/01/06 16:19:35 WET [2025/01/06 11:19:35 ET]
Table 'Mancunia' 6-max Seat #5 is the button
Seat 4: sta$igk ($100 in chips) is sitting out
Seat 1: Nazareno1999 ($114.89 in chips) 
Seat 2: Davvve321 ($97 in chips) 
Seat 3: yzuk ($106.72 in chips) 
Seat 5: NISIY ($104.72 in chips) 
Seat 6: blistein ($101.30 in chips) 
blistein: posts small blind $0.50
Nazareno1999: posts big blind $1
sta$igk: sits out 
*** HOLE CARDS ***
Davvve321: folds 
yzuk: folds 
NISIY: folds 
blistein: folds 
Uncalled bet ($0.50) returned to Nazareno1999
Nazareno1999 collected $1 from pot
Nazareno1999: doesn't show hand 
*** SUMMARY ***
Total pot $1 | Rake $0 
Seat 4: sta$igk
Seat 1: Nazareno1999 (big blind) collected ($1)
Seat 2: Davvve321 folded before Flop (didn't bet)
Seat 3: yzuk folded before Flop (didn't bet)
Seat 5: NISIY (button) folded before Flop (didn't bet)
Seat 6: blistein (small blind) folded before Flop



PokerStars Hand #254229290093:  Hold'em No Limit ($0.50/$1.00 USD) - 2025/01/06 16:19:43 WET [2025/01/06 11:19:43 ET]
Table 'Mancunia' 6-max Seat #6 is the button
Seat 4: sta$igk ($100 in chips) is sitting out
Seat 1: Nazareno1999 ($115.39 in chips) 
Seat 2: Davvve321 ($97 in chips) 
Seat 3: yzuk ($106.72 in chips) 
Seat 5: NISIY ($104.72 in chips) 
Seat 6: blistein ($100.80 in chips) 
Nazareno1999: posts small blind $0.50
Davvve321: posts big blind $1
sta$igk: sits out 
*** HOLE CARDS ***
yzuk: folds 
NISIY: raises $1.50 to $2.50
blistein: folds 
Nazareno1999: folds 
Davvve321: folds 
Uncalled bet ($1.50) returned to NISIY
NISIY collected $2.50 from pot
NISIY: doesn't show hand 
*** SUMMARY ***
Total pot $2.50 | Rake $0 
Seat 4: sta$igk
Seat 1: Nazareno1999 (small blind) folded before Flop
Seat 2: Davvve321 (big blind) folded before Flop
Seat 3: yzuk folded before Flop (didn't bet)
Seat 5: NISIY collected ($2.50)
Seat 6: blistein (button) folded before Flop (didn't bet)



PokerStars Hand #254229294549:  Hold'em No Limit ($0.50/$1.00 USD) - 2025/01/06 16:20:01 WET [2025/01/06 11:20:01 ET]
Table 'Mancunia' 6-max Seat #1 is the button
Seat 4: sta$igk ($100 in chips) is sitting out
Seat 1: Nazareno1999 ($114.89 in chips) 
Seat 2: Davvve321 ($96 in chips) 
Seat 3: yzuk ($106.72 in chips) 
Seat 5: NISIY ($106.22 in chips) 
Seat 6: blistein ($100.80 in chips) 
Davvve321: posts small blind $0.50
yzuk: posts big blind $1
sta$igk: sits out 
*** HOLE CARDS ***
NISIY: raises $1.50 to $2.50
blistein: folds 
Nazareno1999: folds 
Davvve321: folds 
yzuk: folds 
Uncalled bet ($1.50) returned to NISIY
NISIY collected $2.50 from pot
NISIY: doesn't show hand 
*** SUMMARY ***
Total pot $2.50 | Rake $0 
Seat 4: sta$igk
Seat 1: Nazareno1999 (button) folded before Flop (didn't bet)
Seat 2: Davvve321 (small blind) folded before Flop
Seat 3: yzuk (big blind) folded before Flop
Seat 5: NISIY collected ($2.50)
Seat 6: blistein folded before Flop (didn't bet)



PokerStars Hand #254229296910:  Hold'em No Limit ($0.50/$1.00 USD) - 2025/01/06 16:20:10 WET [2025/01/06 11:20:10 ET]
Table 'Mancunia' 6-max Seat #2 is the button
Seat 1: Nazareno1999 ($114.89 in chips) 
Seat 2: Davvve321 ($95.50 in chips) 
Seat 3: yzuk ($105.72 in chips) 
Seat 4: sta$igk ($100 in chips) 
Seat 5: NISIY ($107.72 in chips) 
Seat 6: blistein ($100.80 in chips) 
yzuk: posts small blind $0.50
sta$igk: posts big blind $1
*** HOLE CARDS ***
NISIY: folds 
blistein: raises $1.20 to $2.20
Nazareno1999: folds 
Davvve321: raises $2.20 to $4.40
yzuk: folds 
sta$igk: folds 
blistein: calls $2.20
*** FLOP *** [4c Ah 2h]
blistein: checks 
Davvve321: bets $4
blistein: calls $4
*** TURN *** [4c Ah 2h] [Ts]
blistein: checks 
Davvve321: bets $12
blistein: calls $12
*** RIVER *** [4c Ah 2h Ts] [7s]
blistein: checks 
Davvve321: checks 
*** SHOW DOWN ***
blistein: shows [Ac Jh] (a pair of Aces)
Davvve321: mucks hand 
blistein collected $40.18 from pot
*** SUMMARY ***
Total pot $42.30 | Rake $2.12 
Board [4c Ah 2h Ts 7s]
Seat 1: Nazareno1999 folded before Flop (didn't bet)
Seat 2: Davvve321 (button) mucked
Seat 3: yzuk (small blind) folded before Flop
Seat 4: sta$igk (big blind) folded before Flop
Seat 5: NISIY folded before Flop (didn't bet)
Seat 6: blistein showed [Ac Jh] and won ($40.18) with a pair of Aces



PokerStars Hand #254229324760:  Hold'em No Limit ($0.50/$1.00 USD) - 2025/01/06 16:22:00 WET [2025/01/06 11:22:00 ET]
Table 'Mancunia' 6-max Seat #3 is the button
Seat 1: Nazareno1999 ($114.89 in chips) 
Seat 2: Davvve321 ($75.10 in chips) 
Seat 3: yzuk ($105.22 in chips) 
Seat 4: sta$igk ($100 in chips) 
Seat 5: NISIY ($107.72 in chips) 
Seat 6: blistein ($120.58 in chips) 
sta$igk: posts small blind $0.50
NISIY: posts big blind $1
*** HOLE CARDS ***
blistein: raises $1.20 to $2.20
Nazareno1999: folds 
Davvve321: folds 
yzuk: folds 
sta$igk: folds 
NISIY: calls $1.20
*** FLOP *** [As 5s Ac]
NISIY: checks 
blistein: bets $1.58
NISIY: folds 
Uncalled bet ($1.58) returned to blistein
blistein collected $4.66 from pot
blistein: doesn't show hand 
*** SUMMARY ***
Total pot $4.90 | Rake $0.24 
Board [As 5s Ac]
Seat 1: Nazareno1999 folded before Flop (didn't bet)
Seat 2: Davvve321 folded before Flop (didn't bet)
Seat 3: yzuk (button) folded before Flop (didn't bet)
Seat 4: sta$igk (small blind) folded before Flop
Seat 5: NISIY (big blind) folded on the Flop
Seat 6: blistein collected ($4.66)



PokerStars Hand #254229334179:  Hold'em No Limit ($0.50/$1.00 USD) - 2025/01/06 16:22:37 WET [2025/01/06 11:22:37 ET]
Table 'Mancunia' 6-max Seat #4 is the button
Seat 1: Nazareno1999 ($114.89 in chips) 
Seat 2: Davvve321 ($75.10 in chips) 
Seat 3: yzuk ($105.22 in chips) 
Seat 4: sta$igk ($100 in chips) 
Seat 5: NISIY ($105.52 in chips) 
Seat 6: blistein ($123.04 in chips) 
NISIY: posts small blind $0.50
blistein: posts big blind $1
*** HOLE CARDS ***
Nazareno1999: folds 
Davvve321: folds 
yzuk: folds 
sta$igk: folds 
NISIY: folds 
Uncalled bet ($0.50) returned to blistein
blistein collected $1 from pot
blistein: doesn't show hand 
*** SUMMARY ***
Total pot $1 | Rake $0 
Seat 1: Nazareno1999 folded before Flop (didn't bet)
Seat 2: Davvve321 folded before Flop (didn't bet)
Seat 3: yzuk folded before Flop (didn't bet)
Seat 4: sta$igk (button) folded before Flop (didn't bet)
Seat 5: NISIY (small blind) folded before Flop
Seat 6: blistein (big blind) collected ($1)



PokerStars Hand #254229336977:  Hold'em No Limit ($0.50/$1.00 USD) - 2025/01/06 16:22:48 WET [2025/01/06 11:22:48 ET]
Table 'Mancunia' 6-max Seat #5 is the button
Seat 1: Nazareno1999 ($114.89 in chips) 
Seat 2: Davvve321 ($75.10 in chips) 
Seat 3: yzuk ($105.22 in chips) 
Seat 4: sta$igk ($100 in chips) 
Seat 5: NISIY ($105.02 in chips) 
Seat 6: blistein ($123.54 in chips) 
blistein: posts small blind $0.50
Nazareno1999: posts big blind $1
*** HOLE CARDS ***
Davvve321: folds 
yzuk: folds 
sta$igk: raises $1.50 to $2.50
NISIY: folds 
blistein: folds 
Nazareno1999: raises $9 to $11.50
sta$igk: folds 
Uncalled bet ($9) returned to Nazareno1999
Nazareno1999 collected $5.50 from pot
Nazareno1999: doesn't show hand 
*** SUMMARY ***
Total pot $5.50 | Rake $0 
Seat 1: Nazareno1999 (big blind) collected ($5.50)
Seat 2: Davvve321 folded before Flop (didn't bet)
Seat 3: yzuk folded before Flop (didn't bet)
Seat 4: sta$igk folded before Flop
Seat 5: NISIY (button) folded before Flop (didn't bet)
Seat 6: blistein (small blind) folded before Flop



PokerStars Hand #254229343145:  Hold'em No Limit ($0.50/$1.00 USD) - 2025/01/06 16:23:13 WET [2025/01/06 11:23:13 ET]
Table 'Mancunia' 6-max Seat #6 is the button
Seat 1: Nazareno1999 ($117.89 in chips) 
Seat 2: Davvve321 ($75.10 in chips) 
Seat 3: yzuk ($105.22 in chips) 
Seat 4: sta$igk ($100 in chips) 
Seat 5: NISIY ($105.02 in chips) 
Seat 6: blistein ($123.04 in chips) 
Nazareno1999: posts small blind $0.50
Davvve321: posts big blind $1
*** HOLE CARDS ***
yzuk: raises $1.50 to $2.50
sta$igk: folds 
NISIY: folds 
blistein: folds 
Nazareno1999: folds 
Davvve321: folds 
Uncalled bet ($1.50) returned to yzuk
yzuk collected $2.50 from pot
yzuk: doesn't show hand 
*** SUMMARY ***
Total pot $2.50 | Rake $0 
Seat 1: Nazareno1999 (small blind) folded before Flop
Seat 2: Davvve321 (big blind) folded before Flop
Seat 3: yzuk collected ($2.50)
Seat 4: sta$igk folded before Flop (didn't bet)
Seat 5: NISIY folded before Flop (didn't bet)
Seat 6: blistein (button) folded before Flop (didn't bet)



PokerStars Hand #254229350247:  Hold'em No Limit ($0.50/$1.00 USD) - 2025/01/06 16:23:41 WET [2025/01/06 11:23:41 ET]
Table 'Mancunia' 6-max Seat #1 is the button
Seat 1: Nazareno1999 ($117.39 in chips) 
Seat 2: Davvve321 ($74.10 in chips) 
Seat 3: yzuk ($106.72 in chips) 
Seat 4: sta$igk ($100 in chips) 
Seat 5: NISIY ($105.02 in chips) 
Seat 6: blistein ($123.04 in chips) 
Davvve321: posts small blind $0.50
yzuk: posts big blind $1
*** HOLE CARDS ***
sta$igk: folds 
NISIY: raises $1.50 to $2.50
blistein: folds 
Nazareno1999: raises $5 to $7.50
Davvve321: folds 
yzuk: folds 
NISIY: folds 
Uncalled bet ($5) returned to Nazareno1999
Nazareno1999 collected $6.50 from pot
Nazareno1999: doesn't show hand 
*** SUMMARY ***
Total pot $6.50 | Rake $0 
Seat 1: Nazareno1999 (button) collected ($6.50)
Seat 2: Davvve321 (small blind) folded before Flop
Seat 3: yzuk (big blind) folded before Flop
Seat 4: sta$igk folded before Flop (didn't bet)
Seat 5: NISIY folded before Flop
Seat 6: blistein folded before Flop (didn't bet)



PokerStars Hand #254229357952:  Hold'em No Limit ($0.50/$1.00 USD) - 2025/01/06 16:24:13 WET [2025/01/06 11:24:13 ET]
Table 'Mancunia' 6-max Seat #2 is the button
Seat 1: Nazareno1999 ($121.39 in chips) 
Seat 2: Davvve321 ($73.60 in chips) 
Seat 3: yzuk ($105.72 in chips) 
Seat 4: sta$igk ($100 in chips) 
Seat 5: NISIY ($102.52 in chips) 
Seat 6: blistein ($123.04 in chips) 
yzuk: posts small blind $0.50
sta$igk: posts big blind $1
*** HOLE CARDS ***
NISIY: folds 
blistein: folds 
Nazareno1999: folds 
Davvve321: folds 
yzuk: folds 
Uncalled bet ($0.50) returned to sta$igk
sta$igk collected $1 from pot
sta$igk: doesn't show hand 
*** SUMMARY ***
Total pot $1 | Rake $0 
Seat 1: Nazareno1999 folded before Flop (didn't bet)
Seat 2: Davvve321 (button) folded before Flop (didn't bet)
Seat 3: yzuk (small blind) folded before Flop
Seat 4: sta$igk (big blind) collected ($1)
Seat 5: NISIY folded before Flop (didn't bet)
Seat 6: blistein folded before Flop (didn't bet)



PokerStars Hand #254229363265:  Hold'em No Limit ($0.50/$1.00 USD) - 2025/01/06 16:24:34 WET [2025/01/06 11:24:34 ET]
Table 'Mancunia' 6-max Seat #3 is the button
Seat 1: Nazareno1999 ($121.39 in chips) 
Seat 2: Davvve321 ($73.60 in chips) 
Seat 3: yzuk ($105.22 in chips) 
Seat 4: sta$igk ($100.50 in chips) 
Seat 5: NISIY ($102.52 in chips) 
Seat 6: blistein ($123.04 in chips) 
sta$igk: posts small blind $0.50
NISIY: posts big blind $1
*** HOLE CARDS ***
blistein: folds 
Nazareno1999: folds 
Davvve321: folds 
yzuk: raises $1.50 to $2.50
sta$igk: folds 
NISIY: folds 
Uncalled bet ($1.50) returned to yzuk
yzuk collected $2.50 from pot
yzuk: doesn't show hand 
*** SUMMARY ***
Total pot $2.50 | Rake $0 
Seat 1: Nazareno1999 folded before Flop (didn't bet)
Seat 2: Davvve321 folded before Flop (didn't bet)
Seat 3: yzuk (button) collected ($2.50)
Seat 4: sta$igk (small blind) folded before Flop
Seat 5: NISIY (big blind) folded before Flop
Seat 6: blistein folded before Flop (didn't bet)



PokerStars Hand #254229366468:  Hold'em No Limit ($0.50/$1.00 USD) - 2025/01/06 16:24:46 WET [2025/01/06 11:24:46 ET]
Table 'Mancunia' 6-max Seat #4 is the button
Seat 1: Nazareno1999 ($121.39 in chips) 
Seat 2: Davvve321 ($73.60 in chips) 
Seat 3: yzuk ($106.72 in chips) 
Seat 4: sta$igk ($100 in chips) 
Seat 5: NISIY ($101.52 in chips) 
Seat 6: blistein ($123.04 in chips) 
NISIY: posts small blind $0.50
blistein: posts big blind $1
*** HOLE CARDS ***
Nazareno1999: raises $1.20 to $2.20
Davvve321: folds 
yzuk: folds 
sta$igk: folds 
NISIY: folds 
blistein: folds 
Uncalled bet ($1.20) returned to Nazareno1999
Nazareno1999 collected $2.50 from pot
Nazareno1999: doesn't show hand 
*** SUMMARY ***
Total pot $2.50 | Rake $0 
Seat 1: Nazareno1999 collected ($2.50)
Seat 2: Davvve321 folded before Flop (didn't bet)
Seat 3: yzuk folded before Flop (didn't bet)
Seat 4: sta$igk (button) folded before Flop (didn't bet)
Seat 5: NISIY (small blind) folded before Flop
Seat 6: blistein (big blind) folded before Flop



PokerStars Hand #254229373165:  Hold'em No Limit ($0.50/$1.00 USD) - 2025/01/06 16:25:13 WET [2025/01/06 11:25:13 ET]
Table 'Mancunia' 6-max Seat #5 is the button
Seat 1: Nazareno1999 ($122.89 in chips) 
Seat 2: Davvve321 ($73.60 in chips) 
Seat 3: yzuk ($106.72 in chips) 
Seat 4: sta$igk ($100 in chips) 
Seat 5: NISIY ($101.02 in chips) 
Seat 6: blistein ($122.04 in chips) 
blistein: posts small blind $0.50
Nazareno1999: posts big blind $1
*** HOLE CARDS ***
Davvve321: raises $2 to $3
yzuk: folds 
sta$igk: folds 
NISIY: folds 
blistein: folds 
Nazareno1999: calls $2
*** FLOP *** [Js Kh 7c]
Nazareno1999: checks 
Davvve321: bets $3.09
Nazareno1999: folds 
Uncalled bet ($3.09) returned to Davvve321
Davvve321 collected $6.18 from pot
Davvve321: doesn't show hand 
*** SUMMARY ***
Total pot $6.50 | Rake $0.32 
Board [Js Kh 7c]
Seat 1: Nazareno1999 (big blind) folded on the Flop
Seat 2: Davvve321 collected ($6.18)
Seat 3: yzuk folded before Flop (didn't bet)
Seat 4: sta$igk folded before Flop (didn't bet)
Seat 5: NISIY (button) folded before Flop (didn't bet)
Seat 6: blistein (small blind) folded before Flop



PokerStars Hand #254229382121:  Hold'em No Limit ($0.50/$1.00 USD) - 2025/01/06 16:25:49 WET [2025/01/06 11:25:49 ET]
Table 'Mancunia' 6-max Seat #6 is the button
Seat 1: Nazareno1999 ($119.89 in chips) 
Seat 2: Davvve321 ($76.78 in chips) 
Seat 3: yzuk ($106.72 in chips) 
Seat 4: sta$igk ($100 in chips) 
Seat 5: NISIY ($101.02 in chips) 
Seat 6: blistein ($121.54 in chips) 
Nazareno1999: posts small blind $0.50
Davvve321: posts big blind $1
*** HOLE CARDS ***
yzuk: raises $1.50 to $2.50
sta$igk: folds 
NISIY: folds 
blistein: folds 
Nazareno1999: folds 
Davvve321: calls $1.50
*** FLOP *** [9h 3h 6h]
Davvve321: checks 
yzuk: checks 
*** TURN *** [9h 3h 6h] [Td]
Davvve321: bets $3.61
yzuk: raises $4.23 to $7.84
Davvve321: raises $6.23 to $14.07
yzuk: calls $6.23
*** RIVER *** [9h 3h 6h Td] [Jh]
Davvve321: bets $24.96
yzuk: raises $65.19 to $90.15 and is all-in
Davvve321: folds 
Uncalled bet ($65.19) returned to yzuk
Davvve321 leaves the table
yzuk collected $81.06 from pot
yzuk: doesn't show hand 
*** SUMMARY ***
Total pot $83.56 | Rake $2.50 
Board [9h 3h 6h Td Jh]
Seat 1: Nazareno1999 (small blind) folded before Flop
Seat 2: Davvve321 (big blind) folded on the River
Seat 3: yzuk collected ($81.06)
Seat 4: sta$igk folded before Flop (didn't bet)
Seat 5: NISIY folded before Flop (didn't bet)
Seat 6: blistein (button) folded before Flop (didn't bet)



