PokerStars Hand #254223107137:  Hold'em No Limit ($0.50/$1.00 USD) - 2025/01/06 4:05:09 WET [2025/01/05 23:05:09 ET]
Table 'Sy' 6-max Seat #6 is the button
Seat 1: tukeiron ($134.75 in chips) 
Seat 2: juju3232 ($65.37 in chips) 
Seat 3: Joker007r ($111.75 in chips) 
Seat 4: LuckyShikari ($178.53 in chips) 
Seat 5: Rysiff ($100 in chips) 
Seat 6: avlee1 ($129.65 in chips) 
tukeiron: posts small blind $0.50
juju3232: posts big blind $1
*** HOLE CARDS ***
Joker007r: raises $1.38 to $2.38
LuckyShikari: folds 
Rysiff: folds 
avlee1: folds 
tukeiron: folds 
juju3232: folds 
Uncalled bet ($1.38) returned to Joker007r
Joker007r collected $2.50 from pot
Joker007r: doesn't show hand 
*** SUMMARY ***
Total pot $2.50 | Rake $0 
Seat 1: tukeiron (small blind) folded before Flop
Seat 2: juju3232 (big blind) folded before Flop
Seat 3: Joker007r collected ($2.50)
Seat 4: LuckyShikari folded before Flop (didn't bet)
Seat 5: Rysiff folded before Flop (didn't bet)
Seat 6: avlee1 (button) folded before Flop (didn't bet)



PokerStars Hand #254223109010:  Hold'em No Limit ($0.50/$1.00 USD) - 2025/01/06 4:05:26 WET [2025/01/05 23:05:26 ET]
Table 'Sy' 6-max Seat #1 is the button
Seat 1: tukeiron ($134.25 in chips) 
Seat 2: juju3232 ($64.37 in chips) 
Seat 3: Joker007r ($113.25 in chips) 
Seat 4: LuckyShikari ($178.53 in chips) 
Seat 5: Rysiff ($100 in chips) 
Seat 6: avlee1 ($129.65 in chips) 
juju3232: posts small blind $0.50
Joker007r: posts big blind $1
*** HOLE CARDS ***
LuckyShikari: folds 
Rysiff: raises $1.50 to $2.50
avlee1: folds 
tukeiron: folds 
juju3232: folds 
Joker007r: folds 
Uncalled bet ($1.50) returned to Rysiff
Rysiff collected $2.50 from pot
Rysiff: doesn't show hand 
*** SUMMARY ***
Total pot $2.50 | Rake $0 
Seat 1: tukeiron (button) folded before Flop (didn't bet)
Seat 2: juju3232 (small blind) folded before Flop
Seat 3: Joker007r (big blind) folded before Flop
Seat 4: LuckyShikari folded before Flop (didn't bet)
Seat 5: Rysiff collected ($2.50)
Seat 6: avlee1 folded before Flop (didn't bet)



PokerStars Hand #254223110507:  Hold'em No Limit ($0.50/$1.00 USD) - 2025/01/06 4:05:39 WET [2025/01/05 23:05:39 ET]
Table 'Sy' 6-max Seat #2 is the button
Seat 1: tukeiron ($134.25 in chips) 
Seat 2: juju3232 ($63.87 in chips) 
Seat 3: Joker007r ($112.25 in chips) 
Seat 4: LuckyShikari ($178.53 in chips) 
Seat 5: Rysiff ($101.50 in chips) 
Seat 6: avlee1 ($129.65 in chips) 
Joker007r: posts small blind $0.50
LuckyShikari: posts big blind $1
*** HOLE CARDS ***
Rysiff: raises $1.50 to $2.50
avlee1: folds 
tukeiron: folds 
juju3232: calls $2.50
Joker007r: folds 
LuckyShikari: folds 
*** FLOP *** [7h Ad 6s]
Rysiff: checks 
juju3232: checks 
*** TURN *** [7h Ad 6s] [9s]
Rysiff: checks 
juju3232: checks 
*** RIVER *** [7h Ad 6s 9s] [Th]
Rysiff: bets $4.94
juju3232: raises $4.94 to $9.88
Rysiff: folds 
Uncalled bet ($4.94) returned to juju3232
juju3232 collected $15.56 from pot
*** SUMMARY ***
Total pot $16.38 | Rake $0.82 
Board [7h Ad 6s 9s Th]
Seat 1: tukeiron folded before Flop (didn't bet)
Seat 2: juju3232 (button) collected ($15.56)
Seat 3: Joker007r (small blind) folded before Flop
Seat 4: LuckyShikari (big blind) folded before Flop
Seat 5: Rysiff folded on the River
Seat 6: avlee1 folded before Flop (didn't bet)



PokerStars Hand #254223115830:  Hold'em No Limit ($0.50/$1.00 USD) - 2025/01/06 4:06:26 WET [2025/01/05 23:06:26 ET]
Table 'Sy' 6-max Seat #3 is the button
Seat 1: tukeiron ($134.25 in chips) 
Seat 2: juju3232 ($71.99 in chips) 
Seat 3: Joker007r ($111.75 in chips) 
Seat 4: LuckyShikari ($177.53 in chips) 
Seat 5: Rysiff ($100 in chips) 
Seat 6: avlee1 ($129.65 in chips) 
LuckyShikari: posts small blind $0.50
Rysiff: posts big blind $1
*** HOLE CARDS ***
avlee1: raises $1.50 to $2.50
tukeiron: calls $2.50
juju3232: calls $2.50
Joker007r: folds 
LuckyShikari: folds 
Rysiff: calls $1.50
*** FLOP *** [Ad Qs 9c]
Rysiff: checks 
avlee1: checks 
tukeiron: checks 
juju3232: checks 
*** TURN *** [Ad Qs 9c] [Ac]
Rysiff: checks 
avlee1: checks 
tukeiron: checks 
juju3232: checks 
*** RIVER *** [Ad Qs 9c Ac] [Ts]
Rysiff: bets $10
avlee1: folds 
tukeiron: raises $19.79 to $29.79
juju3232: folds 
Rysiff: calls $19.79
*** SHOW DOWN ***
tukeiron: shows [Td Tc] (a full house, Tens full of Aces)
Rysiff: mucks hand 
tukeiron collected $67.58 from pot
*** SUMMARY ***
Total pot $70.08 | Rake $2.50 
Board [Ad Qs 9c Ac Ts]
Seat 1: tukeiron showed [Td Tc] and won ($67.58) with a full house, Tens full of Aces
Seat 2: juju3232 folded on the River
Seat 3: Joker007r (button) folded before Flop (didn't bet)
Seat 4: LuckyShikari (small blind) folded before Flop
Seat 5: Rysiff (big blind) mucked
Seat 6: avlee1 folded on the River



PokerStars Hand #254223125362:  Hold'em No Limit ($0.50/$1.00 USD) - 2025/01/06 4:07:49 WET [2025/01/05 23:07:49 ET]
Table 'Sy' 6-max Seat #4 is the button
Seat 1: tukeiron ($169.54 in chips) 
Seat 2: juju3232 ($69.49 in chips) 
Seat 3: Joker007r ($111.75 in chips) 
Seat 4: LuckyShikari ($177.03 in chips) 
Seat 5: Rysiff ($100 in chips) 
Seat 6: avlee1 ($127.15 in chips) 
Rysiff: posts small blind $0.50
avlee1: posts big blind $1
*** HOLE CARDS ***
tukeiron: folds 
juju3232: calls $1
Joker007r: folds 
LuckyShikari: folds 
Rysiff: folds 
avlee1: checks 
*** FLOP *** [Jc 2c 4s]
avlee1: checks 
juju3232: bets $2
avlee1: calls $2
*** TURN *** [Jc 2c 4s] [9h]
avlee1: checks 
juju3232: checks 
*** RIVER *** [Jc 2c 4s 9h] [Kh]
avlee1: checks 
juju3232: checks 
*** SHOW DOWN ***
avlee1: shows [Jd 5s] (a pair of Jacks)
juju3232: mucks hand 
avlee1 collected $6.18 from pot
*** SUMMARY ***
Total pot $6.50 | Rake $0.32 
Board [Jc 2c 4s 9h Kh]
Seat 1: tukeiron folded before Flop (didn't bet)
Seat 2: juju3232 mucked
Seat 3: Joker007r folded before Flop (didn't bet)
Seat 4: LuckyShikari (button) folded before Flop (didn't bet)
Seat 5: Rysiff (small blind) folded before Flop
Seat 6: avlee1 (big blind) showed [Jd 5s] and won ($6.18) with a pair of Jacks



PokerStars Hand #254223129805:  Hold'em No Limit ($0.50/$1.00 USD) - 2025/01/06 4:08:29 WET [2025/01/05 23:08:29 ET]
Table 'Sy' 6-max Seat #5 is the button
Seat 1: tukeiron ($169.54 in chips) 
Seat 2: juju3232 ($66.49 in chips) 
Seat 3: Joker007r ($111.75 in chips) 
Seat 4: LuckyShikari ($177.03 in chips) 
Seat 5: Rysiff ($100 in chips) 
Seat 6: avlee1 ($130.33 in chips) 
avlee1: posts small blind $0.50
tukeiron: posts big blind $1
*** HOLE CARDS ***
juju3232: folds 
Joker007r: folds 
LuckyShikari: folds 
Rysiff: raises $1.50 to $2.50
avlee1: folds 
tukeiron: folds 
Uncalled bet ($1.50) returned to Rysiff
Rysiff collected $2.50 from pot
Rysiff: doesn't show hand 
*** SUMMARY ***
Total pot $2.50 | Rake $0 
Seat 1: tukeiron (big blind) folded before Flop
Seat 2: juju3232 folded before Flop (didn't bet)
Seat 3: Joker007r folded before Flop (didn't bet)
Seat 4: LuckyShikari folded before Flop (didn't bet)
Seat 5: Rysiff (button) collected ($2.50)
Seat 6: avlee1 (small blind) folded before Flop



PokerStars Hand #254223131317:  Hold'em No Limit ($0.50/$1.00 USD) - 2025/01/06 4:08:42 WET [2025/01/05 23:08:42 ET]
Table 'Sy' 6-max Seat #6 is the button
Seat 1: tukeiron ($168.54 in chips) 
Seat 2: juju3232 ($66.49 in chips) 
Seat 3: Joker007r ($111.75 in chips) 
Seat 4: LuckyShikari ($177.03 in chips) 
Seat 5: Rysiff ($101.50 in chips) 
Seat 6: avlee1 ($129.83 in chips) 
tukeiron: posts small blind $0.50
juju3232: posts big blind $1
*** HOLE CARDS ***
Joker007r: folds 
LuckyShikari: raises $2 to $3
Rysiff: folds 
avlee1: folds 
tukeiron: calls $2.50
juju3232: folds 
*** FLOP *** [9d As 8h]
tukeiron: checks 
LuckyShikari: bets $2
tukeiron: calls $2
*** TURN *** [9d As 8h] [Qd]
tukeiron: checks 
LuckyShikari: checks 
*** RIVER *** [9d As 8h Qd] [Jc]
tukeiron: checks 
LuckyShikari: checks 
*** SHOW DOWN ***
tukeiron: shows [9c 9h] (three of a kind, Nines)
LuckyShikari: mucks hand 
tukeiron collected $10.45 from pot
*** SUMMARY ***
Total pot $11 | Rake $0.55 
Board [9d As 8h Qd Jc]
Seat 1: tukeiron (small blind) showed [9c 9h] and won ($10.45) with three of a kind, Nines
Seat 2: juju3232 (big blind) folded before Flop
Seat 3: Joker007r folded before Flop (didn't bet)
Seat 4: LuckyShikari mucked
Seat 5: Rysiff folded before Flop (didn't bet)
Seat 6: avlee1 (button) folded before Flop (didn't bet)



PokerStars Hand #254223138647:  Hold'em No Limit ($0.50/$1.00 USD) - 2025/01/06 4:09:46 WET [2025/01/05 23:09:46 ET]
Table 'Sy' 6-max Seat #1 is the button
Seat 1: tukeiron ($173.99 in chips) 
Seat 2: juju3232 ($65.49 in chips) 
Seat 3: Joker007r ($111.75 in chips) 
Seat 4: LuckyShikari ($172.03 in chips) 
Seat 5: Rysiff ($101.50 in chips) 
Seat 6: avlee1 ($129.83 in chips) 
juju3232: posts small blind $0.50
Joker007r: posts big blind $1
*** HOLE CARDS ***
LuckyShikari: raises $2 to $3
Rysiff: raises $6 to $9
avlee1: folds 
tukeiron: folds 
juju3232: folds 
Joker007r: folds 
LuckyShikari: calls $6
*** FLOP *** [Ts 3c 5h]
LuckyShikari: checks 
Rysiff: bets $9.26
LuckyShikari: folds 
Uncalled bet ($9.26) returned to Rysiff
Rysiff collected $18.52 from pot
Rysiff: doesn't show hand 
*** SUMMARY ***
Total pot $19.50 | Rake $0.98 
Board [Ts 3c 5h]
Seat 1: tukeiron (button) folded before Flop (didn't bet)
Seat 2: juju3232 (small blind) folded before Flop
Seat 3: Joker007r (big blind) folded before Flop
Seat 4: LuckyShikari folded on the Flop
Seat 5: Rysiff collected ($18.52)
Seat 6: avlee1 folded before Flop (didn't bet)



PokerStars Hand #254223143270:  Hold'em No Limit ($0.50/$1.00 USD) - 2025/01/06 4:10:28 WET [2025/01/05 23:10:28 ET]
Table 'Sy' 6-max Seat #2 is the button
Seat 1: tukeiron ($173.99 in chips) 
Seat 2: juju3232 ($64.99 in chips) 
Seat 3: Joker007r ($110.75 in chips) 
Seat 4: LuckyShikari ($163.03 in chips) 
Seat 5: Rysiff ($111.02 in chips) 
Seat 6: avlee1 ($129.83 in chips) 
Joker007r: posts small blind $0.50
LuckyShikari: posts big blind $1
*** HOLE CARDS ***
Rysiff: folds 
avlee1: folds 
tukeiron: folds 
juju3232: folds 
Joker007r: raises $2 to $3
LuckyShikari: calls $2
*** FLOP *** [Qc 5c 2c]
Joker007r: checks 
LuckyShikari: checks 
*** TURN *** [Qc 5c 2c] [Kh]
Joker007r: checks 
LuckyShikari: checks 
*** RIVER *** [Qc 5c 2c Kh] [7d]
Joker007r: checks 
LuckyShikari: checks 
*** SHOW DOWN ***
Joker007r: shows [4h Qh] (a pair of Queens)
LuckyShikari: mucks hand 
Joker007r collected $5.70 from pot
*** SUMMARY ***
Total pot $6 | Rake $0.30 
Board [Qc 5c 2c Kh 7d]
Seat 1: tukeiron folded before Flop (didn't bet)
Seat 2: juju3232 (button) folded before Flop (didn't bet)
Seat 3: Joker007r (small blind) showed [4h Qh] and won ($5.70) with a pair of Queens
Seat 4: LuckyShikari (big blind) mucked
Seat 5: Rysiff folded before Flop (didn't bet)
Seat 6: avlee1 folded before Flop (didn't bet)



PokerStars Hand #254223148728:  Hold'em No Limit ($0.50/$1.00 USD) - 2025/01/06 4:11:16 WET [2025/01/05 23:11:16 ET]
Table 'Sy' 6-max Seat #3 is the button
Seat 1: tukeiron ($173.99 in chips) 
Seat 2: juju3232 ($64.99 in chips) 
Seat 3: Joker007r ($113.45 in chips) 
Seat 4: LuckyShikari ($160.03 in chips) 
Seat 5: Rysiff ($111.02 in chips) 
Seat 6: avlee1 ($129.83 in chips) 
LuckyShikari: posts small blind $0.50
Rysiff: posts big blind $1
*** HOLE CARDS ***
avlee1: raises $1.50 to $2.50
tukeiron: folds 
juju3232: folds 
Joker007r: folds 
LuckyShikari: folds 
Rysiff: folds 
Uncalled bet ($1.50) returned to avlee1
avlee1 collected $2.50 from pot
avlee1: doesn't show hand 
*** SUMMARY ***
Total pot $2.50 | Rake $0 
Seat 1: tukeiron folded before Flop (didn't bet)
Seat 2: juju3232 folded before Flop (didn't bet)
Seat 3: Joker007r (button) folded before Flop (didn't bet)
Seat 4: LuckyShikari (small blind) folded before Flop
Seat 5: Rysiff (big blind) folded before Flop
Seat 6: avlee1 collected ($2.50)



PokerStars Hand #254223151046:  Hold'em No Limit ($0.50/$1.00 USD) - 2025/01/06 4:11:37 WET [2025/01/05 23:11:37 ET]
Table 'Sy' 6-max Seat #4 is the button
Seat 1: tukeiron ($173.99 in chips) 
Seat 2: juju3232 ($64.99 in chips) 
Seat 3: Joker007r ($113.45 in chips) 
Seat 4: LuckyShikari ($159.53 in chips) 
Seat 5: Rysiff ($110.02 in chips) 
Seat 6: avlee1 ($131.33 in chips) 
Rysiff: posts small blind $0.50
avlee1: posts big blind $1
*** HOLE CARDS ***
tukeiron: folds 
juju3232: calls $1
Joker007r: folds 
LuckyShikari: folds 
Rysiff: folds 
avlee1: checks 
*** FLOP *** [4c Ac 3d]
avlee1: checks 
juju3232: checks 
*** TURN *** [4c Ac 3d] [7d]
avlee1: bets $1.19
juju3232: folds 
Uncalled bet ($1.19) returned to avlee1
avlee1 collected $2.38 from pot
avlee1: doesn't show hand 
*** SUMMARY ***
Total pot $2.50 | Rake $0.12 
Board [4c Ac 3d 7d]
Seat 1: tukeiron folded before Flop (didn't bet)
Seat 2: juju3232 folded on the Turn
Seat 3: Joker007r folded before Flop (didn't bet)
Seat 4: LuckyShikari (button) folded before Flop (didn't bet)
Seat 5: Rysiff (small blind) folded before Flop
Seat 6: avlee1 (big blind) collected ($2.38)



PokerStars Hand #254223155116:  Hold'em No Limit ($0.50/$1.00 USD) - 2025/01/06 4:12:14 WET [2025/01/05 23:12:14 ET]
Table 'Sy' 6-max Seat #5 is the button
Seat 1: tukeiron ($173.99 in chips) 
Seat 2: juju3232 ($63.99 in chips) 
Seat 3: Joker007r ($113.45 in chips) 
Seat 4: LuckyShikari ($159.53 in chips) 
Seat 5: Rysiff ($109.52 in chips) 
Seat 6: avlee1 ($132.71 in chips) 
avlee1: posts small blind $0.50
tukeiron: posts big blind $1
*** HOLE CARDS ***
juju3232: folds 
Joker007r: raises $2 to $3
LuckyShikari: raises $6 to $9
Rysiff: folds 
avlee1: folds 
tukeiron: folds 
Joker007r: calls $6
*** FLOP *** [5s Qs 4d]
Joker007r: checks 
LuckyShikari: bets $14
Joker007r: raises $19 to $33
LuckyShikari: calls $19
*** TURN *** [5s Qs 4d] [4c]
Joker007r: bets $71.45 and is all-in
LuckyShikari: folds 
Uncalled bet ($71.45) returned to Joker007r
Joker007r collected $83 from pot
Joker007r: doesn't show hand 
*** SUMMARY ***
Total pot $85.50 | Rake $2.50 
Board [5s Qs 4d 4c]
Seat 1: tukeiron (big blind) folded before Flop
Seat 2: juju3232 folded before Flop (didn't bet)
Seat 3: Joker007r collected ($83)
Seat 4: LuckyShikari folded on the Turn
Seat 5: Rysiff (button) folded before Flop (didn't bet)
Seat 6: avlee1 (small blind) folded before Flop



PokerStars Hand #254223162793:  Hold'em No Limit ($0.50/$1.00 USD) - 2025/01/06 4:13:23 WET [2025/01/05 23:13:23 ET]
Table 'Sy' 6-max Seat #6 is the button
Seat 1: tukeiron ($172.99 in chips) 
Seat 2: juju3232 ($63.99 in chips) 
Seat 3: Joker007r ($154.45 in chips) 
Seat 4: LuckyShikari ($117.53 in chips) 
Seat 5: Rysiff ($109.52 in chips) 
Seat 6: avlee1 ($132.21 in chips) 
tukeiron: posts small blind $0.50
juju3232: posts big blind $1
*** HOLE CARDS ***
Joker007r: folds 
LuckyShikari: folds 
Rysiff: folds 
avlee1: folds 
tukeiron: folds 
Uncalled bet ($0.50) returned to juju3232
juju3232 collected $1 from pot
*** SUMMARY ***
Total pot $1 | Rake $0 
Seat 1: tukeiron (small blind) folded before Flop
Seat 2: juju3232 (big blind) collected ($1)
Seat 3: Joker007r folded before Flop (didn't bet)
Seat 4: LuckyShikari folded before Flop (didn't bet)
Seat 5: Rysiff folded before Flop (didn't bet)
Seat 6: avlee1 (button) folded before Flop (didn't bet)



PokerStars Hand #254223164746:  Hold'em No Limit ($0.50/$1.00 USD) - 2025/01/06 4:13:41 WET [2025/01/05 23:13:41 ET]
Table 'Sy' 6-max Seat #1 is the button
Seat 1: tukeiron ($172.49 in chips) 
Seat 2: juju3232 ($64.49 in chips) 
Seat 3: Joker007r ($154.45 in chips) 
Seat 4: LuckyShikari ($117.53 in chips) 
Seat 5: Rysiff ($109.52 in chips) 
Seat 6: avlee1 ($132.21 in chips) 
juju3232: posts small blind $0.50
Joker007r: posts big blind $1
*** HOLE CARDS ***
LuckyShikari: folds 
Rysiff: folds 
avlee1: folds 
tukeiron: folds 
juju3232: calls $0.50
Joker007r: raises $4 to $5
juju3232: folds 
Uncalled bet ($4) returned to Joker007r
Joker007r collected $2 from pot
Joker007r: doesn't show hand 
*** SUMMARY ***
Total pot $2 | Rake $0 
Seat 1: tukeiron (button) folded before Flop (didn't bet)
Seat 2: juju3232 (small blind) folded before Flop
Seat 3: Joker007r (big blind) collected ($2)
Seat 4: LuckyShikari folded before Flop (didn't bet)
Seat 5: Rysiff folded before Flop (didn't bet)
Seat 6: avlee1 folded before Flop (didn't bet)



PokerStars Hand #254223166757:  Hold'em No Limit ($0.50/$1.00 USD) - 2025/01/06 4:14:00 WET [2025/01/05 23:14:00 ET]
Table 'Sy' 6-max Seat #2 is the button
Seat 1: tukeiron ($172.49 in chips) 
Seat 2: juju3232 ($63.49 in chips) 
Seat 3: Joker007r ($155.45 in chips) 
Seat 4: LuckyShikari ($117.53 in chips) 
Seat 5: Rysiff ($109.52 in chips) 
Seat 6: avlee1 ($132.21 in chips) 
Joker007r: posts small blind $0.50
LuckyShikari: posts big blind $1
*** HOLE CARDS ***
Rysiff: raises $1.50 to $2.50
avlee1: folds 
tukeiron: folds 
juju3232: raises $6.50 to $9
Joker007r: folds 
LuckyShikari: calls $8
Rysiff: folds 
*** FLOP *** [Jh 9d 9c]
LuckyShikari: checks 
juju3232: bets $7
LuckyShikari: calls $7
*** TURN *** [Jh 9d 9c] [Ah]
LuckyShikari: checks 
juju3232: checks 
*** RIVER *** [Jh 9d 9c Ah] [5h]
LuckyShikari: bets $29
juju3232: raises $18.49 to $47.49 and is all-in
LuckyShikari: calls $18.49
*** SHOW DOWN ***
juju3232: shows [Kd Kc] (two pair, Kings and Nines)
LuckyShikari: shows [Qc Ac] (two pair, Aces and Nines)
LuckyShikari collected $127.48 from pot
*** SUMMARY ***
Total pot $129.98 | Rake $2.50 
Board [Jh 9d 9c Ah 5h]
Seat 1: tukeiron folded before Flop (didn't bet)
Seat 2: juju3232 (button) showed [Kd Kc] and lost with two pair, Kings and Nines
Seat 3: Joker007r (small blind) folded before Flop
Seat 4: LuckyShikari (big blind) showed [Qc Ac] and won ($127.48) with two pair, Aces and Nines
Seat 5: Rysiff folded before Flop
Seat 6: avlee1 folded before Flop (didn't bet)



PokerStars Hand #254223172717:  Hold'em No Limit ($0.50/$1.00 USD) - 2025/01/06 4:14:53 WET [2025/01/05 23:14:53 ET]
Table 'Sy' 6-max Seat #3 is the button
Seat 2: juju3232 ($0 in chips) is sitting out
Seat 1: tukeiron ($172.49 in chips) 
Seat 3: Joker007r ($154.95 in chips) 
Seat 4: LuckyShikari ($181.52 in chips) 
Seat 5: Rysiff ($107.02 in chips) 
Seat 6: avlee1 ($132.21 in chips) 
LuckyShikari: posts small blind $0.50
Rysiff: posts big blind $1
*** HOLE CARDS ***
avlee1: raises $1.50 to $2.50
tukeiron: folds 
Joker007r: raises $5 to $7.50
LuckyShikari: folds 
Rysiff: folds 
avlee1: folds 
Uncalled bet ($5) returned to Joker007r
Joker007r collected $6.50 from pot
Joker007r: doesn't show hand 
*** SUMMARY ***
Total pot $6.50 | Rake $0 
Seat 2: juju3232
Seat 1: tukeiron folded before Flop (didn't bet)
Seat 3: Joker007r (button) collected ($6.50)
Seat 4: LuckyShikari (small blind) folded before Flop
Seat 5: Rysiff (big blind) folded before Flop
Seat 6: avlee1 folded before Flop



PokerStars Hand #254223174981:  Hold'em No Limit ($0.50/$1.00 USD) - 2025/01/06 4:15:14 WET [2025/01/05 23:15:14 ET]
Table 'Sy' 6-max Seat #4 is the button
Seat 6: avlee1 ($129.71 in chips) is sitting out
Seat 1: tukeiron ($172.49 in chips) 
Seat 2: juju3232 ($40 in chips) 
Seat 3: Joker007r ($158.95 in chips) 
Seat 4: LuckyShikari ($181.02 in chips) 
Seat 5: Rysiff ($106.02 in chips) 
Rysiff: posts small blind $0.50
avlee1: is sitting out 
tukeiron: posts big blind $1
*** HOLE CARDS ***
juju3232: calls $1
Joker007r: folds 
LuckyShikari: calls $1
Rysiff: raises $5 to $6
tukeiron: calls $5
juju3232: calls $5
LuckyShikari: calls $5
*** FLOP *** [Th As 8d]
Rysiff: checks 
tukeiron: checks 
juju3232: bets $22.80
LuckyShikari: folds 
Rysiff: folds 
tukeiron: folds 
Uncalled bet ($22.80) returned to juju3232
juju3232 collected $22.80 from pot
*** SUMMARY ***
Total pot $24 | Rake $1.20 
Board [Th As 8d]
Seat 6: avlee1
Seat 1: tukeiron (big blind) folded on the Flop
Seat 2: juju3232 collected ($22.80)
Seat 3: Joker007r folded before Flop (didn't bet)
Seat 4: LuckyShikari (button) folded on the Flop
Seat 5: Rysiff (small blind) folded on the Flop



PokerStars Hand #254223179743:  Hold'em No Limit ($0.50/$1.00 USD) - 2025/01/06 4:15:57 WET [2025/01/05 23:15:57 ET]
Table 'Sy' 6-max Seat #5 is the button
Seat 6: avlee1 ($129.71 in chips) is sitting out
Seat 1: tukeiron ($166.49 in chips) 
Seat 2: juju3232 ($56.80 in chips) 
Seat 3: Joker007r ($158.95 in chips) 
Seat 4: LuckyShikari ($175.02 in chips) 
Seat 5: Rysiff ($100.02 in chips) 
tukeiron: posts small blind $0.50
juju3232: posts big blind $1
*** HOLE CARDS ***
Joker007r: folds 
LuckyShikari: folds 
Rysiff: folds 
tukeiron: raises $2 to $3
juju3232: folds 
Uncalled bet ($2) returned to tukeiron
tukeiron collected $2 from pot
tukeiron: doesn't show hand 
*** SUMMARY ***
Total pot $2 | Rake $0 
Seat 6: avlee1
Seat 1: tukeiron (small blind) collected ($2)
Seat 2: juju3232 (big blind) folded before Flop
Seat 3: Joker007r folded before Flop (didn't bet)
Seat 4: LuckyShikari folded before Flop (didn't bet)
Seat 5: Rysiff (button) folded before Flop (didn't bet)



PokerStars Hand #254223180789:  Hold'em No Limit ($0.50/$1.00 USD) - 2025/01/06 4:16:06 WET [2025/01/05 23:16:06 ET]
Table 'Sy' 6-max Seat #1 is the button
Seat 6: avlee1 ($129.71 in chips) is sitting out
Seat 1: tukeiron ($167.49 in chips) 
Seat 2: juju3232 ($55.80 in chips) 
Seat 3: Joker007r ($158.95 in chips) 
Seat 4: LuckyShikari ($175.02 in chips) 
Seat 5: Rysiff ($100.02 in chips) 
juju3232: posts small blind $0.50
Joker007r: posts big blind $1
*** HOLE CARDS ***
LuckyShikari: folds 
Rysiff: raises $1.50 to $2.50
tukeiron: raises $5 to $7.50
juju3232: folds 
Joker007r: folds 
Rysiff: folds 
Uncalled bet ($5) returned to tukeiron
tukeiron collected $6.50 from pot
*** SUMMARY ***
Total pot $6.50 | Rake $0 
Seat 6: avlee1
Seat 1: tukeiron (button) collected ($6.50)
Seat 2: juju3232 (small blind) folded before Flop
Seat 3: Joker007r (big blind) folded before Flop
Seat 4: LuckyShikari folded before Flop (didn't bet)
Seat 5: Rysiff folded before Flop



PokerStars Hand #254223183005:  Hold'em No Limit ($0.50/$1.00 USD) - 2025/01/06 4:16:27 WET [2025/01/05 23:16:27 ET]
Table 'Sy' 6-max Seat #2 is the button
Seat 6: avlee1 ($129.71 in chips) is sitting out
Seat 1: tukeiron ($171.49 in chips) 
Seat 2: juju3232 ($55.30 in chips) 
Seat 3: Joker007r ($157.95 in chips) 
Seat 4: LuckyShikari ($175.02 in chips) 
Seat 5: Rysiff ($100 in chips) 
Joker007r: posts small blind $0.50
LuckyShikari: posts big blind $1
*** HOLE CARDS ***
Rysiff: folds 
tukeiron: folds 
juju3232: calls $1
Joker007r: folds 
LuckyShikari: checks 
*** FLOP *** [7c 6c 6h]
LuckyShikari: checks 
juju3232: checks 
*** TURN *** [7c 6c 6h] [Jd]
LuckyShikari: checks 
juju3232: checks 
*** RIVER *** [7c 6c 6h Jd] [5d]
LuckyShikari: checks 
juju3232: checks 
*** SHOW DOWN ***
LuckyShikari: shows [2h Kh] (a pair of Sixes)
juju3232: mucks hand 
LuckyShikari collected $2.38 from pot
*** SUMMARY ***
Total pot $2.50 | Rake $0.12 
Board [7c 6c 6h Jd 5d]
Seat 6: avlee1
Seat 1: tukeiron folded before Flop (didn't bet)
Seat 2: juju3232 (button) mucked
Seat 3: Joker007r (small blind) folded before Flop
Seat 4: LuckyShikari (big blind) showed [2h Kh] and won ($2.38) with a pair of Sixes
Seat 5: Rysiff folded before Flop (didn't bet)



PokerStars Hand #254223186393:  Hold'em No Limit ($0.50/$1.00 USD) - 2025/01/06 4:16:57 WET [2025/01/05 23:16:57 ET]
Table 'Sy' 6-max Seat #3 is the button
Seat 6: avlee1 ($129.71 in chips) is sitting out
Seat 1: tukeiron ($171.49 in chips) 
Seat 2: juju3232 ($54.30 in chips) 
Seat 3: Joker007r ($157.45 in chips) 
Seat 4: LuckyShikari ($176.40 in chips) 
Seat 5: Rysiff ($100 in chips) 
LuckyShikari: posts small blind $0.50
Rysiff: posts big blind $1
*** HOLE CARDS ***
tukeiron: folds 
juju3232: raises $1 to $2
Joker007r: folds 
LuckyShikari: folds 
Rysiff: folds 
Uncalled bet ($1) returned to juju3232
juju3232 collected $2.50 from pot
*** SUMMARY ***
Total pot $2.50 | Rake $0 
Seat 6: avlee1
Seat 1: tukeiron folded before Flop (didn't bet)
Seat 2: juju3232 collected ($2.50)
Seat 3: Joker007r (button) folded before Flop (didn't bet)
Seat 4: LuckyShikari (small blind) folded before Flop
Seat 5: Rysiff (big blind) folded before Flop



PokerStars Hand #254223187894:  Hold'em No Limit ($0.50/$1.00 USD) - 2025/01/06 4:17:11 WET [2025/01/05 23:17:11 ET]
Table 'Sy' 6-max Seat #4 is the button
Seat 6: avlee1 ($129.71 in chips) is sitting out
Seat 1: tukeiron ($171.49 in chips) 
Seat 2: juju3232 ($55.80 in chips) 
Seat 3: Joker007r ($157.45 in chips) 
Seat 4: LuckyShikari ($175.90 in chips) 
Seat 5: Rysiff ($100 in chips) 
Rysiff: posts small blind $0.50
tukeiron: posts big blind $1
*** HOLE CARDS ***
juju3232: calls $1
Joker007r: raises $4 to $5
LuckyShikari: calls $5
Rysiff: folds 
tukeiron: folds 
juju3232: calls $4
*** FLOP *** [7s 6h 5h]
juju3232: bets $5
Joker007r: folds 
LuckyShikari: calls $5
*** TURN *** [7s 6h 5h] [5s]
juju3232: bets $7
LuckyShikari: calls $7
*** RIVER *** [7s 6h 5h 5s] [Tc]
juju3232: bets $19.24
LuckyShikari: folds 
Uncalled bet ($19.24) returned to juju3232
juju3232 collected $38.48 from pot
*** SUMMARY ***
Total pot $40.50 | Rake $2.02 
Board [7s 6h 5h 5s Tc]
Seat 6: avlee1
Seat 1: tukeiron (big blind) folded before Flop
Seat 2: juju3232 collected ($38.48)
Seat 3: Joker007r folded on the Flop
Seat 4: LuckyShikari (button) folded on the River
Seat 5: Rysiff (small blind) folded before Flop



PokerStars Hand #254223193609:  Hold'em No Limit ($0.50/$1.00 USD) - 2025/01/06 4:18:04 WET [2025/01/05 23:18:04 ET]
Table 'Sy' 6-max Seat #5 is the button
Seat 6: avlee1 ($129.71 in chips) is sitting out
Seat 1: tukeiron ($170.49 in chips) 
Seat 2: juju3232 ($77.28 in chips) 
Seat 3: Joker007r ($152.45 in chips) 
Seat 4: LuckyShikari ($158.90 in chips) 
Seat 5: Rysiff ($100 in chips) 
tukeiron: posts small blind $0.50
juju3232: posts big blind $1
*** HOLE CARDS ***
Joker007r: folds 
LuckyShikari: raises $2.50 to $3.50
Rysiff: folds 
tukeiron: folds 
juju3232: calls $2.50
*** FLOP *** [Qh Js 9c]
juju3232: checks 
LuckyShikari: bets $6
juju3232: folds 
Uncalled bet ($6) returned to LuckyShikari
LuckyShikari collected $7.12 from pot
LuckyShikari: doesn't show hand 
*** SUMMARY ***
Total pot $7.50 | Rake $0.38 
Board [Qh Js 9c]
Seat 6: avlee1
Seat 1: tukeiron (small blind) folded before Flop
Seat 2: juju3232 (big blind) folded on the Flop
Seat 3: Joker007r folded before Flop (didn't bet)
Seat 4: LuckyShikari collected ($7.12)
Seat 5: Rysiff (button) folded before Flop (didn't bet)



PokerStars Hand #254223196350:  Hold'em No Limit ($0.50/$1.00 USD) - 2025/01/06 4:18:29 WET [2025/01/05 23:18:29 ET]
Table 'Sy' 6-max Seat #1 is the button
Seat 6: avlee1 ($129.71 in chips) is sitting out
Seat 1: tukeiron ($169.99 in chips) 
Seat 2: juju3232 ($73.78 in chips) 
Seat 3: Joker007r ($152.45 in chips) 
Seat 4: LuckyShikari ($162.52 in chips) 
Seat 5: Rysiff ($100 in chips) 
juju3232: posts small blind $0.50
Joker007r: posts big blind $1
*** HOLE CARDS ***
LuckyShikari: folds 
Rysiff: folds 
tukeiron: folds 
juju3232: folds 
Uncalled bet ($0.50) returned to Joker007r
Joker007r collected $1 from pot
Joker007r: doesn't show hand 
*** SUMMARY ***
Total pot $1 | Rake $0 
Seat 6: avlee1
Seat 1: tukeiron (button) folded before Flop (didn't bet)
Seat 2: juju3232 (small blind) folded before Flop
Seat 3: Joker007r (big blind) collected ($1)
Seat 4: LuckyShikari folded before Flop (didn't bet)
Seat 5: Rysiff folded before Flop (didn't bet)



PokerStars Hand #254223197997:  Hold'em No Limit ($0.50/$1.00 USD) - 2025/01/06 4:18:44 WET [2025/01/05 23:18:44 ET]
Table 'Sy' 6-max Seat #2 is the button
Seat 6: avlee1 ($129.71 in chips) is sitting out
Seat 1: tukeiron ($169.99 in chips) 
Seat 2: juju3232 ($73.28 in chips) 
Seat 3: Joker007r ($152.95 in chips) 
Seat 4: LuckyShikari ($162.52 in chips) 
Seat 5: Rysiff ($100 in chips) 
Joker007r: posts small blind $0.50
LuckyShikari: posts big blind $1
*** HOLE CARDS ***
Rysiff: folds 
tukeiron: folds 
juju3232: raises $2 to $3
Joker007r: calls $2.50
LuckyShikari: folds 
*** FLOP *** [Ad 8s 8c]
Joker007r: checks 
juju3232: bets $4
Joker007r: folds 
Uncalled bet ($4) returned to juju3232
juju3232 collected $6.65 from pot
*** SUMMARY ***
Total pot $7 | Rake $0.35 
Board [Ad 8s 8c]
Seat 6: avlee1
Seat 1: tukeiron folded before Flop (didn't bet)
Seat 2: juju3232 (button) collected ($6.65)
Seat 3: Joker007r (small blind) folded on the Flop
Seat 4: LuckyShikari (big blind) folded before Flop
Seat 5: Rysiff folded before Flop (didn't bet)



PokerStars Hand #254223201925:  Hold'em No Limit ($0.50/$1.00 USD) - 2025/01/06 4:19:20 WET [2025/01/05 23:19:20 ET]
Table 'Sy' 6-max Seat #3 is the button
Seat 6: avlee1 ($129.71 in chips) is sitting out
Seat 1: tukeiron ($169.99 in chips) 
Seat 2: juju3232 ($76.93 in chips) 
Seat 3: Joker007r ($149.95 in chips) 
Seat 4: LuckyShikari ($161.52 in chips) 
Seat 5: Rysiff ($100 in chips) 
LuckyShikari: posts small blind $0.50
Rysiff: posts big blind $1
*** HOLE CARDS ***
tukeiron: raises $4 to $5
juju3232: folds 
Joker007r: folds 
LuckyShikari: folds 
Rysiff: folds 
Uncalled bet ($4) returned to tukeiron
tukeiron collected $2.50 from pot
*** SUMMARY ***
Total pot $2.50 | Rake $0 
Seat 6: avlee1
Seat 1: tukeiron collected ($2.50)
Seat 2: juju3232 folded before Flop (didn't bet)
Seat 3: Joker007r (button) folded before Flop (didn't bet)
Seat 4: LuckyShikari (small blind) folded before Flop
Seat 5: Rysiff (big blind) folded before Flop



PokerStars Hand #254223203691:  Hold'em No Limit ($0.50/$1.00 USD) - 2025/01/06 4:19:37 WET [2025/01/05 23:19:37 ET]
Table 'Sy' 6-max Seat #4 is the button
Seat 1: tukeiron ($171.49 in chips) 
Seat 2: juju3232 ($76.93 in chips) 
Seat 3: Joker007r ($149.95 in chips) 
Seat 4: LuckyShikari ($161.02 in chips) 
Seat 5: Rysiff ($100 in chips) 
Seat 6: avlee1 ($129.71 in chips) 
Rysiff: posts small blind $0.50
avlee1: posts big blind $1
*** HOLE CARDS ***
tukeiron: folds 
juju3232: calls $1
Joker007r: folds 
LuckyShikari: folds 
Rysiff: calls $0.50
avlee1: checks 
*** FLOP *** [Js 3s 7d]
Rysiff: checks 
avlee1: checks 
juju3232: checks 
*** TURN *** [Js 3s 7d] [6s]
Rysiff: checks 
avlee1: bets $2.14
juju3232: folds 
Rysiff: folds 
Uncalled bet ($2.14) returned to avlee1
avlee1 collected $2.85 from pot
avlee1: doesn't show hand 
*** SUMMARY ***
Total pot $3 | Rake $0.15 
Board [Js 3s 7d 6s]
Seat 1: tukeiron folded before Flop (didn't bet)
Seat 2: juju3232 folded on the Turn
Seat 3: Joker007r folded before Flop (didn't bet)
Seat 4: LuckyShikari (button) folded before Flop (didn't bet)
Seat 5: Rysiff (small blind) folded on the Turn
Seat 6: avlee1 (big blind) collected ($2.85)



PokerStars Hand #254223209061:  Hold'em No Limit ($0.50/$1.00 USD) - 2025/01/06 4:20:26 WET [2025/01/05 23:20:26 ET]
Table 'Sy' 6-max Seat #5 is the button
Seat 1: tukeiron ($171.49 in chips) 
Seat 2: juju3232 ($75.93 in chips) 
Seat 3: Joker007r ($149.95 in chips) 
Seat 4: LuckyShikari ($161.02 in chips) 
Seat 5: Rysiff ($100 in chips) 
Seat 6: avlee1 ($131.56 in chips) 
avlee1: posts small blind $0.50
tukeiron: posts big blind $1
*** HOLE CARDS ***
juju3232: calls $1
Joker007r: folds 
LuckyShikari: folds 
Rysiff: folds 
avlee1: folds 
tukeiron: raises $4.50 to $5.50
juju3232: calls $4.50
*** FLOP *** [Kh 4d Ts]
tukeiron: checks 
juju3232: checks 
*** TURN *** [Kh 4d Ts] [9s]
tukeiron: bets $7.21
juju3232: folds 
Uncalled bet ($7.21) returned to tukeiron
tukeiron collected $10.92 from pot
*** SUMMARY ***
Total pot $11.50 | Rake $0.58 
Board [Kh 4d Ts 9s]
Seat 1: tukeiron (big blind) collected ($10.92)
Seat 2: juju3232 folded on the Turn
Seat 3: Joker007r folded before Flop (didn't bet)
Seat 4: LuckyShikari folded before Flop (didn't bet)
Seat 5: Rysiff (button) folded before Flop (didn't bet)
Seat 6: avlee1 (small blind) folded before Flop



PokerStars Hand #254223213192:  Hold'em No Limit ($0.50/$1.00 USD) - 2025/01/06 4:21:04 WET [2025/01/05 23:21:04 ET]
Table 'Sy' 6-max Seat #6 is the button
Seat 1: tukeiron ($176.91 in chips) 
Seat 2: juju3232 ($70.43 in chips) 
Seat 3: Joker007r ($149.95 in chips) 
Seat 4: LuckyShikari ($161.02 in chips) 
Seat 5: Rysiff ($100 in chips) 
Seat 6: avlee1 ($131.06 in chips) 
tukeiron: posts small blind $0.50
juju3232: posts big blind $1
*** HOLE CARDS ***
Joker007r: folds 
LuckyShikari: raises $2.50 to $3.50
Rysiff: raises $5.50 to $9
avlee1: folds 
tukeiron: folds 
juju3232: folds 
LuckyShikari: calls $5.50
*** FLOP *** [9d 7d 4c]
LuckyShikari: checks 
Rysiff: bets $9.26
LuckyShikari: calls $9.26
*** TURN *** [9d 7d 4c] [Ah]
LuckyShikari: checks 
Rysiff: bets $18.06
LuckyShikari: calls $18.06
*** RIVER *** [9d 7d 4c Ah] [5h]
LuckyShikari: checks 
Rysiff: checks 
*** SHOW DOWN ***
LuckyShikari: shows [8s 9s] (a pair of Nines)
Rysiff: shows [Td Ad] (a pair of Aces)
Rysiff collected $71.64 from pot
*** SUMMARY ***
Total pot $74.14 | Rake $2.50 
Board [9d 7d 4c Ah 5h]
Seat 1: tukeiron (small blind) folded before Flop
Seat 2: juju3232 (big blind) folded before Flop
Seat 3: Joker007r folded before Flop (didn't bet)
Seat 4: LuckyShikari showed [8s 9s] and lost with a pair of Nines
Seat 5: Rysiff showed [Td Ad] and won ($71.64) with a pair of Aces
Seat 6: avlee1 (button) folded before Flop (didn't bet)



PokerStars Hand #254223224022:  Hold'em No Limit ($0.50/$1.00 USD) - 2025/01/06 4:22:43 WET [2025/01/05 23:22:43 ET]
Table 'Sy' 6-max Seat #1 is the button
Seat 1: tukeiron ($176.41 in chips) 
Seat 2: juju3232 ($69.43 in chips) 
Seat 3: Joker007r ($149.95 in chips) 
Seat 4: LuckyShikari ($124.70 in chips) 
Seat 5: Rysiff ($135.32 in chips) 
Seat 6: avlee1 ($131.06 in chips) 
juju3232: posts small blind $0.50
Joker007r: posts big blind $1
*** HOLE CARDS ***
LuckyShikari: folds 
Rysiff: folds 
avlee1: folds 
tukeiron: folds 
juju3232: calls $0.50
Joker007r: checks 
*** FLOP *** [9h Kd Jc]
juju3232: checks 
Joker007r: checks 
*** TURN *** [9h Kd Jc] [7c]
juju3232: checks 
Joker007r: checks 
*** RIVER *** [9h Kd Jc 7c] [4c]
juju3232: checks 
Joker007r: checks 
*** SHOW DOWN ***
juju3232: shows [2d Qs] (high card King)
Joker007r: shows [3s 4s] (a pair of Fours)
Joker007r collected $1.90 from pot
*** SUMMARY ***
Total pot $2 | Rake $0.10 
Board [9h Kd Jc 7c 4c]
Seat 1: tukeiron (button) folded before Flop (didn't bet)
Seat 2: juju3232 (small blind) showed [2d Qs] and lost with high card King
Seat 3: Joker007r (big blind) showed [3s 4s] and won ($1.90) with a pair of Fours
Seat 4: LuckyShikari folded before Flop (didn't bet)
Seat 5: Rysiff folded before Flop (didn't bet)
Seat 6: avlee1 folded before Flop (didn't bet)



PokerStars Hand #254223228736:  Hold'em No Limit ($0.50/$1.00 USD) - 2025/01/06 4:23:26 WET [2025/01/05 23:23:26 ET]
Table 'Sy' 6-max Seat #2 is the button
Seat 1: tukeiron ($176.41 in chips) 
Seat 2: juju3232 ($68.43 in chips) 
Seat 3: Joker007r ($150.85 in chips) 
Seat 4: LuckyShikari ($124.70 in chips) 
Seat 5: Rysiff ($135.32 in chips) 
Seat 6: avlee1 ($131.06 in chips) 
Joker007r: posts small blind $0.50
LuckyShikari: posts big blind $1
*** HOLE CARDS ***
Rysiff: folds 
avlee1: raises $1.50 to $2.50
tukeiron: folds 
juju3232: calls $2.50
Joker007r: folds 
LuckyShikari: folds 
*** FLOP *** [4d As 5s]
avlee1: checks 
juju3232: checks 
*** TURN *** [4d As 5s] [3c]
avlee1: checks 
juju3232: checks 
*** RIVER *** [4d As 5s 3c] [Tc]
avlee1: bets $1.54
juju3232: calls $1.54
*** SHOW DOWN ***
avlee1: shows [Th 9h] (a pair of Tens)
juju3232: mucks hand 
avlee1 collected $9.10 from pot
*** SUMMARY ***
Total pot $9.58 | Rake $0.48 
Board [4d As 5s 3c Tc]
Seat 1: tukeiron folded before Flop (didn't bet)
Seat 2: juju3232 (button) mucked
Seat 3: Joker007r (small blind) folded before Flop
Seat 4: LuckyShikari (big blind) folded before Flop
Seat 5: Rysiff folded before Flop (didn't bet)
Seat 6: avlee1 showed [Th 9h] and won ($9.10) with a pair of Tens



PokerStars Hand #254223234351:  Hold'em No Limit ($0.50/$1.00 USD) - 2025/01/06 4:24:18 WET [2025/01/05 23:24:18 ET]
Table 'Sy' 6-max Seat #3 is the button
Seat 1: tukeiron ($176.41 in chips) 
Seat 2: juju3232 ($64.39 in chips) 
Seat 3: Joker007r ($150.35 in chips) 
Seat 4: LuckyShikari ($123.70 in chips) 
Seat 5: Rysiff ($135.32 in chips) 
Seat 6: avlee1 ($136.12 in chips) 
LuckyShikari: posts small blind $0.50
Rysiff: posts big blind $1
*** HOLE CARDS ***
avlee1: folds 
tukeiron: folds 
juju3232: calls $1
Joker007r: folds 
LuckyShikari: folds 
Rysiff: checks 
*** FLOP *** [Jh Qd 4c]
Rysiff: checks 
juju3232: bets $3
Rysiff: folds 
Uncalled bet ($3) returned to juju3232
juju3232 collected $2.38 from pot
*** SUMMARY ***
Total pot $2.50 | Rake $0.12 
Board [Jh Qd 4c]
Seat 1: tukeiron folded before Flop (didn't bet)
Seat 2: juju3232 collected ($2.38)
Seat 3: Joker007r (button) folded before Flop (didn't bet)
Seat 4: LuckyShikari (small blind) folded before Flop
Seat 5: Rysiff (big blind) folded on the Flop
Seat 6: avlee1 folded before Flop (didn't bet)



PokerStars Hand #254223238605:  Hold'em No Limit ($0.50/$1.00 USD) - 2025/01/06 4:24:57 WET [2025/01/05 23:24:57 ET]
Table 'Sy' 6-max Seat #4 is the button
Seat 1: tukeiron ($176.41 in chips) 
Seat 2: juju3232 ($65.77 in chips) 
Seat 3: Joker007r ($150.35 in chips) 
Seat 4: LuckyShikari ($123.20 in chips) 
Seat 5: Rysiff ($134.32 in chips) 
Seat 6: avlee1 ($136.12 in chips) 
Rysiff: posts small blind $0.50
avlee1: posts big blind $1
*** HOLE CARDS ***
tukeiron: folds 
juju3232: calls $1
Joker007r: folds 
LuckyShikari: folds 
Rysiff: raises $4 to $5
avlee1: folds 
juju3232: calls $4
*** FLOP *** [Qs 4h 3s]
Rysiff: bets $3.45
juju3232: calls $3.45
*** TURN *** [Qs 4h 3s] [Td]
Rysiff: checks 
juju3232: bets $6
Rysiff: folds 
Uncalled bet ($6) returned to juju3232
juju3232 collected $17 from pot
*** SUMMARY ***
Total pot $17.90 | Rake $0.90 
Board [Qs 4h 3s Td]
Seat 1: tukeiron folded before Flop (didn't bet)
Seat 2: juju3232 collected ($17)
Seat 3: Joker007r folded before Flop (didn't bet)
Seat 4: LuckyShikari (button) folded before Flop (didn't bet)
Seat 5: Rysiff (small blind) folded on the Turn
Seat 6: avlee1 (big blind) folded before Flop



PokerStars Hand #254223242932:  Hold'em No Limit ($0.50/$1.00 USD) - 2025/01/06 4:25:38 WET [2025/01/05 23:25:38 ET]
Table 'Sy' 6-max Seat #5 is the button
Seat 1: tukeiron ($176.41 in chips) 
Seat 2: juju3232 ($74.32 in chips) 
Seat 3: Joker007r ($150.35 in chips) 
Seat 4: LuckyShikari ($123.20 in chips) 
Seat 5: Rysiff ($125.87 in chips) 
Seat 6: avlee1 ($135.12 in chips) 
avlee1: posts small blind $0.50
tukeiron: posts big blind $1
*** HOLE CARDS ***
juju3232: calls $1
Joker007r: folds 
LuckyShikari: folds 
Rysiff: folds 
avlee1: folds 
tukeiron: raises $6.50 to $7.50
juju3232: folds 
Uncalled bet ($6.50) returned to tukeiron
tukeiron collected $2.50 from pot
*** SUMMARY ***
Total pot $2.50 | Rake $0 
Seat 1: tukeiron (big blind) collected ($2.50)
Seat 2: juju3232 folded before Flop
Seat 3: Joker007r folded before Flop (didn't bet)
Seat 4: LuckyShikari folded before Flop (didn't bet)
Seat 5: Rysiff (button) folded before Flop (didn't bet)
Seat 6: avlee1 (small blind) folded before Flop



PokerStars Hand #254222960450:  Hold'em No Limit ($0.50/$1.00 USD) - 2025/01/06 3:44:10 WET [2025/01/05 22:44:10 ET]
Table 'Sy' 6-max Seat #5 is the button
Seat 1: tukeiron ($114.48 in chips) 
Seat 2: juju3232 ($101.71 in chips) 
Seat 3: Joker007r ($104.90 in chips) 
Seat 4: LuckyShikari ($151.92 in chips) 
Seat 5: Rysiff ($100 in chips) 
Seat 6: avlee1 ($105.35 in chips) 
avlee1: posts small blind $0.50
tukeiron: posts big blind $1
*** HOLE CARDS ***
juju3232: calls $1
Joker007r: folds 
LuckyShikari: folds 
Rysiff: raises $3 to $4
avlee1: raises $10 to $14
tukeiron: folds 
juju3232: folds 
Rysiff: folds 
Uncalled bet ($10) returned to avlee1
avlee1 collected $10 from pot
avlee1: doesn't show hand 
*** SUMMARY ***
Total pot $10 | Rake $0 
Seat 1: tukeiron (big blind) folded before Flop
Seat 2: juju3232 folded before Flop
Seat 3: Joker007r folded before Flop (didn't bet)
Seat 4: LuckyShikari folded before Flop (didn't bet)
Seat 5: Rysiff (button) folded before Flop
Seat 6: avlee1 (small blind) collected ($10)



PokerStars Hand #254222963539:  Hold'em No Limit ($0.50/$1.00 USD) - 2025/01/06 3:44:34 WET [2025/01/05 22:44:34 ET]
Table 'Sy' 6-max Seat #6 is the button
Seat 1: tukeiron ($113.48 in chips) 
Seat 2: juju3232 ($100.71 in chips) 
Seat 3: Joker007r ($104.90 in chips) 
Seat 4: LuckyShikari ($151.92 in chips) 
Seat 5: Rysiff ($100 in chips) 
Seat 6: avlee1 ($111.35 in chips) 
tukeiron: posts small blind $0.50
juju3232: posts big blind $1
*** HOLE CARDS ***
Joker007r: folds 
LuckyShikari: raises $2 to $3
Rysiff: folds 
avlee1: folds 
tukeiron: folds 
juju3232: calls $2
*** FLOP *** [5h 9h 7d]
juju3232: checks 
LuckyShikari: checks 
*** TURN *** [5h 9h 7d] [2h]
juju3232: checks 
LuckyShikari: bets $3
juju3232: calls $3
*** RIVER *** [5h 9h 7d 2h] [Tc]
juju3232: bets $6
LuckyShikari: raises $18 to $24
juju3232: calls $18
*** SHOW DOWN ***
LuckyShikari: shows [Ah Ks] (high card Ace)
juju3232: shows [5d 2s] (two pair, Fives and Deuces)
juju3232 collected $58 from pot
*** SUMMARY ***
Total pot $60.50 | Rake $2.50 
Board [5h 9h 7d 2h Tc]
Seat 1: tukeiron (small blind) folded before Flop
Seat 2: juju3232 (big blind) showed [5d 2s] and won ($58) with two pair, Fives and Deuces
Seat 3: Joker007r folded before Flop (didn't bet)
Seat 4: LuckyShikari showed [Ah Ks] and lost with high card Ace
Seat 5: Rysiff folded before Flop (didn't bet)
Seat 6: avlee1 (button) folded before Flop (didn't bet)



PokerStars Hand #254222968497:  Hold'em No Limit ($0.50/$1.00 USD) - 2025/01/06 3:45:13 WET [2025/01/05 22:45:13 ET]
Table 'Sy' 6-max Seat #1 is the button
Seat 1: tukeiron ($112.98 in chips) 
Seat 2: juju3232 ($128.71 in chips) 
Seat 3: Joker007r ($104.90 in chips) 
Seat 4: LuckyShikari ($121.92 in chips) 
Seat 5: Rysiff ($100 in chips) 
Seat 6: avlee1 ($111.35 in chips) 
juju3232: posts small blind $0.50
Joker007r: posts big blind $1
*** HOLE CARDS ***
LuckyShikari: folds 
Rysiff: folds 
avlee1: folds 
tukeiron: raises $1.50 to $2.50
juju3232: calls $2
Joker007r: folds 
*** FLOP *** [Ac Tc 4h]
juju3232: checks 
tukeiron: bets $4.28
juju3232: folds 
Uncalled bet ($4.28) returned to tukeiron
tukeiron collected $5.70 from pot
*** SUMMARY ***
Total pot $6 | Rake $0.30 
Board [Ac Tc 4h]
Seat 1: tukeiron (button) collected ($5.70)
Seat 2: juju3232 (small blind) folded on the Flop
Seat 3: Joker007r (big blind) folded before Flop
Seat 4: LuckyShikari folded before Flop (didn't bet)
Seat 5: Rysiff folded before Flop (didn't bet)
Seat 6: avlee1 folded before Flop (didn't bet)



PokerStars Hand #254222973499:  Hold'em No Limit ($0.50/$1.00 USD) - 2025/01/06 3:45:51 WET [2025/01/05 22:45:51 ET]
Table 'Sy' 6-max Seat #2 is the button
Seat 1: tukeiron ($116.18 in chips) 
Seat 2: juju3232 ($126.21 in chips) 
Seat 3: Joker007r ($103.90 in chips) 
Seat 4: LuckyShikari ($121.92 in chips) 
Seat 5: Rysiff ($100 in chips) 
Seat 6: avlee1 ($111.35 in chips) 
Joker007r: posts small blind $0.50
LuckyShikari: posts big blind $1
*** HOLE CARDS ***
Rysiff: raises $1.50 to $2.50
avlee1: folds 
tukeiron: calls $2.50
juju3232: folds 
Joker007r: raises $11 to $13.50
LuckyShikari: folds 
Rysiff: folds 
tukeiron: folds 
Uncalled bet ($11) returned to Joker007r
Joker007r collected $8.50 from pot
Joker007r: doesn't show hand 
*** SUMMARY ***
Total pot $8.50 | Rake $0 
Seat 1: tukeiron folded before Flop
Seat 2: juju3232 (button) folded before Flop (didn't bet)
Seat 3: Joker007r (small blind) collected ($8.50)
Seat 4: LuckyShikari (big blind) folded before Flop
Seat 5: Rysiff folded before Flop
Seat 6: avlee1 folded before Flop (didn't bet)



PokerStars Hand #254222976993:  Hold'em No Limit ($0.50/$1.00 USD) - 2025/01/06 3:46:19 WET [2025/01/05 22:46:19 ET]
Table 'Sy' 6-max Seat #3 is the button
Seat 1: tukeiron ($113.68 in chips) 
Seat 2: juju3232 ($126.21 in chips) 
Seat 3: Joker007r ($109.90 in chips) 
Seat 4: LuckyShikari ($120.92 in chips) 
Seat 5: Rysiff ($100 in chips) 
Seat 6: avlee1 ($111.35 in chips) 
LuckyShikari: posts small blind $0.50
Rysiff: posts big blind $1
*** HOLE CARDS ***
avlee1: folds 
tukeiron: folds 
juju3232: folds 
Joker007r: folds 
LuckyShikari: folds 
Uncalled bet ($0.50) returned to Rysiff
Rysiff collected $1 from pot
Rysiff: doesn't show hand 
*** SUMMARY ***
Total pot $1 | Rake $0 
Seat 1: tukeiron folded before Flop (didn't bet)
Seat 2: juju3232 folded before Flop (didn't bet)
Seat 3: Joker007r (button) folded before Flop (didn't bet)
Seat 4: LuckyShikari (small blind) folded before Flop
Seat 5: Rysiff (big blind) collected ($1)
Seat 6: avlee1 folded before Flop (didn't bet)



PokerStars Hand #254222978621:  Hold'em No Limit ($0.50/$1.00 USD) - 2025/01/06 3:46:32 WET [2025/01/05 22:46:32 ET]
Table 'Sy' 6-max Seat #4 is the button
Seat 1: tukeiron ($113.68 in chips) 
Seat 2: juju3232 ($126.21 in chips) 
Seat 3: Joker007r ($109.90 in chips) 
Seat 4: LuckyShikari ($120.42 in chips) 
Seat 5: Rysiff ($100.50 in chips) 
Seat 6: avlee1 ($111.35 in chips) 
Rysiff: posts small blind $0.50
avlee1: posts big blind $1
*** HOLE CARDS ***
tukeiron: folds 
juju3232: calls $1
Joker007r: folds 
LuckyShikari: raises $3.50 to $4.50
Rysiff: folds 
avlee1: folds 
juju3232: calls $3.50
*** FLOP *** [3s Ks 2d]
juju3232: bets $5
LuckyShikari: raises $10 to $15
juju3232: calls $10
*** TURN *** [3s Ks 2d] [Td]
juju3232: checks 
LuckyShikari: bets $33.50
juju3232: folds 
Uncalled bet ($33.50) returned to LuckyShikari
LuckyShikari collected $38.48 from pot
LuckyShikari: doesn't show hand 
*** SUMMARY ***
Total pot $40.50 | Rake $2.02 
Board [3s Ks 2d Td]
Seat 1: tukeiron folded before Flop (didn't bet)
Seat 2: juju3232 folded on the Turn
Seat 3: Joker007r folded before Flop (didn't bet)
Seat 4: LuckyShikari (button) collected ($38.48)
Seat 5: Rysiff (small blind) folded before Flop
Seat 6: avlee1 (big blind) folded before Flop



PokerStars Hand #254222984273:  Hold'em No Limit ($0.50/$1.00 USD) - 2025/01/06 3:47:17 WET [2025/01/05 22:47:17 ET]
Table 'Sy' 6-max Seat #5 is the button
Seat 1: tukeiron ($113.68 in chips) 
Seat 2: juju3232 ($106.71 in chips) 
Seat 3: Joker007r ($109.90 in chips) 
Seat 4: LuckyShikari ($139.40 in chips) 
Seat 5: Rysiff ($100 in chips) 
Seat 6: avlee1 ($110.35 in chips) 
avlee1: posts small blind $0.50
tukeiron: posts big blind $1
*** HOLE CARDS ***
juju3232: folds 
Joker007r: folds 
LuckyShikari: folds 
Rysiff: folds 
avlee1: folds 
Uncalled bet ($0.50) returned to tukeiron
tukeiron collected $1 from pot
*** SUMMARY ***
Total pot $1 | Rake $0 
Seat 1: tukeiron (big blind) collected ($1)
Seat 2: juju3232 folded before Flop (didn't bet)
Seat 3: Joker007r folded before Flop (didn't bet)
Seat 4: LuckyShikari folded before Flop (didn't bet)
Seat 5: Rysiff (button) folded before Flop (didn't bet)
Seat 6: avlee1 (small blind) folded before Flop



PokerStars Hand #254222986078:  Hold'em No Limit ($0.50/$1.00 USD) - 2025/01/06 3:47:31 WET [2025/01/05 22:47:31 ET]
Table 'Sy' 6-max Seat #6 is the button
Seat 1: tukeiron ($114.18 in chips) 
Seat 2: juju3232 ($106.71 in chips) 
Seat 3: Joker007r ($109.90 in chips) 
Seat 4: LuckyShikari ($139.40 in chips) 
Seat 5: Rysiff ($100 in chips) 
Seat 6: avlee1 ($109.85 in chips) 
tukeiron: posts small blind $0.50
juju3232: posts big blind $1
*** HOLE CARDS ***
Joker007r: folds 
LuckyShikari: folds 
Rysiff: raises $1.50 to $2.50
avlee1: raises $5.50 to $8
tukeiron: folds 
juju3232: folds 
Rysiff: raises $15 to $23
avlee1: raises $86.85 to $109.85 and is all-in
Rysiff: folds 
Uncalled bet ($86.85) returned to avlee1
avlee1 collected $47.50 from pot
avlee1: doesn't show hand 
*** SUMMARY ***
Total pot $47.50 | Rake $0 
Seat 1: tukeiron (small blind) folded before Flop
Seat 2: juju3232 (big blind) folded before Flop
Seat 3: Joker007r folded before Flop (didn't bet)
Seat 4: LuckyShikari folded before Flop (didn't bet)
Seat 5: Rysiff folded before Flop
Seat 6: avlee1 (button) collected ($47.50)



PokerStars Hand #254222991705:  Hold'em No Limit ($0.50/$1.00 USD) - 2025/01/06 3:48:15 WET [2025/01/05 22:48:15 ET]
Table 'Sy' 6-max Seat #1 is the button
Seat 1: tukeiron ($113.68 in chips) 
Seat 2: juju3232 ($105.71 in chips) 
Seat 3: Joker007r ($109.90 in chips) 
Seat 4: LuckyShikari ($139.40 in chips) 
Seat 5: Rysiff ($100 in chips) 
Seat 6: avlee1 ($134.35 in chips) 
juju3232: posts small blind $0.50
Joker007r: posts big blind $1
*** HOLE CARDS ***
LuckyShikari: folds 
Rysiff: folds 
avlee1: folds 
tukeiron: folds 
juju3232: calls $0.50
Joker007r: raises $4 to $5
juju3232: folds 
Uncalled bet ($4) returned to Joker007r
Joker007r collected $2 from pot
Joker007r: doesn't show hand 
*** SUMMARY ***
Total pot $2 | Rake $0 
Seat 1: tukeiron (button) folded before Flop (didn't bet)
Seat 2: juju3232 (small blind) folded before Flop
Seat 3: Joker007r (big blind) collected ($2)
Seat 4: LuckyShikari folded before Flop (didn't bet)
Seat 5: Rysiff folded before Flop (didn't bet)
Seat 6: avlee1 folded before Flop (didn't bet)



PokerStars Hand #254222993849:  Hold'em No Limit ($0.50/$1.00 USD) - 2025/01/06 3:48:33 WET [2025/01/05 22:48:33 ET]
Table 'Sy' 6-max Seat #2 is the button
Seat 1: tukeiron ($113.68 in chips) 
Seat 2: juju3232 ($104.71 in chips) 
Seat 3: Joker007r ($110.90 in chips) 
Seat 4: LuckyShikari ($139.40 in chips) 
Seat 5: Rysiff ($100 in chips) 
Seat 6: avlee1 ($134.35 in chips) 
Joker007r: posts small blind $0.50
LuckyShikari: posts big blind $1
*** HOLE CARDS ***
Rysiff: folds 
avlee1: folds 
tukeiron: raises $1.50 to $2.50
juju3232: calls $2.50
Joker007r: folds 
LuckyShikari: folds 
*** FLOP *** [Ah 2d 4h]
tukeiron: bets $3.09
juju3232: folds 
Uncalled bet ($3.09) returned to tukeiron
tukeiron collected $6.18 from pot
*** SUMMARY ***
Total pot $6.50 | Rake $0.32 
Board [Ah 2d 4h]
Seat 1: tukeiron collected ($6.18)
Seat 2: juju3232 (button) folded on the Flop
Seat 3: Joker007r (small blind) folded before Flop
Seat 4: LuckyShikari (big blind) folded before Flop
Seat 5: Rysiff folded before Flop (didn't bet)
Seat 6: avlee1 folded before Flop (didn't bet)



PokerStars Hand #254222996502:  Hold'em No Limit ($0.50/$1.00 USD) - 2025/01/06 3:48:54 WET [2025/01/05 22:48:54 ET]
Table 'Sy' 6-max Seat #3 is the button
Seat 1: tukeiron ($117.36 in chips) 
Seat 2: juju3232 ($102.21 in chips) 
Seat 3: Joker007r ($110.40 in chips) 
Seat 4: LuckyShikari ($138.40 in chips) 
Seat 5: Rysiff ($100 in chips) 
Seat 6: avlee1 ($134.35 in chips) 
LuckyShikari: posts small blind $0.50
Rysiff: posts big blind $1
*** HOLE CARDS ***
avlee1: folds 
tukeiron: raises $2.50 to $3.50
juju3232: calls $3.50
Joker007r: raises $10.50 to $14
LuckyShikari: folds 
Rysiff: folds 
tukeiron: folds 
juju3232: calls $10.50
*** FLOP *** [Jd 4d 9h]
juju3232: checks 
Joker007r: bets $10.35
juju3232: calls $10.35
*** TURN *** [Jd 4d 9h] [Ts]
juju3232: checks 
Joker007r: bets $26.62
juju3232: raises $51.24 to $77.86 and is all-in
Joker007r: calls $51.24
*** RIVER *** [Jd 4d 9h Ts] [Jc]
*** SHOW DOWN ***
juju3232: shows [Kd Qs] (a straight, Nine to King)
Joker007r: shows [Kh Qc] (a straight, Nine to King)
juju3232 collected $103.46 from pot
Joker007r collected $103.46 from pot
*** SUMMARY ***
Total pot $209.42 | Rake $2.50 
Board [Jd 4d 9h Ts Jc]
Seat 1: tukeiron folded before Flop
Seat 2: juju3232 showed [Kd Qs] and won ($103.46) with a straight, Nine to King
Seat 3: Joker007r (button) showed [Kh Qc] and won ($103.46) with a straight, Nine to King
Seat 4: LuckyShikari (small blind) folded before Flop
Seat 5: Rysiff (big blind) folded before Flop
Seat 6: avlee1 folded before Flop (didn't bet)



PokerStars Hand #254223004675:  Hold'em No Limit ($0.50/$1.00 USD) - 2025/01/06 3:50:00 WET [2025/01/05 22:50:00 ET]
Table 'Sy' 6-max Seat #4 is the button
Seat 1: tukeiron ($113.86 in chips) 
Seat 2: juju3232 ($103.46 in chips) 
Seat 3: Joker007r ($111.65 in chips) 
Seat 4: LuckyShikari ($137.90 in chips) 
Seat 5: Rysiff ($100 in chips) 
Seat 6: avlee1 ($134.35 in chips) 
Rysiff: posts small blind $0.50
avlee1: posts big blind $1
*** HOLE CARDS ***
tukeiron: folds 
juju3232: calls $1
Joker007r: folds 
LuckyShikari: folds 
Rysiff: raises $3 to $4
avlee1: folds 
juju3232: calls $3
*** FLOP *** [Qh 6d Ac]
Rysiff: bets $1.71
juju3232: calls $1.71
*** TURN *** [Qh 6d Ac] [4s]
Rysiff: checks 
juju3232: bets $4
Rysiff: calls $4
*** RIVER *** [Qh 6d Ac 4s] [7d]
Rysiff: checks 
juju3232: checks 
*** SHOW DOWN ***
Rysiff: shows [Th Qd] (a pair of Queens)
juju3232: shows [5s As] (a pair of Aces)
juju3232 collected $19.40 from pot
*** SUMMARY ***
Total pot $20.42 | Rake $1.02 
Board [Qh 6d Ac 4s 7d]
Seat 1: tukeiron folded before Flop (didn't bet)
Seat 2: juju3232 showed [5s As] and won ($19.40) with a pair of Aces
Seat 3: Joker007r folded before Flop (didn't bet)
Seat 4: LuckyShikari (button) folded before Flop (didn't bet)
Seat 5: Rysiff (small blind) showed [Th Qd] and lost with a pair of Queens
Seat 6: avlee1 (big blind) folded before Flop



PokerStars Hand #254223010304:  Hold'em No Limit ($0.50/$1.00 USD) - 2025/01/06 3:50:45 WET [2025/01/05 22:50:45 ET]
Table 'Sy' 6-max Seat #5 is the button
Seat 1: tukeiron ($113.86 in chips) 
Seat 2: juju3232 ($113.15 in chips) 
Seat 3: Joker007r ($111.65 in chips) 
Seat 4: LuckyShikari ($137.90 in chips) 
Seat 5: Rysiff ($100 in chips) 
Seat 6: avlee1 ($133.35 in chips) 
avlee1: posts small blind $0.50
tukeiron: posts big blind $1
*** HOLE CARDS ***
juju3232: folds 
Joker007r: raises $2 to $3
LuckyShikari: folds 
Rysiff: folds 
avlee1: folds 
tukeiron: folds 
Uncalled bet ($2) returned to Joker007r
Joker007r collected $2.50 from pot
Joker007r: doesn't show hand 
*** SUMMARY ***
Total pot $2.50 | Rake $0 
Seat 1: tukeiron (big blind) folded before Flop
Seat 2: juju3232 folded before Flop (didn't bet)
Seat 3: Joker007r collected ($2.50)
Seat 4: LuckyShikari folded before Flop (didn't bet)
Seat 5: Rysiff (button) folded before Flop (didn't bet)
Seat 6: avlee1 (small blind) folded before Flop



PokerStars Hand #254223012442:  Hold'em No Limit ($0.50/$1.00 USD) - 2025/01/06 3:51:02 WET [2025/01/05 22:51:02 ET]
Table 'Sy' 6-max Seat #6 is the button
Seat 1: tukeiron ($112.86 in chips) 
Seat 2: juju3232 ($113.15 in chips) 
Seat 3: Joker007r ($113.15 in chips) 
Seat 4: LuckyShikari ($137.90 in chips) 
Seat 5: Rysiff ($100 in chips) 
Seat 6: avlee1 ($132.85 in chips) 
tukeiron: posts small blind $0.50
juju3232: posts big blind $1
*** HOLE CARDS ***
Joker007r: folds 
LuckyShikari: folds 
Rysiff: folds 
avlee1: folds 
tukeiron: folds 
Uncalled bet ($0.50) returned to juju3232
juju3232 collected $1 from pot
*** SUMMARY ***
Total pot $1 | Rake $0 
Seat 1: tukeiron (small blind) folded before Flop
Seat 2: juju3232 (big blind) collected ($1)
Seat 3: Joker007r folded before Flop (didn't bet)
Seat 4: LuckyShikari folded before Flop (didn't bet)
Seat 5: Rysiff folded before Flop (didn't bet)
Seat 6: avlee1 (button) folded before Flop (didn't bet)



PokerStars Hand #254223014310:  Hold'em No Limit ($0.50/$1.00 USD) - 2025/01/06 3:51:17 WET [2025/01/05 22:51:17 ET]
Table 'Sy' 6-max Seat #1 is the button
Seat 1: tukeiron ($112.36 in chips) 
Seat 2: juju3232 ($113.65 in chips) 
Seat 3: Joker007r ($113.15 in chips) 
Seat 4: LuckyShikari ($137.90 in chips) 
Seat 5: Rysiff ($100 in chips) 
Seat 6: avlee1 ($132.85 in chips) 
juju3232: posts small blind $0.50
Joker007r: posts big blind $1
*** HOLE CARDS ***
LuckyShikari: folds 
Rysiff: folds 
avlee1: folds 
tukeiron: folds 
juju3232: raises $2 to $3
Joker007r: raises $6 to $9
juju3232: calls $6
*** FLOP *** [Th 5c 2c]
juju3232: checks 
Joker007r: bets $5.64
juju3232: folds 
Uncalled bet ($5.64) returned to Joker007r
Joker007r collected $17.10 from pot
Joker007r: doesn't show hand 
*** SUMMARY ***
Total pot $18 | Rake $0.90 
Board [Th 5c 2c]
Seat 1: tukeiron (button) folded before Flop (didn't bet)
Seat 2: juju3232 (small blind) folded on the Flop
Seat 3: Joker007r (big blind) collected ($17.10)
Seat 4: LuckyShikari folded before Flop (didn't bet)
Seat 5: Rysiff folded before Flop (didn't bet)
Seat 6: avlee1 folded before Flop (didn't bet)



PokerStars Hand #254223017647:  Hold'em No Limit ($0.50/$1.00 USD) - 2025/01/06 3:51:44 WET [2025/01/05 22:51:44 ET]
Table 'Sy' 6-max Seat #2 is the button
Seat 1: tukeiron ($112.36 in chips) 
Seat 2: juju3232 ($104.65 in chips) 
Seat 3: Joker007r ($121.25 in chips) 
Seat 4: LuckyShikari ($137.90 in chips) 
Seat 5: Rysiff ($100 in chips) 
Seat 6: avlee1 ($132.85 in chips) 
Joker007r: posts small blind $0.50
LuckyShikari: posts big blind $1
*** HOLE CARDS ***
Rysiff: folds 
avlee1: folds 
tukeiron: raises $2.50 to $3.50
juju3232: folds 
Joker007r: folds 
LuckyShikari: raises $11 to $14.50
tukeiron: calls $11
*** FLOP *** [Tc 2d 4h]
LuckyShikari: checks 
tukeiron: bets $9.25
LuckyShikari: raises $15.25 to $24.50
tukeiron: folds 
Uncalled bet ($15.25) returned to LuckyShikari
LuckyShikari collected $45.60 from pot
LuckyShikari: doesn't show hand 
*** SUMMARY ***
Total pot $48 | Rake $2.40 
Board [Tc 2d 4h]
Seat 1: tukeiron folded on the Flop
Seat 2: juju3232 (button) folded before Flop (didn't bet)
Seat 3: Joker007r (small blind) folded before Flop
Seat 4: LuckyShikari (big blind) collected ($45.60)
Seat 5: Rysiff folded before Flop (didn't bet)
Seat 6: avlee1 folded before Flop (didn't bet)



PokerStars Hand #254223022765:  Hold'em No Limit ($0.50/$1.00 USD) - 2025/01/06 3:52:26 WET [2025/01/05 22:52:26 ET]
Table 'Sy' 6-max Seat #3 is the button
Seat 1: tukeiron ($100 in chips) 
Seat 2: juju3232 ($104.65 in chips) 
Seat 3: Joker007r ($120.75 in chips) 
Seat 4: LuckyShikari ($159.75 in chips) 
Seat 5: Rysiff ($100 in chips) 
Seat 6: avlee1 ($132.85 in chips) 
LuckyShikari: posts small blind $0.50
Rysiff: posts big blind $1
*** HOLE CARDS ***
avlee1: folds 
tukeiron: raises $4 to $5
juju3232: calls $5
Joker007r: folds 
LuckyShikari: folds 
Rysiff: folds 
*** FLOP *** [2h Qc 9s]
tukeiron: bets $1.09
juju3232: raises $3.09 to $4.18
tukeiron: calls $3.09
*** TURN *** [2h Qc 9s] [Ac]
tukeiron: checks 
juju3232: checks 
*** RIVER *** [2h Qc 9s Ac] [9d]
tukeiron: bets $14.15
juju3232: calls $14.15
*** SHOW DOWN ***
tukeiron: shows [Qs Ah] (two pair, Aces and Queens)
juju3232: mucks hand 
tukeiron collected $45.75 from pot
*** SUMMARY ***
Total pot $48.16 | Rake $2.41 
Board [2h Qc 9s Ac 9d]
Seat 1: tukeiron showed [Qs Ah] and won ($45.75) with two pair, Aces and Queens
Seat 2: juju3232 mucked
Seat 3: Joker007r (button) folded before Flop (didn't bet)
Seat 4: LuckyShikari (small blind) folded before Flop
Seat 5: Rysiff (big blind) folded before Flop
Seat 6: avlee1 folded before Flop (didn't bet)



PokerStars Hand #254223029277:  Hold'em No Limit ($0.50/$1.00 USD) - 2025/01/06 3:53:18 WET [2025/01/05 22:53:18 ET]
Table 'Sy' 6-max Seat #4 is the button
Seat 1: tukeiron ($122.42 in chips) 
Seat 2: juju3232 ($81.32 in chips) 
Seat 3: Joker007r ($120.75 in chips) 
Seat 4: LuckyShikari ($159.25 in chips) 
Seat 5: Rysiff ($100 in chips) 
Seat 6: avlee1 ($132.85 in chips) 
Rysiff: posts small blind $0.50
avlee1: posts big blind $1
*** HOLE CARDS ***
tukeiron: folds 
juju3232: calls $1
Joker007r: raises $4 to $5
LuckyShikari: calls $5
Rysiff: folds 
avlee1: folds 
juju3232: calls $4
*** FLOP *** [3d 3c Kh]
juju3232: bets $6
Joker007r: calls $6
LuckyShikari: calls $6
*** TURN *** [3d 3c Kh] [7c]
juju3232: bets $5
Joker007r: calls $5
LuckyShikari: raises $24 to $29
juju3232: raises $41.32 to $70.32 and is all-in
Joker007r: folds 
LuckyShikari: calls $41.32
LuckyShikari has timed out
*** RIVER *** [3d 3c Kh 7c] [Ad]
*** SHOW DOWN ***
juju3232: shows [Qs Kc] (two pair, Kings and Threes)
LuckyShikari: shows [Kd Jd] (two pair, Kings and Threes)
juju3232 collected $88.82 from pot
LuckyShikari collected $88.82 from pot
*** SUMMARY ***
Total pot $180.14 | Rake $2.50 
Board [3d 3c Kh 7c Ad]
Seat 1: tukeiron folded before Flop (didn't bet)
Seat 2: juju3232 showed [Qs Kc] and won ($88.82) with two pair, Kings and Threes
Seat 3: Joker007r folded on the Turn
Seat 4: LuckyShikari (button) showed [Kd Jd] and won ($88.82) with two pair, Kings and Threes
Seat 5: Rysiff (small blind) folded before Flop
Seat 6: avlee1 (big blind) folded before Flop



PokerStars Hand #254223038823:  Hold'em No Limit ($0.50/$1.00 USD) - 2025/01/06 3:54:37 WET [2025/01/05 22:54:37 ET]
Table 'Sy' 6-max Seat #5 is the button
Seat 1: tukeiron ($122.42 in chips) 
Seat 2: juju3232 ($88.82 in chips) 
Seat 3: Joker007r ($104.75 in chips) 
Seat 4: LuckyShikari ($166.75 in chips) 
Seat 5: Rysiff ($100 in chips) 
Seat 6: avlee1 ($131.85 in chips) 
avlee1: posts small blind $0.50
tukeiron: posts big blind $1
*** HOLE CARDS ***
juju3232: folds 
Joker007r: folds 
LuckyShikari: folds 
Rysiff: folds 
avlee1: folds 
Uncalled bet ($0.50) returned to tukeiron
tukeiron collected $1 from pot
*** SUMMARY ***
Total pot $1 | Rake $0 
Seat 1: tukeiron (big blind) collected ($1)
Seat 2: juju3232 folded before Flop (didn't bet)
Seat 3: Joker007r folded before Flop (didn't bet)
Seat 4: LuckyShikari folded before Flop (didn't bet)
Seat 5: Rysiff (button) folded before Flop (didn't bet)
Seat 6: avlee1 (small blind) folded before Flop



PokerStars Hand #254223040715:  Hold'em No Limit ($0.50/$1.00 USD) - 2025/01/06 3:54:53 WET [2025/01/05 22:54:53 ET]
Table 'Sy' 6-max Seat #6 is the button
Seat 1: tukeiron ($122.92 in chips) 
Seat 2: juju3232 ($88.82 in chips) 
Seat 3: Joker007r ($104.75 in chips) 
Seat 4: LuckyShikari ($166.75 in chips) 
Seat 5: Rysiff ($100 in chips) 
Seat 6: avlee1 ($131.35 in chips) 
tukeiron: posts small blind $0.50
juju3232: posts big blind $1
*** HOLE CARDS ***
Joker007r: folds 
LuckyShikari: folds 
Rysiff: folds 
avlee1: raises $1.50 to $2.50
tukeiron: raises $9 to $11.50
juju3232: folds 
avlee1: folds 
Uncalled bet ($9) returned to tukeiron
tukeiron collected $6 from pot
*** SUMMARY ***
Total pot $6 | Rake $0 
Seat 1: tukeiron (small blind) collected ($6)
Seat 2: juju3232 (big blind) folded before Flop
Seat 3: Joker007r folded before Flop (didn't bet)
Seat 4: LuckyShikari folded before Flop (didn't bet)
Seat 5: Rysiff folded before Flop (didn't bet)
Seat 6: avlee1 (button) folded before Flop



PokerStars Hand #254223044088:  Hold'em No Limit ($0.50/$1.00 USD) - 2025/01/06 3:55:22 WET [2025/01/05 22:55:22 ET]
Table 'Sy' 6-max Seat #1 is the button
Seat 1: tukeiron ($126.42 in chips) 
Seat 2: juju3232 ($87.82 in chips) 
Seat 3: Joker007r ($104.75 in chips) 
Seat 4: LuckyShikari ($166.75 in chips) 
Seat 5: Rysiff ($100 in chips) 
Seat 6: avlee1 ($128.85 in chips) 
juju3232: posts small blind $0.50
Joker007r: posts big blind $1
*** HOLE CARDS ***
LuckyShikari: folds 
Rysiff: raises $1.50 to $2.50
avlee1: folds 
tukeiron: folds 
juju3232: folds 
Joker007r: folds 
Uncalled bet ($1.50) returned to Rysiff
Rysiff collected $2.50 from pot
Rysiff: doesn't show hand 
*** SUMMARY ***
Total pot $2.50 | Rake $0 
Seat 1: tukeiron (button) folded before Flop (didn't bet)
Seat 2: juju3232 (small blind) folded before Flop
Seat 3: Joker007r (big blind) folded before Flop
Seat 4: LuckyShikari folded before Flop (didn't bet)
Seat 5: Rysiff collected ($2.50)
Seat 6: avlee1 folded before Flop (didn't bet)



PokerStars Hand #254223046451:  Hold'em No Limit ($0.50/$1.00 USD) - 2025/01/06 3:55:45 WET [2025/01/05 22:55:45 ET]
Table 'Sy' 6-max Seat #2 is the button
Seat 1: tukeiron ($126.42 in chips) 
Seat 2: juju3232 ($87.32 in chips) 
Seat 3: Joker007r ($103.75 in chips) 
Seat 4: LuckyShikari ($166.75 in chips) 
Seat 5: Rysiff ($101.50 in chips) 
Seat 6: avlee1 ($128.85 in chips) 
Joker007r: posts small blind $0.50
LuckyShikari: posts big blind $1
*** HOLE CARDS ***
Rysiff: raises $1.50 to $2.50
avlee1: folds 
tukeiron: raises $5 to $7.50
juju3232: folds 
Joker007r: folds 
LuckyShikari: folds 
Rysiff: folds 
Uncalled bet ($5) returned to tukeiron
tukeiron collected $6.50 from pot
*** SUMMARY ***
Total pot $6.50 | Rake $0 
Seat 1: tukeiron collected ($6.50)
Seat 2: juju3232 (button) folded before Flop (didn't bet)
Seat 3: Joker007r (small blind) folded before Flop
Seat 4: LuckyShikari (big blind) folded before Flop
Seat 5: Rysiff folded before Flop
Seat 6: avlee1 folded before Flop (didn't bet)



PokerStars Hand #254223048145:  Hold'em No Limit ($0.50/$1.00 USD) - 2025/01/06 3:56:02 WET [2025/01/05 22:56:02 ET]
Table 'Sy' 6-max Seat #3 is the button
Seat 1: tukeiron ($130.42 in chips) 
Seat 2: juju3232 ($87.32 in chips) 
Seat 3: Joker007r ($103.25 in chips) 
Seat 4: LuckyShikari ($165.75 in chips) 
Seat 5: Rysiff ($100 in chips) 
Seat 6: avlee1 ($128.85 in chips) 
LuckyShikari: posts small blind $0.50
Rysiff: posts big blind $1
*** HOLE CARDS ***
avlee1: folds 
tukeiron: raises $4 to $5
juju3232: folds 
Joker007r: folds 
LuckyShikari: folds 
Rysiff: folds 
Uncalled bet ($4) returned to tukeiron
tukeiron collected $2.50 from pot
*** SUMMARY ***
Total pot $2.50 | Rake $0 
Seat 1: tukeiron collected ($2.50)
Seat 2: juju3232 folded before Flop (didn't bet)
Seat 3: Joker007r (button) folded before Flop (didn't bet)
Seat 4: LuckyShikari (small blind) folded before Flop
Seat 5: Rysiff (big blind) folded before Flop
Seat 6: avlee1 folded before Flop (didn't bet)



PokerStars Hand #254223053887:  Hold'em No Limit ($0.50/$1.00 USD) - 2025/01/06 3:56:59 WET [2025/01/05 22:56:59 ET]
Table 'Sy' 6-max Seat #4 is the button
Seat 1: tukeiron ($131.92 in chips) 
Seat 2: juju3232 ($87.32 in chips) 
Seat 3: Joker007r ($103.25 in chips) 
Seat 4: LuckyShikari ($165.25 in chips) 
Seat 5: Rysiff ($100 in chips) 
Seat 6: avlee1 ($128.85 in chips) 
Rysiff: posts small blind $0.50
avlee1: posts big blind $1
*** HOLE CARDS ***
tukeiron: folds 
juju3232: folds 
Joker007r: folds 
LuckyShikari: raises $2 to $3
Rysiff: raises $9 to $12
avlee1: folds 
LuckyShikari: folds 
Uncalled bet ($9) returned to Rysiff
Rysiff collected $7 from pot
Rysiff: doesn't show hand 
*** SUMMARY ***
Total pot $7 | Rake $0 
Seat 1: tukeiron folded before Flop (didn't bet)
Seat 2: juju3232 folded before Flop (didn't bet)
Seat 3: Joker007r folded before Flop (didn't bet)
Seat 4: LuckyShikari (button) folded before Flop
Seat 5: Rysiff (small blind) collected ($7)
Seat 6: avlee1 (big blind) folded before Flop



PokerStars Hand #254223056637:  Hold'em No Limit ($0.50/$1.00 USD) - 2025/01/06 3:57:27 WET [2025/01/05 22:57:27 ET]
Table 'Sy' 6-max Seat #5 is the button
Seat 1: tukeiron ($131.92 in chips) 
Seat 2: juju3232 ($87.32 in chips) 
Seat 3: Joker007r ($103.25 in chips) 
Seat 4: LuckyShikari ($162.25 in chips) 
Seat 5: Rysiff ($104 in chips) 
Seat 6: avlee1 ($127.85 in chips) 
avlee1: posts small blind $0.50
tukeiron: posts big blind $1
*** HOLE CARDS ***
juju3232: calls $1
Joker007r: folds 
LuckyShikari: folds 
Rysiff: raises $3 to $4
avlee1: folds 
tukeiron: calls $3
juju3232: calls $3
*** FLOP *** [3d Td 7d]
tukeiron: checks 
juju3232: bets $3
Rysiff: calls $3
tukeiron: folds 
*** TURN *** [3d Td 7d] [As]
juju3232: bets $5
Rysiff: raises $13.79 to $18.79
juju3232: folds 
Uncalled bet ($13.79) returned to Rysiff
Rysiff collected $27.08 from pot
Rysiff: doesn't show hand 
*** SUMMARY ***
Total pot $28.50 | Rake $1.42 
Board [3d Td 7d As]
Seat 1: tukeiron (big blind) folded on the Flop
Seat 2: juju3232 folded on the Turn
Seat 3: Joker007r folded before Flop (didn't bet)
Seat 4: LuckyShikari folded before Flop (didn't bet)
Seat 5: Rysiff (button) collected ($27.08)
Seat 6: avlee1 (small blind) folded before Flop



PokerStars Hand #254223061780:  Hold'em No Limit ($0.50/$1.00 USD) - 2025/01/06 3:58:18 WET [2025/01/05 22:58:18 ET]
Table 'Sy' 6-max Seat #6 is the button
Seat 1: tukeiron ($127.92 in chips) 
Seat 2: juju3232 ($75.32 in chips) 
Seat 3: Joker007r ($103.25 in chips) 
Seat 4: LuckyShikari ($162.25 in chips) 
Seat 5: Rysiff ($119.08 in chips) 
Seat 6: avlee1 ($127.35 in chips) 
tukeiron: posts small blind $0.50
juju3232: posts big blind $1
*** HOLE CARDS ***
Joker007r: folds 
LuckyShikari: folds 
Rysiff: folds 
avlee1: folds 
tukeiron: folds 
Uncalled bet ($0.50) returned to juju3232
juju3232 collected $1 from pot
*** SUMMARY ***
Total pot $1 | Rake $0 
Seat 1: tukeiron (small blind) folded before Flop
Seat 2: juju3232 (big blind) collected ($1)
Seat 3: Joker007r folded before Flop (didn't bet)
Seat 4: LuckyShikari folded before Flop (didn't bet)
Seat 5: Rysiff folded before Flop (didn't bet)
Seat 6: avlee1 (button) folded before Flop (didn't bet)



PokerStars Hand #254223063175:  Hold'em No Limit ($0.50/$1.00 USD) - 2025/01/06 3:58:32 WET [2025/01/05 22:58:32 ET]
Table 'Sy' 6-max Seat #1 is the button
Seat 1: tukeiron ($127.42 in chips) 
Seat 2: juju3232 ($75.82 in chips) 
Seat 3: Joker007r ($103.25 in chips) 
Seat 4: LuckyShikari ($162.25 in chips) 
Seat 5: Rysiff ($119.08 in chips) 
Seat 6: avlee1 ($127.35 in chips) 
juju3232: posts small blind $0.50
Joker007r: posts big blind $1
*** HOLE CARDS ***
LuckyShikari: raises $2.50 to $3.50
Rysiff: folds 
avlee1: folds 
tukeiron: folds 
juju3232: calls $3
Joker007r: folds 
*** FLOP *** [5h 7s Th]
juju3232: bets $1
LuckyShikari: raises $5 to $6
juju3232: calls $5
*** TURN *** [5h 7s Th] [4h]
juju3232: checks 
LuckyShikari: checks 
*** RIVER *** [5h 7s Th 4h] [Ac]
juju3232: checks 
LuckyShikari: bets $16.50
juju3232: folds 
Uncalled bet ($16.50) returned to LuckyShikari
LuckyShikari collected $19 from pot
LuckyShikari: doesn't show hand 
*** SUMMARY ***
Total pot $20 | Rake $1 
Board [5h 7s Th 4h Ac]
Seat 1: tukeiron (button) folded before Flop (didn't bet)
Seat 2: juju3232 (small blind) folded on the River
Seat 3: Joker007r (big blind) folded before Flop
Seat 4: LuckyShikari collected ($19)
Seat 5: Rysiff folded before Flop (didn't bet)
Seat 6: avlee1 folded before Flop (didn't bet)



PokerStars Hand #254223066675:  Hold'em No Limit ($0.50/$1.00 USD) - 2025/01/06 3:59:08 WET [2025/01/05 22:59:08 ET]
Table 'Sy' 6-max Seat #2 is the button
Seat 1: tukeiron ($127.42 in chips) 
Seat 2: juju3232 ($66.32 in chips) 
Seat 3: Joker007r ($102.25 in chips) 
Seat 4: LuckyShikari ($171.75 in chips) 
Seat 5: Rysiff ($119.08 in chips) 
Seat 6: avlee1 ($127.35 in chips) 
Joker007r: posts small blind $0.50
LuckyShikari: posts big blind $1
*** HOLE CARDS ***
Rysiff: folds 
avlee1: folds 
tukeiron: raises $4 to $5
juju3232: folds 
Joker007r: raises $13 to $18
LuckyShikari: folds 
tukeiron: folds 
Uncalled bet ($13) returned to Joker007r
Joker007r collected $11 from pot
Joker007r: doesn't show hand 
*** SUMMARY ***
Total pot $11 | Rake $0 
Seat 1: tukeiron folded before Flop
Seat 2: juju3232 (button) folded before Flop (didn't bet)
Seat 3: Joker007r (small blind) collected ($11)
Seat 4: LuckyShikari (big blind) folded before Flop
Seat 5: Rysiff folded before Flop (didn't bet)
Seat 6: avlee1 folded before Flop (didn't bet)



PokerStars Hand #254223069266:  Hold'em No Limit ($0.50/$1.00 USD) - 2025/01/06 3:59:34 WET [2025/01/05 22:59:34 ET]
Table 'Sy' 6-max Seat #3 is the button
Seat 1: tukeiron ($122.42 in chips) 
Seat 2: juju3232 ($66.32 in chips) 
Seat 3: Joker007r ($108.25 in chips) 
Seat 4: LuckyShikari ($170.75 in chips) 
Seat 5: Rysiff ($119.08 in chips) 
Seat 6: avlee1 ($127.35 in chips) 
LuckyShikari: posts small blind $0.50
Rysiff: posts big blind $1
*** HOLE CARDS ***
avlee1: folds 
tukeiron: folds 
juju3232: folds 
Joker007r: folds 
LuckyShikari: folds 
Uncalled bet ($0.50) returned to Rysiff
Rysiff collected $1 from pot
Rysiff: doesn't show hand 
*** SUMMARY ***
Total pot $1 | Rake $0 
Seat 1: tukeiron folded before Flop (didn't bet)
Seat 2: juju3232 folded before Flop (didn't bet)
Seat 3: Joker007r (button) folded before Flop (didn't bet)
Seat 4: LuckyShikari (small blind) folded before Flop
Seat 5: Rysiff (big blind) collected ($1)
Seat 6: avlee1 folded before Flop (didn't bet)



PokerStars Hand #254223070254:  Hold'em No Limit ($0.50/$1.00 USD) - 2025/01/06 3:59:44 WET [2025/01/05 22:59:44 ET]
Table 'Sy' 6-max Seat #4 is the button
Seat 1: tukeiron ($122.42 in chips) 
Seat 2: juju3232 ($66.32 in chips) 
Seat 3: Joker007r ($108.25 in chips) 
Seat 4: LuckyShikari ($170.25 in chips) 
Seat 5: Rysiff ($119.58 in chips) 
Seat 6: avlee1 ($127.35 in chips) 
Rysiff: posts small blind $0.50
avlee1: posts big blind $1
*** HOLE CARDS ***
tukeiron: raises $2.50 to $3.50
juju3232: folds 
Joker007r: folds 
LuckyShikari: folds 
Rysiff: folds 
avlee1: folds 
Uncalled bet ($2.50) returned to tukeiron
tukeiron collected $2.50 from pot
*** SUMMARY ***
Total pot $2.50 | Rake $0 
Seat 1: tukeiron collected ($2.50)
Seat 2: juju3232 folded before Flop (didn't bet)
Seat 3: Joker007r folded before Flop (didn't bet)
Seat 4: LuckyShikari (button) folded before Flop (didn't bet)
Seat 5: Rysiff (small blind) folded before Flop
Seat 6: avlee1 (big blind) folded before Flop



PokerStars Hand #254223072165:  Hold'em No Limit ($0.50/$1.00 USD) - 2025/01/06 4:00:04 WET [2025/01/05 23:00:04 ET]
Table 'Sy' 6-max Seat #5 is the button
Seat 1: tukeiron ($123.92 in chips) 
Seat 2: juju3232 ($66.32 in chips) 
Seat 3: Joker007r ($108.25 in chips) 
Seat 4: LuckyShikari ($170.25 in chips) 
Seat 5: Rysiff ($119.08 in chips) 
Seat 6: avlee1 ($126.35 in chips) 
avlee1: posts small blind $0.50
tukeiron: posts big blind $1
*** HOLE CARDS ***
juju3232: folds 
Joker007r: folds 
LuckyShikari: folds 
Rysiff: raises $1.50 to $2.50
avlee1: folds 
tukeiron: calls $1.50
*** FLOP *** [4s 7c 6s]
tukeiron: checks 
Rysiff: bets $4.18
tukeiron: calls $4.18
*** TURN *** [4s 7c 6s] [Kd]
tukeiron: checks 
Rysiff: bets $16
tukeiron: calls $16
*** RIVER *** [4s 7c 6s Kd] [Qs]
tukeiron: bets $101.24 and is all-in
Rysiff: folds 
Uncalled bet ($101.24) returned to tukeiron
tukeiron collected $43.57 from pot
*** SUMMARY ***
Total pot $45.86 | Rake $2.29 
Board [4s 7c 6s Kd Qs]
Seat 1: tukeiron (big blind) collected ($43.57)
Seat 2: juju3232 folded before Flop (didn't bet)
Seat 3: Joker007r folded before Flop (didn't bet)
Seat 4: LuckyShikari folded before Flop (didn't bet)
Seat 5: Rysiff (button) folded on the River
Seat 6: avlee1 (small blind) folded before Flop



PokerStars Hand #254223079825:  Hold'em No Limit ($0.50/$1.00 USD) - 2025/01/06 4:01:15 WET [2025/01/05 23:01:15 ET]
Table 'Sy' 6-max Seat #6 is the button
Seat 1: tukeiron ($144.81 in chips) 
Seat 2: juju3232 ($66.32 in chips) 
Seat 3: Joker007r ($108.25 in chips) 
Seat 4: LuckyShikari ($170.25 in chips) 
Seat 5: Rysiff ($100 in chips) 
Seat 6: avlee1 ($125.85 in chips) 
tukeiron: posts small blind $0.50
juju3232: posts big blind $1
*** HOLE CARDS ***
Joker007r: folds 
LuckyShikari: folds 
Rysiff: folds 
avlee1: folds 
tukeiron: raises $2 to $3
juju3232: calls $2
*** FLOP *** [7d Qd 7h]
tukeiron: bets $2.85
juju3232: folds 
Uncalled bet ($2.85) returned to tukeiron
tukeiron collected $5.70 from pot
*** SUMMARY ***
Total pot $6 | Rake $0.30 
Board [7d Qd 7h]
Seat 1: tukeiron (small blind) collected ($5.70)
Seat 2: juju3232 (big blind) folded on the Flop
Seat 3: Joker007r folded before Flop (didn't bet)
Seat 4: LuckyShikari folded before Flop (didn't bet)
Seat 5: Rysiff folded before Flop (didn't bet)
Seat 6: avlee1 (button) folded before Flop (didn't bet)



PokerStars Hand #254223081966:  Hold'em No Limit ($0.50/$1.00 USD) - 2025/01/06 4:01:34 WET [2025/01/05 23:01:34 ET]
Table 'Sy' 6-max Seat #1 is the button
Seat 1: tukeiron ($147.51 in chips) 
Seat 2: juju3232 ($63.32 in chips) 
Seat 3: Joker007r ($108.25 in chips) 
Seat 4: LuckyShikari ($170.25 in chips) 
Seat 5: Rysiff ($100 in chips) 
Seat 6: avlee1 ($125.85 in chips) 
juju3232: posts small blind $0.50
Joker007r: posts big blind $1
*** HOLE CARDS ***
LuckyShikari: folds 
Rysiff: folds 
avlee1: raises $1.50 to $2.50
tukeiron: folds 
juju3232: calls $2
Joker007r: calls $1.50
*** FLOP *** [Td Kd Jh]
juju3232: checks 
Joker007r: checks 
avlee1: checks 
*** TURN *** [Td Kd Jh] [9h]
juju3232: bets $3
Joker007r: folds 
avlee1: calls $3
*** RIVER *** [Td Kd Jh 9h] [Qs]
juju3232: bets $7
avlee1: raises $113.35 to $120.35 and is all-in
juju3232: calls $50.82 and is all-in
Uncalled bet ($62.53) returned to avlee1
*** SHOW DOWN ***
avlee1: shows [Ks Ad] (a straight, Ten to Ace)
juju3232: shows [Ah 9s] (a straight, Ten to Ace)
juju3232 collected $63.32 from pot
avlee1 collected $63.32 from pot
*** SUMMARY ***
Total pot $129.14 | Rake $2.50 
Board [Td Kd Jh 9h Qs]
Seat 1: tukeiron (button) folded before Flop (didn't bet)
Seat 2: juju3232 (small blind) showed [Ah 9s] and won ($63.32) with a straight, Ten to Ace
Seat 3: Joker007r (big blind) folded on the Turn
Seat 4: LuckyShikari folded before Flop (didn't bet)
Seat 5: Rysiff folded before Flop (didn't bet)
Seat 6: avlee1 showed [Ks Ad] and won ($63.32) with a straight, Ten to Ace



PokerStars Hand #254223088912:  Hold'em No Limit ($0.50/$1.00 USD) - 2025/01/06 4:02:33 WET [2025/01/05 23:02:33 ET]
Table 'Sy' 6-max Seat #2 is the button
Seat 1: tukeiron ($147.51 in chips) 
Seat 2: juju3232 ($63.32 in chips) 
Seat 3: Joker007r ($105.75 in chips) 
Seat 4: LuckyShikari ($170.25 in chips) 
Seat 5: Rysiff ($100 in chips) 
Seat 6: avlee1 ($125.85 in chips) 
Joker007r: posts small blind $0.50
LuckyShikari: posts big blind $1
*** HOLE CARDS ***
Rysiff: folds 
avlee1: raises $1.50 to $2.50
tukeiron: calls $2.50
juju3232: folds 
Joker007r: raises $11 to $13.50
LuckyShikari: folds 
avlee1: folds 
tukeiron: folds 
Uncalled bet ($11) returned to Joker007r
Joker007r collected $8.50 from pot
Joker007r: doesn't show hand 
*** SUMMARY ***
Total pot $8.50 | Rake $0 
Seat 1: tukeiron folded before Flop
Seat 2: juju3232 (button) folded before Flop (didn't bet)
Seat 3: Joker007r (small blind) collected ($8.50)
Seat 4: LuckyShikari (big blind) folded before Flop
Seat 5: Rysiff folded before Flop (didn't bet)
Seat 6: avlee1 folded before Flop



PokerStars Hand #254223091886:  Hold'em No Limit ($0.50/$1.00 USD) - 2025/01/06 4:03:00 WET [2025/01/05 23:03:00 ET]
Table 'Sy' 6-max Seat #3 is the button
Seat 1: tukeiron ($145.01 in chips) 
Seat 2: juju3232 ($63.32 in chips) 
Seat 3: Joker007r ($111.75 in chips) 
Seat 4: LuckyShikari ($169.25 in chips) 
Seat 5: Rysiff ($100 in chips) 
Seat 6: avlee1 ($123.35 in chips) 
LuckyShikari: posts small blind $0.50
Rysiff: posts big blind $1
*** HOLE CARDS ***
avlee1: folds 
tukeiron: raises $4.50 to $5.50
juju3232: folds 
Joker007r: folds 
LuckyShikari: calls $5
Rysiff: folds 
*** FLOP *** [4s 6d Ac]
LuckyShikari: checks 
tukeiron: bets $3.76
LuckyShikari: raises $11.24 to $15
tukeiron: folds 
Uncalled bet ($11.24) returned to LuckyShikari
LuckyShikari collected $18.54 from pot
LuckyShikari: doesn't show hand 
*** SUMMARY ***
Total pot $19.52 | Rake $0.98 
Board [4s 6d Ac]
Seat 1: tukeiron folded on the Flop
Seat 2: juju3232 folded before Flop (didn't bet)
Seat 3: Joker007r (button) folded before Flop (didn't bet)
Seat 4: LuckyShikari (small blind) collected ($18.54)
Seat 5: Rysiff (big blind) folded before Flop
Seat 6: avlee1 folded before Flop (didn't bet)



PokerStars Hand #254223098554:  Hold'em No Limit ($0.50/$1.00 USD) - 2025/01/06 4:03:56 WET [2025/01/05 23:03:56 ET]
Table 'Sy' 6-max Seat #4 is the button
Seat 1: tukeiron ($135.75 in chips) 
Seat 2: juju3232 ($63.32 in chips) 
Seat 3: Joker007r ($111.75 in chips) 
Seat 4: LuckyShikari ($178.53 in chips) 
Seat 5: Rysiff ($100 in chips) 
Seat 6: avlee1 ($123.35 in chips) 
Rysiff: posts small blind $0.50
avlee1: posts big blind $1
*** HOLE CARDS ***
tukeiron: folds 
juju3232: calls $1
Joker007r: folds 
LuckyShikari: folds 
Rysiff: folds 
avlee1: raises $3.50 to $4.50
juju3232: calls $3.50
*** FLOP *** [Jc 4h 8s]
avlee1: bets $2.53
juju3232: calls $2.53
*** TURN *** [Jc 4h 8s] [6d]
avlee1: checks 
juju3232: checks 
*** RIVER *** [Jc 4h 8s 6d] [2s]
avlee1: bets $6.92
juju3232: folds 
Uncalled bet ($6.92) returned to avlee1
avlee1 collected $13.83 from pot
avlee1: doesn't show hand 
*** SUMMARY ***
Total pot $14.56 | Rake $0.73 
Board [Jc 4h 8s 6d 2s]
Seat 1: tukeiron folded before Flop (didn't bet)
Seat 2: juju3232 folded on the River
Seat 3: Joker007r folded before Flop (didn't bet)
Seat 4: LuckyShikari (button) folded before Flop (didn't bet)
Seat 5: Rysiff (small blind) folded before Flop
Seat 6: avlee1 (big blind) collected ($13.83)



PokerStars Hand #254223103192:  Hold'em No Limit ($0.50/$1.00 USD) - 2025/01/06 4:04:35 WET [2025/01/05 23:04:35 ET]
Table 'Sy' 6-max Seat #5 is the button
Seat 1: tukeiron ($135.75 in chips) 
Seat 2: juju3232 ($56.29 in chips) 
Seat 3: Joker007r ($111.75 in chips) 
Seat 4: LuckyShikari ($178.53 in chips) 
Seat 5: Rysiff ($100 in chips) 
Seat 6: avlee1 ($130.15 in chips) 
avlee1: posts small blind $0.50
tukeiron: posts big blind $1
*** HOLE CARDS ***
juju3232: calls $1
Joker007r: folds 
LuckyShikari: folds 
Rysiff: raises $3 to $4
avlee1: folds 
tukeiron: folds 
juju3232: calls $3
*** FLOP *** [Qs Ac 8s]
juju3232: checks 
Rysiff: bets $4.51
juju3232: calls $4.51
*** TURN *** [Qs Ac 8s] [Qd]
juju3232: checks 
Rysiff: checks 
*** RIVER *** [Qs Ac 8s Qd] [3c]
juju3232: bets $7
Rysiff: folds 
Uncalled bet ($7) returned to juju3232
juju3232 collected $17.59 from pot
*** SUMMARY ***
Total pot $18.52 | Rake $0.93 
Board [Qs Ac 8s Qd 3c]
Seat 1: tukeiron (big blind) folded before Flop
Seat 2: juju3232 collected ($17.59)
Seat 3: Joker007r folded before Flop (didn't bet)
Seat 4: LuckyShikari folded before Flop (didn't bet)
Seat 5: Rysiff (button) folded on the River
Seat 6: avlee1 (small blind) folded before Flop



PokerStars Hand #254223244906:  Hold'em No Limit ($0.50/$1.00 USD) - 2025/01/06 4:25:55 WET [2025/01/05 23:25:55 ET]
Table 'Sy' 6-max Seat #6 is the button
Seat 1: tukeiron ($177.91 in chips) 
Seat 2: juju3232 ($73.32 in chips) 
Seat 3: Joker007r ($150.35 in chips) 
Seat 4: LuckyShikari ($123.20 in chips) 
Seat 5: Rysiff ($125.87 in chips) 
Seat 6: avlee1 ($134.62 in chips) 
tukeiron: posts small blind $0.50
juju3232: posts big blind $1
*** HOLE CARDS ***
Joker007r: folds 
LuckyShikari: folds 
Rysiff: raises $1.50 to $2.50
avlee1: folds 
tukeiron: folds 
juju3232: calls $1.50
*** FLOP *** [5c 8h 4d]
juju3232: checks 
Rysiff: bets $2.61
juju3232: calls $2.61
*** TURN *** [5c 8h 4d] [3h]
juju3232: checks 
Rysiff: bets $8.14
juju3232: folds 
Uncalled bet ($8.14) returned to Rysiff
Rysiff collected $10.18 from pot
Rysiff: doesn't show hand 
*** SUMMARY ***
Total pot $10.72 | Rake $0.54 
Board [5c 8h 4d 3h]
Seat 1: tukeiron (small blind) folded before Flop
Seat 2: juju3232 (big blind) folded on the Turn
Seat 3: Joker007r folded before Flop (didn't bet)
Seat 4: LuckyShikari folded before Flop (didn't bet)
Seat 5: Rysiff collected ($10.18)
Seat 6: avlee1 (button) folded before Flop (didn't bet)



PokerStars Hand #254223247793:  Hold'em No Limit ($0.50/$1.00 USD) - 2025/01/06 4:26:22 WET [2025/01/05 23:26:22 ET]
Table 'Sy' 6-max Seat #1 is the button
Seat 1: tukeiron ($177.41 in chips) 
Seat 2: juju3232 ($68.21 in chips) 
Seat 3: Joker007r ($150.35 in chips) 
Seat 4: LuckyShikari ($123.20 in chips) 
Seat 5: Rysiff ($130.94 in chips) 
Seat 6: avlee1 ($134.62 in chips) 
juju3232: posts small blind $0.50
Joker007r: posts big blind $1
*** HOLE CARDS ***
LuckyShikari: raises $2.50 to $3.50
Rysiff: folds 
avlee1: folds 
tukeiron: calls $3.50
juju3232: folds 
Joker007r: folds 
*** FLOP *** [5d 6s 8h]
LuckyShikari: checks 
tukeiron: bets $8.08
LuckyShikari: folds 
Uncalled bet ($8.08) returned to tukeiron
tukeiron collected $8.08 from pot
*** SUMMARY ***
Total pot $8.50 | Rake $0.42 
Board [5d 6s 8h]
Seat 1: tukeiron (button) collected ($8.08)
Seat 2: juju3232 (small blind) folded before Flop
Seat 3: Joker007r (big blind) folded before Flop
Seat 4: LuckyShikari folded on the Flop
Seat 5: Rysiff folded before Flop (didn't bet)
Seat 6: avlee1 folded before Flop (didn't bet)



PokerStars Hand #254223251143:  Hold'em No Limit ($0.50/$1.00 USD) - 2025/01/06 4:26:53 WET [2025/01/05 23:26:53 ET]
Table 'Sy' 6-max Seat #2 is the button
Seat 1: tukeiron ($181.99 in chips) 
Seat 2: juju3232 ($67.71 in chips) 
Seat 3: Joker007r ($149.35 in chips) 
Seat 4: LuckyShikari ($119.70 in chips) 
Seat 5: Rysiff ($130.94 in chips) 
Seat 6: avlee1 ($134.62 in chips) 
Joker007r: posts small blind $0.50
LuckyShikari: posts big blind $1
*** HOLE CARDS ***
Rysiff: folds 
avlee1: folds 
tukeiron: folds 
juju3232: folds 
Joker007r: folds 
Uncalled bet ($0.50) returned to LuckyShikari
LuckyShikari collected $1 from pot
LuckyShikari: doesn't show hand 
*** SUMMARY ***
Total pot $1 | Rake $0 
Seat 1: tukeiron folded before Flop (didn't bet)
Seat 2: juju3232 (button) folded before Flop (didn't bet)
Seat 3: Joker007r (small blind) folded before Flop
Seat 4: LuckyShikari (big blind) collected ($1)
Seat 5: Rysiff folded before Flop (didn't bet)
Seat 6: avlee1 folded before Flop (didn't bet)



PokerStars Hand #254223253399:  Hold'em No Limit ($0.50/$1.00 USD) - 2025/01/06 4:27:13 WET [2025/01/05 23:27:13 ET]
Table 'Sy' 6-max Seat #3 is the button
Seat 1: tukeiron ($181.99 in chips) 
Seat 2: juju3232 ($67.71 in chips) 
Seat 3: Joker007r ($148.85 in chips) 
Seat 4: LuckyShikari ($120.20 in chips) 
Seat 5: Rysiff ($130.94 in chips) 
Seat 6: avlee1 ($134.62 in chips) 
LuckyShikari: posts small blind $0.50
Rysiff: posts big blind $1
*** HOLE CARDS ***
avlee1: folds 
tukeiron: folds 
juju3232: calls $1
Joker007r: folds 
LuckyShikari: folds 
Rysiff: checks 
*** FLOP *** [Th 6d 3s]
Rysiff: checks 
juju3232: bets $2
Rysiff: folds 
Uncalled bet ($2) returned to juju3232
juju3232 collected $2.38 from pot
*** SUMMARY ***
Total pot $2.50 | Rake $0.12 
Board [Th 6d 3s]
Seat 1: tukeiron folded before Flop (didn't bet)
Seat 2: juju3232 collected ($2.38)
Seat 3: Joker007r (button) folded before Flop (didn't bet)
Seat 4: LuckyShikari (small blind) folded before Flop
Seat 5: Rysiff (big blind) folded on the Flop
Seat 6: avlee1 folded before Flop (didn't bet)



PokerStars Hand #254223256249:  Hold'em No Limit ($0.50/$1.00 USD) - 2025/01/06 4:27:40 WET [2025/01/05 23:27:40 ET]
Table 'Sy' 6-max Seat #4 is the button
Seat 1: tukeiron ($181.99 in chips) 
Seat 2: juju3232 ($69.09 in chips) 
Seat 3: Joker007r ($148.85 in chips) 
Seat 4: LuckyShikari ($119.70 in chips) 
Seat 5: Rysiff ($129.94 in chips) 
Seat 6: avlee1 ($134.62 in chips) 
Rysiff: posts small blind $0.50
avlee1: posts big blind $1
*** HOLE CARDS ***
tukeiron: folds 
juju3232: folds 
Joker007r: folds 
LuckyShikari: folds 
Rysiff: folds 
Uncalled bet ($0.50) returned to avlee1
avlee1 collected $1 from pot
avlee1: doesn't show hand 
*** SUMMARY ***
Total pot $1 | Rake $0 
Seat 1: tukeiron folded before Flop (didn't bet)
Seat 2: juju3232 folded before Flop (didn't bet)
Seat 3: Joker007r folded before Flop (didn't bet)
Seat 4: LuckyShikari (button) folded before Flop (didn't bet)
Seat 5: Rysiff (small blind) folded before Flop
Seat 6: avlee1 (big blind) collected ($1)



PokerStars Hand #254223258073:  Hold'em No Limit ($0.50/$1.00 USD) - 2025/01/06 4:27:57 WET [2025/01/05 23:27:57 ET]
Table 'Sy' 6-max Seat #5 is the button
Seat 1: tukeiron ($181.99 in chips) 
Seat 2: juju3232 ($69.09 in chips) 
Seat 3: Joker007r ($148.85 in chips) 
Seat 4: LuckyShikari ($119.70 in chips) 
Seat 5: Rysiff ($129.44 in chips) 
Seat 6: avlee1 ($135.12 in chips) 
avlee1: posts small blind $0.50
tukeiron: posts big blind $1
*** HOLE CARDS ***
juju3232: folds 
Joker007r: folds 
LuckyShikari: folds 
Rysiff: folds 
avlee1: folds 
Uncalled bet ($0.50) returned to tukeiron
tukeiron collected $1 from pot
*** SUMMARY ***
Total pot $1 | Rake $0 
Seat 1: tukeiron (big blind) collected ($1)
Seat 2: juju3232 folded before Flop (didn't bet)
Seat 3: Joker007r folded before Flop (didn't bet)
Seat 4: LuckyShikari folded before Flop (didn't bet)
Seat 5: Rysiff (button) folded before Flop (didn't bet)
Seat 6: avlee1 (small blind) folded before Flop



PokerStars Hand #254223259292:  Hold'em No Limit ($0.50/$1.00 USD) - 2025/01/06 4:28:09 WET [2025/01/05 23:28:09 ET]
Table 'Sy' 6-max Seat #6 is the button
Seat 1: tukeiron ($182.49 in chips) 
Seat 2: juju3232 ($69.09 in chips) 
Seat 3: Joker007r ($148.85 in chips) 
Seat 4: LuckyShikari ($119.70 in chips) 
Seat 5: Rysiff ($129.44 in chips) 
Seat 6: avlee1 ($134.62 in chips) 
tukeiron: posts small blind $0.50
juju3232: posts big blind $1
*** HOLE CARDS ***
Joker007r: folds 
LuckyShikari: folds 
Rysiff: folds 
avlee1: raises $1.50 to $2.50
tukeiron: raises $9 to $11.50
juju3232: folds 
avlee1: folds 
Uncalled bet ($9) returned to tukeiron
tukeiron collected $6 from pot
*** SUMMARY ***
Total pot $6 | Rake $0 
Seat 1: tukeiron (small blind) collected ($6)
Seat 2: juju3232 (big blind) folded before Flop
Seat 3: Joker007r folded before Flop (didn't bet)
Seat 4: LuckyShikari folded before Flop (didn't bet)
Seat 5: Rysiff folded before Flop (didn't bet)
Seat 6: avlee1 (button) folded before Flop



PokerStars Hand #254223261366:  Hold'em No Limit ($0.50/$1.00 USD) - 2025/01/06 4:28:29 WET [2025/01/05 23:28:29 ET]
Table 'Sy' 6-max Seat #1 is the button
Seat 1: tukeiron ($185.99 in chips) 
Seat 2: juju3232 ($68.09 in chips) 
Seat 3: Joker007r ($148.85 in chips) 
Seat 4: LuckyShikari ($119.70 in chips) 
Seat 5: Rysiff ($129.44 in chips) 
Seat 6: avlee1 ($132.12 in chips) 
juju3232: posts small blind $0.50
Joker007r: posts big blind $1
*** HOLE CARDS ***
LuckyShikari: folds 
Rysiff: folds 
avlee1: folds 
tukeiron: raises $1.50 to $2.50
juju3232: folds 
Joker007r: folds 
Uncalled bet ($1.50) returned to tukeiron
tukeiron collected $2.50 from pot
*** SUMMARY ***
Total pot $2.50 | Rake $0 
Seat 1: tukeiron (button) collected ($2.50)
Seat 2: juju3232 (small blind) folded before Flop
Seat 3: Joker007r (big blind) folded before Flop
Seat 4: LuckyShikari folded before Flop (didn't bet)
Seat 5: Rysiff folded before Flop (didn't bet)
Seat 6: avlee1 folded before Flop (didn't bet)



PokerStars Hand #254223263512:  Hold'em No Limit ($0.50/$1.00 USD) - 2025/01/06 4:28:49 WET [2025/01/05 23:28:49 ET]
Table 'Sy' 6-max Seat #2 is the button
Seat 1: tukeiron ($187.49 in chips) 
Seat 2: juju3232 ($67.59 in chips) 
Seat 3: Joker007r ($147.85 in chips) 
Seat 4: LuckyShikari ($119.70 in chips) 
Seat 5: Rysiff ($129.44 in chips) 
Seat 6: avlee1 ($132.12 in chips) 
Joker007r: posts small blind $0.50
LuckyShikari: posts big blind $1
*** HOLE CARDS ***
Rysiff: folds 
avlee1: folds 
tukeiron: folds 
juju3232: calls $1
Joker007r: raises $4 to $5
LuckyShikari: calls $4
juju3232: calls $4
*** FLOP *** [Ts 6h 5d]
Joker007r: checks 
LuckyShikari: checks 
juju3232: bets $5
Joker007r: folds 
LuckyShikari: calls $5
*** TURN *** [Ts 6h 5d] [3s]
LuckyShikari: checks 
juju3232: bets $7
LuckyShikari: calls $7
*** RIVER *** [Ts 6h 5d 3s] [3d]
LuckyShikari: checks 
juju3232: bets $16
LuckyShikari: calls $16
*** SHOW DOWN ***
juju3232: shows [6c 3c] (a full house, Threes full of Sixes)
LuckyShikari: mucks hand 
juju3232 collected $68.50 from pot
*** SUMMARY ***
Total pot $71 | Rake $2.50 
Board [Ts 6h 5d 3s 3d]
Seat 1: tukeiron folded before Flop (didn't bet)
Seat 2: juju3232 (button) showed [6c 3c] and won ($68.50) with a full house, Threes full of Sixes
Seat 3: Joker007r (small blind) folded on the Flop
Seat 4: LuckyShikari (big blind) mucked
Seat 5: Rysiff folded before Flop (didn't bet)
Seat 6: avlee1 folded before Flop (didn't bet)



PokerStars Hand #254223271249:  Hold'em No Limit ($0.50/$1.00 USD) - 2025/01/06 4:30:02 WET [2025/01/05 23:30:02 ET]
Table 'Sy' 6-max Seat #3 is the button
Seat 1: tukeiron ($187.49 in chips) 
Seat 2: juju3232 ($103.09 in chips) 
Seat 3: Joker007r ($142.85 in chips) 
Seat 4: LuckyShikari ($100 in chips) 
Seat 5: Rysiff ($129.44 in chips) 
Seat 6: avlee1 ($132.12 in chips) 
LuckyShikari: posts small blind $0.50
Rysiff: posts big blind $1
*** HOLE CARDS ***
avlee1: folds 
tukeiron: folds 
juju3232: folds 
Joker007r: folds 
LuckyShikari: raises $2 to $3
Rysiff: folds 
Uncalled bet ($2) returned to LuckyShikari
LuckyShikari collected $2 from pot
LuckyShikari: doesn't show hand 
*** SUMMARY ***
Total pot $2 | Rake $0 
Seat 1: tukeiron folded before Flop (didn't bet)
Seat 2: juju3232 folded before Flop (didn't bet)
Seat 3: Joker007r (button) folded before Flop (didn't bet)
Seat 4: LuckyShikari (small blind) collected ($2)
Seat 5: Rysiff (big blind) folded before Flop
Seat 6: avlee1 folded before Flop (didn't bet)



PokerStars Hand #254223272899:  Hold'em No Limit ($0.50/$1.00 USD) - 2025/01/06 4:30:18 WET [2025/01/05 23:30:18 ET]
Table 'Sy' 6-max Seat #4 is the button
Seat 1: tukeiron ($187.49 in chips) 
Seat 2: juju3232 ($103.09 in chips) 
Seat 3: Joker007r ($142.85 in chips) 
Seat 4: LuckyShikari ($101 in chips) 
Seat 5: Rysiff ($128.44 in chips) 
Seat 6: avlee1 ($132.12 in chips) 
Rysiff: posts small blind $0.50
avlee1: posts big blind $1
*** HOLE CARDS ***
tukeiron: folds 
juju3232: folds 
Joker007r: folds 
LuckyShikari: folds 
Rysiff: folds 
Uncalled bet ($0.50) returned to avlee1
avlee1 collected $1 from pot
avlee1: doesn't show hand 
*** SUMMARY ***
Total pot $1 | Rake $0 
Seat 1: tukeiron folded before Flop (didn't bet)
Seat 2: juju3232 folded before Flop (didn't bet)
Seat 3: Joker007r folded before Flop (didn't bet)
Seat 4: LuckyShikari (button) folded before Flop (didn't bet)
Seat 5: Rysiff (small blind) folded before Flop
Seat 6: avlee1 (big blind) collected ($1)



PokerStars Hand #254223273932:  Hold'em No Limit ($0.50/$1.00 USD) - 2025/01/06 4:30:28 WET [2025/01/05 23:30:28 ET]
Table 'Sy' 6-max Seat #5 is the button
Seat 1: tukeiron ($187.49 in chips) 
Seat 2: juju3232 ($103.09 in chips) 
Seat 3: Joker007r ($142.85 in chips) 
Seat 4: LuckyShikari ($101 in chips) 
Seat 5: Rysiff ($127.94 in chips) 
Seat 6: avlee1 ($132.62 in chips) 
avlee1: posts small blind $0.50
tukeiron: posts big blind $1
*** HOLE CARDS ***
juju3232: folds 
Joker007r: folds 
LuckyShikari: raises $2.50 to $3.50
Rysiff: folds 
avlee1: folds 
tukeiron: folds 
Uncalled bet ($2.50) returned to LuckyShikari
LuckyShikari collected $2.50 from pot
LuckyShikari: doesn't show hand 
*** SUMMARY ***
Total pot $2.50 | Rake $0 
Seat 1: tukeiron (big blind) folded before Flop
Seat 2: juju3232 folded before Flop (didn't bet)
Seat 3: Joker007r folded before Flop (didn't bet)
Seat 4: LuckyShikari collected ($2.50)
Seat 5: Rysiff (button) folded before Flop (didn't bet)
Seat 6: avlee1 (small blind) folded before Flop



PokerStars Hand #254223275318:  Hold'em No Limit ($0.50/$1.00 USD) - 2025/01/06 4:30:41 WET [2025/01/05 23:30:41 ET]
Table 'Sy' 6-max Seat #6 is the button
Seat 1: tukeiron ($186.49 in chips) 
Seat 2: juju3232 ($103.09 in chips) 
Seat 3: Joker007r ($142.85 in chips) 
Seat 4: LuckyShikari ($102.50 in chips) 
Seat 5: Rysiff ($127.94 in chips) 
Seat 6: avlee1 ($132.12 in chips) 
tukeiron: posts small blind $0.50
juju3232: posts big blind $1
*** HOLE CARDS ***
Joker007r: raises $2 to $3
LuckyShikari: calls $3
Rysiff: folds 
avlee1: folds 
tukeiron: folds 
juju3232: calls $2
*** FLOP *** [Td Ah 4h]
juju3232: checks 
Joker007r: checks 
LuckyShikari: checks 
*** TURN *** [Td Ah 4h] [5h]
juju3232: checks 
Joker007r: checks 
LuckyShikari: checks 
*** RIVER *** [Td Ah 4h 5h] [Kh]
juju3232: checks 
Joker007r: checks 
LuckyShikari: checks 
*** SHOW DOWN ***
juju3232: shows [7s 8d] (high card Ace)
Joker007r: shows [Kd Kc] (three of a kind, Kings)
LuckyShikari: mucks hand 
Joker007r collected $9.02 from pot
*** SUMMARY ***
Total pot $9.50 | Rake $0.48 
Board [Td Ah 4h 5h Kh]
Seat 1: tukeiron (small blind) folded before Flop
Seat 2: juju3232 (big blind) showed [7s 8d] and lost with high card Ace
Seat 3: Joker007r showed [Kd Kc] and won ($9.02) with three of a kind, Kings
Seat 4: LuckyShikari mucked
Seat 5: Rysiff folded before Flop (didn't bet)
Seat 6: avlee1 (button) folded before Flop (didn't bet)



PokerStars Hand #254223279394:  Hold'em No Limit ($0.50/$1.00 USD) - 2025/01/06 4:31:20 WET [2025/01/05 23:31:20 ET]
Table 'Sy' 6-max Seat #1 is the button
Seat 1: tukeiron ($185.99 in chips) 
Seat 2: juju3232 ($100.09 in chips) 
Seat 3: Joker007r ($148.87 in chips) 
Seat 4: LuckyShikari ($100 in chips) 
Seat 5: Rysiff ($127.94 in chips) 
Seat 6: avlee1 ($132.12 in chips) 
juju3232: posts small blind $0.50
Joker007r: posts big blind $1
*** HOLE CARDS ***
LuckyShikari: folds 
Rysiff: folds 
avlee1: folds 
tukeiron: raises $1.50 to $2.50
juju3232: calls $2
Joker007r: calls $1.50
*** FLOP *** [3s 7c Th]
juju3232: bets $2
Joker007r: calls $2
tukeiron: folds 
*** TURN *** [3s 7c Th] [6h]
juju3232: checks 
Joker007r: checks 
*** RIVER *** [3s 7c Th 6h] [Ks]
juju3232: checks 
Joker007r: checks 
*** SHOW DOWN ***
juju3232: shows [5s 5h] (a pair of Fives)
Joker007r: mucks hand 
juju3232 collected $10.92 from pot
*** SUMMARY ***
Total pot $11.50 | Rake $0.58 
Board [3s 7c Th 6h Ks]
Seat 1: tukeiron (button) folded on the Flop
Seat 2: juju3232 (small blind) showed [5s 5h] and won ($10.92) with a pair of Fives
Seat 3: Joker007r (big blind) mucked
Seat 4: LuckyShikari folded before Flop (didn't bet)
Seat 5: Rysiff folded before Flop (didn't bet)
Seat 6: avlee1 folded before Flop (didn't bet)



PokerStars Hand #254223284336:  Hold'em No Limit ($0.50/$1.00 USD) - 2025/01/06 4:32:08 WET [2025/01/05 23:32:08 ET]
Table 'Sy' 6-max Seat #2 is the button
Seat 1: tukeiron ($183.49 in chips) 
Seat 2: juju3232 ($106.51 in chips) 
Seat 3: Joker007r ($144.37 in chips) 
Seat 4: LuckyShikari ($100 in chips) 
Seat 5: Rysiff ($127.94 in chips) 
Seat 6: avlee1 ($132.12 in chips) 
Joker007r: posts small blind $0.50
LuckyShikari: posts big blind $1
*** HOLE CARDS ***
Rysiff: folds 
avlee1: folds 
tukeiron: folds 
juju3232: calls $1
Joker007r: raises $4 to $5
LuckyShikari: folds 
juju3232: folds 
Uncalled bet ($4) returned to Joker007r
Joker007r collected $3 from pot
Joker007r: doesn't show hand 
*** SUMMARY ***
Total pot $3 | Rake $0 
Seat 1: tukeiron folded before Flop (didn't bet)
Seat 2: juju3232 (button) folded before Flop
Seat 3: Joker007r (small blind) collected ($3)
Seat 4: LuckyShikari (big blind) folded before Flop
Seat 5: Rysiff folded before Flop (didn't bet)
Seat 6: avlee1 folded before Flop (didn't bet)



PokerStars Hand #254223286656:  Hold'em No Limit ($0.50/$1.00 USD) - 2025/01/06 4:32:31 WET [2025/01/05 23:32:31 ET]
Table 'Sy' 6-max Seat #3 is the button
Seat 1: tukeiron ($183.49 in chips) 
Seat 2: juju3232 ($105.51 in chips) 
Seat 3: Joker007r ($146.37 in chips) 
Seat 4: LuckyShikari ($100 in chips) 
Seat 5: Rysiff ($127.94 in chips) 
Seat 6: avlee1 ($132.12 in chips) 
LuckyShikari: posts small blind $0.50
Rysiff: posts big blind $1
*** HOLE CARDS ***
avlee1: folds 
tukeiron: raises $1.50 to $2.50
juju3232: folds 
Joker007r: raises $5 to $7.50
LuckyShikari: calls $7
Rysiff: folds 
tukeiron: calls $5
*** FLOP *** [Qd 9c Ks]
LuckyShikari: checks 
tukeiron: checks 
Joker007r: checks 
*** TURN *** [Qd 9c Ks] [2h]
LuckyShikari: checks 
tukeiron: bets $17.86
Joker007r: folds 
LuckyShikari: folds 
Uncalled bet ($17.86) returned to tukeiron
tukeiron collected $22.32 from pot
*** SUMMARY ***
Total pot $23.50 | Rake $1.18 
Board [Qd 9c Ks 2h]
Seat 1: tukeiron collected ($22.32)
Seat 2: juju3232 folded before Flop (didn't bet)
Seat 3: Joker007r (button) folded on the Turn
Seat 4: LuckyShikari (small blind) folded on the Turn
Seat 5: Rysiff (big blind) folded before Flop
Seat 6: avlee1 folded before Flop (didn't bet)



PokerStars Hand #254223296180:  Hold'em No Limit ($0.50/$1.00 USD) - 2025/01/06 4:34:02 WET [2025/01/05 23:34:02 ET]
Table 'Sy' 6-max Seat #4 is the button
Seat 1: tukeiron ($198.31 in chips) 
Seat 2: juju3232 ($105.51 in chips) 
Seat 3: Joker007r ($138.87 in chips) 
Seat 4: LuckyShikari ($100 in chips) 
Seat 5: Rysiff ($126.94 in chips) 
Seat 6: avlee1 ($132.12 in chips) 
Rysiff: posts small blind $0.50
avlee1: posts big blind $1
*** HOLE CARDS ***
tukeiron: raises $4 to $5
juju3232: folds 
Joker007r: folds 
LuckyShikari: folds 
Rysiff: folds 
avlee1: folds 
Uncalled bet ($4) returned to tukeiron
tukeiron collected $2.50 from pot
*** SUMMARY ***
Total pot $2.50 | Rake $0 
Seat 1: tukeiron collected ($2.50)
Seat 2: juju3232 folded before Flop (didn't bet)
Seat 3: Joker007r folded before Flop (didn't bet)
Seat 4: LuckyShikari (button) folded before Flop (didn't bet)
Seat 5: Rysiff (small blind) folded before Flop
Seat 6: avlee1 (big blind) folded before Flop



PokerStars Hand #254223298006:  Hold'em No Limit ($0.50/$1.00 USD) - 2025/01/06 4:34:20 WET [2025/01/05 23:34:20 ET]
Table 'Sy' 6-max Seat #5 is the button
Seat 1: tukeiron ($199.81 in chips) 
Seat 2: juju3232 ($105.51 in chips) 
Seat 3: Joker007r ($138.87 in chips) 
Seat 4: LuckyShikari ($100 in chips) 
Seat 5: Rysiff ($126.44 in chips) 
Seat 6: avlee1 ($131.12 in chips) 
avlee1: posts small blind $0.50
tukeiron: posts big blind $1
*** HOLE CARDS ***
juju3232: folds 
Joker007r: folds 
LuckyShikari: folds 
Rysiff: raises $1.50 to $2.50
avlee1: folds 
tukeiron: calls $1.50
*** FLOP *** [Jc 6s Qs]
tukeiron: checks 
Rysiff: bets $1.72
tukeiron: calls $1.72
*** TURN *** [Jc 6s Qs] [2c]
tukeiron: checks 
Rysiff: bets $6.79
tukeiron: calls $6.79
*** RIVER *** [Jc 6s Qs 2c] [Th]
tukeiron: checks 
Rysiff: bets $115.43 and is all-in
tukeiron: folds 
Uncalled bet ($115.43) returned to Rysiff
Rysiff collected $21.39 from pot
Rysiff: doesn't show hand 
*** SUMMARY ***
Total pot $22.52 | Rake $1.13 
Board [Jc 6s Qs 2c Th]
Seat 1: tukeiron (big blind) folded on the River
Seat 2: juju3232 folded before Flop (didn't bet)
Seat 3: Joker007r folded before Flop (didn't bet)
Seat 4: LuckyShikari folded before Flop (didn't bet)
Seat 5: Rysiff (button) collected ($21.39)
Seat 6: avlee1 (small blind) folded before Flop



PokerStars Hand #254223805436:  Hold'em No Limit ($0.50/$1.00 USD) - 2025/01/06 4:35:31 WET [2025/01/05 23:35:31 ET]
Table 'Sy' 6-max Seat #6 is the button
Seat 1: tukeiron ($188.80 in chips) 
Seat 2: juju3232 ($105.51 in chips) 
Seat 3: Joker007r ($138.87 in chips) 
Seat 4: LuckyShikari ($100 in chips) 
Seat 5: Rysiff ($136.82 in chips) 
Seat 6: avlee1 ($130.62 in chips) 
tukeiron: posts small blind $0.50
juju3232: posts big blind $1
*** HOLE CARDS ***
Joker007r: folds 
LuckyShikari: folds 
Rysiff: folds 
avlee1: folds 
tukeiron: raises $2 to $3
juju3232: calls $2
*** FLOP *** [8d 7s 2s]
tukeiron: checks 
juju3232: bets $2
tukeiron: calls $2
*** TURN *** [8d 7s 2s] [Jh]
tukeiron: checks 
juju3232: bets $2
tukeiron: raises $9.50 to $11.50
juju3232: folds 
Uncalled bet ($9.50) returned to tukeiron
tukeiron collected $13.30 from pot
*** SUMMARY ***
Total pot $14 | Rake $0.70 
Board [8d 7s 2s Jh]
Seat 1: tukeiron (small blind) collected ($13.30)
Seat 2: juju3232 (big blind) folded on the Turn
Seat 3: Joker007r folded before Flop (didn't bet)
Seat 4: LuckyShikari folded before Flop (didn't bet)
Seat 5: Rysiff folded before Flop (didn't bet)
Seat 6: avlee1 (button) folded before Flop (didn't bet)



PokerStars Hand #254223812392:  Hold'em No Limit ($0.50/$1.00 USD) - 2025/01/06 4:36:38 WET [2025/01/05 23:36:38 ET]
Table 'Sy' 6-max Seat #1 is the button
Seat 1: tukeiron ($195.10 in chips) 
Seat 2: juju3232 ($98.51 in chips) 
Seat 3: Joker007r ($138.87 in chips) 
Seat 4: LuckyShikari ($100 in chips) 
Seat 5: Rysiff ($136.82 in chips) 
Seat 6: avlee1 ($130.62 in chips) 
juju3232: posts small blind $0.50
Joker007r: posts big blind $1
*** HOLE CARDS ***
LuckyShikari: folds 
Rysiff: folds 
avlee1: folds 
tukeiron: folds 
juju3232: calls $0.50
Joker007r: raises $5 to $6
juju3232: folds 
Uncalled bet ($5) returned to Joker007r
Joker007r collected $2 from pot
Joker007r: doesn't show hand 
*** SUMMARY ***
Total pot $2 | Rake $0 
Seat 1: tukeiron (button) folded before Flop (didn't bet)
Seat 2: juju3232 (small blind) folded before Flop
Seat 3: Joker007r (big blind) collected ($2)
Seat 4: LuckyShikari folded before Flop (didn't bet)
Seat 5: Rysiff folded before Flop (didn't bet)
Seat 6: avlee1 folded before Flop (didn't bet)



PokerStars Hand #254223815231:  Hold'em No Limit ($0.50/$1.00 USD) - 2025/01/06 4:37:06 WET [2025/01/05 23:37:06 ET]
Table 'Sy' 6-max Seat #2 is the button
Seat 1: tukeiron ($195.10 in chips) 
Seat 2: juju3232 ($97.51 in chips) 
Seat 3: Joker007r ($139.87 in chips) 
Seat 4: LuckyShikari ($100 in chips) 
Seat 5: Rysiff ($136.82 in chips) 
Seat 6: avlee1 ($130.62 in chips) 
Joker007r: posts small blind $0.50
LuckyShikari: posts big blind $1
*** HOLE CARDS ***
Rysiff: folds 
avlee1: folds 
tukeiron: folds 
juju3232: calls $1
Joker007r: raises $4 to $5
LuckyShikari: folds 
juju3232: folds 
Uncalled bet ($4) returned to Joker007r
Joker007r collected $3 from pot
Joker007r: doesn't show hand 
*** SUMMARY ***
Total pot $3 | Rake $0 
Seat 1: tukeiron folded before Flop (didn't bet)
Seat 2: juju3232 (button) folded before Flop
Seat 3: Joker007r (small blind) collected ($3)
Seat 4: LuckyShikari (big blind) folded before Flop
Seat 5: Rysiff folded before Flop (didn't bet)
Seat 6: avlee1 folded before Flop (didn't bet)



PokerStars Hand #254223817704:  Hold'em No Limit ($0.50/$1.00 USD) - 2025/01/06 4:37:29 WET [2025/01/05 23:37:29 ET]
Table 'Sy' 6-max Seat #3 is the button
Seat 1: tukeiron ($195.10 in chips) 
Seat 2: juju3232 ($96.51 in chips) 
Seat 3: Joker007r ($141.87 in chips) 
Seat 4: LuckyShikari ($100 in chips) 
Seat 5: Rysiff ($136.82 in chips) 
Seat 6: avlee1 ($130.62 in chips) 
LuckyShikari: posts small blind $0.50
Rysiff: posts big blind $1
*** HOLE CARDS ***
avlee1: raises $1.50 to $2.50
tukeiron: folds 
juju3232: calls $2.50
Joker007r: folds 
LuckyShikari: folds 
Rysiff: folds 
*** FLOP *** [9d 7d 4d]
avlee1: checks 
juju3232: bets $4
avlee1: folds 
Uncalled bet ($4) returned to juju3232
juju3232 collected $6.18 from pot
*** SUMMARY ***
Total pot $6.50 | Rake $0.32 
Board [9d 7d 4d]
Seat 1: tukeiron folded before Flop (didn't bet)
Seat 2: juju3232 collected ($6.18)
Seat 3: Joker007r (button) folded before Flop (didn't bet)
Seat 4: LuckyShikari (small blind) folded before Flop
Seat 5: Rysiff (big blind) folded before Flop
Seat 6: avlee1 folded on the Flop



PokerStars Hand #254223821865:  Hold'em No Limit ($0.50/$1.00 USD) - 2025/01/06 4:38:10 WET [2025/01/05 23:38:10 ET]
Table 'Sy' 6-max Seat #4 is the button
Seat 1: tukeiron ($195.10 in chips) 
Seat 2: juju3232 ($100.19 in chips) 
Seat 3: Joker007r ($141.87 in chips) 
Seat 4: LuckyShikari ($100 in chips) 
Seat 5: Rysiff ($135.82 in chips) 
Seat 6: avlee1 ($128.12 in chips) 
Rysiff: posts small blind $0.50
avlee1: posts big blind $1
*** HOLE CARDS ***
tukeiron: folds 
juju3232: calls $1
Joker007r: folds 
LuckyShikari: folds 
Rysiff: raises $4 to $5
avlee1: folds 
juju3232: folds 
Uncalled bet ($4) returned to Rysiff
Rysiff collected $3 from pot
Rysiff: doesn't show hand 
*** SUMMARY ***
Total pot $3 | Rake $0 
Seat 1: tukeiron folded before Flop (didn't bet)
Seat 2: juju3232 folded before Flop
Seat 3: Joker007r folded before Flop (didn't bet)
Seat 4: LuckyShikari (button) folded before Flop (didn't bet)
Seat 5: Rysiff (small blind) collected ($3)
Seat 6: avlee1 (big blind) folded before Flop



PokerStars Hand #254223825251:  Hold'em No Limit ($0.50/$1.00 USD) - 2025/01/06 4:38:44 WET [2025/01/05 23:38:44 ET]
Table 'Sy' 6-max Seat #5 is the button
Seat 1: tukeiron ($195.10 in chips) 
Seat 2: juju3232 ($99.19 in chips) 
Seat 3: Joker007r ($141.87 in chips) 
Seat 4: LuckyShikari ($100 in chips) 
Seat 5: Rysiff ($137.82 in chips) 
Seat 6: avlee1 ($127.12 in chips) 
avlee1: posts small blind $0.50
tukeiron: posts big blind $1
*** HOLE CARDS ***
juju3232: folds 
Joker007r: folds 
LuckyShikari: folds 
Rysiff: raises $1.50 to $2.50
avlee1: folds 
tukeiron: calls $1.50
*** FLOP *** [2d Js 5d]
tukeiron: checks 
Rysiff: checks 
*** TURN *** [2d Js 5d] [7d]
tukeiron: bets $10.44
Rysiff: folds 
Uncalled bet ($10.44) returned to tukeiron
tukeiron collected $5.22 from pot
*** SUMMARY ***
Total pot $5.50 | Rake $0.28 
Board [2d Js 5d 7d]
Seat 1: tukeiron (big blind) collected ($5.22)
Seat 2: juju3232 folded before Flop (didn't bet)
Seat 3: Joker007r folded before Flop (didn't bet)
Seat 4: LuckyShikari folded before Flop (didn't bet)
Seat 5: Rysiff (button) folded on the Turn
Seat 6: avlee1 (small blind) folded before Flop



PokerStars Hand #254223828594:  Hold'em No Limit ($0.50/$1.00 USD) - 2025/01/06 4:39:15 WET [2025/01/05 23:39:15 ET]
Table 'Sy' 6-max Seat #6 is the button
Seat 1: tukeiron ($197.82 in chips) 
Seat 2: juju3232 ($99.19 in chips) 
Seat 3: Joker007r ($141.87 in chips) 
Seat 4: LuckyShikari ($100 in chips) 
Seat 5: Rysiff ($135.32 in chips) 
Seat 6: avlee1 ($126.62 in chips) 
tukeiron: posts small blind $0.50
juju3232: posts big blind $1
*** HOLE CARDS ***
Joker007r: raises $2 to $3
LuckyShikari: folds 
Rysiff: folds 
avlee1: folds 
tukeiron: calls $2.50
Rysiff leaves the table
juju3232: calls $2
*** FLOP *** [Ad Qh Kd]
tukeiron: checks 
juju3232: checks 
Joker007r: bets $4.45
tukeiron: folds 
juju3232: calls $4.45
*** TURN *** [Ad Qh Kd] [Td]
juju3232: bets $4
abramovich87 joins the table at seat #5 
Joker007r: calls $4
*** RIVER *** [Ad Qh Kd Td] [3h]
juju3232: bets $4
Joker007r: raises $14 to $18
juju3232: calls $14
*** SHOW DOWN ***
Joker007r: shows [As Jc] (a straight, Ten to Ace)
juju3232: shows [Jd Qs] (a straight, Ten to Ace)
juju3232 collected $29.70 from pot
Joker007r collected $29.70 from pot
*** SUMMARY ***
Total pot $61.90 | Rake $2.50 
Board [Ad Qh Kd Td 3h]
Seat 1: tukeiron (small blind) folded on the Flop
Seat 2: juju3232 (big blind) showed [Jd Qs] and won ($29.70) with a straight, Ten to Ace
Seat 3: Joker007r showed [As Jc] and won ($29.70) with a straight, Ten to Ace
Seat 4: LuckyShikari folded before Flop (didn't bet)
Seat 5: Rysiff folded before Flop (didn't bet)
Seat 6: avlee1 (button) folded before Flop (didn't bet)



PokerStars Hand #254223834532:  Hold'em No Limit ($0.50/$1.00 USD) - 2025/01/06 4:40:13 WET [2025/01/05 23:40:13 ET]
Table 'Sy' 6-max Seat #1 is the button
Seat 5: abramovich87 ($100 in chips) is sitting out
Seat 1: tukeiron ($194.82 in chips) 
Seat 2: juju3232 ($99.44 in chips) 
Seat 3: Joker007r ($142.12 in chips) 
Seat 4: LuckyShikari ($100 in chips) 
Seat 6: avlee1 ($126.62 in chips) 
juju3232: posts small blind $0.50
Joker007r: posts big blind $1
abramovich87: sits out 
*** HOLE CARDS ***
LuckyShikari: folds 
avlee1: folds 
tukeiron: folds 
juju3232: calls $0.50
Joker007r: checks 
*** FLOP *** [3d 4d Qh]
juju3232: checks 
Joker007r: bets $1.27
juju3232: calls $1.27
*** TURN *** [3d 4d Qh] [6s]
juju3232: checks 
Joker007r: checks 
*** RIVER *** [3d 4d Qh 6s] [6h]
juju3232: bets $4
Joker007r: folds 
Uncalled bet ($4) returned to juju3232
juju3232 collected $4.31 from pot
*** SUMMARY ***
Total pot $4.54 | Rake $0.23 
Board [3d 4d Qh 6s 6h]
Seat 5: abramovich87
Seat 1: tukeiron (button) folded before Flop (didn't bet)
Seat 2: juju3232 (small blind) collected ($4.31)
Seat 3: Joker007r (big blind) folded on the River
Seat 4: LuckyShikari folded before Flop (didn't bet)
Seat 6: avlee1 folded before Flop (didn't bet)



PokerStars Hand #254223839348:  Hold'em No Limit ($0.50/$1.00 USD) - 2025/01/06 4:41:00 WET [2025/01/05 23:41:00 ET]
Table 'Sy' 6-max Seat #2 is the button
Seat 5: abramovich87 ($100 in chips) is sitting out
Seat 1: tukeiron ($194.82 in chips) 
Seat 2: juju3232 ($101.48 in chips) 
Seat 3: Joker007r ($139.85 in chips) 
Seat 4: LuckyShikari ($100 in chips) 
Seat 6: avlee1 ($126.62 in chips) 
Joker007r: posts small blind $0.50
LuckyShikari: posts big blind $1
abramovich87: sits out 
*** HOLE CARDS ***
avlee1: raises $1.50 to $2.50
tukeiron: folds 
juju3232: folds 
Joker007r: folds 
LuckyShikari: folds 
Uncalled bet ($1.50) returned to avlee1
avlee1 collected $2.50 from pot
avlee1: doesn't show hand 
*** SUMMARY ***
Total pot $2.50 | Rake $0 
Seat 5: abramovich87
Seat 1: tukeiron folded before Flop (didn't bet)
Seat 2: juju3232 (button) folded before Flop (didn't bet)
Seat 3: Joker007r (small blind) folded before Flop
Seat 4: LuckyShikari (big blind) folded before Flop
Seat 6: avlee1 collected ($2.50)



PokerStars Hand #254223840957:  Hold'em No Limit ($0.50/$1.00 USD) - 2025/01/06 4:41:16 WET [2025/01/05 23:41:16 ET]
Table 'Sy' 6-max Seat #3 is the button
Seat 1: tukeiron ($194.82 in chips) 
Seat 2: juju3232 ($101.48 in chips) 
Seat 3: Joker007r ($139.35 in chips) 
Seat 4: LuckyShikari ($100 in chips) 
Seat 5: abramovich87 ($100 in chips) 
Seat 6: avlee1 ($128.12 in chips) 
LuckyShikari: posts small blind $0.50
abramovich87: posts big blind $1
*** HOLE CARDS ***
avlee1: raises $1.50 to $2.50
tukeiron: folds 
juju3232: raises $2.50 to $5
Joker007r: folds 
LuckyShikari: folds 
abramovich87: folds 
avlee1: calls $2.50
*** FLOP *** [Qc 4h Jc]
avlee1: checks 
juju3232: bets $5
avlee1: folds 
Uncalled bet ($5) returned to juju3232
juju3232 collected $10.92 from pot
*** SUMMARY ***
Total pot $11.50 | Rake $0.58 
Board [Qc 4h Jc]
Seat 1: tukeiron folded before Flop (didn't bet)
Seat 2: juju3232 collected ($10.92)
Seat 3: Joker007r (button) folded before Flop (didn't bet)
Seat 4: LuckyShikari (small blind) folded before Flop
Seat 5: abramovich87 (big blind) folded before Flop
Seat 6: avlee1 folded on the Flop



PokerStars Hand #254223844628:  Hold'em No Limit ($0.50/$1.00 USD) - 2025/01/06 4:41:53 WET [2025/01/05 23:41:53 ET]
Table 'Sy' 6-max Seat #4 is the button
Seat 1: tukeiron ($194.82 in chips) 
Seat 2: juju3232 ($107.40 in chips) 
Seat 3: Joker007r ($139.35 in chips) 
Seat 4: LuckyShikari ($100 in chips) 
Seat 5: abramovich87 ($100 in chips) 
Seat 6: avlee1 ($123.12 in chips) 
abramovich87: posts small blind $0.50
avlee1: posts big blind $1
*** HOLE CARDS ***
tukeiron: folds 
juju3232: calls $1
Joker007r: folds 
LuckyShikari: folds 
abramovich87: folds 
avlee1: checks 
*** FLOP *** [8s 4d 6c]
avlee1: bets $1.19
juju3232: calls $1.19
*** TURN *** [8s 4d 6c] [Qh]
avlee1: checks 
juju3232: checks 
*** RIVER *** [8s 4d 6c Qh] [Td]
avlee1: bets $1.16
juju3232: folds 
Uncalled bet ($1.16) returned to avlee1
avlee1 collected $4.64 from pot
avlee1: doesn't show hand 
*** SUMMARY ***
Total pot $4.88 | Rake $0.24 
Board [8s 4d 6c Qh Td]
Seat 1: tukeiron folded before Flop (didn't bet)
Seat 2: juju3232 folded on the River
Seat 3: Joker007r folded before Flop (didn't bet)
Seat 4: LuckyShikari (button) folded before Flop (didn't bet)
Seat 5: abramovich87 (small blind) folded before Flop
Seat 6: avlee1 (big blind) collected ($4.64)



PokerStars Hand #254223847934:  Hold'em No Limit ($0.50/$1.00 USD) - 2025/01/06 4:42:27 WET [2025/01/05 23:42:27 ET]
Table 'Sy' 6-max Seat #5 is the button
Seat 1: tukeiron ($194.82 in chips) 
Seat 2: juju3232 ($105.21 in chips) 
Seat 3: Joker007r ($139.35 in chips) 
Seat 4: LuckyShikari ($100 in chips) 
Seat 5: abramovich87 ($100 in chips) 
Seat 6: avlee1 ($125.57 in chips) 
avlee1: posts small blind $0.50
tukeiron: posts big blind $1
*** HOLE CARDS ***
juju3232: calls $1
Joker007r: folds 
LuckyShikari: folds 
abramovich87: raises $3.50 to $4.50
avlee1: folds 
tukeiron: calls $3.50
juju3232: calls $3.50
*** FLOP *** [Jd 3d 7d]
tukeiron: bets $7.32
juju3232: folds 
abramovich87: folds 
Uncalled bet ($7.32) returned to tukeiron
tukeiron collected $13.30 from pot
tukeiron: doesn't show hand 
*** SUMMARY ***
Total pot $14 | Rake $0.70 
Board [Jd 3d 7d]
Seat 1: tukeiron (big blind) collected ($13.30)
Seat 2: juju3232 folded on the Flop
Seat 3: Joker007r folded before Flop (didn't bet)
Seat 4: LuckyShikari folded before Flop (didn't bet)
Seat 5: abramovich87 (button) folded on the Flop
Seat 6: avlee1 (small blind) folded before Flop



PokerStars Hand #254223850507:  Hold'em No Limit ($0.50/$1.00 USD) - 2025/01/06 4:42:53 WET [2025/01/05 23:42:53 ET]
Table 'Sy' 6-max Seat #6 is the button
Seat 1: tukeiron ($203.62 in chips) 
Seat 2: juju3232 ($100.71 in chips) 
Seat 3: Joker007r ($139.35 in chips) 
Seat 4: LuckyShikari ($100 in chips) 
Seat 5: abramovich87 ($100 in chips) 
Seat 6: avlee1 ($125.07 in chips) 
tukeiron: posts small blind $0.50
juju3232: posts big blind $1
*** HOLE CARDS ***
Joker007r: folds 
LuckyShikari: folds 
abramovich87: raises $3 to $4
avlee1: folds 
tukeiron: folds 
juju3232: calls $3
*** FLOP *** [Ah Kd 4s]
juju3232: checks 
abramovich87: bets $2.67
juju3232: folds 
Uncalled bet ($2.67) returned to abramovich87
abramovich87 collected $8.08 from pot
abramovich87: doesn't show hand 
*** SUMMARY ***
Total pot $8.50 | Rake $0.42 
Board [Ah Kd 4s]
Seat 1: tukeiron (small blind) folded before Flop
Seat 2: juju3232 (big blind) folded on the Flop
Seat 3: Joker007r folded before Flop (didn't bet)
Seat 4: LuckyShikari folded before Flop (didn't bet)
Seat 5: abramovich87 collected ($8.08)
Seat 6: avlee1 (button) folded before Flop (didn't bet)



PokerStars Hand #254223855287:  Hold'em No Limit ($0.50/$1.00 USD) - 2025/01/06 4:43:41 WET [2025/01/05 23:43:41 ET]
Table 'Sy' 6-max Seat #1 is the button
Seat 1: tukeiron ($203.12 in chips) 
Seat 2: juju3232 ($96.71 in chips) 
Seat 3: Joker007r ($139.35 in chips) 
Seat 4: LuckyShikari ($100 in chips) 
Seat 5: abramovich87 ($104.08 in chips) 
Seat 6: avlee1 ($125.07 in chips) 
juju3232: posts small blind $0.50
Joker007r: posts big blind $1
*** HOLE CARDS ***
LuckyShikari: raises $2.50 to $3.50
abramovich87: folds 
avlee1: folds 
tukeiron: folds 
juju3232: folds 
Joker007r: folds 
Uncalled bet ($2.50) returned to LuckyShikari
LuckyShikari collected $2.50 from pot
LuckyShikari: doesn't show hand 
*** SUMMARY ***
Total pot $2.50 | Rake $0 
Seat 1: tukeiron (button) folded before Flop (didn't bet)
Seat 2: juju3232 (small blind) folded before Flop
Seat 3: Joker007r (big blind) folded before Flop
Seat 4: LuckyShikari collected ($2.50)
Seat 5: abramovich87 folded before Flop (didn't bet)
Seat 6: avlee1 folded before Flop (didn't bet)



