PokerStars Hand #254228709282:  Hold'em No Limit ($0.50/$1.00 USD) - 2025/01/06 15:38:46 WET [2025/01/06 10:38:46 ET]
Table 'Ksora II' 6-max Seat #3 is the button
Seat 1: VahTang_89 ($191.45 in chips) 
Seat 2: Aescul@pius ($108.55 in chips) 
Seat 3: mr.Jckpot ($100 in chips) 
Seat 4: Gfoer ($100 in chips) 
Seat 5: yzuk ($100 in chips) 
Seat 6: cantillonthor ($8.03 in chips) 
Gfoer: posts small blind $0.50
yzuk: posts big blind $1
*** HOLE CARDS ***
cantillonthor: folds 
VahTang_89: folds 
Aescul@pius: folds 
mr.Jckpot: raises $1.50 to $2.50
Gfoer: folds 
yzuk: folds 
Uncalled bet ($1.50) returned to mr.Jckpot
yzuk leaves the table
mr.Jckpot collected $2.50 from pot
mr.Jckpot: doesn't show hand 
*** SUMMARY ***
Total pot $2.50 | Rake $0 
Seat 1: VahTang_89 folded before Flop (didn't bet)
Seat 2: Aescul@pius folded before Flop (didn't bet)
Seat 3: mr.Jckpot (button) collected ($2.50)
Seat 4: Gfoer (small blind) folded before Flop
Seat 5: yzuk (big blind) folded before Flop
Seat 6: cantillonthor folded before Flop (didn't bet)



PokerStars Hand #254228713440:  Hold'em No Limit ($0.50/$1.00 USD) - 2025/01/06 15:39:03 WET [2025/01/06 10:39:03 ET]
Table 'Ksora II' 6-max Seat #4 is the button
Seat 1: VahTang_89 ($191.45 in chips) 
Seat 2: Aescul@pius ($108.55 in chips) 
Seat 3: mr.Jckpot ($101.50 in chips) 
Seat 4: Gfoer ($100 in chips) 
Seat 6: cantillonthor ($8.03 in chips) 
cantillonthor: posts small blind $0.50
VahTang_89: posts big blind $1
*** HOLE CARDS ***
Aescul@pius: folds 
Zvst joins the table at seat #5 
mr.Jckpot: folds 
Gfoer: folds 
cantillonthor: raises $7.03 to $8.03 and is all-in
VahTang_89: folds 
Uncalled bet ($7.03) returned to cantillonthor
cantillonthor collected $2 from pot
*** SUMMARY ***
Total pot $2 | Rake $0 
Seat 1: VahTang_89 (big blind) folded before Flop
Seat 2: Aescul@pius folded before Flop (didn't bet)
Seat 3: mr.Jckpot folded before Flop (didn't bet)
Seat 4: Gfoer (button) folded before Flop (didn't bet)
Seat 6: cantillonthor (small blind) collected ($2)



PokerStars Hand #254228717306:  Hold'em No Limit ($0.50/$1.00 USD) - 2025/01/06 15:39:19 WET [2025/01/06 10:39:19 ET]
Table 'Ksora II' 6-max Seat #6 is the button
Seat 5: Zvst ($100 in chips) is sitting out
Seat 1: VahTang_89 ($190.45 in chips) 
Seat 2: Aescul@pius ($108.55 in chips) 
Seat 3: mr.Jckpot ($101.50 in chips) 
Seat 4: Gfoer ($100 in chips) 
Seat 6: cantillonthor ($9.03 in chips) 
VahTang_89: posts small blind $0.50
Aescul@pius: posts big blind $1
Zvst: sits out 
*** HOLE CARDS ***
mr.Jckpot: folds 
Gfoer: folds 
cantillonthor: folds 
VahTang_89: folds 
Uncalled bet ($0.50) returned to Aescul@pius
Aescul@pius collected $1 from pot
Aescul@pius: doesn't show hand 
*** SUMMARY ***
Total pot $1 | Rake $0 
Seat 5: Zvst
Seat 1: VahTang_89 (small blind) folded before Flop
Seat 2: Aescul@pius (big blind) collected ($1)
Seat 3: mr.Jckpot folded before Flop (didn't bet)
Seat 4: Gfoer folded before Flop (didn't bet)
Seat 6: cantillonthor (button) folded before Flop (didn't bet)



PokerStars Hand #254228719152:  Hold'em No Limit ($0.50/$1.00 USD) - 2025/01/06 15:39:27 WET [2025/01/06 10:39:27 ET]
Table 'Ksora II' 6-max Seat #1 is the button
Seat 5: Zvst ($100 in chips) is sitting out
Seat 1: VahTang_89 ($189.95 in chips) 
Seat 2: Aescul@pius ($109.05 in chips) 
Seat 3: mr.Jckpot ($101.50 in chips) 
Seat 4: Gfoer ($100 in chips) 
Seat 6: cantillonthor ($9.03 in chips) 
Aescul@pius: posts small blind $0.50
mr.Jckpot: posts big blind $1
Zvst: sits out 
*** HOLE CARDS ***
Gfoer: folds 
cantillonthor: raises $2 to $3
VahTang_89: folds 
Aescul@pius: folds 
mr.Jckpot: folds 
Uncalled bet ($2) returned to cantillonthor
cantillonthor collected $2.50 from pot
*** SUMMARY ***
Total pot $2.50 | Rake $0 
Seat 5: Zvst
Seat 1: VahTang_89 (button) folded before Flop (didn't bet)
Seat 2: Aescul@pius (small blind) folded before Flop
Seat 3: mr.Jckpot (big blind) folded before Flop
Seat 4: Gfoer folded before Flop (didn't bet)
Seat 6: cantillonthor collected ($2.50)



PokerStars Hand #254228722235:  Hold'em No Limit ($0.50/$1.00 USD) - 2025/01/06 15:39:39 WET [2025/01/06 10:39:39 ET]
Table 'Ksora II' 6-max Seat #2 is the button
Seat 5: Zvst ($100 in chips) is sitting out
Seat 1: VahTang_89 ($189.95 in chips) 
Seat 2: Aescul@pius ($108.55 in chips) 
Seat 3: mr.Jckpot ($100.50 in chips) 
Seat 4: Gfoer ($100 in chips) 
Seat 6: cantillonthor ($10.53 in chips) 
mr.Jckpot: posts small blind $0.50
Gfoer: posts big blind $1
Zvst: sits out 
*** HOLE CARDS ***
cantillonthor: folds 
VahTang_89: folds 
Aescul@pius: raises $1.50 to $2.50
mr.Jckpot: folds 
Gfoer: folds 
Uncalled bet ($1.50) returned to Aescul@pius
Aescul@pius collected $2.50 from pot
Aescul@pius: doesn't show hand 
*** SUMMARY ***
Total pot $2.50 | Rake $0 
Seat 5: Zvst
Seat 1: VahTang_89 folded before Flop (didn't bet)
Seat 2: Aescul@pius (button) collected ($2.50)
Seat 3: mr.Jckpot (small blind) folded before Flop
Seat 4: Gfoer (big blind) folded before Flop
Seat 6: cantillonthor folded before Flop (didn't bet)



PokerStars Hand #254228726603:  Hold'em No Limit ($0.50/$1.00 USD) - 2025/01/06 15:39:57 WET [2025/01/06 10:39:57 ET]
Table 'Ksora II' 6-max Seat #3 is the button
Seat 1: VahTang_89 ($189.95 in chips) 
Seat 2: Aescul@pius ($110.05 in chips) 
Seat 3: mr.Jckpot ($100 in chips) 
Seat 4: Gfoer ($100 in chips) 
Seat 5: Zvst ($100 in chips) 
Seat 6: cantillonthor ($10.53 in chips) 
Gfoer: posts small blind $0.50
Zvst: posts big blind $1
*** HOLE CARDS ***
cantillonthor: calls $1
VahTang_89: folds 
Aescul@pius: folds 
mr.Jckpot: folds 
Gfoer: raises $4 to $5
Zvst: calls $4
cantillonthor: raises $5.53 to $10.53 and is all-in
Gfoer: folds 
Zvst: calls $5.53
*** FLOP *** [Kh 2s Kc]
*** TURN *** [Kh 2s Kc] [7d]
*** RIVER *** [Kh 2s Kc 7d] [Ac]
*** SHOW DOWN ***
Zvst: shows [Ad 6d] (two pair, Aces and Kings)
cantillonthor: shows [9c Tc] (a pair of Kings)
Zvst collected $24.76 from pot
*** SUMMARY ***
Total pot $26.06 | Rake $1.30 
Board [Kh 2s Kc 7d Ac]
Seat 1: VahTang_89 folded before Flop (didn't bet)
Seat 2: Aescul@pius folded before Flop (didn't bet)
Seat 3: mr.Jckpot (button) folded before Flop (didn't bet)
Seat 4: Gfoer (small blind) folded before Flop
Seat 5: Zvst (big blind) showed [Ad 6d] and won ($24.76) with two pair, Aces and Kings
Seat 6: cantillonthor showed [9c Tc] and lost with a pair of Kings



PokerStars Hand #254228742116:  Hold'em No Limit ($0.50/$1.00 USD) - 2025/01/06 15:41:02 WET [2025/01/06 10:41:02 ET]
Table 'Ksora II' 6-max Seat #4 is the button
Seat 6: cantillonthor ($0 in chips) is sitting out
Seat 1: VahTang_89 ($189.95 in chips) 
Seat 2: Aescul@pius ($110.05 in chips) 
Seat 3: mr.Jckpot ($100 in chips) 
Seat 4: Gfoer ($100 in chips) 
Seat 5: Zvst ($114.23 in chips) 
Zvst: posts small blind $0.50
VahTang_89: posts big blind $1
*** HOLE CARDS ***
Aescul@pius: folds 
mr.Jckpot: folds 
Gfoer: folds 
Zvst: raises $2 to $3
VahTang_89: folds 
Uncalled bet ($2) returned to Zvst
Zvst collected $2 from pot
Zvst: doesn't show hand 
*** SUMMARY ***
Total pot $2 | Rake $0 
Seat 6: cantillonthor
Seat 1: VahTang_89 (big blind) folded before Flop
Seat 2: Aescul@pius folded before Flop (didn't bet)
Seat 3: mr.Jckpot folded before Flop (didn't bet)
Seat 4: Gfoer (button) folded before Flop (didn't bet)
Seat 5: Zvst (small blind) collected ($2)



PokerStars Hand #254228746904:  Hold'em No Limit ($0.50/$1.00 USD) - 2025/01/06 15:41:22 WET [2025/01/06 10:41:22 ET]
Table 'Ksora II' 6-max Seat #5 is the button
Seat 6: cantillonthor ($44.01 in chips) is sitting out
Seat 1: VahTang_89 ($188.95 in chips) 
Seat 2: Aescul@pius ($110.05 in chips) 
Seat 3: mr.Jckpot ($100 in chips) 
Seat 4: Gfoer ($100 in chips) 
Seat 5: Zvst ($115.23 in chips) 
VahTang_89: posts small blind $0.50
Aescul@pius: posts big blind $1
*** HOLE CARDS ***
mr.Jckpot: folds 
Gfoer: folds 
Zvst: folds 
VahTang_89: folds 
Uncalled bet ($0.50) returned to Aescul@pius
Aescul@pius collected $1 from pot
Aescul@pius: doesn't show hand 
*** SUMMARY ***
Total pot $1 | Rake $0 
Seat 6: cantillonthor
Seat 1: VahTang_89 (small blind) folded before Flop
Seat 2: Aescul@pius (big blind) collected ($1)
Seat 3: mr.Jckpot folded before Flop (didn't bet)
Seat 4: Gfoer folded before Flop (didn't bet)
Seat 5: Zvst (button) folded before Flop (didn't bet)



PokerStars Hand #254228750590:  Hold'em No Limit ($0.50/$1.00 USD) - 2025/01/06 15:41:38 WET [2025/01/06 10:41:38 ET]
Table 'Ksora II' 6-max Seat #1 is the button
Seat 1: VahTang_89 ($188.45 in chips) 
Seat 2: Aescul@pius ($110.55 in chips) 
Seat 3: mr.Jckpot ($100 in chips) 
Seat 4: Gfoer ($100 in chips) 
Seat 5: Zvst ($115.23 in chips) 
Seat 6: cantillonthor ($44.01 in chips) 
Aescul@pius: posts small blind $0.50
mr.Jckpot: posts big blind $1
cantillonthor: posts small & big blinds $1.50
*** HOLE CARDS ***
Gfoer: folds 
Zvst: folds 
cantillonthor: checks 
VahTang_89: raises $3.50 to $4.50
Aescul@pius: folds 
mr.Jckpot: raises $10 to $14.50
cantillonthor: folds 
VahTang_89: folds 
Uncalled bet ($10) returned to mr.Jckpot
mr.Jckpot collected $11 from pot
mr.Jckpot: doesn't show hand 
*** SUMMARY ***
Total pot $11 | Rake $0 
Seat 1: VahTang_89 (button) folded before Flop
Seat 2: Aescul@pius (small blind) folded before Flop
Seat 3: mr.Jckpot (big blind) collected ($11)
Seat 4: Gfoer folded before Flop (didn't bet)
Seat 5: Zvst folded before Flop (didn't bet)
Seat 6: cantillonthor folded before Flop (didn't bet)



PokerStars Hand #254228758310:  Hold'em No Limit ($0.50/$1.00 USD) - 2025/01/06 15:42:10 WET [2025/01/06 10:42:10 ET]
Table 'Ksora II' 6-max Seat #2 is the button
Seat 1: VahTang_89 ($183.95 in chips) 
Seat 2: Aescul@pius ($110.05 in chips) 
Seat 3: mr.Jckpot ($106.50 in chips) 
Seat 4: Gfoer ($100 in chips) 
Seat 5: Zvst ($115.23 in chips) 
Seat 6: cantillonthor ($42.51 in chips) 
mr.Jckpot: posts small blind $0.50
Gfoer: posts big blind $1
*** HOLE CARDS ***
Zvst: folds 
cantillonthor: raises $1 to $2
VahTang_89: folds 
Aescul@pius: folds 
mr.Jckpot: folds 
Gfoer: folds 
Uncalled bet ($1) returned to cantillonthor
cantillonthor collected $2.50 from pot
*** SUMMARY ***
Total pot $2.50 | Rake $0 
Seat 1: VahTang_89 folded before Flop (didn't bet)
Seat 2: Aescul@pius (button) folded before Flop (didn't bet)
Seat 3: mr.Jckpot (small blind) folded before Flop
Seat 4: Gfoer (big blind) folded before Flop
Seat 5: Zvst folded before Flop (didn't bet)
Seat 6: cantillonthor collected ($2.50)



PokerStars Hand #254228762990:  Hold'em No Limit ($0.50/$1.00 USD) - 2025/01/06 15:42:30 WET [2025/01/06 10:42:30 ET]
Table 'Ksora II' 6-max Seat #3 is the button
Seat 1: VahTang_89 ($183.95 in chips) 
Seat 2: Aescul@pius ($110.05 in chips) 
Seat 3: mr.Jckpot ($106 in chips) 
Seat 4: Gfoer ($100 in chips) 
Seat 5: Zvst ($115.23 in chips) 
Seat 6: cantillonthor ($44.01 in chips) 
Gfoer: posts small blind $0.50
Zvst: posts big blind $1
*** HOLE CARDS ***
cantillonthor: calls $1
VahTang_89: folds 
Aescul@pius: folds 
mr.Jckpot: folds 
Gfoer: folds 
Zvst: checks 
*** FLOP *** [8d 5s As]
Zvst: checks 
cantillonthor: checks 
*** TURN *** [8d 5s As] [4s]
Zvst: checks 
cantillonthor: bets $1
Zvst: calls $1
*** RIVER *** [8d 5s As 4s] [2h]
Zvst: bets $3.85
cantillonthor: raises $3.85 to $7.70
Zvst: calls $3.85
*** SHOW DOWN ***
cantillonthor: shows [8h 6h] (a pair of Eights)
Zvst: shows [4h 3d] (a straight, Ace to Five)
Zvst collected $18.90 from pot
*** SUMMARY ***
Total pot $19.90 | Rake $1 
Board [8d 5s As 4s 2h]
Seat 1: VahTang_89 folded before Flop (didn't bet)
Seat 2: Aescul@pius folded before Flop (didn't bet)
Seat 3: mr.Jckpot (button) folded before Flop (didn't bet)
Seat 4: Gfoer (small blind) folded before Flop
Seat 5: Zvst (big blind) showed [4h 3d] and won ($18.90) with a straight, Ace to Five
Seat 6: cantillonthor showed [8h 6h] and lost with a pair of Eights



PokerStars Hand #254228772297:  Hold'em No Limit ($0.50/$1.00 USD) - 2025/01/06 15:43:08 WET [2025/01/06 10:43:08 ET]
Table 'Ksora II' 6-max Seat #4 is the button
Seat 1: VahTang_89 ($183.95 in chips) 
Seat 2: Aescul@pius ($110.05 in chips) 
Seat 3: mr.Jckpot ($106 in chips) 
Seat 4: Gfoer ($100 in chips) 
Seat 5: Zvst ($124.43 in chips) 
Seat 6: cantillonthor ($34.31 in chips) 
Zvst: posts small blind $0.50
cantillonthor: posts big blind $1
*** HOLE CARDS ***
VahTang_89: folds 
Aescul@pius: folds 
mr.Jckpot: raises $1.50 to $2.50
Gfoer: folds 
Zvst: folds 
cantillonthor: calls $1.50
*** FLOP *** [Td Qh 7h]
cantillonthor: checks 
mr.Jckpot: bets $1.72
cantillonthor: raises $1.72 to $3.44
mr.Jckpot: calls $1.72
*** TURN *** [Td Qh 7h] [5h]
cantillonthor: checks 
mr.Jckpot: checks 
*** RIVER *** [Td Qh 7h 5h] [3h]
cantillonthor: checks 
mr.Jckpot: checks 
*** SHOW DOWN ***
cantillonthor: shows [Ks Qd] (a pair of Queens)
mr.Jckpot: mucks hand 
cantillonthor collected $11.76 from pot
*** SUMMARY ***
Total pot $12.38 | Rake $0.62 
Board [Td Qh 7h 5h 3h]
Seat 1: VahTang_89 folded before Flop (didn't bet)
Seat 2: Aescul@pius folded before Flop (didn't bet)
Seat 3: mr.Jckpot mucked
Seat 4: Gfoer (button) folded before Flop (didn't bet)
Seat 5: Zvst (small blind) folded before Flop
Seat 6: cantillonthor (big blind) showed [Ks Qd] and won ($11.76) with a pair of Queens



PokerStars Hand #254228782190:  Hold'em No Limit ($0.50/$1.00 USD) - 2025/01/06 15:43:50 WET [2025/01/06 10:43:50 ET]
Table 'Ksora II' 6-max Seat #5 is the button
Seat 1: VahTang_89 ($183.95 in chips) 
Seat 2: Aescul@pius ($110.05 in chips) 
Seat 3: mr.Jckpot ($100.06 in chips) 
Seat 4: Gfoer ($100 in chips) 
Seat 5: Zvst ($123.93 in chips) 
Seat 6: cantillonthor ($40.13 in chips) 
cantillonthor: posts small blind $0.50
VahTang_89: posts big blind $1
*** HOLE CARDS ***
Aescul@pius: folds 
mr.Jckpot: raises $1.50 to $2.50
Gfoer: raises $6 to $8.50
Zvst: folds 
cantillonthor: raises $6 to $14.50
VahTang_89: folds 
mr.Jckpot: folds 
Gfoer: folds 
Uncalled bet ($6) returned to cantillonthor
cantillonthor collected $20.50 from pot
*** SUMMARY ***
Total pot $20.50 | Rake $0 
Seat 1: VahTang_89 (big blind) folded before Flop
Seat 2: Aescul@pius folded before Flop (didn't bet)
Seat 3: mr.Jckpot folded before Flop
Seat 4: Gfoer folded before Flop
Seat 5: Zvst (button) folded before Flop (didn't bet)
Seat 6: cantillonthor (small blind) collected ($20.50)



PokerStars Hand #254228789141:  Hold'em No Limit ($0.50/$1.00 USD) - 2025/01/06 15:44:18 WET [2025/01/06 10:44:18 ET]
Table 'Ksora II' 6-max Seat #6 is the button
Seat 1: VahTang_89 ($182.95 in chips) 
Seat 2: Aescul@pius ($110.05 in chips) 
Seat 3: mr.Jckpot ($100 in chips) 
Seat 4: Gfoer ($100 in chips) 
Seat 5: Zvst ($123.93 in chips) 
Seat 6: cantillonthor ($52.13 in chips) 
VahTang_89: posts small blind $0.50
Aescul@pius: posts big blind $1
*** HOLE CARDS ***
mr.Jckpot: raises $1.50 to $2.50
Gfoer: folds 
Zvst: folds 
cantillonthor: calls $2.50
VahTang_89: folds 
Aescul@pius: folds 
*** FLOP *** [2c Kd 7d]
mr.Jckpot: bets $3.50
cantillonthor: calls $3.50
*** TURN *** [2c Kd 7d] [3s]
mr.Jckpot: bets $8
cantillonthor: raises $38.13 to $46.13 and is all-in
mr.Jckpot: calls $38.13
*** RIVER *** [2c Kd 7d 3s] [Jc]
*** SHOW DOWN ***
mr.Jckpot: shows [Ks Qc] (a pair of Kings)
cantillonthor: shows [5s Ac] (high card Ace)
mr.Jckpot collected $103.26 from pot
*** SUMMARY ***
Total pot $105.76 | Rake $2.50 
Board [2c Kd 7d 3s Jc]
Seat 1: VahTang_89 (small blind) folded before Flop
Seat 2: Aescul@pius (big blind) folded before Flop
Seat 3: mr.Jckpot showed [Ks Qc] and won ($103.26) with a pair of Kings
Seat 4: Gfoer folded before Flop (didn't bet)
Seat 5: Zvst folded before Flop (didn't bet)
Seat 6: cantillonthor (button) showed [5s Ac] and lost with high card Ace



PokerStars Hand #254228800091:  Hold'em No Limit ($0.50/$1.00 USD) - 2025/01/06 15:45:03 WET [2025/01/06 10:45:03 ET]
Table 'Ksora II' 6-max Seat #1 is the button
Seat 6: cantillonthor ($0 in chips) is sitting out
Seat 1: VahTang_89 ($182.45 in chips) 
Seat 2: Aescul@pius ($109.05 in chips) 
Seat 3: mr.Jckpot ($151.13 in chips) 
Seat 4: Gfoer ($100 in chips) 
Seat 5: Zvst ($123.93 in chips) 
Aescul@pius: posts small blind $0.50
mr.Jckpot: posts big blind $1
*** HOLE CARDS ***
cantillonthor is disconnected 
Gfoer: folds 
Zvst: folds 
VahTang_89: folds 
Aescul@pius: folds 
Uncalled bet ($0.50) returned to mr.Jckpot
mr.Jckpot collected $1 from pot
mr.Jckpot: doesn't show hand 
*** SUMMARY ***
Total pot $1 | Rake $0 
Seat 6: cantillonthor
Seat 1: VahTang_89 (button) folded before Flop (didn't bet)
Seat 2: Aescul@pius (small blind) folded before Flop
Seat 3: mr.Jckpot (big blind) collected ($1)
Seat 4: Gfoer folded before Flop (didn't bet)
Seat 5: Zvst folded before Flop (didn't bet)



PokerStars Hand #254228804229:  Hold'em No Limit ($0.50/$1.00 USD) - 2025/01/06 15:45:21 WET [2025/01/06 10:45:21 ET]
Table 'Ksora II' 6-max Seat #2 is the button
Seat 6: cantillonthor ($0 in chips) is sitting out
Seat 1: VahTang_89 ($182.45 in chips) 
Seat 2: Aescul@pius ($108.55 in chips) 
Seat 3: mr.Jckpot ($151.63 in chips) 
Seat 4: Gfoer ($100 in chips) 
Seat 5: Zvst ($123.93 in chips) 
mr.Jckpot: posts small blind $0.50
Gfoer: posts big blind $1
*** HOLE CARDS ***
Zvst: folds 
VahTang_89: raises $1.20 to $2.20
Aescul@pius: folds 
mr.Jckpot: folds 
Gfoer: folds 
Uncalled bet ($1.20) returned to VahTang_89
VahTang_89 collected $2.50 from pot
VahTang_89: doesn't show hand 
*** SUMMARY ***
Total pot $2.50 | Rake $0 
Seat 6: cantillonthor
Seat 1: VahTang_89 collected ($2.50)
Seat 2: Aescul@pius (button) folded before Flop (didn't bet)
Seat 3: mr.Jckpot (small blind) folded before Flop
Seat 4: Gfoer (big blind) folded before Flop
Seat 5: Zvst folded before Flop (didn't bet)



PokerStars Hand #254228809587:  Hold'em No Limit ($0.50/$1.00 USD) - 2025/01/06 15:45:43 WET [2025/01/06 10:45:43 ET]
Table 'Ksora II' 6-max Seat #3 is the button
Seat 6: cantillonthor ($0 in chips) is sitting out
Seat 1: VahTang_89 ($183.95 in chips) 
Seat 2: Aescul@pius ($108.55 in chips) 
Seat 3: mr.Jckpot ($151.13 in chips) 
Seat 4: Gfoer ($100 in chips) 
Seat 5: Zvst ($123.93 in chips) 
Gfoer: posts small blind $0.50
Zvst: posts big blind $1
*** HOLE CARDS ***
VahTang_89: folds 
Aescul@pius: raises $1.20 to $2.20
mr.Jckpot: calls $2.20
Gfoer: folds 
Zvst: folds 
*** FLOP *** [Js 9h 4d]
Aescul@pius: bets $2.80
mr.Jckpot: folds 
Uncalled bet ($2.80) returned to Aescul@pius
Aescul@pius collected $5.60 from pot
Aescul@pius: doesn't show hand 
*** SUMMARY ***
Total pot $5.90 | Rake $0.30 
Board [Js 9h 4d]
Seat 6: cantillonthor
Seat 1: VahTang_89 folded before Flop (didn't bet)
Seat 2: Aescul@pius collected ($5.60)
Seat 3: mr.Jckpot (button) folded on the Flop
Seat 4: Gfoer (small blind) folded before Flop
Seat 5: Zvst (big blind) folded before Flop



PokerStars Hand #254228819266:  Hold'em No Limit ($0.50/$1.00 USD) - 2025/01/06 15:46:22 WET [2025/01/06 10:46:22 ET]
Table 'Ksora II' 6-max Seat #4 is the button
Seat 6: cantillonthor ($0 in chips) is sitting out
Seat 1: VahTang_89 ($183.95 in chips) 
Seat 2: Aescul@pius ($111.95 in chips) 
Seat 3: mr.Jckpot ($148.93 in chips) 
Seat 4: Gfoer ($100 in chips) 
Seat 5: Zvst ($122.93 in chips) 
Zvst: posts small blind $0.50
VahTang_89: posts big blind $1
*** HOLE CARDS ***
Aescul@pius: folds 
mr.Jckpot: folds 
Gfoer: folds 
Zvst: folds 
Uncalled bet ($0.50) returned to VahTang_89
VahTang_89 collected $1 from pot
VahTang_89: doesn't show hand 
*** SUMMARY ***
Total pot $1 | Rake $0 
Seat 6: cantillonthor
Seat 1: VahTang_89 (big blind) collected ($1)
Seat 2: Aescul@pius folded before Flop (didn't bet)
Seat 3: mr.Jckpot folded before Flop (didn't bet)
Seat 4: Gfoer (button) folded before Flop (didn't bet)
Seat 5: Zvst (small blind) folded before Flop



PokerStars Hand #254228824992:  Hold'em No Limit ($0.50/$1.00 USD) - 2025/01/06 15:46:46 WET [2025/01/06 10:46:46 ET]
Table 'Ksora II' 6-max Seat #5 is the button
Seat 6: cantillonthor ($0 in chips) is sitting out
Seat 1: VahTang_89 ($184.45 in chips) 
Seat 2: Aescul@pius ($111.95 in chips) 
Seat 3: mr.Jckpot ($148.93 in chips) 
Seat 4: Gfoer ($100 in chips) 
Seat 5: Zvst ($122.43 in chips) 
VahTang_89: posts small blind $0.50
Aescul@pius: posts big blind $1
*** HOLE CARDS ***
mr.Jckpot: raises $1.50 to $2.50
Gfoer: folds 
Zvst: folds 
VahTang_89: folds 
Aescul@pius: folds 
Uncalled bet ($1.50) returned to mr.Jckpot
mr.Jckpot collected $2.50 from pot
mr.Jckpot: doesn't show hand 
*** SUMMARY ***
Total pot $2.50 | Rake $0 
Seat 6: cantillonthor
Seat 1: VahTang_89 (small blind) folded before Flop
Seat 2: Aescul@pius (big blind) folded before Flop
Seat 3: mr.Jckpot collected ($2.50)
Seat 4: Gfoer folded before Flop (didn't bet)
Seat 5: Zvst (button) folded before Flop (didn't bet)



PokerStars Hand #254228848728:  Hold'em No Limit ($0.50/$1.00 USD) - 2025/01/06 15:48:25 WET [2025/01/06 10:48:25 ET]
Table 'Ksora II' 6-max Seat #1 is the button
Seat 6: cantillonthor ($0 in chips) is sitting out
Seat 1: erpaye ($100 in chips) 
Seat 2: Aescul@pius ($110.95 in chips) 
erpaye: posts small blind $0.50
Aescul@pius: posts big blind $1
*** HOLE CARDS ***
erpaye: raises $1.30 to $2.30
Aescul@pius: calls $1.30
*** FLOP *** [4c Ts Jc]
Aescul@pius: checks 
erpaye: checks 
*** TURN *** [4c Ts Jc] [Qd]
Aescul@pius: checks 
erpaye: checks 
*** RIVER *** [4c Ts Jc Qd] [9s]
Aescul@pius: checks 
erpaye: bets $4.37
Aescul@pius: calls $4.37
*** SHOW DOWN ***
erpaye: shows [Th Ks] (a straight, Nine to King)
Aescul@pius: mucks hand 
erpaye collected $12.67 from pot
*** SUMMARY ***
Total pot $13.34 | Rake $0.67 
Board [4c Ts Jc Qd 9s]
Seat 6: cantillonthor
Seat 1: erpaye (button) (small blind) showed [Th Ks] and won ($12.67) with a straight, Nine to King
Seat 2: Aescul@pius (big blind) mucked



PokerStars Hand #254228873131:  Hold'em No Limit ($0.50/$1.00 USD) - 2025/01/06 15:50:06 WET [2025/01/06 10:50:06 ET]
Table 'Ksora II' 6-max Seat #2 is the button
Seat 6: cantillonthor ($0 in chips) is sitting out
Seat 1: erpaye ($106 in chips) 
Seat 2: Aescul@pius ($104.28 in chips) 
Aescul@pius: posts small blind $0.50
erpaye: posts big blind $1
*** HOLE CARDS ***
Aescul@pius: raises $1.50 to $2.50
erpaye: calls $1.50
*** FLOP *** [Jh 2h Ks]
erpaye: checks 
Aescul@pius: bets $1.57
erpaye: folds 
Uncalled bet ($1.57) returned to Aescul@pius
Aescul@pius collected $4.75 from pot
Aescul@pius: doesn't show hand 
*** SUMMARY ***
Total pot $5 | Rake $0.25 
Board [Jh 2h Ks]
Seat 6: cantillonthor
Seat 1: erpaye (big blind) folded on the Flop
Seat 2: Aescul@pius (button) (small blind) collected ($4.75)



PokerStars Hand #254228885941:  Hold'em No Limit ($0.50/$1.00 USD) - 2025/01/06 15:51:00 WET [2025/01/06 10:51:00 ET]
Table 'Ksora II' 6-max Seat #1 is the button
Seat 6: cantillonthor ($0 in chips) is sitting out
Seat 1: erpaye ($103.50 in chips) 
Seat 2: Aescul@pius ($106.53 in chips) 
erpaye: posts small blind $0.50
Aescul@pius: posts big blind $1
*** HOLE CARDS ***
erpaye: raises $1.30 to $2.30
Aescul@pius: raises $8.70 to $11
erpaye: calls $8.70
*** FLOP *** [Qd 6h 8s]
Aescul@pius: bets $6.93
erpaye: calls $6.93
*** TURN *** [Qd 6h 8s] [Jd]
Aescul@pius: checks 
erpaye: checks 
*** RIVER *** [Qd 6h 8s Jd] [Js]
Aescul@pius has timed out
Aescul@pius: checks 
erpaye: bets $85.57 and is all-in
Aescul@pius: calls $85.57
*** SHOW DOWN ***
erpaye: shows [Jh As] (three of a kind, Jacks)
Aescul@pius: shows [Kc Ks] (two pair, Kings and Jacks)
erpaye collected $206 from pot
*** SUMMARY ***
Total pot $207 | Rake $1 
Board [Qd 6h 8s Jd Js]
Seat 6: cantillonthor
Seat 1: erpaye (button) (small blind) showed [Jh As] and won ($206) with three of a kind, Jacks
Seat 2: Aescul@pius (big blind) showed [Kc Ks] and lost with two pair, Kings and Jacks



PokerStars Hand #254228924189:  Hold'em No Limit ($0.50/$1.00 USD) - 2025/01/06 15:53:39 WET [2025/01/06 10:53:39 ET]
Table 'Ksora II' 6-max Seat #2 is the button
Seat 6: cantillonthor ($0 in chips) is sitting out
Seat 1: erpaye ($206 in chips) 
Seat 2: Aescul@pius ($100 in chips) 
Aescul@pius: posts small blind $0.50
erpaye: posts big blind $1
*** HOLE CARDS ***
Aescul@pius: folds 
Uncalled bet ($0.50) returned to erpaye
erpaye collected $1 from pot
erpaye: doesn't show hand 
*** SUMMARY ***
Total pot $1 | Rake $0 
Seat 6: cantillonthor
Seat 1: erpaye (big blind) collected ($1)
Seat 2: Aescul@pius (button) (small blind) folded before Flop



PokerStars Hand #254228925890:  Hold'em No Limit ($0.50/$1.00 USD) - 2025/01/06 15:53:46 WET [2025/01/06 10:53:46 ET]
Table 'Ksora II' 6-max Seat #1 is the button
Seat 6: cantillonthor ($0 in chips) is sitting out
Seat 1: erpaye ($206.50 in chips) 
Seat 2: Aescul@pius ($100 in chips) 
erpaye: posts small blind $0.50
Aescul@pius: posts big blind $1
*** HOLE CARDS ***
erpaye: raises $1.30 to $2.30
Aescul@pius: folds 
Uncalled bet ($1.30) returned to erpaye
erpaye collected $2 from pot
erpaye: doesn't show hand 
*** SUMMARY ***
Total pot $2 | Rake $0 
Seat 6: cantillonthor
Seat 1: erpaye (button) (small blind) collected ($2)
Seat 2: Aescul@pius (big blind) folded before Flop



PokerStars Hand #254228928668:  Hold'em No Limit ($0.50/$1.00 USD) - 2025/01/06 15:53:57 WET [2025/01/06 10:53:57 ET]
Table 'Ksora II' 6-max Seat #2 is the button
Seat 6: cantillonthor ($0 in chips) is sitting out
Seat 1: erpaye ($207.50 in chips) 
Seat 2: Aescul@pius ($100 in chips) 
Aescul@pius: posts small blind $0.50
erpaye: posts big blind $1
*** HOLE CARDS ***
Aescul@pius: raises $1.50 to $2.50
erpaye: calls $1.50
*** FLOP *** [Ad 5c 6s]
erpaye: checks 
Aescul@pius: bets $1.57
erpaye: calls $1.57
*** TURN *** [Ad 5c 6s] [Th]
erpaye: checks 
Aescul@pius: checks 
*** RIVER *** [Ad 5c 6s Th] [3s]
erpaye: checks 
Aescul@pius: checks 
*** SHOW DOWN ***
erpaye: shows [6c 4c] (a pair of Sixes)
Aescul@pius: shows [8s 8c] (a pair of Eights)
Aescul@pius collected $7.73 from pot
*** SUMMARY ***
Total pot $8.14 | Rake $0.41 
Board [Ad 5c 6s Th 3s]
Seat 6: cantillonthor
Seat 1: erpaye (big blind) showed [6c 4c] and lost with a pair of Sixes
Seat 2: Aescul@pius (button) (small blind) showed [8s 8c] and won ($7.73) with a pair of Eights



PokerStars Hand #254229087070:  Hold'em No Limit ($0.50/$1.00 USD) - 2025/01/06 16:06:02 WET [2025/01/06 11:06:02 ET]
Table 'Ksora II' 6-max Seat #2 is the button
Seat 2: Sellim M. ($35.05 in chips) 
Seat 3: BGS013 ($100 in chips) 
Seat 4: blistein ($101 in chips) 
Seat 6: Aescul@pius ($103.66 in chips) 
BGS013: posts small blind $0.50
blistein: posts big blind $1
*** HOLE CARDS ***
Aescul@pius: raises $1.20 to $2.20
Sellim M.: folds 
BGS013: folds 
blistein: folds 
Uncalled bet ($1.20) returned to Aescul@pius
Aescul@pius collected $2.50 from pot
Aescul@pius: doesn't show hand 
*** SUMMARY ***
Total pot $2.50 | Rake $0 
Seat 2: Sellim M. (button) folded before Flop (didn't bet)
Seat 3: BGS013 (small blind) folded before Flop
Seat 4: blistein (big blind) folded before Flop
Seat 6: Aescul@pius collected ($2.50)



PokerStars Hand #254229090132:  Hold'em No Limit ($0.50/$1.00 USD) - 2025/01/06 16:06:15 WET [2025/01/06 11:06:15 ET]
Table 'Ksora II' 6-max Seat #3 is the button
Seat 2: Sellim M. ($35.05 in chips) 
Seat 3: BGS013 ($100 in chips) 
Seat 4: blistein ($100 in chips) 
Seat 6: Aescul@pius ($105.16 in chips) 
blistein: posts small blind $0.50
Aescul@pius: posts big blind $1
*** HOLE CARDS ***
Sellim M.: raises $1.50 to $2.50
BGS013: folds 
blistein: folds 
Aescul@pius: raises $6.50 to $9
Sellim M.: calls $6.50
*** FLOP *** [Kh 6s 4h]
Aescul@pius: bets $8.79
Sellim M.: raises $17.26 to $26.05 and is all-in
Aescul@pius: calls $17.26
*** TURN *** [Kh 6s 4h] [Kc]
*** RIVER *** [Kh 6s 4h Kc] [Qc]
*** SHOW DOWN ***
Aescul@pius: shows [Qd Ad] (two pair, Kings and Queens)
Sellim M.: shows [Qs As] (two pair, Kings and Queens)
Aescul@pius collected $34.80 from pot
Sellim M. collected $34.80 from pot
*** SUMMARY ***
Total pot $70.60 | Rake $1 
Board [Kh 6s 4h Kc Qc]
Seat 2: Sellim M. showed [Qs As] and won ($34.80) with two pair, Kings and Queens
Seat 3: BGS013 (button) folded before Flop (didn't bet)
Seat 4: blistein (small blind) folded before Flop
Seat 6: Aescul@pius (big blind) showed [Qd Ad] and won ($34.80) with two pair, Kings and Queens



PokerStars Hand #254229110451:  Hold'em No Limit ($0.50/$1.00 USD) - 2025/01/06 16:07:37 WET [2025/01/06 11:07:37 ET]
Table 'Ksora II' 6-max Seat #4 is the button
Seat 2: Sellim M. ($34.80 in chips) 
Seat 3: BGS013 ($100 in chips) 
Seat 4: blistein ($100 in chips) 
Seat 6: Aescul@pius ($104.91 in chips) 
Aescul@pius: posts small blind $0.50
Sellim M.: posts big blind $1
*** HOLE CARDS ***
BGS013: folds 
blistein: folds 
Aescul@pius: raises $1.50 to $2.50
Sellim M.: folds 
Uncalled bet ($1.50) returned to Aescul@pius
Aescul@pius collected $2 from pot
Aescul@pius: doesn't show hand 
*** SUMMARY ***
Total pot $2 | Rake $0 
Seat 2: Sellim M. (big blind) folded before Flop
Seat 3: BGS013 folded before Flop (didn't bet)
Seat 4: blistein (button) folded before Flop (didn't bet)
Seat 6: Aescul@pius (small blind) collected ($2)



PokerStars Hand #254229113267:  Hold'em No Limit ($0.50/$1.00 USD) - 2025/01/06 16:07:49 WET [2025/01/06 11:07:49 ET]
Table 'Ksora II' 6-max Seat #6 is the button
Seat 2: Sellim M. ($33.80 in chips) 
Seat 3: BGS013 ($100 in chips) 
Seat 4: blistein ($100 in chips) 
Seat 6: Aescul@pius ($105.91 in chips) 
Sellim M.: posts small blind $0.50
BGS013: posts big blind $1
*** HOLE CARDS ***
blistein: folds 
Aescul@pius: folds 
Sellim M.: folds 
Uncalled bet ($0.50) returned to BGS013
BGS013 collected $1 from pot
BGS013: doesn't show hand 
*** SUMMARY ***
Total pot $1 | Rake $0 
Seat 2: Sellim M. (small blind) folded before Flop
Seat 3: BGS013 (big blind) collected ($1)
Seat 4: blistein folded before Flop (didn't bet)
Seat 6: Aescul@pius (button) folded before Flop (didn't bet)



PokerStars Hand #254229115359:  Hold'em No Limit ($0.50/$1.00 USD) - 2025/01/06 16:07:58 WET [2025/01/06 11:07:58 ET]
Table 'Ksora II' 6-max Seat #2 is the button
Seat 2: Sellim M. ($33.30 in chips) 
Seat 3: BGS013 ($100.50 in chips) 
Seat 4: blistein ($100 in chips) 
Seat 6: Aescul@pius ($105.91 in chips) 
BGS013: posts small blind $0.50
blistein: posts big blind $1
*** HOLE CARDS ***
Aescul@pius: folds 
Sellim M.: raises $1.50 to $2.50
BGS013: raises $8.50 to $11
blistein: folds 
Sellim M.: raises $22.30 to $33.30 and is all-in
BGS013: calls $22.30
*** FLOP *** [7c 7h 8h]
*** TURN *** [7c 7h 8h] [9d]
*** RIVER *** [7c 7h 8h 9d] [Js]
*** SHOW DOWN ***
BGS013: shows [Qs Qh] (two pair, Queens and Sevens)
Sellim M.: shows [Th Ts] (a straight, Seven to Jack)
Sellim M. collected $66.60 from pot
*** SUMMARY ***
Total pot $67.60 | Rake $1 
Board [7c 7h 8h 9d Js]
Seat 2: Sellim M. (button) showed [Th Ts] and won ($66.60) with a straight, Seven to Jack
Seat 3: BGS013 (small blind) showed [Qs Qh] and lost with two pair, Queens and Sevens
Seat 4: blistein (big blind) folded before Flop
Seat 6: Aescul@pius folded before Flop (didn't bet)



PokerStars Hand #254229121972:  Hold'em No Limit ($0.50/$1.00 USD) - 2025/01/06 16:08:25 WET [2025/01/06 11:08:25 ET]
Table 'Ksora II' 6-max Seat #3 is the button
Seat 2: Sellim M. ($66.60 in chips) 
Seat 3: BGS013 ($100 in chips) 
Seat 4: blistein ($100 in chips) 
Seat 6: Aescul@pius ($105.91 in chips) 
blistein: posts small blind $0.50
Aescul@pius: posts big blind $1
*** HOLE CARDS ***
Sellim M.: folds 
BGS013: raises $1.50 to $2.50
blistein: folds 
Aescul@pius: folds 
Uncalled bet ($1.50) returned to BGS013
BGS013 collected $2.50 from pot
BGS013: doesn't show hand 
*** SUMMARY ***
Total pot $2.50 | Rake $0 
Seat 2: Sellim M. folded before Flop (didn't bet)
Seat 3: BGS013 (button) collected ($2.50)
Seat 4: blistein (small blind) folded before Flop
Seat 6: Aescul@pius (big blind) folded before Flop



PokerStars Hand #254229125419:  Hold'em No Limit ($0.50/$1.00 USD) - 2025/01/06 16:08:39 WET [2025/01/06 11:08:39 ET]
Table 'Ksora II' 6-max Seat #4 is the button
Seat 2: Sellim M. ($66.60 in chips) 
Seat 3: BGS013 ($101.50 in chips) 
Seat 4: blistein ($100 in chips) 
Seat 6: Aescul@pius ($104.91 in chips) 
Aescul@pius: posts small blind $0.50
Sellim M.: posts big blind $1
*** HOLE CARDS ***
BGS013: folds 
blistein: folds 
Aescul@pius: folds 
Uncalled bet ($0.50) returned to Sellim M.
Sellim M. collected $1 from pot
Sellim M.: doesn't show hand 
*** SUMMARY ***
Total pot $1 | Rake $0 
Seat 2: Sellim M. (big blind) collected ($1)
Seat 3: BGS013 folded before Flop (didn't bet)
Seat 4: blistein (button) folded before Flop (didn't bet)
Seat 6: Aescul@pius (small blind) folded before Flop



PokerStars Hand #254229128303:  Hold'em No Limit ($0.50/$1.00 USD) - 2025/01/06 16:08:51 WET [2025/01/06 11:08:51 ET]
Table 'Ksora II' 6-max Seat #6 is the button
Seat 2: Sellim M. ($67.10 in chips) 
Seat 3: BGS013 ($101.50 in chips) 
Seat 4: blistein ($100 in chips) 
Seat 6: Aescul@pius ($104.41 in chips) 
Sellim M.: posts small blind $0.50
BGS013: posts big blind $1
*** HOLE CARDS ***
blistein: folds 
Aescul@pius: folds 
Sellim M.: raises $1.50 to $2.50
BGS013: calls $1.50
*** FLOP *** [Kc Kh Ts]
Sellim M.: checks 
BGS013: bets $1.24
Sellim M.: calls $1.24
*** TURN *** [Kc Kh Ts] [Jc]
Sellim M.: checks 
BGS013: checks 
*** RIVER *** [Kc Kh Ts Jc] [8h]
Sellim M.: bets $10
BGS013: folds 
Uncalled bet ($10) returned to Sellim M.
blistein leaves the table
Sellim M. collected $7.11 from pot
Sellim M.: doesn't show hand 
*** SUMMARY ***
Total pot $7.48 | Rake $0.37 
Board [Kc Kh Ts Jc 8h]
Seat 2: Sellim M. (small blind) collected ($7.11)
Seat 3: BGS013 (big blind) folded on the River
Seat 4: blistein folded before Flop (didn't bet)
Seat 6: Aescul@pius (button) folded before Flop (didn't bet)



PokerStars Hand #254229139649:  Hold'em No Limit ($0.50/$1.00 USD) - 2025/01/06 16:09:37 WET [2025/01/06 11:09:37 ET]
Table 'Ksora II' 6-max Seat #2 is the button
Seat 2: Sellim M. ($70.47 in chips) 
Seat 3: BGS013 ($100 in chips) 
Seat 6: Aescul@pius ($104.41 in chips) 
BGS013: posts small blind $0.50
Aescul@pius: posts big blind $1
*** HOLE CARDS ***
Sellim M.: folds 
BGS013: raises $2 to $3
Aescul@pius: folds 
Uncalled bet ($2) returned to BGS013
BGS013 collected $2 from pot
BGS013: doesn't show hand 
*** SUMMARY ***
Total pot $2 | Rake $0 
Seat 2: Sellim M. (button) folded before Flop (didn't bet)
Seat 3: BGS013 (small blind) collected ($2)
Seat 6: Aescul@pius (big blind) folded before Flop



PokerStars Hand #254229143036:  Hold'em No Limit ($0.50/$1.00 USD) - 2025/01/06 16:09:51 WET [2025/01/06 11:09:51 ET]
Table 'Ksora II' 6-max Seat #3 is the button
Seat 2: Sellim M. ($70.47 in chips) 
Seat 3: BGS013 ($101 in chips) 
Seat 6: Aescul@pius ($103.41 in chips) 
Aescul@pius: posts small blind $0.50
Sellim M.: posts big blind $1
*** HOLE CARDS ***
BGS013: folds 
Aescul@pius: folds 
Uncalled bet ($0.50) returned to Sellim M.
Sellim M. collected $1 from pot
Sellim M.: doesn't show hand 
*** SUMMARY ***
Total pot $1 | Rake $0 
Seat 2: Sellim M. (big blind) collected ($1)
Seat 3: BGS013 (button) folded before Flop (didn't bet)
Seat 6: Aescul@pius (small blind) folded before Flop



PokerStars Hand #254229145742:  Hold'em No Limit ($0.50/$1.00 USD) - 2025/01/06 16:10:01 WET [2025/01/06 11:10:01 ET]
Table 'Ksora II' 6-max Seat #6 is the button
Seat 2: Sellim M. ($70.97 in chips) 
Seat 3: BGS013 ($101 in chips) 
Seat 6: Aescul@pius ($102.91 in chips) 
Sellim M.: posts small blind $0.50
BGS013: posts big blind $1
*** HOLE CARDS ***
Aescul@pius: raises $1.20 to $2.20
Sellim M.: folds 
BGS013: raises $9.80 to $12
nastja336 joins the table at seat #5 
despoikyr joins the table at seat #4 
despoikyr is disconnected 
yzuk joins the table at seat #1 
Aescul@pius: raises $12 to $24
BGS013: folds 
Uncalled bet ($12) returned to Aescul@pius
Aescul@pius collected $24.50 from pot
Aescul@pius: doesn't show hand 
*** SUMMARY ***
Total pot $24.50 | Rake $0 
Seat 2: Sellim M. (small blind) folded before Flop
Seat 3: BGS013 (big blind) folded before Flop
Seat 6: Aescul@pius (button) collected ($24.50)



PokerStars Hand #254229153767:  Hold'em No Limit ($0.50/$1.00 USD) - 2025/01/06 16:10:34 WET [2025/01/06 11:10:34 ET]
Table 'Ksora II' 6-max Seat #2 is the button
Seat 1: yzuk ($100 in chips) is sitting out
Seat 5: nastja336 ($112.02 in chips) is sitting out
Seat 2: Sellim M. ($70.47 in chips) 
Seat 3: BGS013 ($100 in chips) 
Seat 4: despoikyr ($90.94 in chips) 
Seat 6: Aescul@pius ($115.41 in chips) 
BGS013: posts small blind $0.50
despoikyr: posts big blind $1
nastja336: sits out 
yzuk: sits out 
*** HOLE CARDS ***
Aescul@pius: folds 
Sellim M.: raises $1.50 to $2.50
BGS013: folds 
despoikyr: calls $1.50
*** FLOP *** [9h 4h 3c]
despoikyr: checks 
Sellim M.: checks 
*** TURN *** [9h 4h 3c] [Jd]
despoikyr: bets $2
Sellim M.: raises $2.80 to $4.80
despoikyr: calls $2.80
*** RIVER *** [9h 4h 3c Jd] [Ad]
despoikyr: checks 
Sellim M.: bets $12
despoikyr: folds 
Uncalled bet ($12) returned to Sellim M.
Sellim M. collected $14.34 from pot
Sellim M.: doesn't show hand 
*** SUMMARY ***
Total pot $15.10 | Rake $0.76 
Board [9h 4h 3c Jd Ad]
Seat 1: yzuk
Seat 5: nastja336
Seat 2: Sellim M. (button) collected ($14.34)
Seat 3: BGS013 (small blind) folded before Flop
Seat 4: despoikyr (big blind) folded on the River
Seat 6: Aescul@pius folded before Flop (didn't bet)



PokerStars Hand #254229164408:  Hold'em No Limit ($0.50/$1.00 USD) - 2025/01/06 16:11:17 WET [2025/01/06 11:11:17 ET]
Table 'Ksora II' 6-max Seat #3 is the button
Seat 1: yzuk ($100 in chips) is sitting out
Seat 2: Sellim M. ($77.51 in chips) 
Seat 3: BGS013 ($100 in chips) 
Seat 4: despoikyr ($83.64 in chips) 
Seat 5: nastja336 ($112.02 in chips) 
Seat 6: Aescul@pius ($115.41 in chips) 
despoikyr: posts small blind $0.50
nastja336: posts big blind $1
yzuk: sits out 
*** HOLE CARDS ***
Aescul@pius: folds 
Sellim M.: folds 
BGS013: raises $1.50 to $2.50
despoikyr: calls $2
nastja336: calls $1.50
*** FLOP *** [3d Jd 8s]
despoikyr: checks 
nastja336: checks 
BGS013: bets $1.85
despoikyr: folds 
nastja336: raises $3.70 to $5.55
BGS013: raises $10.95 to $16.50
nastja336: folds 
Uncalled bet ($10.95) returned to BGS013
BGS013 collected $17.67 from pot
BGS013: doesn't show hand 
*** SUMMARY ***
Total pot $18.60 | Rake $0.93 
Board [3d Jd 8s]
Seat 1: yzuk
Seat 2: Sellim M. folded before Flop (didn't bet)
Seat 3: BGS013 (button) collected ($17.67)
Seat 4: despoikyr (small blind) folded on the Flop
Seat 5: nastja336 (big blind) folded on the Flop
Seat 6: Aescul@pius folded before Flop (didn't bet)



PokerStars Hand #254229177355:  Hold'em No Limit ($0.50/$1.00 USD) - 2025/01/06 16:12:09 WET [2025/01/06 11:12:09 ET]
Table 'Ksora II' 6-max Seat #4 is the button
Seat 6: Aescul@pius ($115.41 in chips) is sitting out
Seat 1: yzuk ($100 in chips) 
Seat 2: Sellim M. ($77.51 in chips) 
Seat 3: BGS013 ($109.62 in chips) 
Seat 4: despoikyr ($81.14 in chips) 
Seat 5: nastja336 ($103.97 in chips) 
nastja336: posts small blind $0.50
Aescul@pius: is sitting out 
yzuk: posts big blind $1
*** HOLE CARDS ***
Sellim M.: folds 
BGS013: folds 
despoikyr: raises $2 to $3
nastja336: folds 
yzuk: folds 
Uncalled bet ($2) returned to despoikyr
despoikyr collected $2.50 from pot
*** SUMMARY ***
Total pot $2.50 | Rake $0 
Seat 6: Aescul@pius
Seat 1: yzuk (big blind) folded before Flop
Seat 2: Sellim M. folded before Flop (didn't bet)
Seat 3: BGS013 folded before Flop (didn't bet)
Seat 4: despoikyr (button) collected ($2.50)
Seat 5: nastja336 (small blind) folded before Flop



PokerStars Hand #254229180346:  Hold'em No Limit ($0.50/$1.00 USD) - 2025/01/06 16:12:21 WET [2025/01/06 11:12:21 ET]
Table 'Ksora II' 6-max Seat #5 is the button
Seat 6: Aescul@pius ($115.41 in chips) is sitting out
Seat 1: yzuk ($100 in chips) 
Seat 2: Sellim M. ($77.51 in chips) 
Seat 3: BGS013 ($109.62 in chips) 
Seat 4: despoikyr ($82.64 in chips) 
Seat 5: nastja336 ($103.47 in chips) 
yzuk: posts small blind $0.50
Sellim M.: posts big blind $1
*** HOLE CARDS ***
BGS013: folds 
despoikyr: folds 
nastja336: raises $1.50 to $2.50
yzuk: folds 
Sellim M.: folds 
Uncalled bet ($1.50) returned to nastja336
nastja336 collected $2.50 from pot
nastja336: doesn't show hand 
*** SUMMARY ***
Total pot $2.50 | Rake $0 
Seat 6: Aescul@pius
Seat 1: yzuk (small blind) folded before Flop
Seat 2: Sellim M. (big blind) folded before Flop
Seat 3: BGS013 folded before Flop (didn't bet)
Seat 4: despoikyr folded before Flop (didn't bet)
Seat 5: nastja336 (button) collected ($2.50)



PokerStars Hand #254229183433:  Hold'em No Limit ($0.50/$1.00 USD) - 2025/01/06 16:12:33 WET [2025/01/06 11:12:33 ET]
Table 'Ksora II' 6-max Seat #1 is the button
Seat 6: Aescul@pius ($115.41 in chips) is sitting out
Seat 1: yzuk ($100 in chips) 
Seat 2: Sellim M. ($76.51 in chips) 
Seat 3: BGS013 ($109.62 in chips) 
Seat 4: despoikyr ($82.64 in chips) 
Seat 5: nastja336 ($104.97 in chips) 
Sellim M.: posts small blind $0.50
BGS013: posts big blind $1
Aescul@pius: sits out 
*** HOLE CARDS ***
despoikyr: calls $1
nastja336: folds 
yzuk: raises $2.50 to $3.50
Sellim M.: folds 
BGS013: folds 
despoikyr: calls $2.50
*** FLOP *** [Ks As 3s]
despoikyr: checks 
yzuk: checks 
*** TURN *** [Ks As 3s] [Kd]
despoikyr: bets $3
yzuk: calls $3
*** RIVER *** [Ks As 3s Kd] [2s]
despoikyr: checks 
yzuk: bets $4.69
despoikyr: calls $4.69
*** SHOW DOWN ***
yzuk: shows [4s Ad] (a flush, Ace high)
despoikyr: shows [7s 8s] (a flush, Ace high - Eight higher)
despoikyr collected $22.69 from pot
*** SUMMARY ***
Total pot $23.88 | Rake $1.19 
Board [Ks As 3s Kd 2s]
Seat 6: Aescul@pius
Seat 1: yzuk (button) showed [4s Ad] and lost with a flush, Ace high
Seat 2: Sellim M. (small blind) folded before Flop
Seat 3: BGS013 (big blind) folded before Flop
Seat 4: despoikyr showed [7s 8s] and won ($22.69) with a flush, Ace high
Seat 5: nastja336 folded before Flop (didn't bet)



PokerStars Hand #254229192621:  Hold'em No Limit ($0.50/$1.00 USD) - 2025/01/06 16:13:10 WET [2025/01/06 11:13:10 ET]
Table 'Ksora II' 6-max Seat #2 is the button
Seat 6: Aescul@pius ($115.41 in chips) is sitting out
Seat 1: yzuk ($100 in chips) 
Seat 2: Sellim M. ($76.01 in chips) 
Seat 3: BGS013 ($108.62 in chips) 
Seat 4: despoikyr ($94.14 in chips) 
Seat 5: nastja336 ($104.97 in chips) 
BGS013: posts small blind $0.50
despoikyr: posts big blind $1
Aescul@pius: sits out 
*** HOLE CARDS ***
nastja336: folds 
yzuk: raises $1.50 to $2.50
Sellim M.: folds 
BGS013: folds 
despoikyr: folds 
Uncalled bet ($1.50) returned to yzuk
yzuk collected $2.50 from pot
yzuk: doesn't show hand 
*** SUMMARY ***
Total pot $2.50 | Rake $0 
Seat 6: Aescul@pius
Seat 1: yzuk collected ($2.50)
Seat 2: Sellim M. (button) folded before Flop (didn't bet)
Seat 3: BGS013 (small blind) folded before Flop
Seat 4: despoikyr (big blind) folded before Flop
Seat 5: nastja336 folded before Flop (didn't bet)



PokerStars Hand #254229195993:  Hold'em No Limit ($0.50/$1.00 USD) - 2025/01/06 16:13:24 WET [2025/01/06 11:13:24 ET]
Table 'Ksora II' 6-max Seat #3 is the button
Seat 6: Aescul@pius ($115.41 in chips) is sitting out
Seat 1: yzuk ($101.50 in chips) 
Seat 2: Sellim M. ($76.01 in chips) 
Seat 3: BGS013 ($108.12 in chips) 
Seat 4: despoikyr ($93.14 in chips) 
Seat 5: nastja336 ($104.97 in chips) 
despoikyr: posts small blind $0.50
nastja336: posts big blind $1
Aescul@pius: sits out 
*** HOLE CARDS ***
yzuk: folds 
Sellim M.: raises $1.50 to $2.50
BGS013: folds 
despoikyr: folds 
nastja336: folds 
Uncalled bet ($1.50) returned to Sellim M.
Sellim M. collected $2.50 from pot
Sellim M.: doesn't show hand 
*** SUMMARY ***
Total pot $2.50 | Rake $0 
Seat 6: Aescul@pius
Seat 1: yzuk folded before Flop (didn't bet)
Seat 2: Sellim M. collected ($2.50)
Seat 3: BGS013 (button) folded before Flop (didn't bet)
Seat 4: despoikyr (small blind) folded before Flop
Seat 5: nastja336 (big blind) folded before Flop



PokerStars Hand #254229200144:  Hold'em No Limit ($0.50/$1.00 USD) - 2025/01/06 16:13:41 WET [2025/01/06 11:13:41 ET]
Table 'Ksora II' 6-max Seat #4 is the button
Seat 1: yzuk ($101.50 in chips) 
Seat 2: Sellim M. ($77.51 in chips) 
Seat 3: BGS013 ($108.12 in chips) 
Seat 4: despoikyr ($92.64 in chips) 
Seat 5: nastja336 ($103.97 in chips) 
Seat 6: Aescul@pius ($115.41 in chips) 
nastja336: posts small blind $0.50
Aescul@pius: posts big blind $1
*** HOLE CARDS ***
yzuk: folds 
Sellim M.: folds 
BGS013: folds 
despoikyr: raises $1 to $2
nastja336: folds 
Aescul@pius: folds 
Uncalled bet ($1) returned to despoikyr
despoikyr collected $2.50 from pot
*** SUMMARY ***
Total pot $2.50 | Rake $0 
Seat 1: yzuk folded before Flop (didn't bet)
Seat 2: Sellim M. folded before Flop (didn't bet)
Seat 3: BGS013 folded before Flop (didn't bet)
Seat 4: despoikyr (button) collected ($2.50)
Seat 5: nastja336 (small blind) folded before Flop
Seat 6: Aescul@pius (big blind) folded before Flop



PokerStars Hand #254229226834:  Hold'em No Limit ($0.50/$1.00 USD) - 2025/01/06 16:15:29 WET [2025/01/06 11:15:29 ET]
Table 'Ksora II' 6-max Seat #1 is the button
Seat 2: Sellim M. ($0 in chips) is sitting out
Seat 1: yzuk ($100 in chips) 
Seat 3: BGS013 ($181.13 in chips) 
Seat 4: despoikyr ($104.28 in chips) 
Seat 5: nastja336 ($103.47 in chips) 
Seat 6: Aescul@pius ($113.91 in chips) 
BGS013: posts small blind $0.50
despoikyr: posts big blind $1
*** HOLE CARDS ***
nastja336: folds 
Sellim M. leaves the table
Aescul@pius: raises $1.20 to $2.20
yzuk: folds 
BGS013: folds 
despoikyr: calls $1.20
*** FLOP *** [2d 9s Jh]
despoikyr: checks 
Aescul@pius: checks 
*** TURN *** [2d 9s Jh] [5h]
despoikyr: bets $2
zizizib joins the table at seat #2 
Aescul@pius: raises $5.53 to $7.53
despoikyr: calls $5.53
*** RIVER *** [2d 9s Jh 5h] [Ac]
despoikyr: checks 
Aescul@pius: bets $11.03
despoikyr: calls $11.03
*** SHOW DOWN ***
Aescul@pius: shows [Ah 2h] (two pair, Aces and Deuces)
despoikyr: mucks hand 
Aescul@pius collected $39.92 from pot
*** SUMMARY ***
Total pot $42.02 | Rake $2.10 
Board [2d 9s Jh 5h Ac]
Seat 2: Sellim M.
Seat 1: yzuk (button) folded before Flop (didn't bet)
Seat 3: BGS013 (small blind) folded before Flop
Seat 4: despoikyr (big blind) mucked
Seat 5: nastja336 folded before Flop (didn't bet)
Seat 6: Aescul@pius showed [Ah 2h] and won ($39.92) with two pair, Aces and Deuces



PokerStars Hand #254229242176:  Hold'em No Limit ($0.50/$1.00 USD) - 2025/01/06 16:16:31 WET [2025/01/06 11:16:31 ET]
Table 'Ksora II' 6-max Seat #3 is the button
Seat 2: zizizib ($100.50 in chips) is sitting out
Seat 1: yzuk ($100 in chips) 
Seat 3: BGS013 ($180.63 in chips) 
Seat 4: despoikyr ($83.52 in chips) 
Seat 5: nastja336 ($103.47 in chips) 
Seat 6: Aescul@pius ($133.07 in chips) 
despoikyr: posts small blind $0.50
nastja336: posts big blind $1
zizizib: sits out 
*** HOLE CARDS ***
Aescul@pius: raises $1.20 to $2.20
yzuk: folds 
BGS013: folds 
despoikyr: calls $1.70
nastja336: folds 
*** FLOP *** [6c Qs 5s]
despoikyr: checks 
Aescul@pius: bets $6.41
despoikyr: folds 
Uncalled bet ($6.41) returned to Aescul@pius
Aescul@pius collected $5.13 from pot
Aescul@pius: doesn't show hand 
*** SUMMARY ***
Total pot $5.40 | Rake $0.27 
Board [6c Qs 5s]
Seat 2: zizizib
Seat 1: yzuk folded before Flop (didn't bet)
Seat 3: BGS013 (button) folded before Flop (didn't bet)
Seat 4: despoikyr (small blind) folded on the Flop
Seat 5: nastja336 (big blind) folded before Flop
Seat 6: Aescul@pius collected ($5.13)



PokerStars Hand #254229247906:  Hold'em No Limit ($0.50/$1.00 USD) - 2025/01/06 16:16:55 WET [2025/01/06 11:16:55 ET]
Table 'Ksora II' 6-max Seat #4 is the button
Seat 2: zizizib ($100.50 in chips) is sitting out
Seat 1: yzuk ($100 in chips) 
Seat 3: BGS013 ($180.63 in chips) 
Seat 4: despoikyr ($81.32 in chips) 
Seat 5: nastja336 ($102.47 in chips) 
Seat 6: Aescul@pius ($136 in chips) 
nastja336: posts small blind $0.50
Aescul@pius: posts big blind $1
zizizib: sits out 
*** HOLE CARDS ***
yzuk: folds 
BGS013: folds 
despoikyr: raises $1 to $2
nastja336: folds 
Aescul@pius: folds 
Uncalled bet ($1) returned to despoikyr
despoikyr collected $2.50 from pot
*** SUMMARY ***
Total pot $2.50 | Rake $0 
Seat 2: zizizib
Seat 1: yzuk folded before Flop (didn't bet)
Seat 3: BGS013 folded before Flop (didn't bet)
Seat 4: despoikyr (button) collected ($2.50)
Seat 5: nastja336 (small blind) folded before Flop
Seat 6: Aescul@pius (big blind) folded before Flop



PokerStars Hand #254229252792:  Hold'em No Limit ($0.50/$1.00 USD) - 2025/01/06 16:17:14 WET [2025/01/06 11:17:14 ET]
Table 'Ksora II' 6-max Seat #5 is the button
Seat 2: zizizib ($100.50 in chips) is sitting out
Seat 1: yzuk ($100 in chips) 
Seat 3: BGS013 ($180.63 in chips) 
Seat 4: despoikyr ($82.82 in chips) 
Seat 5: nastja336 ($101.97 in chips) 
Seat 6: Aescul@pius ($135 in chips) 
Aescul@pius: posts small blind $0.50
yzuk: posts big blind $1
zizizib: sits out 
*** HOLE CARDS ***
BGS013: folds 
despoikyr: raises $1 to $2
nastja336: folds 
Aescul@pius: folds 
yzuk: calls $1
*** FLOP *** [Ts 8h 6c]
yzuk: bets $1.46
despoikyr: calls $1.46
*** TURN *** [Ts 8h 6c] [9s]
yzuk: bets $7.76
despoikyr: folds 
Uncalled bet ($7.76) returned to yzuk
yzuk collected $7.05 from pot
yzuk: doesn't show hand 
*** SUMMARY ***
Total pot $7.42 | Rake $0.37 
Board [Ts 8h 6c 9s]
Seat 2: zizizib
Seat 1: yzuk (big blind) collected ($7.05)
Seat 3: BGS013 folded before Flop (didn't bet)
Seat 4: despoikyr folded on the Turn
Seat 5: nastja336 (button) folded before Flop (didn't bet)
Seat 6: Aescul@pius (small blind) folded before Flop



PokerStars Hand #254229260320:  Hold'em No Limit ($0.50/$1.00 USD) - 2025/01/06 16:17:45 WET [2025/01/06 11:17:45 ET]
Table 'Ksora II' 6-max Seat #6 is the button
Seat 1: yzuk ($103.59 in chips) 
Seat 2: zizizib ($100.50 in chips) 
Seat 3: BGS013 ($180.63 in chips) 
Seat 4: despoikyr ($79.36 in chips) 
Seat 5: nastja336 ($101.97 in chips) 
Seat 6: Aescul@pius ($134.50 in chips) 
yzuk: posts small blind $0.50
zizizib: posts big blind $1
*** HOLE CARDS ***
BGS013: folds 
despoikyr: folds 
nastja336: folds 
Aescul@pius: folds 
yzuk: folds 
Uncalled bet ($0.50) returned to zizizib
zizizib collected $1 from pot
zizizib: doesn't show hand 
*** SUMMARY ***
Total pot $1 | Rake $0 
Seat 1: yzuk (small blind) folded before Flop
Seat 2: zizizib (big blind) collected ($1)
Seat 3: BGS013 folded before Flop (didn't bet)
Seat 4: despoikyr folded before Flop (didn't bet)
Seat 5: nastja336 folded before Flop (didn't bet)
Seat 6: Aescul@pius (button) folded before Flop (didn't bet)



PokerStars Hand #254229263265:  Hold'em No Limit ($0.50/$1.00 USD) - 2025/01/06 16:17:56 WET [2025/01/06 11:17:56 ET]
Table 'Ksora II' 6-max Seat #1 is the button
Seat 3: BGS013 ($180.63 in chips) is sitting out
Seat 1: yzuk ($103.09 in chips) 
Seat 2: zizizib ($101 in chips) 
Seat 4: despoikyr ($79.36 in chips) 
Seat 5: nastja336 ($101.97 in chips) 
Seat 6: Aescul@pius ($134.50 in chips) 
zizizib: posts small blind $0.50
BGS013: is sitting out 
despoikyr: posts big blind $1
*** HOLE CARDS ***
BGS013 leaves the table
nastja336: folds 
Aescul@pius: raises $1.20 to $2.20
yzuk: folds 
zizizib: folds 
despoikyr: calls $1.20
*** FLOP *** [8d Jc 4c]
despoikyr: checks 
Aescul@pius: checks 
*** TURN *** [8d Jc 4c] [3d]
despoikyr: bets $2.33
YeeesMan joins the table at seat #3 
Aescul@pius: calls $2.33
*** RIVER *** [8d Jc 4c 3d] [Th]
despoikyr: bets $4.54
Aescul@pius: folds 
Uncalled bet ($4.54) returned to despoikyr
despoikyr collected $9.08 from pot
*** SUMMARY ***
Total pot $9.56 | Rake $0.48 
Board [8d Jc 4c 3d Th]
Seat 3: BGS013
Seat 1: yzuk (button) folded before Flop (didn't bet)
Seat 2: zizizib (small blind) folded before Flop
Seat 4: despoikyr (big blind) collected ($9.08)
Seat 5: nastja336 folded before Flop (didn't bet)
Seat 6: Aescul@pius folded on the River



PokerStars Hand #254229276446:  Hold'em No Limit ($0.50/$1.00 USD) - 2025/01/06 16:18:49 WET [2025/01/06 11:18:49 ET]
Table 'Ksora II' 6-max Seat #2 is the button
Seat 3: YeeesMan ($100 in chips) is sitting out
Seat 1: yzuk ($103.09 in chips) 
Seat 2: zizizib ($100.50 in chips) 
Seat 4: despoikyr ($83.91 in chips) 
Seat 5: nastja336 ($101.97 in chips) 
Seat 6: Aescul@pius ($129.97 in chips) 
despoikyr: posts small blind $0.50
nastja336: posts big blind $1
*** HOLE CARDS ***
Aescul@pius: folds 
yzuk: raises $1.50 to $2.50
zizizib: folds 
despoikyr: calls $2
nastja336: calls $1.50
*** FLOP *** [3s 7s Kc]
despoikyr: checks 
nastja336: checks 
yzuk: bets $3.63
despoikyr: folds 
nastja336: folds 
Uncalled bet ($3.63) returned to yzuk
yzuk collected $7.12 from pot
yzuk: doesn't show hand 
*** SUMMARY ***
Total pot $7.50 | Rake $0.38 
Board [3s 7s Kc]
Seat 3: YeeesMan
Seat 1: yzuk collected ($7.12)
Seat 2: zizizib (button) folded before Flop (didn't bet)
Seat 4: despoikyr (small blind) folded on the Flop
Seat 5: nastja336 (big blind) folded on the Flop
Seat 6: Aescul@pius folded before Flop (didn't bet)



PokerStars Hand #254229284560:  Hold'em No Limit ($0.50/$1.00 USD) - 2025/01/06 16:19:21 WET [2025/01/06 11:19:21 ET]
Table 'Ksora II' 6-max Seat #4 is the button
Seat 3: YeeesMan ($100 in chips) is sitting out
Seat 1: yzuk ($107.71 in chips) 
Seat 2: zizizib ($100.50 in chips) 
Seat 4: despoikyr ($81.41 in chips) 
Seat 5: nastja336 ($100 in chips) 
Seat 6: Aescul@pius ($129.97 in chips) 
nastja336: posts small blind $0.50
Aescul@pius: posts big blind $1
YeeesMan: sits out 
*** HOLE CARDS ***
yzuk: folds 
zizizib: folds 
despoikyr: raises $1 to $2
nastja336: folds 
Aescul@pius: folds 
Uncalled bet ($1) returned to despoikyr
despoikyr collected $2.50 from pot
*** SUMMARY ***
Total pot $2.50 | Rake $0 
Seat 3: YeeesMan
Seat 1: yzuk folded before Flop (didn't bet)
Seat 2: zizizib folded before Flop (didn't bet)
Seat 4: despoikyr (button) collected ($2.50)
Seat 5: nastja336 (small blind) folded before Flop
Seat 6: Aescul@pius (big blind) folded before Flop



PokerStars Hand #254229287528:  Hold'em No Limit ($0.50/$1.00 USD) - 2025/01/06 16:19:33 WET [2025/01/06 11:19:33 ET]
Table 'Ksora II' 6-max Seat #5 is the button
Seat 3: YeeesMan ($100 in chips) is sitting out
Seat 1: yzuk ($107.71 in chips) 
Seat 2: zizizib ($100.50 in chips) 
Seat 4: despoikyr ($82.91 in chips) 
Seat 5: nastja336 ($100 in chips) 
Seat 6: Aescul@pius ($128.97 in chips) 
Aescul@pius: posts small blind $0.50
yzuk: posts big blind $1
YeeesMan: sits out 
*** HOLE CARDS ***
zizizib: folds 
despoikyr: folds 
nastja336: folds 
Aescul@pius: raises $2 to $3
yzuk: calls $2
*** FLOP *** [6s 8d 4h]
Aescul@pius: checks 
yzuk: checks 
*** TURN *** [6s 8d 4h] [2h]
Aescul@pius: checks 
yzuk: checks 
*** RIVER *** [6s 8d 4h 2h] [5d]
Aescul@pius: checks 
yzuk: bets $1.94
Aescul@pius: calls $1.94
*** SHOW DOWN ***
yzuk: shows [Qs 9s] (high card Queen)
Aescul@pius: shows [Ac Tc] (high card Ace)
Aescul@pius collected $9.39 from pot
*** SUMMARY ***
Total pot $9.88 | Rake $0.49 
Board [6s 8d 4h 2h 5d]
Seat 3: YeeesMan
Seat 1: yzuk (big blind) showed [Qs 9s] and lost with high card Queen
Seat 2: zizizib folded before Flop (didn't bet)
Seat 4: despoikyr folded before Flop (didn't bet)
Seat 5: nastja336 (button) folded before Flop (didn't bet)
Seat 6: Aescul@pius (small blind) showed [Ac Tc] and won ($9.39) with high card Ace



PokerStars Hand #254229301962:  Hold'em No Limit ($0.50/$1.00 USD) - 2025/01/06 16:20:30 WET [2025/01/06 11:20:30 ET]
Table 'Ksora II' 6-max Seat #6 is the button
Seat 3: YeeesMan ($100 in chips) is sitting out
Seat 1: yzuk ($102.77 in chips) 
Seat 2: zizizib ($100.50 in chips) 
Seat 4: despoikyr ($82.91 in chips) 
Seat 5: nastja336 ($100 in chips) 
Seat 6: Aescul@pius ($133.42 in chips) 
yzuk: posts small blind $0.50
zizizib: posts big blind $1
YeeesMan: sits out 
*** HOLE CARDS ***
despoikyr: raises $1 to $2
nastja336: folds 
Aescul@pius: folds 
yzuk: folds 
zizizib: calls $1
*** FLOP *** [4s 2d Qh]
zizizib: checks 
despoikyr: bets $2
zizizib: calls $2
*** TURN *** [4s 2d Qh] [2s]
zizizib: checks 
despoikyr: bets $2
zizizib: folds 
Uncalled bet ($2) returned to despoikyr
despoikyr collected $8.08 from pot
*** SUMMARY ***
Total pot $8.50 | Rake $0.42 
Board [4s 2d Qh 2s]
Seat 3: YeeesMan
Seat 1: yzuk (small blind) folded before Flop
Seat 2: zizizib (big blind) folded on the Turn
Seat 4: despoikyr collected ($8.08)
Seat 5: nastja336 folded before Flop (didn't bet)
Seat 6: Aescul@pius (button) folded before Flop (didn't bet)



PokerStars Hand #254229314473:  Hold'em No Limit ($0.50/$1.00 USD) - 2025/01/06 16:21:19 WET [2025/01/06 11:21:19 ET]
Table 'Ksora II' 6-max Seat #1 is the button
Seat 1: yzuk ($102.27 in chips) 
Seat 2: zizizib ($100 in chips) 
Seat 3: YeeesMan ($100 in chips) 
Seat 4: despoikyr ($86.99 in chips) 
Seat 5: nastja336 ($100 in chips) 
Seat 6: Aescul@pius ($133.42 in chips) 
zizizib: posts small blind $0.50
YeeesMan: posts big blind $1
*** HOLE CARDS ***
despoikyr: raises $1 to $2
nastja336: raises $5.50 to $7.50
Aescul@pius: folds 
yzuk: folds 
zizizib: folds 
YeeesMan: folds 
despoikyr: calls $5.50
*** FLOP *** [Jh 8h 4d]
despoikyr: checks 
nastja336: checks 
*** TURN *** [Jh 8h 4d] [2c]
despoikyr: bets $6.84
nastja336: folds 
Uncalled bet ($6.84) returned to despoikyr
despoikyr collected $15.68 from pot
*** SUMMARY ***
Total pot $16.50 | Rake $0.82 
Board [Jh 8h 4d 2c]
Seat 1: yzuk (button) folded before Flop (didn't bet)
Seat 2: zizizib (small blind) folded before Flop
Seat 3: YeeesMan (big blind) folded before Flop
Seat 4: despoikyr collected ($15.68)
Seat 5: nastja336 folded on the Turn
Seat 6: Aescul@pius folded before Flop (didn't bet)



PokerStars Hand #254229324985:  Hold'em No Limit ($0.50/$1.00 USD) - 2025/01/06 16:22:01 WET [2025/01/06 11:22:01 ET]
Table 'Ksora II' 6-max Seat #2 is the button
Seat 1: yzuk ($102.27 in chips) 
Seat 2: zizizib ($100 in chips) 
Seat 3: YeeesMan ($100 in chips) 
Seat 4: despoikyr ($95.17 in chips) 
Seat 5: nastja336 ($100 in chips) 
Seat 6: Aescul@pius ($133.42 in chips) 
YeeesMan: posts small blind $0.50
despoikyr: posts big blind $1
*** HOLE CARDS ***
nastja336: folds 
Aescul@pius: folds 
yzuk: raises $1.50 to $2.50
zizizib: folds 
YeeesMan: folds 
despoikyr: folds 
Uncalled bet ($1.50) returned to yzuk
yzuk collected $2.50 from pot
yzuk: doesn't show hand 
*** SUMMARY ***
Total pot $2.50 | Rake $0 
Seat 1: yzuk collected ($2.50)
Seat 2: zizizib (button) folded before Flop (didn't bet)
Seat 3: YeeesMan (small blind) folded before Flop
Seat 4: despoikyr (big blind) folded before Flop
Seat 5: nastja336 folded before Flop (didn't bet)
Seat 6: Aescul@pius folded before Flop (didn't bet)



PokerStars Hand #254229328924:  Hold'em No Limit ($0.50/$1.00 USD) - 2025/01/06 16:22:16 WET [2025/01/06 11:22:16 ET]
Table 'Ksora II' 6-max Seat #3 is the button
Seat 1: yzuk ($103.77 in chips) 
Seat 2: zizizib ($100 in chips) 
Seat 3: YeeesMan ($100 in chips) 
Seat 4: despoikyr ($94.17 in chips) 
Seat 5: nastja336 ($100 in chips) 
Seat 6: Aescul@pius ($133.42 in chips) 
despoikyr: posts small blind $0.50
nastja336: posts big blind $1
*** HOLE CARDS ***
Aescul@pius: folds 
yzuk: folds 
zizizib: folds 
YeeesMan: raises $1.50 to $2.50
despoikyr: calls $2
nastja336: folds 
*** FLOP *** [5s 6c Qs]
despoikyr: checks 
YeeesMan: checks 
*** TURN *** [5s 6c Qs] [Td]
despoikyr: bets $1.50
YeeesMan: calls $1.50
*** RIVER *** [5s 6c Qs Td] [5c]
despoikyr: bets $4.28
YeeesMan: folds 
Uncalled bet ($4.28) returned to despoikyr
despoikyr collected $8.55 from pot
*** SUMMARY ***
Total pot $9 | Rake $0.45 
Board [5s 6c Qs Td 5c]
Seat 1: yzuk folded before Flop (didn't bet)
Seat 2: zizizib folded before Flop (didn't bet)
Seat 3: YeeesMan (button) folded on the River
Seat 4: despoikyr (small blind) collected ($8.55)
Seat 5: nastja336 (big blind) folded before Flop
Seat 6: Aescul@pius folded before Flop (didn't bet)



PokerStars Hand #254229348722:  Hold'em No Limit ($0.50/$1.00 USD) - 2025/01/06 16:23:35 WET [2025/01/06 11:23:35 ET]
Table 'Ksora II' 6-max Seat #4 is the button
Seat 1: yzuk ($103.77 in chips) 
Seat 2: zizizib ($100 in chips) 
Seat 3: YeeesMan ($100 in chips) 
Seat 4: despoikyr ($98.72 in chips) 
Seat 5: nastja336 ($100 in chips) 
Seat 6: Aescul@pius ($133.42 in chips) 
nastja336: posts small blind $0.50
Aescul@pius: posts big blind $1
*** HOLE CARDS ***
yzuk: folds 
zizizib: folds 
YeeesMan: folds 
despoikyr: calls $1
nastja336: raises $3 to $4
Aescul@pius: folds 
despoikyr: calls $3
*** FLOP *** [3h 7s Jc]
nastja336: bets $2.82
despoikyr: calls $2.82
*** TURN *** [3h 7s Jc] [Jd]
nastja336: checks 
despoikyr: bets $5.96
nastja336: folds 
Uncalled bet ($5.96) returned to despoikyr
despoikyr collected $13.91 from pot
*** SUMMARY ***
Total pot $14.64 | Rake $0.73 
Board [3h 7s Jc Jd]
Seat 1: yzuk folded before Flop (didn't bet)
Seat 2: zizizib folded before Flop (didn't bet)
Seat 3: YeeesMan folded before Flop (didn't bet)
Seat 4: despoikyr (button) collected ($13.91)
Seat 5: nastja336 (small blind) folded on the Turn
Seat 6: Aescul@pius (big blind) folded before Flop



PokerStars Hand #254229360089:  Hold'em No Limit ($0.50/$1.00 USD) - 2025/01/06 16:24:21 WET [2025/01/06 11:24:21 ET]
Table 'Ksora II' 6-max Seat #5 is the button
Seat 1: yzuk ($103.77 in chips) 
Seat 2: zizizib ($100 in chips) 
Seat 3: YeeesMan ($100 in chips) 
Seat 4: despoikyr ($105.81 in chips) 
Seat 5: nastja336 ($100 in chips) 
Seat 6: Aescul@pius ($132.42 in chips) 
Aescul@pius: posts small blind $0.50
yzuk: posts big blind $1
*** HOLE CARDS ***
zizizib: folds 
YeeesMan: folds 
despoikyr: calls $1
nastja336: folds 
Aescul@pius: raises $4 to $5
yzuk: folds 
despoikyr: folds 
Uncalled bet ($4) returned to Aescul@pius
Aescul@pius collected $3 from pot
Aescul@pius: doesn't show hand 
*** SUMMARY ***
Total pot $3 | Rake $0 
Seat 1: yzuk (big blind) folded before Flop
Seat 2: zizizib folded before Flop (didn't bet)
Seat 3: YeeesMan folded before Flop (didn't bet)
Seat 4: despoikyr folded before Flop
Seat 5: nastja336 (button) folded before Flop (didn't bet)
Seat 6: Aescul@pius (small blind) collected ($3)



PokerStars Hand #254229367982:  Hold'em No Limit ($0.50/$1.00 USD) - 2025/01/06 16:24:52 WET [2025/01/06 11:24:52 ET]
Table 'Ksora II' 6-max Seat #6 is the button
Seat 1: yzuk ($102.77 in chips) 
Seat 2: zizizib ($100 in chips) 
Seat 3: YeeesMan ($100 in chips) 
Seat 4: despoikyr ($104.81 in chips) 
Seat 5: nastja336 ($100 in chips) 
Seat 6: Aescul@pius ($134.42 in chips) 
yzuk: posts small blind $0.50
zizizib: posts big blind $1
*** HOLE CARDS ***
YeeesMan: folds 
despoikyr: folds 
nastja336: folds 
Aescul@pius: folds 
yzuk: folds 
Uncalled bet ($0.50) returned to zizizib
zizizib collected $1 from pot
zizizib: doesn't show hand 
*** SUMMARY ***
Total pot $1 | Rake $0 
Seat 1: yzuk (small blind) folded before Flop
Seat 2: zizizib (big blind) collected ($1)
Seat 3: YeeesMan folded before Flop (didn't bet)
Seat 4: despoikyr folded before Flop (didn't bet)
Seat 5: nastja336 folded before Flop (didn't bet)
Seat 6: Aescul@pius (button) folded before Flop (didn't bet)



PokerStars Hand #254229372884:  Hold'em No Limit ($0.50/$1.00 USD) - 2025/01/06 16:25:12 WET [2025/01/06 11:25:12 ET]
Table 'Ksora II' 6-max Seat #1 is the button
Seat 1: yzuk ($102.27 in chips) 
Seat 2: zizizib ($100.50 in chips) 
Seat 3: YeeesMan ($100 in chips) 
Seat 4: despoikyr ($104.81 in chips) 
Seat 5: nastja336 ($100 in chips) 
Seat 6: Aescul@pius ($134.42 in chips) 
zizizib: posts small blind $0.50
YeeesMan: posts big blind $1
*** HOLE CARDS ***
despoikyr: calls $1
nastja336: folds 
Aescul@pius: raises $3 to $4
yzuk: folds 
zizizib: folds 
YeeesMan: folds 
despoikyr: calls $3
*** FLOP *** [5d Td 8d]
despoikyr: checks 
Aescul@pius: bets $2.58
despoikyr: folds 
Uncalled bet ($2.58) returned to Aescul@pius
Aescul@pius collected $9.02 from pot
Aescul@pius: doesn't show hand 
*** SUMMARY ***
Total pot $9.50 | Rake $0.48 
Board [5d Td 8d]
Seat 1: yzuk (button) folded before Flop (didn't bet)
Seat 2: zizizib (small blind) folded before Flop
Seat 3: YeeesMan (big blind) folded before Flop
Seat 4: despoikyr folded on the Flop
Seat 5: nastja336 folded before Flop (didn't bet)
Seat 6: Aescul@pius collected ($9.02)



PokerStars Hand #254229385645:  Hold'em No Limit ($0.50/$1.00 USD) - 2025/01/06 16:26:03 WET [2025/01/06 11:26:03 ET]
Table 'Ksora II' 6-max Seat #2 is the button
Seat 1: yzuk ($102.27 in chips) 
Seat 2: zizizib ($100 in chips) 
Seat 3: YeeesMan ($100 in chips) 
Seat 4: despoikyr ($100.81 in chips) 
Seat 5: nastja336 ($100 in chips) 
Seat 6: Aescul@pius ($139.44 in chips) 
YeeesMan: posts small blind $0.50
despoikyr: posts big blind $1
*** HOLE CARDS ***
nastja336: raises $1.50 to $2.50
Aescul@pius: folds 
yzuk: folds 
zizizib: folds 
YeeesMan: raises $8.50 to $11
despoikyr: folds 
nastja336: folds 
Uncalled bet ($8.50) returned to YeeesMan
YeeesMan collected $6 from pot
YeeesMan: doesn't show hand 
*** SUMMARY ***
Total pot $6 | Rake $0 
Seat 1: yzuk folded before Flop (didn't bet)
Seat 2: zizizib (button) folded before Flop (didn't bet)
Seat 3: YeeesMan (small blind) collected ($6)
Seat 4: despoikyr (big blind) folded before Flop
Seat 5: nastja336 folded before Flop
Seat 6: Aescul@pius folded before Flop (didn't bet)



PokerStars Hand #254229391937:  Hold'em No Limit ($0.50/$1.00 USD) - 2025/01/06 16:26:28 WET [2025/01/06 11:26:28 ET]
Table 'Ksora II' 6-max Seat #3 is the button
Seat 1: yzuk ($102.27 in chips) 
Seat 2: zizizib ($100 in chips) 
Seat 3: YeeesMan ($103.50 in chips) 
Seat 4: despoikyr ($99.81 in chips) 
Seat 5: nastja336 ($100 in chips) 
Seat 6: Aescul@pius ($139.44 in chips) 
despoikyr: posts small blind $0.50
nastja336: posts big blind $1
*** HOLE CARDS ***
Aescul@pius: folds 
yzuk: folds 
zizizib: folds 
YeeesMan: folds 
despoikyr: raises $1 to $2
nastja336: raises $8.50 to $10.50
despoikyr: calls $8.50
*** FLOP *** [Jc Jd 3d]
despoikyr: checks 
nastja336: checks 
*** TURN *** [Jc Jd 3d] [6s]
despoikyr: bets $9.98
nastja336: calls $9.98
*** RIVER *** [Jc Jd 3d 6s] [8s]
despoikyr: checks 
nastja336: bets $25.68
despoikyr: folds 
Uncalled bet ($25.68) returned to nastja336
nastja336 collected $38.91 from pot
nastja336: doesn't show hand 
*** SUMMARY ***
Total pot $40.96 | Rake $2.05 
Board [Jc Jd 3d 6s 8s]
Seat 1: yzuk folded before Flop (didn't bet)
Seat 2: zizizib folded before Flop (didn't bet)
Seat 3: YeeesMan (button) folded before Flop (didn't bet)
Seat 4: despoikyr (small blind) folded on the River
Seat 5: nastja336 (big blind) collected ($38.91)
Seat 6: Aescul@pius folded before Flop (didn't bet)



PokerStars Hand #254229402396:  Hold'em No Limit ($0.50/$1.00 USD) - 2025/01/06 16:27:10 WET [2025/01/06 11:27:10 ET]
Table 'Ksora II' 6-max Seat #4 is the button
Seat 1: yzuk ($102.27 in chips) 
Seat 2: zizizib ($100 in chips) 
Seat 3: YeeesMan ($103.50 in chips) 
Seat 4: despoikyr ($79.33 in chips) 
Seat 5: nastja336 ($118.43 in chips) 
Seat 6: Aescul@pius ($139.44 in chips) 
nastja336: posts small blind $0.50
Aescul@pius: posts big blind $1
*** HOLE CARDS ***
yzuk: folds 
zizizib: folds 
YeeesMan: folds 
despoikyr: raises $2 to $3
nastja336: raises $9 to $12
Aescul@pius: folds 
despoikyr: calls $9
*** FLOP *** [Qh 4h 2c]
nastja336: checks 
despoikyr: checks 
*** TURN *** [Qh 4h 2c] [5d]
nastja336: bets $7.84
despoikyr: folds 
Uncalled bet ($7.84) returned to nastja336
nastja336 collected $23.75 from pot
nastja336: doesn't show hand 
*** SUMMARY ***
Total pot $25 | Rake $1.25 
Board [Qh 4h 2c 5d]
Seat 1: yzuk folded before Flop (didn't bet)
Seat 2: zizizib folded before Flop (didn't bet)
Seat 3: YeeesMan folded before Flop (didn't bet)
Seat 4: despoikyr (button) folded on the Turn
Seat 5: nastja336 (small blind) collected ($23.75)
Seat 6: Aescul@pius (big blind) folded before Flop



PokerStars Hand #254229411307:  Hold'em No Limit ($0.50/$1.00 USD) - 2025/01/06 16:27:46 WET [2025/01/06 11:27:46 ET]
Table 'Ksora II' 6-max Seat #5 is the button
Seat 1: yzuk ($102.27 in chips) 
Seat 2: zizizib ($100 in chips) 
Seat 3: YeeesMan ($103.50 in chips) 
Seat 4: despoikyr ($67.33 in chips) 
Seat 5: nastja336 ($130.18 in chips) 
Seat 6: Aescul@pius ($138.44 in chips) 
Aescul@pius: posts small blind $0.50
yzuk: posts big blind $1
*** HOLE CARDS ***
zizizib: raises $1.10 to $2.10
YeeesMan: folds 
despoikyr: calls $2.10
nastja336: folds 
Aescul@pius: folds 
yzuk: calls $1.10
*** FLOP *** [5s Js 5c]
yzuk: checks 
zizizib: bets $2.13
despoikyr: calls $2.13
yzuk: raises $6.55 to $8.68
zizizib: folds 
despoikyr: calls $6.55
*** TURN *** [5s Js 5c] [7d]
yzuk: bets $12.74
despoikyr: calls $12.74
*** RIVER *** [5s Js 5c 7d] [2h]
yzuk: checks 
despoikyr: checks 
*** SHOW DOWN ***
yzuk: shows [8s 8c] (two pair, Eights and Fives)
despoikyr: shows [Jc Qs] (two pair, Jacks and Fives)
despoikyr collected $49.27 from pot
*** SUMMARY ***
Total pot $51.77 | Rake $2.50 
Board [5s Js 5c 7d 2h]
Seat 1: yzuk (big blind) showed [8s 8c] and lost with two pair, Eights and Fives
Seat 2: zizizib folded on the Flop
Seat 3: YeeesMan folded before Flop (didn't bet)
Seat 4: despoikyr showed [Jc Qs] and won ($49.27) with two pair, Jacks and Fives
Seat 5: nastja336 (button) folded before Flop (didn't bet)
Seat 6: Aescul@pius (small blind) folded before Flop



PokerStars Hand #254229432510:  Hold'em No Limit ($0.50/$1.00 USD) - 2025/01/06 16:29:11 WET [2025/01/06 11:29:11 ET]
Table 'Ksora II' 6-max Seat #6 is the button
Seat 2: zizizib ($100 in chips) is sitting out
Seat 1: yzuk ($100 in chips) 
Seat 3: YeeesMan ($103.50 in chips) 
Seat 4: despoikyr ($93.08 in chips) 
Seat 5: nastja336 ($130.18 in chips) 
Seat 6: Aescul@pius ($137.94 in chips) 
yzuk: posts small blind $0.50
zizizib: is sitting out 
YeeesMan: posts big blind $1
*** HOLE CARDS ***
despoikyr: calls $1
nastja336: folds 
Aescul@pius: folds 
yzuk: folds 
zizizib leaves the table
YeeesMan: checks 
*** FLOP *** [5d Jc 2d]
NISIY joins the table at seat #2 
YeeesMan: checks 
despoikyr: checks 
*** TURN *** [5d Jc 2d] [Td]
YeeesMan: checks 
despoikyr: bets $1
YeeesMan: folds 
Uncalled bet ($1) returned to despoikyr
despoikyr collected $2.38 from pot
*** SUMMARY ***
Total pot $2.50 | Rake $0.12 
Board [5d Jc 2d Td]
Seat 2: zizizib
Seat 1: yzuk (small blind) folded before Flop
Seat 3: YeeesMan (big blind) folded on the Turn
Seat 4: despoikyr collected ($2.38)
Seat 5: nastja336 folded before Flop (didn't bet)
Seat 6: Aescul@pius (button) folded before Flop (didn't bet)



PokerStars Hand #254229444836:  Hold'em No Limit ($0.50/$1.00 USD) - 2025/01/06 16:29:59 WET [2025/01/06 11:29:59 ET]
Table 'Ksora II' 6-max Seat #1 is the button
Seat 2: NISIY ($100 in chips) is sitting out
Seat 1: yzuk ($100 in chips) 
Seat 3: YeeesMan ($102.50 in chips) 
Seat 4: despoikyr ($94.46 in chips) 
Seat 5: nastja336 ($130.18 in chips) 
Seat 6: Aescul@pius ($137.94 in chips) 
YeeesMan: posts small blind $0.50
despoikyr: posts big blind $1
*** HOLE CARDS ***
nastja336: folds 
Aescul@pius: folds 
yzuk: raises $1.50 to $2.50
YeeesMan: folds 
despoikyr: calls $1.50
*** FLOP *** [9d 8h 6h]
despoikyr: checks 
yzuk: bets $2.66
despoikyr: calls $2.66
*** TURN *** [9d 8h 6h] [9s]
despoikyr: checks 
yzuk: bets $5.24
despoikyr: folds 
Uncalled bet ($5.24) returned to yzuk
yzuk collected $10.28 from pot
yzuk: doesn't show hand 
*** SUMMARY ***
Total pot $10.82 | Rake $0.54 
Board [9d 8h 6h 9s]
Seat 2: NISIY
Seat 1: yzuk (button) collected ($10.28)
Seat 3: YeeesMan (small blind) folded before Flop
Seat 4: despoikyr (big blind) folded on the Turn
Seat 5: nastja336 folded before Flop (didn't bet)
Seat 6: Aescul@pius folded before Flop (didn't bet)



PokerStars Hand #254229456597:  Hold'em No Limit ($0.50/$1.00 USD) - 2025/01/06 16:30:45 WET [2025/01/06 11:30:45 ET]
Table 'Ksora II' 6-max Seat #3 is the button
Seat 2: NISIY ($100 in chips) is sitting out
Seat 1: yzuk ($105.12 in chips) 
Seat 3: YeeesMan ($102 in chips) 
Seat 4: despoikyr ($89.30 in chips) 
Seat 5: nastja336 ($130.18 in chips) 
Seat 6: Aescul@pius ($137.94 in chips) 
despoikyr: posts small blind $0.50
nastja336: posts big blind $1
NISIY: sits out 
*** HOLE CARDS ***
Aescul@pius: folds 
yzuk: folds 
YeeesMan: raises $1.50 to $2.50
despoikyr: calls $2
nastja336: folds 
*** FLOP *** [9c 4c Kd]
despoikyr: checks 
YeeesMan: bets $4.28
despoikyr: folds 
Uncalled bet ($4.28) returned to YeeesMan
YeeesMan collected $5.70 from pot
YeeesMan: doesn't show hand 
*** SUMMARY ***
Total pot $6 | Rake $0.30 
Board [9c 4c Kd]
Seat 2: NISIY
Seat 1: yzuk folded before Flop (didn't bet)
Seat 3: YeeesMan (button) collected ($5.70)
Seat 4: despoikyr (small blind) folded on the Flop
Seat 5: nastja336 (big blind) folded before Flop
Seat 6: Aescul@pius folded before Flop (didn't bet)



PokerStars Hand #254229464560:  Hold'em No Limit ($0.50/$1.00 USD) - 2025/01/06 16:31:16 WET [2025/01/06 11:31:16 ET]
Table 'Ksora II' 6-max Seat #4 is the button
Seat 2: NISIY ($100 in chips) is sitting out
Seat 1: yzuk ($105.12 in chips) 
Seat 3: YeeesMan ($105.20 in chips) 
Seat 4: despoikyr ($86.80 in chips) 
Seat 5: nastja336 ($129.18 in chips) 
Seat 6: Aescul@pius ($137.94 in chips) 
nastja336: posts small blind $0.50
Aescul@pius: posts big blind $1
NISIY: sits out 
*** HOLE CARDS ***
yzuk: folds 
YeeesMan: raises $1.50 to $2.50
despoikyr: calls $2.50
nastja336: calls $2
Aescul@pius: raises $12.50 to $15
YeeesMan: folds 
despoikyr: folds 
nastja336: folds 
Uncalled bet ($12.50) returned to Aescul@pius
Aescul@pius collected $10 from pot
Aescul@pius: doesn't show hand 
*** SUMMARY ***
Total pot $10 | Rake $0 
Seat 2: NISIY
Seat 1: yzuk folded before Flop (didn't bet)
Seat 3: YeeesMan folded before Flop
Seat 4: despoikyr (button) folded before Flop
Seat 5: nastja336 (small blind) folded before Flop
Seat 6: Aescul@pius (big blind) collected ($10)



PokerStars Hand #254229476945:  Hold'em No Limit ($0.50/$1.00 USD) - 2025/01/06 16:32:04 WET [2025/01/06 11:32:04 ET]
Table 'Ksora II' 6-max Seat #5 is the button
Seat 2: NISIY ($100 in chips) is sitting out
Seat 1: yzuk ($105.12 in chips) 
Seat 3: YeeesMan ($102.70 in chips) 
Seat 4: despoikyr ($84.30 in chips) 
Seat 5: nastja336 ($126.68 in chips) 
Seat 6: Aescul@pius ($145.44 in chips) 
Aescul@pius: posts small blind $0.50
yzuk: posts big blind $1
NISIY: sits out 
*** HOLE CARDS ***
YeeesMan: raises $1.50 to $2.50
despoikyr: calls $2.50
nastja336: folds 
Aescul@pius: folds 
yzuk: raises $12.50 to $15
YeeesMan: calls $12.50
despoikyr: folds 
*** FLOP *** [9c As 8c]
yzuk: checks 
YeeesMan: checks 
*** TURN *** [9c As 8c] [7s]
yzuk: bets $15.99
YeeesMan: calls $15.99
*** RIVER *** [9c As 8c 7s] [3c]
yzuk: checks 
YeeesMan: checks 
*** SHOW DOWN ***
yzuk: shows [Qc Ad] (a pair of Aces)
YeeesMan: mucks hand 
yzuk collected $62.48 from pot
*** SUMMARY ***
Total pot $64.98 | Rake $2.50 
Board [9c As 8c 7s 3c]
Seat 2: NISIY
Seat 1: yzuk (big blind) showed [Qc Ad] and won ($62.48) with a pair of Aces
Seat 3: YeeesMan mucked
Seat 4: despoikyr folded before Flop
Seat 5: nastja336 (button) folded before Flop (didn't bet)
Seat 6: Aescul@pius (small blind) folded before Flop



PokerStars Hand #254229517183:  Hold'em No Limit ($0.50/$1.00 USD) - 2025/01/06 16:34:38 WET [2025/01/06 11:34:38 ET]
Table 'Ksora II' 6-max Seat #6 is the button
Seat 1: yzuk ($136.61 in chips) 
Seat 2: NISIY ($100 in chips) 
Seat 3: YeeesMan ($100 in chips) 
Seat 4: despoikyr ($81.80 in chips) 
Seat 5: nastja336 ($126.68 in chips) 
Seat 6: Aescul@pius ($144.94 in chips) 
yzuk: posts small blind $0.50
NISIY: posts big blind $1
*** HOLE CARDS ***
YeeesMan: folds 
despoikyr: raises $1 to $2
nastja336: folds 
Aescul@pius: raises $5.50 to $7.50
yzuk: folds 
NISIY: folds 
despoikyr: calls $5.50
*** FLOP *** [Kd 9d 6s]
despoikyr: checks 
Aescul@pius: bets $5.17
despoikyr: calls $5.17
*** TURN *** [Kd 9d 6s] [8d]
despoikyr: checks 
Aescul@pius: checks 
*** RIVER *** [Kd 9d 6s 8d] [2h]
despoikyr: checks 
Aescul@pius: checks 
*** SHOW DOWN ***
despoikyr: shows [3d 3c] (a pair of Threes)
Aescul@pius: mucks hand 
despoikyr collected $25.50 from pot
*** SUMMARY ***
Total pot $26.84 | Rake $1.34 
Board [Kd 9d 6s 8d 2h]
Seat 1: yzuk (small blind) folded before Flop
Seat 2: NISIY (big blind) folded before Flop
Seat 3: YeeesMan folded before Flop (didn't bet)
Seat 4: despoikyr showed [3d 3c] and won ($25.50) with a pair of Threes
Seat 5: nastja336 folded before Flop (didn't bet)
Seat 6: Aescul@pius (button) mucked



PokerStars Hand #254229533920:  Hold'em No Limit ($0.50/$1.00 USD) - 2025/01/06 16:35:42 WET [2025/01/06 11:35:42 ET]
Table 'Ksora II' 6-max Seat #1 is the button
Seat 1: yzuk ($136.11 in chips) 
Seat 2: NISIY ($100 in chips) 
Seat 3: YeeesMan ($100 in chips) 
Seat 4: despoikyr ($94.63 in chips) 
Seat 5: nastja336 ($126.68 in chips) 
Seat 6: Aescul@pius ($132.27 in chips) 
NISIY: posts small blind $0.50
YeeesMan: posts big blind $1
*** HOLE CARDS ***
despoikyr: folds 
nastja336: folds 
Aescul@pius: folds 
yzuk: raises $1.50 to $2.50
NISIY: folds 
YeeesMan: folds 
Uncalled bet ($1.50) returned to yzuk
yzuk collected $2.50 from pot
yzuk: doesn't show hand 
*** SUMMARY ***
Total pot $2.50 | Rake $0 
Seat 1: yzuk (button) collected ($2.50)
Seat 2: NISIY (small blind) folded before Flop
Seat 3: YeeesMan (big blind) folded before Flop
Seat 4: despoikyr folded before Flop (didn't bet)
Seat 5: nastja336 folded before Flop (didn't bet)
Seat 6: Aescul@pius folded before Flop (didn't bet)



PokerStars Hand #254229540851:  Hold'em No Limit ($0.50/$1.00 USD) - 2025/01/06 16:36:09 WET [2025/01/06 11:36:09 ET]
Table 'Ksora II' 6-max Seat #2 is the button
Seat 1: yzuk ($137.61 in chips) 
Seat 2: NISIY ($100 in chips) 
Seat 3: YeeesMan ($100 in chips) 
Seat 4: despoikyr ($94.63 in chips) 
Seat 5: nastja336 ($126.68 in chips) 
Seat 6: Aescul@pius ($132.27 in chips) 
YeeesMan: posts small blind $0.50
despoikyr: posts big blind $1
*** HOLE CARDS ***
nastja336: folds 
Aescul@pius: folds 
yzuk: folds 
NISIY: raises $1.50 to $2.50
YeeesMan: folds 
despoikyr: calls $1.50
*** FLOP *** [7h 4d Tc]
despoikyr: checks 
NISIY: bets $1.72
despoikyr: calls $1.72
*** TURN *** [7h 4d Tc] [8d]
despoikyr: checks 
NISIY: bets $12.74
despoikyr: folds 
Uncalled bet ($12.74) returned to NISIY
NISIY collected $8.49 from pot
NISIY: doesn't show hand 
*** SUMMARY ***
Total pot $8.94 | Rake $0.45 
Board [7h 4d Tc 8d]
Seat 1: yzuk folded before Flop (didn't bet)
Seat 2: NISIY (button) collected ($8.49)
Seat 3: YeeesMan (small blind) folded before Flop
Seat 4: despoikyr (big blind) folded on the Turn
Seat 5: nastja336 folded before Flop (didn't bet)
Seat 6: Aescul@pius folded before Flop (didn't bet)



PokerStars Hand #254229557349:  Hold'em No Limit ($0.50/$1.00 USD) - 2025/01/06 16:37:12 WET [2025/01/06 11:37:12 ET]
Table 'Ksora II' 6-max Seat #3 is the button
Seat 1: yzuk ($137.61 in chips) 
Seat 2: NISIY ($104.27 in chips) 
Seat 3: YeeesMan ($100 in chips) 
Seat 4: despoikyr ($90.41 in chips) 
Seat 5: nastja336 ($126.68 in chips) 
Seat 6: Aescul@pius ($132.27 in chips) 
despoikyr: posts small blind $0.50
nastja336: posts big blind $1
*** HOLE CARDS ***
Aescul@pius: folds 
yzuk: folds 
NISIY: folds 
YeeesMan: folds 
despoikyr: raises $1 to $2
nastja336: calls $1
*** FLOP *** [Jd Ts As]
despoikyr: bets $2
nastja336: folds 
Uncalled bet ($2) returned to despoikyr
despoikyr collected $3.80 from pot
*** SUMMARY ***
Total pot $4 | Rake $0.20 
Board [Jd Ts As]
Seat 1: yzuk folded before Flop (didn't bet)
Seat 2: NISIY folded before Flop (didn't bet)
Seat 3: YeeesMan (button) folded before Flop (didn't bet)
Seat 4: despoikyr (small blind) collected ($3.80)
Seat 5: nastja336 (big blind) folded on the Flop
Seat 6: Aescul@pius folded before Flop (didn't bet)



PokerStars Hand #254229562102:  Hold'em No Limit ($0.50/$1.00 USD) - 2025/01/06 16:37:30 WET [2025/01/06 11:37:30 ET]
Table 'Ksora II' 6-max Seat #4 is the button
Seat 1: yzuk ($137.61 in chips) 
Seat 2: NISIY ($104.27 in chips) 
Seat 3: YeeesMan ($100 in chips) 
Seat 4: despoikyr ($92.21 in chips) 
Seat 5: nastja336 ($124.68 in chips) 
Seat 6: Aescul@pius ($132.27 in chips) 
nastja336: posts small blind $0.50
Aescul@pius: posts big blind $1
*** HOLE CARDS ***
yzuk: folds 
yzuk leaves the table
NISIY: raises $1.50 to $2.50
YeeesMan: folds 
despoikyr: folds 
nastja336: folds 
Aescul@pius: folds 
Uncalled bet ($1.50) returned to NISIY
NISIY collected $2.50 from pot
NISIY: doesn't show hand 
*** SUMMARY ***
Total pot $2.50 | Rake $0 
Seat 1: yzuk folded before Flop (didn't bet)
Seat 2: NISIY collected ($2.50)
Seat 3: YeeesMan folded before Flop (didn't bet)
Seat 4: despoikyr (button) folded before Flop (didn't bet)
Seat 5: nastja336 (small blind) folded before Flop
Seat 6: Aescul@pius (big blind) folded before Flop



PokerStars Hand #254229566329:  Hold'em No Limit ($0.50/$1.00 USD) - 2025/01/06 16:37:46 WET [2025/01/06 11:37:46 ET]
Table 'Ksora II' 6-max Seat #5 is the button
Seat 2: NISIY ($105.77 in chips) is sitting out
Seat 3: YeeesMan ($100 in chips) 
Seat 4: despoikyr ($92.21 in chips) 
Seat 5: nastja336 ($124.18 in chips) 
Seat 6: Aescul@pius ($131.27 in chips) 
Aescul@pius: posts small blind $0.50
NISIY: is sitting out 
YeeesMan: posts big blind $1
*** HOLE CARDS ***
despoikyr: raises $1 to $2
Pippa83 joins the table at seat #1 
nastja336: raises $5.50 to $7.50
Aescul@pius: folds 
YeeesMan: folds 
despoikyr: folds 
Uncalled bet ($5.50) returned to nastja336
nastja336 collected $5.50 from pot
nastja336: doesn't show hand 
*** SUMMARY ***
Total pot $5.50 | Rake $0 
Seat 2: NISIY
Seat 3: YeeesMan (big blind) folded before Flop
Seat 4: despoikyr folded before Flop
Seat 5: nastja336 (button) collected ($5.50)
Seat 6: Aescul@pius (small blind) folded before Flop



PokerStars Hand #254229570980:  Hold'em No Limit ($0.50/$1.00 USD) - 2025/01/06 16:38:04 WET [2025/01/06 11:38:04 ET]
Table 'Ksora II' 6-max Seat #6 is the button
Seat 1: Pippa83 ($100 in chips) is sitting out
Seat 2: NISIY ($105.77 in chips) is sitting out
Seat 3: YeeesMan ($100 in chips) 
Seat 4: despoikyr ($90.21 in chips) 
Seat 5: nastja336 ($127.68 in chips) 
Seat 6: Aescul@pius ($130.77 in chips) 
YeeesMan: posts small blind $0.50
despoikyr: posts big blind $1
*** HOLE CARDS ***
nastja336: folds 
Aescul@pius: raises $3 to $4
YeeesMan: folds 
despoikyr: folds 
Uncalled bet ($3) returned to Aescul@pius
Aescul@pius collected $2.50 from pot
Aescul@pius: doesn't show hand 
*** SUMMARY ***
Total pot $2.50 | Rake $0 
Seat 1: Pippa83
Seat 2: NISIY
Seat 3: YeeesMan (small blind) folded before Flop
Seat 4: despoikyr (big blind) folded before Flop
Seat 5: nastja336 folded before Flop (didn't bet)
Seat 6: Aescul@pius (button) collected ($2.50)



PokerStars Hand #254229574429:  Hold'em No Limit ($0.50/$1.00 USD) - 2025/01/06 16:38:17 WET [2025/01/06 11:38:17 ET]
Table 'Ksora II' 6-max Seat #3 is the button
Seat 1: Pippa83 ($100 in chips) is sitting out
Seat 2: NISIY ($105.77 in chips) is sitting out
Seat 3: YeeesMan ($100 in chips) 
Seat 4: despoikyr ($89.21 in chips) 
Seat 5: nastja336 ($127.68 in chips) 
Seat 6: Aescul@pius ($132.27 in chips) 
despoikyr: posts small blind $0.50
nastja336: posts big blind $1
Pippa83: sits out 
*** HOLE CARDS ***
Aescul@pius: folds 
YeeesMan: folds 
despoikyr: calls $0.50
nastja336: raises $3 to $4
despoikyr: calls $3
*** FLOP *** [Ah 8c 6d]
despoikyr: checks 
nastja336: bets $2.51
despoikyr: folds 
Uncalled bet ($2.51) returned to nastja336
nastja336 collected $7.60 from pot
nastja336: doesn't show hand 
*** SUMMARY ***
Total pot $8 | Rake $0.40 
Board [Ah 8c 6d]
Seat 1: Pippa83
Seat 2: NISIY
Seat 3: YeeesMan (button) folded before Flop (didn't bet)
Seat 4: despoikyr (small blind) folded on the Flop
Seat 5: nastja336 (big blind) collected ($7.60)
Seat 6: Aescul@pius folded before Flop (didn't bet)



PokerStars Hand #254229582631:  Hold'em No Limit ($0.50/$1.00 USD) - 2025/01/06 16:38:49 WET [2025/01/06 11:38:49 ET]
Table 'Ksora II' 6-max Seat #4 is the button
Seat 1: Pippa83 ($100 in chips) is sitting out
Seat 2: NISIY ($105.77 in chips) is sitting out
Seat 3: YeeesMan ($100 in chips) 
Seat 4: despoikyr ($85.21 in chips) 
Seat 5: nastja336 ($131.28 in chips) 
Seat 6: Aescul@pius ($132.27 in chips) 
nastja336: posts small blind $0.50
Aescul@pius: posts big blind $1
Pippa83: sits out 
*** HOLE CARDS ***
YeeesMan: raises $1.50 to $2.50
despoikyr: folds 
nastja336: raises $9.50 to $12
Aescul@pius: folds 
YeeesMan: folds 
Uncalled bet ($9.50) returned to nastja336
nastja336 collected $6 from pot
nastja336: doesn't show hand 
*** SUMMARY ***
Total pot $6 | Rake $0 
Seat 1: Pippa83
Seat 2: NISIY
Seat 3: YeeesMan folded before Flop
Seat 4: despoikyr (button) folded before Flop (didn't bet)
Seat 5: nastja336 (small blind) collected ($6)
Seat 6: Aescul@pius (big blind) folded before Flop



PokerStars Hand #254229591185:  Hold'em No Limit ($0.50/$1.00 USD) - 2025/01/06 16:39:21 WET [2025/01/06 11:39:21 ET]
Table 'Ksora II' 6-max Seat #5 is the button
Seat 2: NISIY ($105.77 in chips) is sitting out
Seat 1: Pippa83 ($100 in chips) 
Seat 3: YeeesMan ($100 in chips) 
Seat 4: despoikyr ($85.21 in chips) 
Seat 5: nastja336 ($134.78 in chips) 
Seat 6: Aescul@pius ($131.27 in chips) 
Aescul@pius: posts small blind $0.50
Pippa83: posts big blind $1
*** HOLE CARDS ***
YeeesMan: folds 
despoikyr: raises $1 to $2
nastja336: folds 
Aescul@pius: calls $1.50
Pippa83: folds 
*** FLOP *** [Qs Kd 2s]
Aescul@pius: checks 
despoikyr: bets $2
Aescul@pius: folds 
Uncalled bet ($2) returned to despoikyr
despoikyr collected $4.75 from pot
*** SUMMARY ***
Total pot $5 | Rake $0.25 
Board [Qs Kd 2s]
Seat 2: NISIY
Seat 1: Pippa83 (big blind) folded before Flop
Seat 3: YeeesMan folded before Flop (didn't bet)
Seat 4: despoikyr collected ($4.75)
Seat 5: nastja336 (button) folded before Flop (didn't bet)
Seat 6: Aescul@pius (small blind) folded on the Flop



PokerStars Hand #254229606412:  Hold'em No Limit ($0.50/$1.00 USD) - 2025/01/06 16:40:19 WET [2025/01/06 11:40:19 ET]
Table 'Ksora II' 6-max Seat #6 is the button
Seat 2: NISIY ($105.77 in chips) is sitting out
Seat 1: Pippa83 ($100 in chips) 
Seat 3: YeeesMan ($100 in chips) 
Seat 4: despoikyr ($87.96 in chips) 
Seat 5: nastja336 ($134.78 in chips) 
Seat 6: Aescul@pius ($129.27 in chips) 
Pippa83: posts small blind $0.50
YeeesMan: posts big blind $1
*** HOLE CARDS ***
despoikyr: calls $1
nastja336: folds 
Aescul@pius: folds 
Pippa83: folds 
YeeesMan: raises $4 to $5
despoikyr: folds 
Uncalled bet ($4) returned to YeeesMan
YeeesMan collected $2.50 from pot
YeeesMan: doesn't show hand 
*** SUMMARY ***
Total pot $2.50 | Rake $0 
Seat 2: NISIY
Seat 1: Pippa83 (small blind) folded before Flop
Seat 3: YeeesMan (big blind) collected ($2.50)
Seat 4: despoikyr folded before Flop
Seat 5: nastja336 folded before Flop (didn't bet)
Seat 6: Aescul@pius (button) folded before Flop (didn't bet)



PokerStars Hand #254229614440:  Hold'em No Limit ($0.50/$1.00 USD) - 2025/01/06 16:40:49 WET [2025/01/06 11:40:49 ET]
Table 'Ksora II' 6-max Seat #1 is the button
Seat 2: NISIY ($105.77 in chips) is sitting out
Seat 1: Pippa83 ($100 in chips) 
Seat 3: YeeesMan ($101.50 in chips) 
Seat 4: despoikyr ($86.96 in chips) 
Seat 5: nastja336 ($134.78 in chips) 
Seat 6: Aescul@pius ($129.27 in chips) 
YeeesMan: posts small blind $0.50
despoikyr: posts big blind $1
*** HOLE CARDS ***
nastja336: raises $1.50 to $2.50
Aescul@pius: raises $5.50 to $8
Pippa83: folds 
YeeesMan: folds 
despoikyr: folds 
nastja336: calls $5.50
*** FLOP *** [8c Tc Ad]
nastja336: checks 
Aescul@pius: bets $5.48
nastja336: folds 
Uncalled bet ($5.48) returned to Aescul@pius
Aescul@pius collected $16.62 from pot
Aescul@pius: doesn't show hand 
*** SUMMARY ***
Total pot $17.50 | Rake $0.88 
Board [8c Tc Ad]
Seat 2: NISIY
Seat 1: Pippa83 (button) folded before Flop (didn't bet)
Seat 3: YeeesMan (small blind) folded before Flop
Seat 4: despoikyr (big blind) folded before Flop
Seat 5: nastja336 folded on the Flop
Seat 6: Aescul@pius collected ($16.62)



PokerStars Hand #254229625928:  Hold'em No Limit ($0.50/$1.00 USD) - 2025/01/06 16:41:32 WET [2025/01/06 11:41:32 ET]
Table 'Ksora II' 6-max Seat #3 is the button
Seat 2: NISIY ($105.77 in chips) is sitting out
Seat 1: Pippa83 ($100 in chips) 
Seat 3: YeeesMan ($101 in chips) 
Seat 4: despoikyr ($85.96 in chips) 
Seat 5: nastja336 ($126.78 in chips) 
Seat 6: Aescul@pius ($137.89 in chips) 
despoikyr: posts small blind $0.50
nastja336: posts big blind $1
NISIY: sits out 
*** HOLE CARDS ***
Aescul@pius: raises $1 to $2
Pippa83: folds 
YeeesMan: folds 
despoikyr: calls $1.50
nastja336: calls $1
*** FLOP *** [5s 7d 5d]
despoikyr: checks 
nastja336: bets $2.85
Aescul@pius: calls $2.85
despoikyr: folds 
*** TURN *** [5s 7d 5d] [8h]
nastja336: checks 
Aescul@pius: bets $11.12
nastja336: folds 
Uncalled bet ($11.12) returned to Aescul@pius
Aescul@pius collected $11.12 from pot
Aescul@pius: doesn't show hand 
*** SUMMARY ***
Total pot $11.70 | Rake $0.58 
Board [5s 7d 5d 8h]
Seat 2: NISIY
Seat 1: Pippa83 folded before Flop (didn't bet)
Seat 3: YeeesMan (button) folded before Flop (didn't bet)
Seat 4: despoikyr (small blind) folded on the Flop
Seat 5: nastja336 (big blind) folded on the Turn
Seat 6: Aescul@pius collected ($11.12)



PokerStars Hand #254229642018:  Hold'em No Limit ($0.50/$1.00 USD) - 2025/01/06 16:42:33 WET [2025/01/06 11:42:33 ET]
Table 'Ksora II' 6-max Seat #4 is the button
Seat 2: NISIY ($105.77 in chips) is sitting out
Seat 1: Pippa83 ($100 in chips) 
Seat 3: YeeesMan ($101 in chips) 
Seat 4: despoikyr ($83.96 in chips) 
Seat 5: nastja336 ($121.93 in chips) 
Seat 6: Aescul@pius ($144.16 in chips) 
nastja336: posts small blind $0.50
Aescul@pius: posts big blind $1
NISIY: sits out 
*** HOLE CARDS ***
Pippa83: folds 
YeeesMan: folds 
despoikyr: raises $1 to $2
nastja336: folds 
Aescul@pius: folds 
Uncalled bet ($1) returned to despoikyr
despoikyr collected $2.50 from pot
*** SUMMARY ***
Total pot $2.50 | Rake $0 
Seat 2: NISIY
Seat 1: Pippa83 folded before Flop (didn't bet)
Seat 3: YeeesMan folded before Flop (didn't bet)
Seat 4: despoikyr (button) collected ($2.50)
Seat 5: nastja336 (small blind) folded before Flop
Seat 6: Aescul@pius (big blind) folded before Flop



PokerStars Hand #254229646249:  Hold'em No Limit ($0.50/$1.00 USD) - 2025/01/06 16:42:49 WET [2025/01/06 11:42:49 ET]
Table 'Ksora II' 6-max Seat #5 is the button
Seat 2: NISIY ($105.77 in chips) is sitting out
Seat 1: Pippa83 ($100 in chips) 
Seat 3: YeeesMan ($101 in chips) 
Seat 4: despoikyr ($85.46 in chips) 
Seat 5: nastja336 ($121.43 in chips) 
Seat 6: Aescul@pius ($143.16 in chips) 
Aescul@pius: posts small blind $0.50
Pippa83: posts big blind $1
NISIY: sits out 
*** HOLE CARDS ***
YeeesMan: folds 
despoikyr: raises $1 to $2
nastja336: calls $2
Aescul@pius: folds 
Pippa83: calls $1
*** FLOP *** [5d Qs Kd]
Pippa83: checks 
despoikyr: checks 
nastja336: checks 
*** TURN *** [5d Qs Kd] [2c]
Pippa83: checks 
despoikyr: bets $2
nastja336: folds 
Pippa83: folds 
Uncalled bet ($2) returned to despoikyr
despoikyr collected $6.18 from pot
*** SUMMARY ***
Total pot $6.50 | Rake $0.32 
Board [5d Qs Kd 2c]
Seat 2: NISIY
Seat 1: Pippa83 (big blind) folded on the Turn
Seat 3: YeeesMan folded before Flop (didn't bet)
Seat 4: despoikyr collected ($6.18)
Seat 5: nastja336 (button) folded on the Turn
Seat 6: Aescul@pius (small blind) folded before Flop



PokerStars Hand #254229659061:  Hold'em No Limit ($0.50/$1.00 USD) - 2025/01/06 16:43:36 WET [2025/01/06 11:43:36 ET]
Table 'Ksora II' 6-max Seat #6 is the button
Seat 1: Pippa83 ($100 in chips) 
Seat 2: NISIY ($105.77 in chips) 
Seat 3: YeeesMan ($101 in chips) 
Seat 4: despoikyr ($89.64 in chips) 
Seat 5: nastja336 ($119.43 in chips) 
Seat 6: Aescul@pius ($142.66 in chips) 
Pippa83: posts small blind $0.50
NISIY: posts big blind $1
*** HOLE CARDS ***
YeeesMan: raises $1.50 to $2.50
despoikyr: folds 
nastja336: folds 
Aescul@pius: folds 
Pippa83: folds 
NISIY: calls $1.50
*** FLOP *** [2d 6d Jh]
NISIY: checks 
YeeesMan: bets $3.92
NISIY: calls $3.92
*** TURN *** [2d 6d Jh] [5h]
NISIY: checks 
YeeesMan: checks 
*** RIVER *** [2d 6d Jh 5h] [4c]
NISIY: bets $17.50
YeeesMan: folds 
Uncalled bet ($17.50) returned to NISIY
NISIY collected $12.67 from pot
NISIY: doesn't show hand 
*** SUMMARY ***
Total pot $13.34 | Rake $0.67 
Board [2d 6d Jh 5h 4c]
Seat 1: Pippa83 (small blind) folded before Flop
Seat 2: NISIY (big blind) collected ($12.67)
Seat 3: YeeesMan folded on the River
Seat 4: despoikyr folded before Flop (didn't bet)
Seat 5: nastja336 folded before Flop (didn't bet)
Seat 6: Aescul@pius (button) folded before Flop (didn't bet)



PokerStars Hand #254229683586:  Hold'em No Limit ($0.50/$1.00 USD) - 2025/01/06 16:45:08 WET [2025/01/06 11:45:08 ET]
Table 'Ksora II' 6-max Seat #1 is the button
Seat 1: Pippa83 ($100 in chips) 
Seat 2: NISIY ($112.02 in chips) 
Seat 3: YeeesMan ($100 in chips) 
Seat 4: despoikyr ($89.64 in chips) 
Seat 5: nastja336 ($119.43 in chips) 
Seat 6: Aescul@pius ($142.66 in chips) 
NISIY: posts small blind $0.50
YeeesMan: posts big blind $1
*** HOLE CARDS ***
despoikyr: calls $1
nastja336: raises $5 to $6
Aescul@pius: folds 
Pippa83: folds 
NISIY: folds 
YeeesMan: folds 
despoikyr: calls $5
*** FLOP *** [8d 6h 5c]
despoikyr: checks 
nastja336: bets $9.60
despoikyr: folds 
Uncalled bet ($9.60) returned to nastja336
nastja336 collected $12.82 from pot
nastja336: doesn't show hand 
*** SUMMARY ***
Total pot $13.50 | Rake $0.68 
Board [8d 6h 5c]
Seat 1: Pippa83 (button) folded before Flop (didn't bet)
Seat 2: NISIY (small blind) folded before Flop
Seat 3: YeeesMan (big blind) folded before Flop
Seat 4: despoikyr folded on the Flop
Seat 5: nastja336 collected ($12.82)
Seat 6: Aescul@pius folded before Flop (didn't bet)



PokerStars Hand #254229693019:  Hold'em No Limit ($0.50/$1.00 USD) - 2025/01/06 16:45:44 WET [2025/01/06 11:45:44 ET]
Table 'Ksora II' 6-max Seat #2 is the button
Seat 1: Pippa83 ($100 in chips) 
Seat 2: NISIY ($111.52 in chips) 
Seat 3: YeeesMan ($100 in chips) 
Seat 4: despoikyr ($83.64 in chips) 
Seat 5: nastja336 ($126.25 in chips) 
Seat 6: Aescul@pius ($142.66 in chips) 
YeeesMan: posts small blind $0.50
despoikyr: posts big blind $1
*** HOLE CARDS ***
nastja336: folds 
Aescul@pius: folds 
Pippa83: raises $1.50 to $2.50
NISIY: folds 
YeeesMan: raises $8.50 to $11
despoikyr: calls $10
Pippa83: folds 
*** FLOP *** [8s Ad 8h]
YeeesMan: checks 
despoikyr: checks 
*** TURN *** [8s Ad 8h] [Ks]
YeeesMan: bets $11.64
despoikyr: calls $11.64
*** RIVER *** [8s Ad 8h Ks] [7c]
YeeesMan: checks 
despoikyr: checks 
*** SHOW DOWN ***
YeeesMan: shows [Qh Th] (a pair of Eights)
despoikyr: shows [Qs Kc] (two pair, Kings and Eights)
despoikyr collected $45.39 from pot
*** SUMMARY ***
Total pot $47.78 | Rake $2.39 
Board [8s Ad 8h Ks 7c]
Seat 1: Pippa83 folded before Flop
Seat 2: NISIY (button) folded before Flop (didn't bet)
Seat 3: YeeesMan (small blind) showed [Qh Th] and lost with a pair of Eights
Seat 4: despoikyr (big blind) showed [Qs Kc] and won ($45.39) with two pair, Kings and Eights
Seat 5: nastja336 folded before Flop (didn't bet)
Seat 6: Aescul@pius folded before Flop (didn't bet)



PokerStars Hand #254229706556:  Hold'em No Limit ($0.50/$1.00 USD) - 2025/01/06 16:46:34 WET [2025/01/06 11:46:34 ET]
Table 'Ksora II' 6-max Seat #3 is the button
Seat 1: Pippa83 ($100 in chips) 
Seat 2: NISIY ($111.52 in chips) 
Seat 3: YeeesMan ($100 in chips) 
Seat 4: despoikyr ($106.39 in chips) 
Seat 5: nastja336 ($126.25 in chips) 
Seat 6: Aescul@pius ($142.66 in chips) 
despoikyr: posts small blind $0.50
nastja336: posts big blind $1
*** HOLE CARDS ***
Aescul@pius: folds 
Pippa83: folds 
NISIY: folds 
YeeesMan: folds 
despoikyr: raises $1 to $2
nastja336: folds 
Uncalled bet ($1) returned to despoikyr
despoikyr collected $2 from pot
*** SUMMARY ***
Total pot $2 | Rake $0 
Seat 1: Pippa83 folded before Flop (didn't bet)
Seat 2: NISIY folded before Flop (didn't bet)
Seat 3: YeeesMan (button) folded before Flop (didn't bet)
Seat 4: despoikyr (small blind) collected ($2)
Seat 5: nastja336 (big blind) folded before Flop
Seat 6: Aescul@pius folded before Flop (didn't bet)



PokerStars Hand #254229710876:  Hold'em No Limit ($0.50/$1.00 USD) - 2025/01/06 16:46:50 WET [2025/01/06 11:46:50 ET]
Table 'Ksora II' 6-max Seat #4 is the button
Seat 1: Pippa83 ($100 in chips) 
Seat 2: NISIY ($111.52 in chips) 
Seat 3: YeeesMan ($100 in chips) 
Seat 4: despoikyr ($107.39 in chips) 
Seat 5: nastja336 ($125.25 in chips) 
Seat 6: Aescul@pius ($142.66 in chips) 
nastja336: posts small blind $0.50
Aescul@pius: posts big blind $1
*** HOLE CARDS ***
Pippa83: folds 
NISIY: folds 
YeeesMan: folds 
despoikyr: calls $1
nastja336: raises $4 to $5
Aescul@pius: folds 
despoikyr: calls $4
*** FLOP *** [2h Th 8c]
nastja336: bets $7.80
despoikyr: calls $7.80
*** TURN *** [2h Th 8c] [5h]
nastja336: bets $23
despoikyr: folds 
Uncalled bet ($23) returned to nastja336
nastja336 collected $25.27 from pot
nastja336: doesn't show hand 
*** SUMMARY ***
Total pot $26.60 | Rake $1.33 
Board [2h Th 8c 5h]
Seat 1: Pippa83 folded before Flop (didn't bet)
Seat 2: NISIY folded before Flop (didn't bet)
Seat 3: YeeesMan folded before Flop (didn't bet)
Seat 4: despoikyr (button) folded on the Turn
Seat 5: nastja336 (small blind) collected ($25.27)
Seat 6: Aescul@pius (big blind) folded before Flop



PokerStars Hand #254229722334:  Hold'em No Limit ($0.50/$1.00 USD) - 2025/01/06 16:47:33 WET [2025/01/06 11:47:33 ET]
Table 'Ksora II' 6-max Seat #5 is the button
Seat 1: Pippa83 ($100 in chips) 
Seat 2: NISIY ($111.52 in chips) 
Seat 3: YeeesMan ($100 in chips) 
Seat 4: despoikyr ($94.59 in chips) 
Seat 5: nastja336 ($137.72 in chips) 
Seat 6: Aescul@pius ($141.66 in chips) 
Aescul@pius: posts small blind $0.50
Pippa83: posts big blind $1
*** HOLE CARDS ***
NISIY: folds 
YeeesMan: folds 
despoikyr: calls $1
nastja336: folds 
Aescul@pius: folds 
Pippa83: raises $4.50 to $5.50
despoikyr: calls $4.50
*** FLOP *** [Jd 6d Qh]
Pippa83: bets $8.19
despoikyr: calls $8.19
*** TURN *** [Jd 6d Qh] [9d]
Pippa83: checks 
despoikyr: checks 
*** RIVER *** [Jd 6d Qh 9d] [5c]
Pippa83: bets $16
despoikyr: calls $16
*** SHOW DOWN ***
Pippa83: shows [Kc Ac] (high card Ace)
despoikyr: shows [Jh Tc] (a pair of Jacks)
despoikyr collected $57.38 from pot
*** SUMMARY ***
Total pot $59.88 | Rake $2.50 
Board [Jd 6d Qh 9d 5c]
Seat 1: Pippa83 (big blind) showed [Kc Ac] and lost with high card Ace
Seat 2: NISIY folded before Flop (didn't bet)
Seat 3: YeeesMan folded before Flop (didn't bet)
Seat 4: despoikyr showed [Jh Tc] and won ($57.38) with a pair of Jacks
Seat 5: nastja336 (button) folded before Flop (didn't bet)
Seat 6: Aescul@pius (small blind) folded before Flop



PokerStars Hand #254229736062:  Hold'em No Limit ($0.50/$1.00 USD) - 2025/01/06 16:48:25 WET [2025/01/06 11:48:25 ET]
Table 'Ksora II' 6-max Seat #6 is the button
Seat 1: Pippa83 ($100 in chips) 
Seat 2: NISIY ($111.52 in chips) 
Seat 3: YeeesMan ($100 in chips) 
Seat 4: despoikyr ($122.28 in chips) 
Seat 5: nastja336 ($137.72 in chips) 
Seat 6: Aescul@pius ($141.16 in chips) 
Pippa83: posts small blind $0.50
NISIY: posts big blind $1
*** HOLE CARDS ***
YeeesMan: folds 
despoikyr: calls $1
nastja336: raises $3 to $4
Aescul@pius: folds 
Pippa83: folds 
NISIY: folds 
despoikyr: folds 
Uncalled bet ($3) returned to nastja336
nastja336 collected $3.50 from pot
nastja336: doesn't show hand 
*** SUMMARY ***
Total pot $3.50 | Rake $0 
Seat 1: Pippa83 (small blind) folded before Flop
Seat 2: NISIY (big blind) folded before Flop
Seat 3: YeeesMan folded before Flop (didn't bet)
Seat 4: despoikyr folded before Flop
Seat 5: nastja336 collected ($3.50)
Seat 6: Aescul@pius (button) folded before Flop (didn't bet)



PokerStars Hand #254229741767:  Hold'em No Limit ($0.50/$1.00 USD) - 2025/01/06 16:48:47 WET [2025/01/06 11:48:47 ET]
Table 'Ksora II' 6-max Seat #1 is the button
Seat 1: Pippa83 ($100 in chips) 
Seat 2: NISIY ($110.52 in chips) 
Seat 3: YeeesMan ($100 in chips) 
Seat 4: despoikyr ($121.28 in chips) 
Seat 5: nastja336 ($140.22 in chips) 
Seat 6: Aescul@pius ($141.16 in chips) 
NISIY: posts small blind $0.50
YeeesMan: posts big blind $1
*** HOLE CARDS ***
despoikyr: calls $1
nastja336: folds 
Aescul@pius: folds 
Pippa83: raises $2.50 to $3.50
NISIY: folds 
YeeesMan: folds 
despoikyr: calls $2.50
*** FLOP *** [4h 6c Qc]
despoikyr: checks 
Pippa83: bets $2.67
despoikyr: folds 
Uncalled bet ($2.67) returned to Pippa83
Pippa83 collected $8.08 from pot
Pippa83: doesn't show hand 
*** SUMMARY ***
Total pot $8.50 | Rake $0.42 
Board [4h 6c Qc]
Seat 1: Pippa83 (button) collected ($8.08)
Seat 2: NISIY (small blind) folded before Flop
Seat 3: YeeesMan (big blind) folded before Flop
Seat 4: despoikyr folded on the Flop
Seat 5: nastja336 folded before Flop (didn't bet)
Seat 6: Aescul@pius folded before Flop (didn't bet)



PokerStars Hand #254229753955:  Hold'em No Limit ($0.50/$1.00 USD) - 2025/01/06 16:49:32 WET [2025/01/06 11:49:32 ET]
Table 'Ksora II' 6-max Seat #2 is the button
Seat 1: Pippa83 ($104.58 in chips) 
Seat 2: NISIY ($110.02 in chips) 
Seat 3: YeeesMan ($100 in chips) 
Seat 4: despoikyr ($117.78 in chips) 
Seat 5: nastja336 ($140.22 in chips) 
Seat 6: Aescul@pius ($141.16 in chips) 
YeeesMan: posts small blind $0.50
despoikyr: posts big blind $1
*** HOLE CARDS ***
nastja336: folds 
Aescul@pius: folds 
Pippa83: folds 
NISIY: folds 
YeeesMan: raises $2 to $3
despoikyr: calls $2
*** FLOP *** [6d 3s 4s]
YeeesMan: checks 
despoikyr: bets $2.85
YeeesMan: calls $2.85
*** TURN *** [6d 3s 4s] [8s]
YeeesMan: checks 
despoikyr: bets $4.56
YeeesMan: raises $4.56 to $9.12
despoikyr: calls $4.56
*** RIVER *** [6d 3s 4s 8s] [Th]
YeeesMan: bets $14.22
despoikyr: calls $14.22
*** SHOW DOWN ***
YeeesMan: shows [Ks Tc] (a pair of Tens)
despoikyr: mucks hand 
YeeesMan collected $55.88 from pot
*** SUMMARY ***
Total pot $58.38 | Rake $2.50 
Board [6d 3s 4s 8s Th]
Seat 1: Pippa83 folded before Flop (didn't bet)
Seat 2: NISIY (button) folded before Flop (didn't bet)
Seat 3: YeeesMan (small blind) showed [Ks Tc] and won ($55.88) with a pair of Tens
Seat 4: despoikyr (big blind) mucked
Seat 5: nastja336 folded before Flop (didn't bet)
Seat 6: Aescul@pius folded before Flop (didn't bet)



PokerStars Hand #254229778556:  Hold'em No Limit ($0.50/$1.00 USD) - 2025/01/06 16:51:04 WET [2025/01/06 11:51:04 ET]
Table 'Ksora II' 6-max Seat #3 is the button
Seat 1: Pippa83 ($104.58 in chips) 
Seat 2: NISIY ($110.02 in chips) 
Seat 3: YeeesMan ($126.69 in chips) 
Seat 4: despoikyr ($88.59 in chips) 
Seat 5: nastja336 ($140.22 in chips) 
Seat 6: Aescul@pius ($141.16 in chips) 
despoikyr: posts small blind $0.50
nastja336: posts big blind $1
*** HOLE CARDS ***
Aescul@pius: folds 
Pippa83: raises $1.20 to $2.20
NISIY: folds 
YeeesMan: raises $5.80 to $8
despoikyr: calls $7.50
nastja336: folds 
Pippa83: calls $5.80
*** FLOP *** [9h Qs 2s]
despoikyr: checks 
Pippa83: checks 
YeeesMan: checks 
*** TURN *** [9h Qs 2s] [2h]
despoikyr: bets $10.88
Pippa83: folds 
YeeesMan: calls $10.88
*** RIVER *** [9h Qs 2s 2h] [Jh]
despoikyr: bets $23.21
YeeesMan: folds 
Uncalled bet ($23.21) returned to despoikyr
despoikyr collected $44.42 from pot
*** SUMMARY ***
Total pot $46.76 | Rake $2.34 
Board [9h Qs 2s 2h Jh]
Seat 1: Pippa83 folded on the Turn
Seat 2: NISIY folded before Flop (didn't bet)
Seat 3: YeeesMan (button) folded on the River
Seat 4: despoikyr (small blind) collected ($44.42)
Seat 5: nastja336 (big blind) folded before Flop
Seat 6: Aescul@pius folded before Flop (didn't bet)



PokerStars Hand #254229807788:  Hold'em No Limit ($0.50/$1.00 USD) - 2025/01/06 16:52:52 WET [2025/01/06 11:52:52 ET]
Table 'Ksora II' 6-max Seat #4 is the button
Seat 1: Pippa83 ($100 in chips) 
Seat 2: NISIY ($110.02 in chips) 
Seat 3: YeeesMan ($107.81 in chips) 
Seat 4: despoikyr ($114.13 in chips) 
Seat 5: nastja336 ($139.22 in chips) 
Seat 6: Aescul@pius ($141.16 in chips) 
nastja336: posts small blind $0.50
Aescul@pius: posts big blind $1
*** HOLE CARDS ***
Pippa83: folds 
NISIY: folds 
YeeesMan: raises $1.50 to $2.50
despoikyr: folds 
nastja336: raises $9.50 to $12
Aescul@pius: folds 
YeeesMan: folds 
Uncalled bet ($9.50) returned to nastja336
nastja336 collected $6 from pot
nastja336: doesn't show hand 
*** SUMMARY ***
Total pot $6 | Rake $0 
Seat 1: Pippa83 folded before Flop (didn't bet)
Seat 2: NISIY folded before Flop (didn't bet)
Seat 3: YeeesMan folded before Flop
Seat 4: despoikyr (button) folded before Flop (didn't bet)
Seat 5: nastja336 (small blind) collected ($6)
Seat 6: Aescul@pius (big blind) folded before Flop



PokerStars Hand #254229820948:  Hold'em No Limit ($0.50/$1.00 USD) - 2025/01/06 16:53:41 WET [2025/01/06 11:53:41 ET]
Table 'Ksora II' 6-max Seat #5 is the button
Seat 1: Pippa83 ($100 in chips) 
Seat 2: NISIY ($110.02 in chips) 
Seat 3: YeeesMan ($105.31 in chips) 
Seat 4: despoikyr ($114.13 in chips) 
Seat 5: nastja336 ($142.72 in chips) 
Seat 6: Aescul@pius ($140.16 in chips) 
Aescul@pius: posts small blind $0.50
Pippa83: posts big blind $1
*** HOLE CARDS ***
NISIY: folds 
YeeesMan: folds 
despoikyr: calls $1
nastja336: raises $4 to $5
Aescul@pius: raises $13 to $18
Pippa83: folds 
despoikyr: folds 
nastja336: calls $13
*** FLOP *** [Qs 3h 2c]
Aescul@pius: bets $11.91
nastja336: calls $11.91
*** TURN *** [Qs 3h 2c] [Qh]
Aescul@pius: bets $19.58
nastja336: calls $19.58
*** RIVER *** [Qs 3h 2c Qh] [Ah]
Aescul@pius: bets $90.67 and is all-in
nastja336: folds 
Uncalled bet ($90.67) returned to Aescul@pius
Aescul@pius collected $98.48 from pot
Aescul@pius: doesn't show hand 
*** SUMMARY ***
Total pot $100.98 | Rake $2.50 
Board [Qs 3h 2c Qh Ah]
Seat 1: Pippa83 (big blind) folded before Flop
Seat 2: NISIY folded before Flop (didn't bet)
Seat 3: YeeesMan folded before Flop (didn't bet)
Seat 4: despoikyr folded before Flop
Seat 5: nastja336 (button) folded on the River
Seat 6: Aescul@pius (small blind) collected ($98.48)



PokerStars Hand #254229843589:  Hold'em No Limit ($0.50/$1.00 USD) - 2025/01/06 16:55:04 WET [2025/01/06 11:55:04 ET]
Table 'Ksora II' 6-max Seat #6 is the button
Seat 1: Pippa83 ($100 in chips) 
Seat 2: NISIY ($110.02 in chips) 
Seat 3: YeeesMan ($105.31 in chips) 
Seat 4: despoikyr ($113.13 in chips) 
Seat 5: nastja336 ($100 in chips) 
Seat 6: Aescul@pius ($189.15 in chips) 
Pippa83: posts small blind $0.50
NISIY: posts big blind $1
*** HOLE CARDS ***
YeeesMan: raises $1.50 to $2.50
despoikyr: calls $2.50
nastja336: folds 
Aescul@pius: folds 
Pippa83: folds 
NISIY: calls $1.50
*** FLOP *** [3h 8d Ks]
NISIY: checks 
YeeesMan: bets $2.51
despoikyr: folds 
NISIY: calls $2.51
*** TURN *** [3h 8d Ks] [2s]
NISIY: checks 
YeeesMan: bets $18.55
NISIY: folds 
Uncalled bet ($18.55) returned to YeeesMan
YeeesMan collected $12.37 from pot
YeeesMan: doesn't show hand 
*** SUMMARY ***
Total pot $13.02 | Rake $0.65 
Board [3h 8d Ks 2s]
Seat 1: Pippa83 (small blind) folded before Flop
Seat 2: NISIY (big blind) folded on the Turn
Seat 3: YeeesMan collected ($12.37)
Seat 4: despoikyr folded on the Flop
Seat 5: nastja336 folded before Flop (didn't bet)
Seat 6: Aescul@pius (button) folded before Flop (didn't bet)



PokerStars Hand #254229857875:  Hold'em No Limit ($0.50/$1.00 USD) - 2025/01/06 16:56:10 WET [2025/01/06 11:56:10 ET]
Table 'Ksora II' 6-max Seat #2 is the button
Seat 1: Pippa83 ($100 in chips) is sitting out
Seat 2: NISIY ($105.01 in chips) 
Seat 3: YeeesMan ($112.67 in chips) 
Seat 4: despoikyr ($110.63 in chips) 
Seat 5: nastja336 ($100 in chips) 
Seat 6: Aescul@pius ($189.15 in chips) 
YeeesMan: posts small blind $0.50
despoikyr: posts big blind $1
*** HOLE CARDS ***
nastja336: folds 
Aescul@pius: folds 
NISIY: raises $1.50 to $2.50
YeeesMan: folds 
despoikyr: calls $1.50
*** FLOP *** [7h 2d Td]
despoikyr: checks 
NISIY: bets $1.72
despoikyr: calls $1.72
*** TURN *** [7h 2d Td] [4h]
despoikyr: checks 
NISIY: bets $6.37
despoikyr: folds 
Uncalled bet ($6.37) returned to NISIY
NISIY collected $8.49 from pot
NISIY: doesn't show hand 
*** SUMMARY ***
Total pot $8.94 | Rake $0.45 
Board [7h 2d Td 4h]
Seat 1: Pippa83
Seat 2: NISIY (button) collected ($8.49)
Seat 3: YeeesMan (small blind) folded before Flop
Seat 4: despoikyr (big blind) folded on the Turn
Seat 5: nastja336 folded before Flop (didn't bet)
Seat 6: Aescul@pius folded before Flop (didn't bet)



PokerStars Hand #254229867675:  Hold'em No Limit ($0.50/$1.00 USD) - 2025/01/06 16:56:57 WET [2025/01/06 11:56:57 ET]
Table 'Ksora II' 6-max Seat #3 is the button
Seat 1: Pippa83 ($100 in chips) is sitting out
Seat 2: NISIY ($109.28 in chips) 
Seat 3: YeeesMan ($112.17 in chips) 
Seat 4: despoikyr ($106.41 in chips) 
Seat 5: nastja336 ($100 in chips) 
Seat 6: Aescul@pius ($189.15 in chips) 
despoikyr: posts small blind $0.50
nastja336: posts big blind $1
*** HOLE CARDS ***
Aescul@pius has timed out
Aescul@pius: folds 
NISIY: folds 
YeeesMan: folds 
despoikyr: folds 
Uncalled bet ($0.50) returned to nastja336
nastja336 collected $1 from pot
nastja336: doesn't show hand 
*** SUMMARY ***
Total pot $1 | Rake $0 
Seat 1: Pippa83
Seat 2: NISIY folded before Flop (didn't bet)
Seat 3: YeeesMan (button) folded before Flop (didn't bet)
Seat 4: despoikyr (small blind) folded before Flop
Seat 5: nastja336 (big blind) collected ($1)
Seat 6: Aescul@pius folded before Flop (didn't bet)



PokerStars Hand #254229873259:  Hold'em No Limit ($0.50/$1.00 USD) - 2025/01/06 16:57:23 WET [2025/01/06 11:57:23 ET]
Table 'Ksora II' 6-max Seat #4 is the button
Seat 1: Pippa83 ($100 in chips) is sitting out
Seat 6: Aescul@pius ($189.15 in chips) is sitting out
Seat 2: NISIY ($109.28 in chips) 
Seat 3: YeeesMan ($112.17 in chips) 
Seat 4: despoikyr ($105.91 in chips) 
Seat 5: nastja336 ($100.50 in chips) 
nastja336: posts small blind $0.50
Aescul@pius: is sitting out 
NISIY: posts big blind $1
*** HOLE CARDS ***
Aescul@pius leaves the table
YeeesMan: folds 
despoikyr: folds 
nastja336: folds 
Uncalled bet ($0.50) returned to NISIY
NISIY collected $1 from pot
NISIY: doesn't show hand 
*** SUMMARY ***
Total pot $1 | Rake $0 
Seat 1: Pippa83
Seat 6: Aescul@pius
Seat 2: NISIY (big blind) collected ($1)
Seat 3: YeeesMan folded before Flop (didn't bet)
Seat 4: despoikyr (button) folded before Flop (didn't bet)
Seat 5: nastja336 (small blind) folded before Flop



PokerStars Hand #254229875311:  Hold'em No Limit ($0.50/$1.00 USD) - 2025/01/06 16:57:33 WET [2025/01/06 11:57:33 ET]
Table 'Ksora II' 6-max Seat #5 is the button
Seat 1: Pippa83 ($100 in chips) is sitting out
Seat 2: NISIY ($109.78 in chips) 
Seat 3: YeeesMan ($112.17 in chips) 
Seat 4: despoikyr ($105.91 in chips) 
Seat 5: nastja336 ($100 in chips) 
NISIY: posts small blind $0.50
YeeesMan: posts big blind $1
*** HOLE CARDS ***
despoikyr: calls $1
Joe_Li7 joins the table at seat #6 
nastja336: folds 
NISIY: folds 
YeeesMan: raises $5 to $6
despoikyr: calls $5
*** FLOP *** [5h 9d Js]
YeeesMan: bets $8.91
despoikyr: calls $8.91
*** TURN *** [5h 9d Js] [5c]
YeeesMan: bets $22.99
despoikyr: raises $68.01 to $91 and is all-in
YeeesMan: calls $68.01
*** RIVER *** [5h 9d Js 5c] [6d]
*** SHOW DOWN ***
YeeesMan: shows [As Ac] (two pair, Aces and Fives)
despoikyr: shows [Jc Td] (two pair, Jacks and Fives)
YeeesMan collected $211.32 from pot
*** SUMMARY ***
Total pot $212.32 | Rake $1 
Board [5h 9d Js 5c 6d]
Seat 1: Pippa83
Seat 2: NISIY (small blind) folded before Flop
Seat 3: YeeesMan (big blind) showed [As Ac] and won ($211.32) with two pair, Aces and Fives
Seat 4: despoikyr showed [Jc Td] and lost with two pair, Jacks and Fives
Seat 5: nastja336 (button) folded before Flop (didn't bet)



PokerStars Hand #254229888236:  Hold'em No Limit ($0.50/$1.00 USD) - 2025/01/06 16:58:34 WET [2025/01/06 11:58:34 ET]
Table 'Ksora II' 6-max Seat #2 is the button
Seat 1: Pippa83 ($100 in chips) is sitting out
Seat 4: despoikyr ($0 in chips) is sitting out
Seat 6: Joe_Li7 ($100 in chips) is sitting out
Seat 2: NISIY ($109.28 in chips) 
Seat 3: YeeesMan ($217.58 in chips) 
Seat 5: nastja336 ($100 in chips) 
YeeesMan: posts small blind $0.50
nastja336: posts big blind $1
Joe_Li7: sits out 
Pippa83: sits out 
*** HOLE CARDS ***
NISIY: raises $1.50 to $2.50
despoikyr leaves the table
YeeesMan: folds 
Pippa83 leaves the table
nastja336: folds 
Uncalled bet ($1.50) returned to NISIY
NISIY collected $2.50 from pot
NISIY: doesn't show hand 
*** SUMMARY ***
Total pot $2.50 | Rake $0 
Seat 1: Pippa83
Seat 4: despoikyr
Seat 6: Joe_Li7
Seat 2: NISIY (button) collected ($2.50)
Seat 3: YeeesMan (small blind) folded before Flop
Seat 5: nastja336 (big blind) folded before Flop



PokerStars Hand #254229892302:  Hold'em No Limit ($0.50/$1.00 USD) - 2025/01/06 16:58:53 WET [2025/01/06 11:58:53 ET]
Table 'Ksora II' 6-max Seat #3 is the button
Seat 2: NISIY ($110.78 in chips) 
Seat 3: YeeesMan ($217.08 in chips) 
Seat 5: nastja336 ($100 in chips) 
Seat 6: Joe_Li7 ($100 in chips) 
nastja336: posts small blind $0.50
Joe_Li7: posts big blind $1
*** HOLE CARDS ***
NISIY: raises $1.50 to $2.50
YeeesMan: folds 
nastja336: folds 
Joe_Li7: folds 
Uncalled bet ($1.50) returned to NISIY
NISIY collected $2.50 from pot
NISIY: doesn't show hand 
*** SUMMARY ***
Total pot $2.50 | Rake $0 
Seat 2: NISIY collected ($2.50)
Seat 3: YeeesMan (button) folded before Flop (didn't bet)
Seat 5: nastja336 (small blind) folded before Flop
Seat 6: Joe_Li7 (big blind) folded before Flop



