PokerStars Hand #254240235608:  Hold'em No Limit ($0.50/$1.00 USD) - 2025/01/06 2:54:44 WET [2025/01/06 21:54:44 ET]
Table 'Hakone' 6-max Seat #2 is the button
Seat 1: joaquin612 ($103.20 in chips) 
Seat 2: B3astOfBurd3n ($47.33 in chips) 
Seat 3: Kreayshawn ($100 in chips) 
Seat 4: Nurlanstar92 ($100 in chips) 
Seat 5: reeqar ($110.50 in chips) 
Seat 6: rao999 ($100 in chips) 
Kreayshawn: posts small blind $0.50
Nurlanstar92: posts big blind $1
*** HOLE CARDS ***
reeqar: folds 
rao999: folds 
joaquin612: raises $1.50 to $2.50
B3astOfBurd3n: calls $2.50
Kreayshawn: folds 
Nurlanstar92: calls $1.50
*** FLOP *** [Kc 4d 5d]
Nurlanstar92: checks 
joaquin612: bets $3.80
B3astOfBurd3n: folds 
Nurlanstar92: raises $11.40 to $15.20
joaquin612: folds 
Uncalled bet ($11.40) returned to Nurlanstar92
Nurlanstar92 collected $14.82 from pot
Nurlanstar92: doesn't show hand 
*** SUMMARY ***
Total pot $15.60 | Rake $0.78 
Board [Kc 4d 5d]
Seat 1: joaquin612 folded on the Flop
Seat 2: B3astOfBurd3n (button) folded on the Flop
Seat 3: Kreayshawn (small blind) folded before Flop
Seat 4: Nurlanstar92 (big blind) collected ($14.82)
Seat 5: reeqar folded before Flop (didn't bet)
Seat 6: rao999 folded before Flop (didn't bet)



PokerStars Hand #254240243675:  Hold'em No Limit ($0.50/$1.00 USD) - 2025/01/06 2:55:47 WET [2025/01/06 21:55:47 ET]
Table 'Hakone' 6-max Seat #3 is the button
Seat 5: reeqar ($110.50 in chips) is sitting out
Seat 1: joaquin612 ($100 in chips) 
Seat 2: B3astOfBurd3n ($44.83 in chips) 
Seat 3: Kreayshawn ($100 in chips) 
Seat 4: Nurlanstar92 ($108.52 in chips) 
Seat 6: rao999 ($100 in chips) 
Nurlanstar92: posts small blind $0.50
reeqar: is sitting out 
rao999: posts big blind $1
*** HOLE CARDS ***
joaquin612: folds 
B3astOfBurd3n: folds 
Kreayshawn: folds 
Nurlanstar92: raises $2 to $3
rao999: folds 
Uncalled bet ($2) returned to Nurlanstar92
Nurlanstar92 collected $2 from pot
Nurlanstar92: doesn't show hand 
*** SUMMARY ***
Total pot $2 | Rake $0 
Seat 5: reeqar
Seat 1: joaquin612 folded before Flop (didn't bet)
Seat 2: B3astOfBurd3n folded before Flop (didn't bet)
Seat 3: Kreayshawn (button) folded before Flop (didn't bet)
Seat 4: Nurlanstar92 (small blind) collected ($2)
Seat 6: rao999 (big blind) folded before Flop



PokerStars Hand #254240245340:  Hold'em No Limit ($0.50/$1.00 USD) - 2025/01/06 2:56:01 WET [2025/01/06 21:56:01 ET]
Table 'Hakone' 6-max Seat #4 is the button
Seat 5: reeqar ($110.50 in chips) is sitting out
Seat 1: joaquin612 ($100 in chips) 
Seat 2: B3astOfBurd3n ($44.83 in chips) 
Seat 3: Kreayshawn ($100 in chips) 
Seat 4: Nurlanstar92 ($109.52 in chips) 
Seat 6: rao999 ($100 in chips) 
rao999: posts small blind $0.50
joaquin612: posts big blind $1
*** HOLE CARDS ***
B3astOfBurd3n: folds 
reeqar leaves the table
Kreayshawn: folds 
Nurlanstar92: raises $1.50 to $2.50
G.HANSEN333 joins the table at seat #5 
rao999: folds 
joaquin612: folds 
Uncalled bet ($1.50) returned to Nurlanstar92
Nurlanstar92 collected $2.50 from pot
Nurlanstar92: doesn't show hand 
*** SUMMARY ***
Total pot $2.50 | Rake $0 
Seat 5: reeqar
Seat 1: joaquin612 (big blind) folded before Flop
Seat 2: B3astOfBurd3n folded before Flop (didn't bet)
Seat 3: Kreayshawn folded before Flop (didn't bet)
Seat 4: Nurlanstar92 (button) collected ($2.50)
Seat 6: rao999 (small blind) folded before Flop



PokerStars Hand #254240247994:  Hold'em No Limit ($0.50/$1.00 USD) - 2025/01/06 2:56:24 WET [2025/01/06 21:56:24 ET]
Table 'Hakone' 6-max Seat #6 is the button
Seat 5: G.HANSEN333 ($100 in chips) is sitting out
Seat 1: joaquin612 ($100 in chips) 
Seat 2: B3astOfBurd3n ($44.83 in chips) 
Seat 3: Kreayshawn ($100 in chips) 
Seat 4: Nurlanstar92 ($111.02 in chips) 
Seat 6: rao999 ($100 in chips) 
joaquin612: posts small blind $0.50
B3astOfBurd3n: posts big blind $1
G.HANSEN333: sits out 
*** HOLE CARDS ***
Kreayshawn: raises $1.50 to $2.50
Nurlanstar92: folds 
rao999: folds 
joaquin612: folds 
B3astOfBurd3n: calls $1.50
*** FLOP *** [Js Kh 9c]
B3astOfBurd3n: checks 
Kreayshawn: checks 
*** TURN *** [Js Kh 9c] [6h]
B3astOfBurd3n: checks 
Kreayshawn: bets $4.02
B3astOfBurd3n: folds 
Uncalled bet ($4.02) returned to Kreayshawn
Kreayshawn collected $5.22 from pot
*** SUMMARY ***
Total pot $5.50 | Rake $0.28 
Board [Js Kh 9c 6h]
Seat 5: G.HANSEN333
Seat 1: joaquin612 (small blind) folded before Flop
Seat 2: B3astOfBurd3n (big blind) folded on the Turn
Seat 3: Kreayshawn collected ($5.22)
Seat 4: Nurlanstar92 folded before Flop (didn't bet)
Seat 6: rao999 (button) folded before Flop (didn't bet)



PokerStars Hand #254240252408:  Hold'em No Limit ($0.50/$1.00 USD) - 2025/01/06 2:57:02 WET [2025/01/06 21:57:02 ET]
Table 'Hakone' 6-max Seat #1 is the button
Seat 3: Kreayshawn ($102.72 in chips) is sitting out
Seat 5: G.HANSEN333 ($100 in chips) is sitting out
Seat 1: joaquin612 ($100 in chips) 
Seat 2: B3astOfBurd3n ($42.33 in chips) 
Seat 4: Nurlanstar92 ($111.02 in chips) 
Seat 6: rao999 ($100 in chips) 
B3astOfBurd3n: posts small blind $0.50
Kreayshawn: is sitting out 
Nurlanstar92: posts big blind $1
G.HANSEN333: sits out 
*** HOLE CARDS ***
rao999: folds 
joaquin612: folds 
B3astOfBurd3n: folds 
Uncalled bet ($0.50) returned to Nurlanstar92
Nurlanstar92 collected $1 from pot
Nurlanstar92: doesn't show hand 
*** SUMMARY ***
Total pot $1 | Rake $0 
Seat 3: Kreayshawn
Seat 5: G.HANSEN333
Seat 1: joaquin612 (button) folded before Flop (didn't bet)
Seat 2: B3astOfBurd3n (small blind) folded before Flop
Seat 4: Nurlanstar92 (big blind) collected ($1)
Seat 6: rao999 folded before Flop (didn't bet)



PokerStars Hand #254240254053:  Hold'em No Limit ($0.50/$1.00 USD) - 2025/01/06 2:57:16 WET [2025/01/06 21:57:16 ET]
Table 'Hakone' 6-max Seat #2 is the button
Seat 3: Kreayshawn ($102.72 in chips) is sitting out
Seat 1: joaquin612 ($100 in chips) 
Seat 2: B3astOfBurd3n ($41.83 in chips) 
Seat 4: Nurlanstar92 ($111.52 in chips) 
Seat 5: G.HANSEN333 ($100 in chips) 
Seat 6: rao999 ($100 in chips) 
Nurlanstar92: posts small blind $0.50
G.HANSEN333: posts big blind $1
*** HOLE CARDS ***
rao999: raises $1.50 to $2.50
joaquin612: folds 
B3astOfBurd3n: calls $2.50
Nurlanstar92: folds 
G.HANSEN333: folds 
*** FLOP *** [5s Ad Jc]
Kreayshawn leaves the table
rao999: checks 
B3astOfBurd3n: checks 
*** TURN *** [5s Ad Jc] [4c]
rao999: checks 
B3astOfBurd3n: bets $3.09
rao999: calls $3.09
*** RIVER *** [5s Ad Jc 4c] [5d]
rao999: checks 
B3astOfBurd3n: bets $6.03
rao999: calls $6.03
*** SHOW DOWN ***
B3astOfBurd3n: shows [Ah Jh] (two pair, Aces and Jacks)
rao999: mucks hand 
B3astOfBurd3n collected $23.50 from pot
*** SUMMARY ***
Total pot $24.74 | Rake $1.24 
Board [5s Ad Jc 4c 5d]
Seat 3: Kreayshawn
Seat 1: joaquin612 folded before Flop (didn't bet)
Seat 2: B3astOfBurd3n (button) showed [Ah Jh] and won ($23.50) with two pair, Aces and Jacks
Seat 4: Nurlanstar92 (small blind) folded before Flop
Seat 5: G.HANSEN333 (big blind) folded before Flop
Seat 6: rao999 mucked



PokerStars Hand #254240259821:  Hold'em No Limit ($0.50/$1.00 USD) - 2025/01/06 2:58:07 WET [2025/01/06 21:58:07 ET]
Table 'Hakone' 6-max Seat #4 is the button
Seat 1: joaquin612 ($100 in chips) is sitting out
Seat 6: rao999 ($100 in chips) is sitting out
Seat 2: B3astOfBurd3n ($53.71 in chips) 
Seat 4: Nurlanstar92 ($111.02 in chips) 
Seat 5: G.HANSEN333 ($100 in chips) 
G.HANSEN333: posts small blind $0.50
rao999: is sitting out 
joaquin612: is sitting out 
B3astOfBurd3n: posts big blind $1
*** HOLE CARDS ***
Nurlanstar92: folds 
G.HANSEN333: folds 
Uncalled bet ($0.50) returned to B3astOfBurd3n
joaquin612 leaves the table
B3astOfBurd3n collected $1 from pot
*** SUMMARY ***
Total pot $1 | Rake $0 
Seat 1: joaquin612
Seat 6: rao999
Seat 2: B3astOfBurd3n (big blind) collected ($1)
Seat 4: Nurlanstar92 (button) folded before Flop (didn't bet)
Seat 5: G.HANSEN333 (small blind) folded before Flop



PokerStars Hand #254240260851:  Hold'em No Limit ($0.50/$1.00 USD) - 2025/01/06 2:58:16 WET [2025/01/06 21:58:16 ET]
Table 'Hakone' 6-max Seat #5 is the button
Seat 6: rao999 ($100 in chips) is sitting out
Seat 2: B3astOfBurd3n ($54.21 in chips) 
Seat 4: Nurlanstar92 ($111.02 in chips) 
Seat 5: G.HANSEN333 ($100 in chips) 
B3astOfBurd3n: posts small blind $0.50
Nurlanstar92: posts big blind $1
*** HOLE CARDS ***
G.HANSEN333: folds 
B3astOfBurd3n: calls $0.50
Nurlanstar92: raises $3 to $4
B3astOfBurd3n: folds 
Uncalled bet ($3) returned to Nurlanstar92
Nurlanstar92 collected $2 from pot
Nurlanstar92: doesn't show hand 
*** SUMMARY ***
Total pot $2 | Rake $0 
Seat 6: rao999
Seat 2: B3astOfBurd3n (small blind) folded before Flop
Seat 4: Nurlanstar92 (big blind) collected ($2)
Seat 5: G.HANSEN333 (button) folded before Flop (didn't bet)



PokerStars Hand #254240262446:  Hold'em No Limit ($0.50/$1.00 USD) - 2025/01/06 2:58:29 WET [2025/01/06 21:58:29 ET]
Table 'Hakone' 6-max Seat #2 is the button
Seat 6: rao999 ($100 in chips) is sitting out
Seat 2: B3astOfBurd3n ($53.21 in chips) 
Seat 4: Nurlanstar92 ($112.02 in chips) 
Seat 5: G.HANSEN333 ($100 in chips) 
Nurlanstar92: posts small blind $0.50
G.HANSEN333: posts big blind $1
*** HOLE CARDS ***
B3astOfBurd3n: folds 
Nurlanstar92: folds 
Uncalled bet ($0.50) returned to G.HANSEN333
G.HANSEN333 collected $1 from pot
G.HANSEN333: doesn't show hand 
*** SUMMARY ***
Total pot $1 | Rake $0 
Seat 6: rao999
Seat 2: B3astOfBurd3n (button) folded before Flop (didn't bet)
Seat 4: Nurlanstar92 (small blind) folded before Flop
Seat 5: G.HANSEN333 (big blind) collected ($1)



PokerStars Hand #254240263274:  Hold'em No Limit ($0.50/$1.00 USD) - 2025/01/06 2:58:37 WET [2025/01/06 21:58:37 ET]
Table 'Hakone' 6-max Seat #4 is the button
Seat 6: rao999 ($100 in chips) is sitting out
Seat 2: B3astOfBurd3n ($53.21 in chips) 
Seat 4: Nurlanstar92 ($111.52 in chips) 
Seat 5: G.HANSEN333 ($100.50 in chips) 
G.HANSEN333: posts small blind $0.50
B3astOfBurd3n: posts big blind $1
*** HOLE CARDS ***
Nurlanstar92: folds 
G.HANSEN333: folds 
Uncalled bet ($0.50) returned to B3astOfBurd3n
B3astOfBurd3n collected $1 from pot
*** SUMMARY ***
Total pot $1 | Rake $0 
Seat 6: rao999
Seat 2: B3astOfBurd3n (big blind) collected ($1)
Seat 4: Nurlanstar92 (button) folded before Flop (didn't bet)
Seat 5: G.HANSEN333 (small blind) folded before Flop



PokerStars Hand #254240264382:  Hold'em No Limit ($0.50/$1.00 USD) - 2025/01/06 2:58:46 WET [2025/01/06 21:58:46 ET]
Table 'Hakone' 6-max Seat #5 is the button
Seat 6: rao999 ($100 in chips) is sitting out
Seat 2: B3astOfBurd3n ($53.71 in chips) 
Seat 4: Nurlanstar92 ($111.52 in chips) 
Seat 5: G.HANSEN333 ($100 in chips) 
B3astOfBurd3n: posts small blind $0.50
Nurlanstar92: posts big blind $1
*** HOLE CARDS ***
rao999 leaves the table
G.HANSEN333: folds 
B3astOfBurd3n: folds 
Uncalled bet ($0.50) returned to Nurlanstar92
Nurlanstar92 collected $1 from pot
Nurlanstar92: doesn't show hand 
*** SUMMARY ***
Total pot $1 | Rake $0 
Seat 6: rao999
Seat 2: B3astOfBurd3n (small blind) folded before Flop
Seat 4: Nurlanstar92 (big blind) collected ($1)
Seat 5: G.HANSEN333 (button) folded before Flop (didn't bet)



PokerStars Hand #254240265247:  Hold'em No Limit ($0.50/$1.00 USD) - 2025/01/06 2:58:53 WET [2025/01/06 21:58:53 ET]
Table 'Hakone' 6-max Seat #2 is the button
Seat 2: B3astOfBurd3n ($53.21 in chips) 
Seat 4: Nurlanstar92 ($112.02 in chips) 
Seat 5: G.HANSEN333 ($100 in chips) 
Nurlanstar92: posts small blind $0.50
G.HANSEN333: posts big blind $1
*** HOLE CARDS ***
B3astOfBurd3n: raises $2 to $3
Nurlanstar92: folds 
G.HANSEN333: folds 
Uncalled bet ($2) returned to B3astOfBurd3n
B3astOfBurd3n collected $2.50 from pot
*** SUMMARY ***
Total pot $2.50 | Rake $0 
Seat 2: B3astOfBurd3n (button) collected ($2.50)
Seat 4: Nurlanstar92 (small blind) folded before Flop
Seat 5: G.HANSEN333 (big blind) folded before Flop



PokerStars Hand #254240266327:  Hold'em No Limit ($0.50/$1.00 USD) - 2025/01/06 2:59:03 WET [2025/01/06 21:59:03 ET]
Table 'Hakone' 6-max Seat #4 is the button
Seat 2: B3astOfBurd3n ($54.71 in chips) 
Seat 4: Nurlanstar92 ($111.52 in chips) 
Seat 5: G.HANSEN333 ($100 in chips) 
G.HANSEN333: posts small blind $0.50
B3astOfBurd3n: posts big blind $1
*** HOLE CARDS ***
Nurlanstar92: folds 
G.HANSEN333: folds 
Uncalled bet ($0.50) returned to B3astOfBurd3n
B3astOfBurd3n collected $1 from pot
*** SUMMARY ***
Total pot $1 | Rake $0 
Seat 2: B3astOfBurd3n (big blind) collected ($1)
Seat 4: Nurlanstar92 (button) folded before Flop (didn't bet)
Seat 5: G.HANSEN333 (small blind) folded before Flop



PokerStars Hand #254240267047:  Hold'em No Limit ($0.50/$1.00 USD) - 2025/01/06 2:59:10 WET [2025/01/06 21:59:10 ET]
Table 'Hakone' 6-max Seat #5 is the button
Seat 2: B3astOfBurd3n ($55.21 in chips) 
Seat 4: Nurlanstar92 ($111.52 in chips) 
Seat 5: G.HANSEN333 ($100 in chips) 
B3astOfBurd3n: posts small blind $0.50
Nurlanstar92: posts big blind $1
*** HOLE CARDS ***
G.HANSEN333: folds 
B3astOfBurd3n: folds 
Uncalled bet ($0.50) returned to Nurlanstar92
Nurlanstar92 collected $1 from pot
Nurlanstar92: doesn't show hand 
*** SUMMARY ***
Total pot $1 | Rake $0 
Seat 2: B3astOfBurd3n (small blind) folded before Flop
Seat 4: Nurlanstar92 (big blind) collected ($1)
Seat 5: G.HANSEN333 (button) folded before Flop (didn't bet)



PokerStars Hand #254240267868:  Hold'em No Limit ($0.50/$1.00 USD) - 2025/01/06 2:59:17 WET [2025/01/06 21:59:17 ET]
Table 'Hakone' 6-max Seat #2 is the button
Seat 2: B3astOfBurd3n ($54.71 in chips) 
Seat 4: Nurlanstar92 ($112.02 in chips) 
Seat 5: G.HANSEN333 ($100 in chips) 
Nurlanstar92: posts small blind $0.50
G.HANSEN333: posts big blind $1
*** HOLE CARDS ***
B3astOfBurd3n: folds 
Nurlanstar92: raises $2 to $3
G.HANSEN333: folds 
Uncalled bet ($2) returned to Nurlanstar92
Nurlanstar92 collected $2 from pot
Nurlanstar92: doesn't show hand 
*** SUMMARY ***
Total pot $2 | Rake $0 
Seat 2: B3astOfBurd3n (button) folded before Flop (didn't bet)
Seat 4: Nurlanstar92 (small blind) collected ($2)
Seat 5: G.HANSEN333 (big blind) folded before Flop



PokerStars Hand #254240268910:  Hold'em No Limit ($0.50/$1.00 USD) - 2025/01/06 2:59:26 WET [2025/01/06 21:59:26 ET]
Table 'Hakone' 6-max Seat #4 is the button
Seat 2: B3astOfBurd3n ($54.71 in chips) 
Seat 4: Nurlanstar92 ($113.02 in chips) 
Seat 5: G.HANSEN333 ($100 in chips) 
G.HANSEN333: posts small blind $0.50
B3astOfBurd3n: posts big blind $1
*** HOLE CARDS ***
Nurlanstar92: folds 
G.HANSEN333: folds 
Uncalled bet ($0.50) returned to B3astOfBurd3n
B3astOfBurd3n collected $1 from pot
*** SUMMARY ***
Total pot $1 | Rake $0 
Seat 2: B3astOfBurd3n (big blind) collected ($1)
Seat 4: Nurlanstar92 (button) folded before Flop (didn't bet)
Seat 5: G.HANSEN333 (small blind) folded before Flop



PokerStars Hand #254240269694:  Hold'em No Limit ($0.50/$1.00 USD) - 2025/01/06 2:59:33 WET [2025/01/06 21:59:33 ET]
Table 'Hakone' 6-max Seat #5 is the button
Seat 2: B3astOfBurd3n ($55.21 in chips) 
Seat 4: Nurlanstar92 ($113.02 in chips) 
Seat 5: G.HANSEN333 ($100 in chips) 
B3astOfBurd3n: posts small blind $0.50
Nurlanstar92: posts big blind $1
*** HOLE CARDS ***
G.HANSEN333: folds 
B3astOfBurd3n: calls $0.50
Nurlanstar92: raises $3 to $4
B3astOfBurd3n: folds 
Uncalled bet ($3) returned to Nurlanstar92
Nurlanstar92 collected $2 from pot
Nurlanstar92: doesn't show hand 
*** SUMMARY ***
Total pot $2 | Rake $0 
Seat 2: B3astOfBurd3n (small blind) folded before Flop
Seat 4: Nurlanstar92 (big blind) collected ($2)
Seat 5: G.HANSEN333 (button) folded before Flop (didn't bet)



PokerStars Hand #254240271354:  Hold'em No Limit ($0.50/$1.00 USD) - 2025/01/06 2:59:48 WET [2025/01/06 21:59:48 ET]
Table 'Hakone' 6-max Seat #2 is the button
Seat 2: B3astOfBurd3n ($54.21 in chips) 
Seat 4: Nurlanstar92 ($114.02 in chips) 
Seat 5: G.HANSEN333 ($100 in chips) 
Nurlanstar92: posts small blind $0.50
G.HANSEN333: posts big blind $1
*** HOLE CARDS ***
B3astOfBurd3n: folds 
Nurlanstar92: folds 
Uncalled bet ($0.50) returned to G.HANSEN333
G.HANSEN333 collected $1 from pot
G.HANSEN333: doesn't show hand 
*** SUMMARY ***
Total pot $1 | Rake $0 
Seat 2: B3astOfBurd3n (button) folded before Flop (didn't bet)
Seat 4: Nurlanstar92 (small blind) folded before Flop
Seat 5: G.HANSEN333 (big blind) collected ($1)



PokerStars Hand #254240272104:  Hold'em No Limit ($0.50/$1.00 USD) - 2025/01/06 2:59:55 WET [2025/01/06 21:59:55 ET]
Table 'Hakone' 6-max Seat #4 is the button
Seat 2: B3astOfBurd3n ($54.21 in chips) 
Seat 4: Nurlanstar92 ($113.52 in chips) 
Seat 5: G.HANSEN333 ($100.50 in chips) 
G.HANSEN333: posts small blind $0.50
B3astOfBurd3n: posts big blind $1
*** HOLE CARDS ***
Nurlanstar92: folds 
G.HANSEN333: folds 
Uncalled bet ($0.50) returned to B3astOfBurd3n
B3astOfBurd3n collected $1 from pot
*** SUMMARY ***
Total pot $1 | Rake $0 
Seat 2: B3astOfBurd3n (big blind) collected ($1)
Seat 4: Nurlanstar92 (button) folded before Flop (didn't bet)
Seat 5: G.HANSEN333 (small blind) folded before Flop



PokerStars Hand #254240272962:  Hold'em No Limit ($0.50/$1.00 USD) - 2025/01/06 3:00:02 WET [2025/01/06 22:00:02 ET]
Table 'Hakone' 6-max Seat #5 is the button
Seat 2: B3astOfBurd3n ($54.71 in chips) 
Seat 4: Nurlanstar92 ($113.52 in chips) 
Seat 5: G.HANSEN333 ($100 in chips) 
B3astOfBurd3n: posts small blind $0.50
Nurlanstar92: posts big blind $1
*** HOLE CARDS ***
G.HANSEN333: folds 
B3astOfBurd3n: folds 
Uncalled bet ($0.50) returned to Nurlanstar92
Nurlanstar92 collected $1 from pot
Nurlanstar92: doesn't show hand 
*** SUMMARY ***
Total pot $1 | Rake $0 
Seat 2: B3astOfBurd3n (small blind) folded before Flop
Seat 4: Nurlanstar92 (big blind) collected ($1)
Seat 5: G.HANSEN333 (button) folded before Flop (didn't bet)



PokerStars Hand #254240273680:  Hold'em No Limit ($0.50/$1.00 USD) - 2025/01/06 3:00:09 WET [2025/01/06 22:00:09 ET]
Table 'Hakone' 6-max Seat #2 is the button
Seat 2: B3astOfBurd3n ($54.21 in chips) 
Seat 4: Nurlanstar92 ($114.02 in chips) 
Seat 5: G.HANSEN333 ($100 in chips) 
Nurlanstar92: posts small blind $0.50
G.HANSEN333: posts big blind $1
*** HOLE CARDS ***
B3astOfBurd3n: folds 
Nurlanstar92: raises $2 to $3
G.HANSEN333: folds 
Uncalled bet ($2) returned to Nurlanstar92
Nurlanstar92 collected $2 from pot
Nurlanstar92: doesn't show hand 
*** SUMMARY ***
Total pot $2 | Rake $0 
Seat 2: B3astOfBurd3n (button) folded before Flop (didn't bet)
Seat 4: Nurlanstar92 (small blind) collected ($2)
Seat 5: G.HANSEN333 (big blind) folded before Flop



PokerStars Hand #254240275220:  Hold'em No Limit ($0.50/$1.00 USD) - 2025/01/06 3:00:21 WET [2025/01/06 22:00:21 ET]
Table 'Hakone' 6-max Seat #4 is the button
Seat 2: B3astOfBurd3n ($54.21 in chips) 
Seat 4: Nurlanstar92 ($115.02 in chips) 
Seat 5: G.HANSEN333 ($100 in chips) 
G.HANSEN333: posts small blind $0.50
B3astOfBurd3n: posts big blind $1
*** HOLE CARDS ***
Nurlanstar92: folds 
G.HANSEN333: folds 
Uncalled bet ($0.50) returned to B3astOfBurd3n
B3astOfBurd3n collected $1 from pot
*** SUMMARY ***
Total pot $1 | Rake $0 
Seat 2: B3astOfBurd3n (big blind) collected ($1)
Seat 4: Nurlanstar92 (button) folded before Flop (didn't bet)
Seat 5: G.HANSEN333 (small blind) folded before Flop



PokerStars Hand #254240275991:  Hold'em No Limit ($0.50/$1.00 USD) - 2025/01/06 3:00:28 WET [2025/01/06 22:00:28 ET]
Table 'Hakone' 6-max Seat #5 is the button
Seat 2: B3astOfBurd3n ($54.71 in chips) 
Seat 4: Nurlanstar92 ($115.02 in chips) 
Seat 5: G.HANSEN333 ($100 in chips) 
B3astOfBurd3n: posts small blind $0.50
Nurlanstar92: posts big blind $1
*** HOLE CARDS ***
G.HANSEN333: folds 
B3astOfBurd3n: calls $0.50
Nurlanstar92: checks 
*** FLOP *** [4s 6d Td]
B3astOfBurd3n: checks 
Nurlanstar92: checks 
*** TURN *** [4s 6d Td] [4c]
B3astOfBurd3n: checks 
Nurlanstar92: bets $1.27
B3astOfBurd3n: calls $1.27
*** RIVER *** [4s 6d Td 4c] [Ah]
B3astOfBurd3n: checks 
Consig|iori joins the table at seat #3 
Nurlanstar92: bets $3.23
B3astOfBurd3n: calls $3.23
*** SHOW DOWN ***
Nurlanstar92: shows [4h 9s] (three of a kind, Fours)
B3astOfBurd3n: mucks hand 
Nurlanstar92 collected $10.45 from pot
*** SUMMARY ***
Total pot $11 | Rake $0.55 
Board [4s 6d Td 4c Ah]
Seat 2: B3astOfBurd3n (small blind) mucked
Seat 4: Nurlanstar92 (big blind) showed [4h 9s] and won ($10.45) with three of a kind, Fours
Seat 5: G.HANSEN333 (button) folded before Flop (didn't bet)



PokerStars Hand #254240280621:  Hold'em No Limit ($0.50/$1.00 USD) - 2025/01/06 3:01:04 WET [2025/01/06 22:01:04 ET]
Table 'Hakone' 6-max Seat #2 is the button
Seat 3: Consig|iori ($100 in chips) is sitting out
Seat 2: B3astOfBurd3n ($49.21 in chips) 
Seat 4: Nurlanstar92 ($119.97 in chips) 
Seat 5: G.HANSEN333 ($100 in chips) 
Nurlanstar92: posts small blind $0.50
G.HANSEN333: posts big blind $1
*** HOLE CARDS ***
B3astOfBurd3n: calls $1
Nurlanstar92: folds 
G.HANSEN333: checks 
*** FLOP *** [Kh 2s 3c]
G.HANSEN333: checks 
B3astOfBurd3n: bets $2.38
G.HANSEN333: folds 
Uncalled bet ($2.38) returned to B3astOfBurd3n
B3astOfBurd3n collected $2.38 from pot
*** SUMMARY ***
Total pot $2.50 | Rake $0.12 
Board [Kh 2s 3c]
Seat 3: Consig|iori
Seat 2: B3astOfBurd3n (button) collected ($2.38)
Seat 4: Nurlanstar92 (small blind) folded before Flop
Seat 5: G.HANSEN333 (big blind) folded on the Flop



PokerStars Hand #254240282590:  Hold'em No Limit ($0.50/$1.00 USD) - 2025/01/06 3:01:18 WET [2025/01/06 22:01:18 ET]
Table 'Hakone' 6-max Seat #4 is the button
Seat 3: Consig|iori ($100 in chips) is sitting out
Seat 2: B3astOfBurd3n ($50.59 in chips) 
Seat 4: Nurlanstar92 ($119.47 in chips) 
Seat 5: G.HANSEN333 ($100 in chips) 
G.HANSEN333: posts small blind $0.50
B3astOfBurd3n: posts big blind $1
Consig|iori: sits out 
*** HOLE CARDS ***
Nurlanstar92: raises $1.50 to $2.50
G.HANSEN333: folds 
B3astOfBurd3n: calls $1.50
*** FLOP *** [2s Jh 9h]
B3astOfBurd3n: checks 
Nurlanstar92: bets $3.92
B3astOfBurd3n: calls $3.92
*** TURN *** [2s Jh 9h] [Kd]
B3astOfBurd3n: checks 
Nurlanstar92: bets $11
B3astOfBurd3n: folds 
Uncalled bet ($11) returned to Nurlanstar92
Nurlanstar92 collected $12.67 from pot
Nurlanstar92: doesn't show hand 
*** SUMMARY ***
Total pot $13.34 | Rake $0.67 
Board [2s Jh 9h Kd]
Seat 3: Consig|iori
Seat 2: B3astOfBurd3n (big blind) folded on the Turn
Seat 4: Nurlanstar92 (button) collected ($12.67)
Seat 5: G.HANSEN333 (small blind) folded before Flop



PokerStars Hand #254240287392:  Hold'em No Limit ($0.50/$1.00 USD) - 2025/01/06 3:01:53 WET [2025/01/06 22:01:53 ET]
Table 'Hakone' 6-max Seat #5 is the button
Seat 2: B3astOfBurd3n ($44.17 in chips) 
Seat 3: Consig|iori ($100 in chips) 
Seat 4: Nurlanstar92 ($125.72 in chips) 
Seat 5: G.HANSEN333 ($100 in chips) 
B3astOfBurd3n: posts small blind $0.50
Consig|iori: posts big blind $1
*** HOLE CARDS ***
Nurlanstar92: folds 
G.HANSEN333: raises $1.50 to $2.50
B3astOfBurd3n: folds 
Consig|iori: folds 
Uncalled bet ($1.50) returned to G.HANSEN333
G.HANSEN333 collected $2.50 from pot
G.HANSEN333: doesn't show hand 
*** SUMMARY ***
Total pot $2.50 | Rake $0 
Seat 2: B3astOfBurd3n (small blind) folded before Flop
Seat 3: Consig|iori (big blind) folded before Flop
Seat 4: Nurlanstar92 folded before Flop (didn't bet)
Seat 5: G.HANSEN333 (button) collected ($2.50)



PokerStars Hand #254240289822:  Hold'em No Limit ($0.50/$1.00 USD) - 2025/01/06 3:02:10 WET [2025/01/06 22:02:10 ET]
Table 'Hakone' 6-max Seat #2 is the button
Seat 2: B3astOfBurd3n ($43.67 in chips) 
Seat 3: Consig|iori ($100 in chips) 
Seat 4: Nurlanstar92 ($125.72 in chips) 
Seat 5: G.HANSEN333 ($101.50 in chips) 
Consig|iori: posts small blind $0.50
Nurlanstar92: posts big blind $1
*** HOLE CARDS ***
G.HANSEN333: folds 
B3astOfBurd3n: folds 
Consig|iori: folds 
Uncalled bet ($0.50) returned to Nurlanstar92
Nurlanstar92 collected $1 from pot
Nurlanstar92: doesn't show hand 
*** SUMMARY ***
Total pot $1 | Rake $0 
Seat 2: B3astOfBurd3n (button) folded before Flop (didn't bet)
Seat 3: Consig|iori (small blind) folded before Flop
Seat 4: Nurlanstar92 (big blind) collected ($1)
Seat 5: G.HANSEN333 folded before Flop (didn't bet)



PokerStars Hand #254240291011:  Hold'em No Limit ($0.50/$1.00 USD) - 2025/01/06 3:02:19 WET [2025/01/06 22:02:19 ET]
Table 'Hakone' 6-max Seat #3 is the button
Seat 2: B3astOfBurd3n ($43.67 in chips) 
Seat 3: Consig|iori ($100 in chips) 
Seat 4: Nurlanstar92 ($126.22 in chips) 
Seat 5: G.HANSEN333 ($101.50 in chips) 
Nurlanstar92: posts small blind $0.50
G.HANSEN333: posts big blind $1
*** HOLE CARDS ***
B3astOfBurd3n: folds 
Consig|iori: folds 
Nurlanstar92: raises $2 to $3
G.HANSEN333: folds 
Uncalled bet ($2) returned to Nurlanstar92
Nurlanstar92 collected $2 from pot
Nurlanstar92: doesn't show hand 
*** SUMMARY ***
Total pot $2 | Rake $0 
Seat 2: B3astOfBurd3n folded before Flop (didn't bet)
Seat 3: Consig|iori (button) folded before Flop (didn't bet)
Seat 4: Nurlanstar92 (small blind) collected ($2)
Seat 5: G.HANSEN333 (big blind) folded before Flop



PokerStars Hand #254240292547:  Hold'em No Limit ($0.50/$1.00 USD) - 2025/01/06 3:02:30 WET [2025/01/06 22:02:30 ET]
Table 'Hakone' 6-max Seat #4 is the button
Seat 2: B3astOfBurd3n ($43.67 in chips) 
Seat 3: Consig|iori ($100 in chips) 
Seat 4: Nurlanstar92 ($127.22 in chips) 
Seat 5: G.HANSEN333 ($100.50 in chips) 
G.HANSEN333: posts small blind $0.50
B3astOfBurd3n: posts big blind $1
*** HOLE CARDS ***
Consig|iori: raises $1.40 to $2.40
Nurlanstar92: folds 
G.HANSEN333: folds 
B3astOfBurd3n: calls $1.40
*** FLOP *** [6h 4d 8s]
B3astOfBurd3n: checks 
Consig|iori: bets $1.66
B3astOfBurd3n: folds 
Uncalled bet ($1.66) returned to Consig|iori
Consig|iori collected $5.04 from pot
Consig|iori: doesn't show hand 
*** SUMMARY ***
Total pot $5.30 | Rake $0.26 
Board [6h 4d 8s]
Seat 2: B3astOfBurd3n (big blind) folded on the Flop
Seat 3: Consig|iori collected ($5.04)
Seat 4: Nurlanstar92 (button) folded before Flop (didn't bet)
Seat 5: G.HANSEN333 (small blind) folded before Flop



PokerStars Hand #254240295522:  Hold'em No Limit ($0.50/$1.00 USD) - 2025/01/06 3:02:52 WET [2025/01/06 22:02:52 ET]
Table 'Hakone' 6-max Seat #5 is the button
Seat 3: Consig|iori ($102.64 in chips) is sitting out
Seat 2: B3astOfBurd3n ($41.27 in chips) 
Seat 4: Nurlanstar92 ($127.22 in chips) 
Seat 5: G.HANSEN333 ($100 in chips) 
B3astOfBurd3n: posts small blind $0.50
Consig|iori: is sitting out 
Nurlanstar92: posts big blind $1
*** HOLE CARDS ***
G.HANSEN333: folds 
B3astOfBurd3n: folds 
Uncalled bet ($0.50) returned to Nurlanstar92
Consig|iori leaves the table
Nurlanstar92 collected $1 from pot
Nurlanstar92: doesn't show hand 
*** SUMMARY ***
Total pot $1 | Rake $0 
Seat 3: Consig|iori
Seat 2: B3astOfBurd3n (small blind) folded before Flop
Seat 4: Nurlanstar92 (big blind) collected ($1)
Seat 5: G.HANSEN333 (button) folded before Flop (didn't bet)



PokerStars Hand #254240296609:  Hold'em No Limit ($0.50/$1.00 USD) - 2025/01/06 3:02:59 WET [2025/01/06 22:02:59 ET]
Table 'Hakone' 6-max Seat #2 is the button
Seat 2: B3astOfBurd3n ($40.77 in chips) 
Seat 4: Nurlanstar92 ($127.72 in chips) 
Seat 5: G.HANSEN333 ($100 in chips) 
Nurlanstar92: posts small blind $0.50
G.HANSEN333: posts big blind $1
*** HOLE CARDS ***
B3astOfBurd3n: calls $1
Nurlanstar92: folds 
G.HANSEN333: raises $4 to $5
B3astOfBurd3n: calls $4
*** FLOP *** [Ks Ts 6c]
G.HANSEN333: bets $6.49
B3astOfBurd3n: calls $6.49
*** TURN *** [Ks Ts 6c] [4d]
G.HANSEN333: checks 
B3astOfBurd3n: checks 
*** RIVER *** [Ks Ts 6c 4d] [2s]
G.HANSEN333: checks 
B3astOfBurd3n: checks 
*** SHOW DOWN ***
G.HANSEN333: shows [5h 5s] (a pair of Fives)
B3astOfBurd3n: shows [Qc Td] (a pair of Tens)
B3astOfBurd3n collected $22.48 from pot
*** SUMMARY ***
Total pot $23.48 | Rake $1 
Board [Ks Ts 6c 4d 2s]
Seat 2: B3astOfBurd3n (button) showed [Qc Td] and won ($22.48) with a pair of Tens
Seat 4: Nurlanstar92 (small blind) folded before Flop
Seat 5: G.HANSEN333 (big blind) showed [5h 5s] and lost with a pair of Fives



PokerStars Hand #254240301145:  Hold'em No Limit ($0.50/$1.00 USD) - 2025/01/06 3:03:31 WET [2025/01/06 22:03:31 ET]
Table 'Hakone' 6-max Seat #4 is the button
Seat 2: B3astOfBurd3n ($51.76 in chips) 
Seat 4: Nurlanstar92 ($127.22 in chips) 
Seat 5: G.HANSEN333 ($100 in chips) 
G.HANSEN333: posts small blind $0.50
B3astOfBurd3n: posts big blind $1
*** HOLE CARDS ***
Nurlanstar92: raises $1.50 to $2.50
G.HANSEN333: folds 
B3astOfBurd3n: folds 
Uncalled bet ($1.50) returned to Nurlanstar92
Nurlanstar92 collected $2.50 from pot
Nurlanstar92: doesn't show hand 
*** SUMMARY ***
Total pot $2.50 | Rake $0 
Seat 2: B3astOfBurd3n (big blind) folded before Flop
Seat 4: Nurlanstar92 (button) collected ($2.50)
Seat 5: G.HANSEN333 (small blind) folded before Flop



PokerStars Hand #254240302457:  Hold'em No Limit ($0.50/$1.00 USD) - 2025/01/06 3:03:41 WET [2025/01/06 22:03:41 ET]
Table 'Hakone' 6-max Seat #5 is the button
Seat 2: B3astOfBurd3n ($50.76 in chips) 
Seat 4: Nurlanstar92 ($128.72 in chips) 
Seat 5: G.HANSEN333 ($100 in chips) 
B3astOfBurd3n: posts small blind $0.50
Nurlanstar92: posts big blind $1
*** HOLE CARDS ***
G.HANSEN333: folds 
B3astOfBurd3n: calls $0.50
Nurlanstar92: checks 
*** FLOP *** [Qs 5c 5h]
B3astOfBurd3n: checks 
Nurlanstar92: bets $1
B3astOfBurd3n: calls $1
*** TURN *** [Qs 5c 5h] [Jd]
B3astOfBurd3n: checks 
Nurlanstar92: checks 
*** RIVER *** [Qs 5c 5h Jd] [Ts]
B3astOfBurd3n: checks 
Nurlanstar92: bets $2.85
B3astOfBurd3n: folds 
Uncalled bet ($2.85) returned to Nurlanstar92
Nurlanstar92 collected $3.80 from pot
Nurlanstar92: doesn't show hand 
*** SUMMARY ***
Total pot $4 | Rake $0.20 
Board [Qs 5c 5h Jd Ts]
Seat 2: B3astOfBurd3n (small blind) folded on the River
Seat 4: Nurlanstar92 (big blind) collected ($3.80)
Seat 5: G.HANSEN333 (button) folded before Flop (didn't bet)



PokerStars Hand #254240308492:  Hold'em No Limit ($0.50/$1.00 USD) - 2025/01/06 3:04:24 WET [2025/01/06 22:04:24 ET]
Table 'Hakone' 6-max Seat #2 is the button
Seat 2: B3astOfBurd3n ($48.76 in chips) 
Seat 4: Nurlanstar92 ($130.52 in chips) 
Seat 5: G.HANSEN333 ($100 in chips) 
Nurlanstar92: posts small blind $0.50
G.HANSEN333: posts big blind $1
*** HOLE CARDS ***
B3astOfBurd3n: calls $1
Nurlanstar92: folds 
G.HANSEN333: raises $4.50 to $5.50
B3astOfBurd3n: calls $4.50
*** FLOP *** [Ac 4d Jd]
G.HANSEN333: bets $16.38
B3astOfBurd3n: folds 
Uncalled bet ($16.38) returned to G.HANSEN333
G.HANSEN333 collected $10.92 from pot
G.HANSEN333: doesn't show hand 
*** SUMMARY ***
Total pot $11.50 | Rake $0.58 
Board [Ac 4d Jd]
Seat 2: B3astOfBurd3n (button) folded on the Flop
Seat 4: Nurlanstar92 (small blind) folded before Flop
Seat 5: G.HANSEN333 (big blind) collected ($10.92)



PokerStars Hand #254240311913:  Hold'em No Limit ($0.50/$1.00 USD) - 2025/01/06 3:04:49 WET [2025/01/06 22:04:49 ET]
Table 'Hakone' 6-max Seat #4 is the button
Seat 2: B3astOfBurd3n ($43.26 in chips) 
Seat 4: Nurlanstar92 ($130.02 in chips) 
Seat 5: G.HANSEN333 ($105.42 in chips) 
G.HANSEN333: posts small blind $0.50
B3astOfBurd3n: posts big blind $1
*** HOLE CARDS ***
Nurlanstar92: folds 
G.HANSEN333: raises $2 to $3
B3astOfBurd3n: folds 
Uncalled bet ($2) returned to G.HANSEN333
G.HANSEN333 collected $2 from pot
G.HANSEN333: doesn't show hand 
*** SUMMARY ***
Total pot $2 | Rake $0 
Seat 2: B3astOfBurd3n (big blind) folded before Flop
Seat 4: Nurlanstar92 (button) folded before Flop (didn't bet)
Seat 5: G.HANSEN333 (small blind) collected ($2)



PokerStars Hand #254240313450:  Hold'em No Limit ($0.50/$1.00 USD) - 2025/01/06 3:05:00 WET [2025/01/06 22:05:00 ET]
Table 'Hakone' 6-max Seat #5 is the button
Seat 2: B3astOfBurd3n ($42.26 in chips) 
Seat 4: Nurlanstar92 ($130.02 in chips) 
Seat 5: G.HANSEN333 ($106.42 in chips) 
B3astOfBurd3n: posts small blind $0.50
Nurlanstar92: posts big blind $1
*** HOLE CARDS ***
G.HANSEN333: folds 
B3astOfBurd3n: calls $0.50
Nurlanstar92: checks 
*** FLOP *** [Jd 3d 2h]
B3astOfBurd3n: checks 
Nurlanstar92: bets $1
B3astOfBurd3n: folds 
Uncalled bet ($1) returned to Nurlanstar92
Nurlanstar92 collected $1.90 from pot
Nurlanstar92: doesn't show hand 
*** SUMMARY ***
Total pot $2 | Rake $0.10 
Board [Jd 3d 2h]
Seat 2: B3astOfBurd3n (small blind) folded on the Flop
Seat 4: Nurlanstar92 (big blind) collected ($1.90)
Seat 5: G.HANSEN333 (button) folded before Flop (didn't bet)



PokerStars Hand #254240316227:  Hold'em No Limit ($0.50/$1.00 USD) - 2025/01/06 3:05:19 WET [2025/01/06 22:05:19 ET]
Table 'Hakone' 6-max Seat #2 is the button
Seat 2: B3astOfBurd3n ($41.26 in chips) 
Seat 4: Nurlanstar92 ($130.92 in chips) 
Seat 5: G.HANSEN333 ($106.42 in chips) 
Nurlanstar92: posts small blind $0.50
G.HANSEN333: posts big blind $1
*** HOLE CARDS ***
B3astOfBurd3n: raises $2 to $3
Nurlanstar92: calls $2.50
G.HANSEN333: folds 
*** FLOP *** [Js 4d 4s]
Nurlanstar92: checks 
B3astOfBurd3n: bets $3.33
Nurlanstar92: folds 
Uncalled bet ($3.33) returned to B3astOfBurd3n
B3astOfBurd3n collected $6.65 from pot
*** SUMMARY ***
Total pot $7 | Rake $0.35 
Board [Js 4d 4s]
Seat 2: B3astOfBurd3n (button) collected ($6.65)
Seat 4: Nurlanstar92 (small blind) folded on the Flop
Seat 5: G.HANSEN333 (big blind) folded before Flop



PokerStars Hand #254240319388:  Hold'em No Limit ($0.50/$1.00 USD) - 2025/01/06 3:05:42 WET [2025/01/06 22:05:42 ET]
Table 'Hakone' 6-max Seat #4 is the button
Seat 2: B3astOfBurd3n ($44.91 in chips) 
Seat 4: Nurlanstar92 ($127.92 in chips) 
Seat 5: G.HANSEN333 ($105.42 in chips) 
G.HANSEN333: posts small blind $0.50
B3astOfBurd3n: posts big blind $1
*** HOLE CARDS ***
Nurlanstar92: folds 
G.HANSEN333: folds 
Uncalled bet ($0.50) returned to B3astOfBurd3n
B3astOfBurd3n collected $1 from pot
*** SUMMARY ***
Total pot $1 | Rake $0 
Seat 2: B3astOfBurd3n (big blind) collected ($1)
Seat 4: Nurlanstar92 (button) folded before Flop (didn't bet)
Seat 5: G.HANSEN333 (small blind) folded before Flop



PokerStars Hand #254240320973:  Hold'em No Limit ($0.50/$1.00 USD) - 2025/01/06 3:05:54 WET [2025/01/06 22:05:54 ET]
Table 'Hakone' 6-max Seat #5 is the button
Seat 2: B3astOfBurd3n ($45.41 in chips) 
Seat 4: Nurlanstar92 ($127.92 in chips) 
Seat 5: G.HANSEN333 ($104.92 in chips) 
B3astOfBurd3n: posts small blind $0.50
Nurlanstar92: posts big blind $1
*** HOLE CARDS ***
G.HANSEN333: folds 
B3astOfBurd3n: folds 
Uncalled bet ($0.50) returned to Nurlanstar92
Nurlanstar92 collected $1 from pot
Nurlanstar92: doesn't show hand 
*** SUMMARY ***
Total pot $1 | Rake $0 
Seat 2: B3astOfBurd3n (small blind) folded before Flop
Seat 4: Nurlanstar92 (big blind) collected ($1)
Seat 5: G.HANSEN333 (button) folded before Flop (didn't bet)



PokerStars Hand #254240321905:  Hold'em No Limit ($0.50/$1.00 USD) - 2025/01/06 3:06:00 WET [2025/01/06 22:06:00 ET]
Table 'Hakone' 6-max Seat #2 is the button
Seat 2: B3astOfBurd3n ($44.91 in chips) 
Seat 4: Nurlanstar92 ($128.42 in chips) 
Seat 5: G.HANSEN333 ($104.92 in chips) 
Nurlanstar92: posts small blind $0.50
G.HANSEN333: posts big blind $1
*** HOLE CARDS ***
B3astOfBurd3n: folds 
Nurlanstar92: folds 
Uncalled bet ($0.50) returned to G.HANSEN333
G.HANSEN333 collected $1 from pot
G.HANSEN333: doesn't show hand 
*** SUMMARY ***
Total pot $1 | Rake $0 
Seat 2: B3astOfBurd3n (button) folded before Flop (didn't bet)
Seat 4: Nurlanstar92 (small blind) folded before Flop
Seat 5: G.HANSEN333 (big blind) collected ($1)



PokerStars Hand #254240322954:  Hold'em No Limit ($0.50/$1.00 USD) - 2025/01/06 3:06:08 WET [2025/01/06 22:06:08 ET]
Table 'Hakone' 6-max Seat #4 is the button
Seat 2: B3astOfBurd3n ($44.91 in chips) 
Seat 4: Nurlanstar92 ($127.92 in chips) 
Seat 5: G.HANSEN333 ($105.42 in chips) 
G.HANSEN333: posts small blind $0.50
B3astOfBurd3n: posts big blind $1
*** HOLE CARDS ***
Nurlanstar92: raises $1.50 to $2.50
G.HANSEN333: folds 
B3astOfBurd3n: calls $1.50
*** FLOP *** [9h 8c As]
B3astOfBurd3n: checks 
Nurlanstar92: bets $1.72
B3astOfBurd3n: calls $1.72
*** TURN *** [9h 8c As] [Qc]
B3astOfBurd3n: checks 
Nurlanstar92: bets $7
B3astOfBurd3n: calls $7
*** RIVER *** [9h 8c As Qc] [4d]
B3astOfBurd3n: bets $10.97
Nurlanstar92: raises $21.94 to $32.91
B3astOfBurd3n: raises $0.78 to $33.69 and is all-in
Nurlanstar92: calls $0.78
*** SHOW DOWN ***
B3astOfBurd3n: shows [Tc Jc] (a straight, Eight to Queen)
Nurlanstar92: shows [9s Ac] (two pair, Aces and Nines)
B3astOfBurd3n collected $89.32 from pot
*** SUMMARY ***
Total pot $90.32 | Rake $1 
Board [9h 8c As Qc 4d]
Seat 2: B3astOfBurd3n (big blind) showed [Tc Jc] and won ($89.32) with a straight, Eight to Queen
Seat 4: Nurlanstar92 (button) showed [9s Ac] and lost with two pair, Aces and Nines
Seat 5: G.HANSEN333 (small blind) folded before Flop



PokerStars Hand #254240331750:  Hold'em No Limit ($0.50/$1.00 USD) - 2025/01/06 3:07:11 WET [2025/01/06 22:07:11 ET]
Table 'Hakone' 6-max Seat #5 is the button
Seat 2: B3astOfBurd3n ($89.32 in chips) 
Seat 4: Nurlanstar92 ($100 in chips) 
Seat 5: G.HANSEN333 ($104.92 in chips) 
B3astOfBurd3n: posts small blind $0.50
Nurlanstar92: posts big blind $1
*** HOLE CARDS ***
G.HANSEN333: folds 
B3astOfBurd3n: calls $0.50
Nurlanstar92: checks 
*** FLOP *** [Tc 7h Qs]
B3astOfBurd3n: checks 
Nurlanstar92: bets $1
B3astOfBurd3n: folds 
Uncalled bet ($1) returned to Nurlanstar92
Nurlanstar92 collected $1.90 from pot
Nurlanstar92: doesn't show hand 
*** SUMMARY ***
Total pot $2 | Rake $0.10 
Board [Tc 7h Qs]
Seat 2: B3astOfBurd3n (small blind) folded on the Flop
Seat 4: Nurlanstar92 (big blind) collected ($1.90)
Seat 5: G.HANSEN333 (button) folded before Flop (didn't bet)



PokerStars Hand #254240334150:  Hold'em No Limit ($0.50/$1.00 USD) - 2025/01/06 3:07:29 WET [2025/01/06 22:07:29 ET]
Table 'Hakone' 6-max Seat #2 is the button
Seat 2: B3astOfBurd3n ($88.32 in chips) 
Seat 4: Nurlanstar92 ($100.90 in chips) 
Seat 5: G.HANSEN333 ($104.92 in chips) 
Nurlanstar92: posts small blind $0.50
G.HANSEN333: posts big blind $1
*** HOLE CARDS ***
B3astOfBurd3n: calls $1
Nurlanstar92: raises $4 to $5
G.HANSEN333: calls $4
B3astOfBurd3n: calls $4
*** FLOP *** [3s 5s 2h]
Nurlanstar92: checks 
G.HANSEN333: checks 
B3astOfBurd3n: bets $7.13
Nurlanstar92: folds 
G.HANSEN333: calls $7.13
*** TURN *** [3s 5s 2h] [9d]
G.HANSEN333: checks 
B3astOfBurd3n: bets $11.13
G.HANSEN333: folds 
Uncalled bet ($11.13) returned to B3astOfBurd3n
B3astOfBurd3n collected $28.26 from pot
*** SUMMARY ***
Total pot $29.26 | Rake $1 
Board [3s 5s 2h 9d]
Seat 2: B3astOfBurd3n (button) collected ($28.26)
Seat 4: Nurlanstar92 (small blind) folded on the Flop
Seat 5: G.HANSEN333 (big blind) folded on the Turn



PokerStars Hand #254240341290:  Hold'em No Limit ($0.50/$1.00 USD) - 2025/01/06 3:08:21 WET [2025/01/06 22:08:21 ET]
Table 'Hakone' 6-max Seat #4 is the button
Seat 2: B3astOfBurd3n ($104.45 in chips) 
Seat 4: Nurlanstar92 ($100 in chips) 
Seat 5: G.HANSEN333 ($100 in chips) 
G.HANSEN333: posts small blind $0.50
B3astOfBurd3n: posts big blind $1
*** HOLE CARDS ***
Nurlanstar92: raises $1.50 to $2.50
G.HANSEN333: folds 
B3astOfBurd3n: calls $1.50
*** FLOP *** [Th 3d 4s]
B3astOfBurd3n: checks 
Nurlanstar92: bets $1.72
B3astOfBurd3n: calls $1.72
*** TURN *** [Th 3d 4s] [Kd]
B3astOfBurd3n: checks 
Nurlanstar92: bets $7
B3astOfBurd3n: folds 
Uncalled bet ($7) returned to Nurlanstar92
Nurlanstar92 collected $8.49 from pot
Nurlanstar92: doesn't show hand 
*** SUMMARY ***
Total pot $8.94 | Rake $0.45 
Board [Th 3d 4s Kd]
Seat 2: B3astOfBurd3n (big blind) folded on the Turn
Seat 4: Nurlanstar92 (button) collected ($8.49)
Seat 5: G.HANSEN333 (small blind) folded before Flop



PokerStars Hand #254240345395:  Hold'em No Limit ($0.50/$1.00 USD) - 2025/01/06 3:08:51 WET [2025/01/06 22:08:51 ET]
Table 'Hakone' 6-max Seat #5 is the button
Seat 2: B3astOfBurd3n ($100.23 in chips) 
Seat 4: Nurlanstar92 ($104.27 in chips) 
Seat 5: G.HANSEN333 ($100 in chips) 
B3astOfBurd3n: posts small blind $0.50
Nurlanstar92: posts big blind $1
*** HOLE CARDS ***
G.HANSEN333: folds 
B3astOfBurd3n: folds 
Uncalled bet ($0.50) returned to Nurlanstar92
Nurlanstar92 collected $1 from pot
Nurlanstar92: doesn't show hand 
*** SUMMARY ***
Total pot $1 | Rake $0 
Seat 2: B3astOfBurd3n (small blind) folded before Flop
Seat 4: Nurlanstar92 (big blind) collected ($1)
Seat 5: G.HANSEN333 (button) folded before Flop (didn't bet)



PokerStars Hand #254240346602:  Hold'em No Limit ($0.50/$1.00 USD) - 2025/01/06 3:08:59 WET [2025/01/06 22:08:59 ET]
Table 'Hakone' 6-max Seat #2 is the button
Seat 2: B3astOfBurd3n ($99.73 in chips) 
Seat 4: Nurlanstar92 ($104.77 in chips) 
Seat 5: G.HANSEN333 ($100 in chips) 
Nurlanstar92: posts small blind $0.50
G.HANSEN333: posts big blind $1
*** HOLE CARDS ***
B3astOfBurd3n: folds 
Nurlanstar92: folds 
Uncalled bet ($0.50) returned to G.HANSEN333
G.HANSEN333 collected $1 from pot
G.HANSEN333: doesn't show hand 
*** SUMMARY ***
Total pot $1 | Rake $0 
Seat 2: B3astOfBurd3n (button) folded before Flop (didn't bet)
Seat 4: Nurlanstar92 (small blind) folded before Flop
Seat 5: G.HANSEN333 (big blind) collected ($1)



PokerStars Hand #254240347664:  Hold'em No Limit ($0.50/$1.00 USD) - 2025/01/06 3:09:07 WET [2025/01/06 22:09:07 ET]
Table 'Hakone' 6-max Seat #4 is the button
Seat 2: B3astOfBurd3n ($99.73 in chips) 
Seat 4: Nurlanstar92 ($104.27 in chips) 
Seat 5: G.HANSEN333 ($100.50 in chips) 
G.HANSEN333: posts small blind $0.50
B3astOfBurd3n: posts big blind $1
*** HOLE CARDS ***
Nurlanstar92: raises $1.50 to $2.50
G.HANSEN333: folds 
B3astOfBurd3n: calls $1.50
*** FLOP *** [8d 4h 5c]
B3astOfBurd3n: checks 
Nurlanstar92: checks 
*** TURN *** [8d 4h 5c] [7s]
B3astOfBurd3n: bets $2.61
Nurlanstar92: folds 
Uncalled bet ($2.61) returned to B3astOfBurd3n
B3astOfBurd3n collected $5.22 from pot
*** SUMMARY ***
Total pot $5.50 | Rake $0.28 
Board [8d 4h 5c 7s]
Seat 2: B3astOfBurd3n (big blind) collected ($5.22)
Seat 4: Nurlanstar92 (button) folded on the Turn
Seat 5: G.HANSEN333 (small blind) folded before Flop



PokerStars Hand #254240351570:  Hold'em No Limit ($0.50/$1.00 USD) - 2025/01/06 3:09:36 WET [2025/01/06 22:09:36 ET]
Table 'Hakone' 6-max Seat #5 is the button
Seat 2: B3astOfBurd3n ($102.45 in chips) 
Seat 4: Nurlanstar92 ($101.77 in chips) 
Seat 5: G.HANSEN333 ($100 in chips) 
B3astOfBurd3n: posts small blind $0.50
Nurlanstar92: posts big blind $1
*** HOLE CARDS ***
G.HANSEN333: raises $1.50 to $2.50
B3astOfBurd3n: folds 
Nurlanstar92: calls $1.50
*** FLOP *** [Jc Th 7c]
Nurlanstar92: checks 
G.HANSEN333: bets $3.39
Nurlanstar92: folds 
Uncalled bet ($3.39) returned to G.HANSEN333
G.HANSEN333 collected $5.22 from pot
G.HANSEN333: doesn't show hand 
*** SUMMARY ***
Total pot $5.50 | Rake $0.28 
Board [Jc Th 7c]
Seat 2: B3astOfBurd3n (small blind) folded before Flop
Seat 4: Nurlanstar92 (big blind) folded on the Flop
Seat 5: G.HANSEN333 (button) collected ($5.22)



PokerStars Hand #254240355353:  Hold'em No Limit ($0.50/$1.00 USD) - 2025/01/06 3:10:03 WET [2025/01/06 22:10:03 ET]
Table 'Hakone' 6-max Seat #2 is the button
Seat 2: B3astOfBurd3n ($101.95 in chips) 
Seat 4: Nurlanstar92 ($100 in chips) 
Seat 5: G.HANSEN333 ($102.72 in chips) 
Nurlanstar92: posts small blind $0.50
G.HANSEN333: posts big blind $1
*** HOLE CARDS ***
B3astOfBurd3n: folds 
Nurlanstar92: folds 
Uncalled bet ($0.50) returned to G.HANSEN333
G.HANSEN333 collected $1 from pot
G.HANSEN333: doesn't show hand 
*** SUMMARY ***
Total pot $1 | Rake $0 
Seat 2: B3astOfBurd3n (button) folded before Flop (didn't bet)
Seat 4: Nurlanstar92 (small blind) folded before Flop
Seat 5: G.HANSEN333 (big blind) collected ($1)



PokerStars Hand #254240356491:  Hold'em No Limit ($0.50/$1.00 USD) - 2025/01/06 3:10:11 WET [2025/01/06 22:10:11 ET]
Table 'Hakone' 6-max Seat #4 is the button
Seat 2: B3astOfBurd3n ($101.95 in chips) 
Seat 4: Nurlanstar92 ($100 in chips) 
Seat 5: G.HANSEN333 ($103.22 in chips) 
G.HANSEN333: posts small blind $0.50
B3astOfBurd3n: posts big blind $1
*** HOLE CARDS ***
Nurlanstar92: folds 
G.HANSEN333: raises $2 to $3
B3astOfBurd3n: folds 
Uncalled bet ($2) returned to G.HANSEN333
G.HANSEN333 collected $2 from pot
G.HANSEN333: doesn't show hand 
*** SUMMARY ***
Total pot $2 | Rake $0 
Seat 2: B3astOfBurd3n (big blind) folded before Flop
Seat 4: Nurlanstar92 (button) folded before Flop (didn't bet)
Seat 5: G.HANSEN333 (small blind) collected ($2)



PokerStars Hand #254240358227:  Hold'em No Limit ($0.50/$1.00 USD) - 2025/01/06 3:10:23 WET [2025/01/06 22:10:23 ET]
Table 'Hakone' 6-max Seat #5 is the button
Seat 2: B3astOfBurd3n ($100.95 in chips) 
Seat 4: Nurlanstar92 ($100 in chips) 
Seat 5: G.HANSEN333 ($104.22 in chips) 
B3astOfBurd3n: posts small blind $0.50
Nurlanstar92: posts big blind $1
*** HOLE CARDS ***
G.HANSEN333: raises $1.50 to $2.50
B3astOfBurd3n: folds 
Nurlanstar92: folds 
Uncalled bet ($1.50) returned to G.HANSEN333
G.HANSEN333 collected $2.50 from pot
G.HANSEN333: doesn't show hand 
*** SUMMARY ***
Total pot $2.50 | Rake $0 
Seat 2: B3astOfBurd3n (small blind) folded before Flop
Seat 4: Nurlanstar92 (big blind) folded before Flop
Seat 5: G.HANSEN333 (button) collected ($2.50)



PokerStars Hand #254240359645:  Hold'em No Limit ($0.50/$1.00 USD) - 2025/01/06 3:10:33 WET [2025/01/06 22:10:33 ET]
Table 'Hakone' 6-max Seat #2 is the button
Seat 2: B3astOfBurd3n ($100.45 in chips) 
Seat 4: Nurlanstar92 ($100 in chips) 
Seat 5: G.HANSEN333 ($105.72 in chips) 
Nurlanstar92: posts small blind $0.50
G.HANSEN333: posts big blind $1
*** HOLE CARDS ***
B3astOfBurd3n: folds 
Nurlanstar92: folds 
Uncalled bet ($0.50) returned to G.HANSEN333
G.HANSEN333 collected $1 from pot
G.HANSEN333: doesn't show hand 
*** SUMMARY ***
Total pot $1 | Rake $0 
Seat 2: B3astOfBurd3n (button) folded before Flop (didn't bet)
Seat 4: Nurlanstar92 (small blind) folded before Flop
Seat 5: G.HANSEN333 (big blind) collected ($1)



PokerStars Hand #254240361232:  Hold'em No Limit ($0.50/$1.00 USD) - 2025/01/06 3:10:45 WET [2025/01/06 22:10:45 ET]
Table 'Hakone' 6-max Seat #4 is the button
Seat 2: B3astOfBurd3n ($100.45 in chips) 
Seat 4: Nurlanstar92 ($100 in chips) 
Seat 5: G.HANSEN333 ($106.22 in chips) 
G.HANSEN333: posts small blind $0.50
B3astOfBurd3n: posts big blind $1
*** HOLE CARDS ***
Nurlanstar92: raises $1.50 to $2.50
G.HANSEN333: folds 
B3astOfBurd3n: calls $1.50
*** FLOP *** [5s 6h Js]
B3astOfBurd3n: checks 
Nurlanstar92: checks 
*** TURN *** [5s 6h Js] [Tc]
B3astOfBurd3n: bets $2.61
Nurlanstar92: calls $2.61
*** RIVER *** [5s 6h Js Tc] [Jd]
B3astOfBurd3n: bets $5.09
Nurlanstar92: folds 
Uncalled bet ($5.09) returned to B3astOfBurd3n
B3astOfBurd3n collected $10.18 from pot
*** SUMMARY ***
Total pot $10.72 | Rake $0.54 
Board [5s 6h Js Tc Jd]
Seat 2: B3astOfBurd3n (big blind) collected ($10.18)
Seat 4: Nurlanstar92 (button) folded on the River
Seat 5: G.HANSEN333 (small blind) folded before Flop



PokerStars Hand #254240364432:  Hold'em No Limit ($0.50/$1.00 USD) - 2025/01/06 3:11:08 WET [2025/01/06 22:11:08 ET]
Table 'Hakone' 6-max Seat #5 is the button
Seat 2: B3astOfBurd3n ($105.52 in chips) 
Seat 4: Nurlanstar92 ($100 in chips) 
Seat 5: G.HANSEN333 ($105.72 in chips) 
B3astOfBurd3n: posts small blind $0.50
Nurlanstar92: posts big blind $1
*** HOLE CARDS ***
G.HANSEN333: folds 
B3astOfBurd3n: calls $0.50
Nurlanstar92: raises $3 to $4
B3astOfBurd3n: calls $3
*** FLOP *** [8s Th 2c]
B3astOfBurd3n: checks 
Nurlanstar92: bets $2.51
B3astOfBurd3n: calls $2.51
*** TURN *** [8s Th 2c] [4h]
B3astOfBurd3n: checks 
Nurlanstar92: bets $9
B3astOfBurd3n: folds 
Uncalled bet ($9) returned to Nurlanstar92
Nurlanstar92 collected $12.37 from pot
Nurlanstar92: doesn't show hand 
*** SUMMARY ***
Total pot $13.02 | Rake $0.65 
Board [8s Th 2c 4h]
Seat 2: B3astOfBurd3n (small blind) folded on the Turn
Seat 4: Nurlanstar92 (big blind) collected ($12.37)
Seat 5: G.HANSEN333 (button) folded before Flop (didn't bet)



PokerStars Hand #254240369637:  Hold'em No Limit ($0.50/$1.00 USD) - 2025/01/06 3:11:46 WET [2025/01/06 22:11:46 ET]
Table 'Hakone' 6-max Seat #2 is the button
Seat 2: B3astOfBurd3n ($99.01 in chips) 
Seat 4: Nurlanstar92 ($105.86 in chips) 
Seat 5: G.HANSEN333 ($105.72 in chips) 
Nurlanstar92: posts small blind $0.50
G.HANSEN333: posts big blind $1
*** HOLE CARDS ***
B3astOfBurd3n: folds 
Nurlanstar92: folds 
Uncalled bet ($0.50) returned to G.HANSEN333
G.HANSEN333 collected $1 from pot
G.HANSEN333: doesn't show hand 
*** SUMMARY ***
Total pot $1 | Rake $0 
Seat 2: B3astOfBurd3n (button) folded before Flop (didn't bet)
Seat 4: Nurlanstar92 (small blind) folded before Flop
Seat 5: G.HANSEN333 (big blind) collected ($1)



PokerStars Hand #254240370732:  Hold'em No Limit ($0.50/$1.00 USD) - 2025/01/06 3:11:54 WET [2025/01/06 22:11:54 ET]
Table 'Hakone' 6-max Seat #4 is the button
Seat 2: B3astOfBurd3n ($99.01 in chips) 
Seat 4: Nurlanstar92 ($105.36 in chips) 
Seat 5: G.HANSEN333 ($106.22 in chips) 
G.HANSEN333: posts small blind $0.50
B3astOfBurd3n: posts big blind $1
*** HOLE CARDS ***
Nurlanstar92: raises $1.50 to $2.50
G.HANSEN333: folds 
B3astOfBurd3n: folds 
Uncalled bet ($1.50) returned to Nurlanstar92
Nurlanstar92 collected $2.50 from pot
Nurlanstar92: doesn't show hand 
*** SUMMARY ***
Total pot $2.50 | Rake $0 
Seat 2: B3astOfBurd3n (big blind) folded before Flop
Seat 4: Nurlanstar92 (button) collected ($2.50)
Seat 5: G.HANSEN333 (small blind) folded before Flop



PokerStars Hand #254240371784:  Hold'em No Limit ($0.50/$1.00 USD) - 2025/01/06 3:12:02 WET [2025/01/06 22:12:02 ET]
Table 'Hakone' 6-max Seat #5 is the button
Seat 2: B3astOfBurd3n ($98.01 in chips) 
Seat 4: Nurlanstar92 ($106.86 in chips) 
Seat 5: G.HANSEN333 ($105.72 in chips) 
B3astOfBurd3n: posts small blind $0.50
Nurlanstar92: posts big blind $1
*** HOLE CARDS ***
G.HANSEN333: folds 
B3astOfBurd3n: calls $0.50
Nurlanstar92: checks 
*** FLOP *** [4s 8h 2c]
B3astOfBurd3n: checks 
Nurlanstar92: bets $1
B3astOfBurd3n: calls $1
*** TURN *** [4s 8h 2c] [7s]
B3astOfBurd3n: checks 
Nurlanstar92: checks 
*** RIVER *** [4s 8h 2c 7s] [6h]
B3astOfBurd3n: checks 
Nurlanstar92: checks 
*** SHOW DOWN ***
B3astOfBurd3n: shows [Ad Td] (high card Ace)
Nurlanstar92: shows [3d 3s] (a pair of Threes)
Nurlanstar92 collected $3.80 from pot
*** SUMMARY ***
Total pot $4 | Rake $0.20 
Board [4s 8h 2c 7s 6h]
Seat 2: B3astOfBurd3n (small blind) showed [Ad Td] and lost with high card Ace
Seat 4: Nurlanstar92 (big blind) showed [3d 3s] and won ($3.80) with a pair of Threes
Seat 5: G.HANSEN333 (button) folded before Flop (didn't bet)



PokerStars Hand #254240375461:  Hold'em No Limit ($0.50/$1.00 USD) - 2025/01/06 3:12:28 WET [2025/01/06 22:12:28 ET]
Table 'Hakone' 6-max Seat #2 is the button
Seat 2: B3astOfBurd3n ($96.01 in chips) 
Seat 4: Nurlanstar92 ($108.66 in chips) 
Seat 5: G.HANSEN333 ($105.72 in chips) 
Nurlanstar92: posts small blind $0.50
G.HANSEN333: posts big blind $1
*** HOLE CARDS ***
B3astOfBurd3n: folds 
Nurlanstar92: folds 
Uncalled bet ($0.50) returned to G.HANSEN333
G.HANSEN333 collected $1 from pot
G.HANSEN333: doesn't show hand 
*** SUMMARY ***
Total pot $1 | Rake $0 
Seat 2: B3astOfBurd3n (button) folded before Flop (didn't bet)
Seat 4: Nurlanstar92 (small blind) folded before Flop
Seat 5: G.HANSEN333 (big blind) collected ($1)



PokerStars Hand #254240376700:  Hold'em No Limit ($0.50/$1.00 USD) - 2025/01/06 3:12:37 WET [2025/01/06 22:12:37 ET]
Table 'Hakone' 6-max Seat #4 is the button
Seat 2: B3astOfBurd3n ($96.01 in chips) 
Seat 4: Nurlanstar92 ($108.16 in chips) 
Seat 5: G.HANSEN333 ($106.22 in chips) 
G.HANSEN333: posts small blind $0.50
B3astOfBurd3n: posts big blind $1
*** HOLE CARDS ***
Nurlanstar92: raises $1.50 to $2.50
G.HANSEN333: raises $9 to $11.50
B3astOfBurd3n: folds 
Nurlanstar92: raises $96.66 to $108.16 and is all-in
G.HANSEN333: folds 
Uncalled bet ($96.66) returned to Nurlanstar92
Nurlanstar92 collected $24 from pot
Nurlanstar92: doesn't show hand 
*** SUMMARY ***
Total pot $24 | Rake $0 
Seat 2: B3astOfBurd3n (big blind) folded before Flop
Seat 4: Nurlanstar92 (button) collected ($24)
Seat 5: G.HANSEN333 (small blind) folded before Flop



PokerStars Hand #254240378665:  Hold'em No Limit ($0.50/$1.00 USD) - 2025/01/06 3:12:52 WET [2025/01/06 22:12:52 ET]
Table 'Hakone' 6-max Seat #5 is the button
Seat 2: B3astOfBurd3n ($95.01 in chips) 
Seat 4: Nurlanstar92 ($120.66 in chips) 
Seat 5: G.HANSEN333 ($100 in chips) 
B3astOfBurd3n: posts small blind $0.50
Nurlanstar92: posts big blind $1
*** HOLE CARDS ***
G.HANSEN333: folds 
B3astOfBurd3n: calls $0.50
Nurlanstar92: raises $4 to $5
B3astOfBurd3n: folds 
Uncalled bet ($4) returned to Nurlanstar92
Nurlanstar92 collected $2 from pot
Nurlanstar92: doesn't show hand 
*** SUMMARY ***
Total pot $2 | Rake $0 
Seat 2: B3astOfBurd3n (small blind) folded before Flop
Seat 4: Nurlanstar92 (big blind) collected ($2)
Seat 5: G.HANSEN333 (button) folded before Flop (didn't bet)



PokerStars Hand #254240380853:  Hold'em No Limit ($0.50/$1.00 USD) - 2025/01/06 3:13:08 WET [2025/01/06 22:13:08 ET]
Table 'Hakone' 6-max Seat #2 is the button
Seat 2: B3astOfBurd3n ($94.01 in chips) 
Seat 4: Nurlanstar92 ($121.66 in chips) 
Seat 5: G.HANSEN333 ($100 in chips) 
Nurlanstar92: posts small blind $0.50
G.HANSEN333: posts big blind $1
*** HOLE CARDS ***
B3astOfBurd3n: folds 
Nurlanstar92: folds 
Uncalled bet ($0.50) returned to G.HANSEN333
G.HANSEN333 collected $1 from pot
G.HANSEN333: doesn't show hand 
*** SUMMARY ***
Total pot $1 | Rake $0 
Seat 2: B3astOfBurd3n (button) folded before Flop (didn't bet)
Seat 4: Nurlanstar92 (small blind) folded before Flop
Seat 5: G.HANSEN333 (big blind) collected ($1)



PokerStars Hand #254240381957:  Hold'em No Limit ($0.50/$1.00 USD) - 2025/01/06 3:13:16 WET [2025/01/06 22:13:16 ET]
Table 'Hakone' 6-max Seat #4 is the button
Seat 2: B3astOfBurd3n ($94.01 in chips) 
Seat 4: Nurlanstar92 ($121.16 in chips) 
Seat 5: G.HANSEN333 ($100.50 in chips) 
G.HANSEN333: posts small blind $0.50
B3astOfBurd3n: posts big blind $1
*** HOLE CARDS ***
Nurlanstar92: folds 
G.HANSEN333: raises $2 to $3
B3astOfBurd3n: folds 
Uncalled bet ($2) returned to G.HANSEN333
G.HANSEN333 collected $2 from pot
G.HANSEN333: doesn't show hand 
*** SUMMARY ***
Total pot $2 | Rake $0 
Seat 2: B3astOfBurd3n (big blind) folded before Flop
Seat 4: Nurlanstar92 (button) folded before Flop (didn't bet)
Seat 5: G.HANSEN333 (small blind) collected ($2)



PokerStars Hand #254240383017:  Hold'em No Limit ($0.50/$1.00 USD) - 2025/01/06 3:13:24 WET [2025/01/06 22:13:24 ET]
Table 'Hakone' 6-max Seat #5 is the button
Seat 2: B3astOfBurd3n ($93.01 in chips) 
Seat 4: Nurlanstar92 ($121.16 in chips) 
Seat 5: G.HANSEN333 ($101.50 in chips) 
B3astOfBurd3n: posts small blind $0.50
Nurlanstar92: posts big blind $1
*** HOLE CARDS ***
G.HANSEN333: raises $1.50 to $2.50
B3astOfBurd3n: calls $2
Nurlanstar92: folds 
*** FLOP *** [Ts Js 3d]
B3astOfBurd3n: checks 
G.HANSEN333: bets $3.71
B3astOfBurd3n: calls $3.71
*** TURN *** [Ts Js 3d] [8h]
B3astOfBurd3n: checks 
G.HANSEN333: checks 
*** RIVER *** [Ts Js 3d 8h] [9c]
B3astOfBurd3n: bets $6.38
G.HANSEN333: folds 
Uncalled bet ($6.38) returned to B3astOfBurd3n
B3astOfBurd3n collected $12.75 from pot
*** SUMMARY ***
Total pot $13.42 | Rake $0.67 
Board [Ts Js 3d 8h 9c]
Seat 2: B3astOfBurd3n (small blind) collected ($12.75)
Seat 4: Nurlanstar92 (big blind) folded before Flop
Seat 5: G.HANSEN333 (button) folded on the River



PokerStars Hand #254240388542:  Hold'em No Limit ($0.50/$1.00 USD) - 2025/01/06 3:14:04 WET [2025/01/06 22:14:04 ET]
Table 'Hakone' 6-max Seat #2 is the button
Seat 2: B3astOfBurd3n ($99.55 in chips) 
Seat 4: Nurlanstar92 ($120.16 in chips) 
Seat 5: G.HANSEN333 ($100 in chips) 
Nurlanstar92: posts small blind $0.50
G.HANSEN333: posts big blind $1
*** HOLE CARDS ***
B3astOfBurd3n: raises $2 to $3
Nurlanstar92: folds 
G.HANSEN333: folds 
Uncalled bet ($2) returned to B3astOfBurd3n
B3astOfBurd3n collected $2.50 from pot
*** SUMMARY ***
Total pot $2.50 | Rake $0 
Seat 2: B3astOfBurd3n (button) collected ($2.50)
Seat 4: Nurlanstar92 (small blind) folded before Flop
Seat 5: G.HANSEN333 (big blind) folded before Flop



PokerStars Hand #254240390492:  Hold'em No Limit ($0.50/$1.00 USD) - 2025/01/06 3:14:18 WET [2025/01/06 22:14:18 ET]
Table 'Hakone' 6-max Seat #4 is the button
Seat 2: B3astOfBurd3n ($101.05 in chips) 
Seat 4: Nurlanstar92 ($119.66 in chips) 
Seat 5: G.HANSEN333 ($100 in chips) 
G.HANSEN333: posts small blind $0.50
B3astOfBurd3n: posts big blind $1
*** HOLE CARDS ***
Nurlanstar92: raises $1.50 to $2.50
G.HANSEN333: folds 
B3astOfBurd3n: calls $1.50
*** FLOP *** [As 9h 2c]
B3astOfBurd3n: checks 
Nurlanstar92: bets $1.72
B3astOfBurd3n: calls $1.72
*** TURN *** [As 9h 2c] [6d]
B3astOfBurd3n: checks 
Nurlanstar92: checks 
*** RIVER *** [As 9h 2c 6d] [Kd]
B3astOfBurd3n: checks 
Nurlanstar92: bets $2.80
B3astOfBurd3n: calls $2.80
*** SHOW DOWN ***
Nurlanstar92: shows [Kh Th] (a pair of Kings)
B3astOfBurd3n: mucks hand 
Nurlanstar92 collected $13.81 from pot
*** SUMMARY ***
Total pot $14.54 | Rake $0.73 
Board [As 9h 2c 6d Kd]
Seat 2: B3astOfBurd3n (big blind) mucked
Seat 4: Nurlanstar92 (button) showed [Kh Th] and won ($13.81) with a pair of Kings
Seat 5: G.HANSEN333 (small blind) folded before Flop



PokerStars Hand #254240394872:  Hold'em No Limit ($0.50/$1.00 USD) - 2025/01/06 3:14:51 WET [2025/01/06 22:14:51 ET]
Table 'Hakone' 6-max Seat #5 is the button
Seat 2: B3astOfBurd3n ($94.03 in chips) 
Seat 4: Nurlanstar92 ($126.45 in chips) 
Seat 5: G.HANSEN333 ($100 in chips) 
B3astOfBurd3n: posts small blind $0.50
Nurlanstar92: posts big blind $1
*** HOLE CARDS ***
G.HANSEN333: folds 
B3astOfBurd3n: calls $0.50
Nurlanstar92: checks 
*** FLOP *** [5d 2c 7d]
B3astOfBurd3n: checks 
Nurlanstar92: bets $1
B3astOfBurd3n: folds 
Uncalled bet ($1) returned to Nurlanstar92
Nurlanstar92 collected $1.90 from pot
Nurlanstar92: doesn't show hand 
*** SUMMARY ***
Total pot $2 | Rake $0.10 
Board [5d 2c 7d]
Seat 2: B3astOfBurd3n (small blind) folded on the Flop
Seat 4: Nurlanstar92 (big blind) collected ($1.90)
Seat 5: G.HANSEN333 (button) folded before Flop (didn't bet)



PokerStars Hand #254240397416:  Hold'em No Limit ($0.50/$1.00 USD) - 2025/01/06 3:15:10 WET [2025/01/06 22:15:10 ET]
Table 'Hakone' 6-max Seat #2 is the button
Seat 2: B3astOfBurd3n ($93.03 in chips) 
Seat 4: Nurlanstar92 ($127.35 in chips) 
Seat 5: G.HANSEN333 ($100 in chips) 
Nurlanstar92: posts small blind $0.50
G.HANSEN333: posts big blind $1
*** HOLE CARDS ***
B3astOfBurd3n: folds 
Nurlanstar92: folds 
Uncalled bet ($0.50) returned to G.HANSEN333
G.HANSEN333 collected $1 from pot
G.HANSEN333: doesn't show hand 
*** SUMMARY ***
Total pot $1 | Rake $0 
Seat 2: B3astOfBurd3n (button) folded before Flop (didn't bet)
Seat 4: Nurlanstar92 (small blind) folded before Flop
Seat 5: G.HANSEN333 (big blind) collected ($1)



PokerStars Hand #254240398466:  Hold'em No Limit ($0.50/$1.00 USD) - 2025/01/06 3:15:18 WET [2025/01/06 22:15:18 ET]
Table 'Hakone' 6-max Seat #4 is the button
Seat 2: B3astOfBurd3n ($93.03 in chips) 
Seat 4: Nurlanstar92 ($126.85 in chips) 
Seat 5: G.HANSEN333 ($100.50 in chips) 
G.HANSEN333: posts small blind $0.50
B3astOfBurd3n: posts big blind $1
*** HOLE CARDS ***
Nurlanstar92: folds 
G.HANSEN333: raises $2 to $3
B3astOfBurd3n: calls $2
*** FLOP *** [Ac Kh Qh]
G.HANSEN333: bets $4.28
B3astOfBurd3n: calls $4.28
*** TURN *** [Ac Kh Qh] [Tc]
G.HANSEN333: checks 
B3astOfBurd3n: checks 
*** RIVER *** [Ac Kh Qh Tc] [9d]
G.HANSEN333: checks 
B3astOfBurd3n: bets $6.92
G.HANSEN333: folds 
Uncalled bet ($6.92) returned to B3astOfBurd3n
B3astOfBurd3n collected $13.83 from pot
*** SUMMARY ***
Total pot $14.56 | Rake $0.73 
Board [Ac Kh Qh Tc 9d]
Seat 2: B3astOfBurd3n (big blind) collected ($13.83)
Seat 4: Nurlanstar92 (button) folded before Flop (didn't bet)
Seat 5: G.HANSEN333 (small blind) folded on the River



PokerStars Hand #254240403013:  Hold'em No Limit ($0.50/$1.00 USD) - 2025/01/06 3:15:51 WET [2025/01/06 22:15:51 ET]
Table 'Hakone' 6-max Seat #5 is the button
Seat 2: B3astOfBurd3n ($99.58 in chips) 
Seat 4: Nurlanstar92 ($126.85 in chips) 
Seat 5: G.HANSEN333 ($100 in chips) 
B3astOfBurd3n: posts small blind $0.50
Nurlanstar92: posts big blind $1
*** HOLE CARDS ***
G.HANSEN333: folds 
B3astOfBurd3n: folds 
Uncalled bet ($0.50) returned to Nurlanstar92
Nurlanstar92 collected $1 from pot
Nurlanstar92: doesn't show hand 
*** SUMMARY ***
Total pot $1 | Rake $0 
Seat 2: B3astOfBurd3n (small blind) folded before Flop
Seat 4: Nurlanstar92 (big blind) collected ($1)
Seat 5: G.HANSEN333 (button) folded before Flop (didn't bet)



PokerStars Hand #254240403932:  Hold'em No Limit ($0.50/$1.00 USD) - 2025/01/06 3:15:57 WET [2025/01/06 22:15:57 ET]
Table 'Hakone' 6-max Seat #2 is the button
Seat 2: B3astOfBurd3n ($99.08 in chips) 
Seat 4: Nurlanstar92 ($127.35 in chips) 
Seat 5: G.HANSEN333 ($100 in chips) 
Nurlanstar92: posts small blind $0.50
G.HANSEN333: posts big blind $1
*** HOLE CARDS ***
B3astOfBurd3n: folds 
Nurlanstar92: folds 
Uncalled bet ($0.50) returned to G.HANSEN333
G.HANSEN333 collected $1 from pot
G.HANSEN333: doesn't show hand 
*** SUMMARY ***
Total pot $1 | Rake $0 
Seat 2: B3astOfBurd3n (button) folded before Flop (didn't bet)
Seat 4: Nurlanstar92 (small blind) folded before Flop
Seat 5: G.HANSEN333 (big blind) collected ($1)



PokerStars Hand #254240404821:  Hold'em No Limit ($0.50/$1.00 USD) - 2025/01/06 3:16:04 WET [2025/01/06 22:16:04 ET]
Table 'Hakone' 6-max Seat #4 is the button
Seat 2: B3astOfBurd3n ($99.08 in chips) 
Seat 4: Nurlanstar92 ($126.85 in chips) 
Seat 5: G.HANSEN333 ($100.50 in chips) 
G.HANSEN333: posts small blind $0.50
B3astOfBurd3n: posts big blind $1
*** HOLE CARDS ***
Nurlanstar92: raises $1.50 to $2.50
G.HANSEN333: folds 
B3astOfBurd3n: calls $1.50
*** FLOP *** [8d 9d Js]
B3astOfBurd3n: checks 
Nurlanstar92: bets $2.61
B3astOfBurd3n: folds 
Uncalled bet ($2.61) returned to Nurlanstar92
Nurlanstar92 collected $5.22 from pot
Nurlanstar92: doesn't show hand 
*** SUMMARY ***
Total pot $5.50 | Rake $0.28 
Board [8d 9d Js]
Seat 2: B3astOfBurd3n (big blind) folded on the Flop
Seat 4: Nurlanstar92 (button) collected ($5.22)
Seat 5: G.HANSEN333 (small blind) folded before Flop



PokerStars Hand #254240407299:  Hold'em No Limit ($0.50/$1.00 USD) - 2025/01/06 3:16:23 WET [2025/01/06 22:16:23 ET]
Table 'Hakone' 6-max Seat #5 is the button
Seat 2: B3astOfBurd3n ($96.58 in chips) 
Seat 4: Nurlanstar92 ($129.57 in chips) 
Seat 5: G.HANSEN333 ($100 in chips) 
B3astOfBurd3n: posts small blind $0.50
Nurlanstar92: posts big blind $1
*** HOLE CARDS ***
G.HANSEN333: folds 
B3astOfBurd3n: calls $0.50
Nurlanstar92: checks 
*** FLOP *** [9h 3h 6h]
B3astOfBurd3n: checks 
Nurlanstar92: bets $1
B3astOfBurd3n: folds 
Uncalled bet ($1) returned to Nurlanstar92
Nurlanstar92 collected $1.90 from pot
Nurlanstar92: doesn't show hand 
*** SUMMARY ***
Total pot $2 | Rake $0.10 
Board [9h 3h 6h]
Seat 2: B3astOfBurd3n (small blind) folded on the Flop
Seat 4: Nurlanstar92 (big blind) collected ($1.90)
Seat 5: G.HANSEN333 (button) folded before Flop (didn't bet)



PokerStars Hand #254240409947:  Hold'em No Limit ($0.50/$1.00 USD) - 2025/01/06 3:16:43 WET [2025/01/06 22:16:43 ET]
Table 'Hakone' 6-max Seat #2 is the button
Seat 2: B3astOfBurd3n ($95.58 in chips) 
Seat 4: Nurlanstar92 ($130.47 in chips) 
Seat 5: G.HANSEN333 ($100 in chips) 
Nurlanstar92: posts small blind $0.50
G.HANSEN333: posts big blind $1
*** HOLE CARDS ***
B3astOfBurd3n: folds 
Nurlanstar92: raises $2 to $3
G.HANSEN333: folds 
Uncalled bet ($2) returned to Nurlanstar92
Nurlanstar92 collected $2 from pot
Nurlanstar92: doesn't show hand 
*** SUMMARY ***
Total pot $2 | Rake $0 
Seat 2: B3astOfBurd3n (button) folded before Flop (didn't bet)
Seat 4: Nurlanstar92 (small blind) collected ($2)
Seat 5: G.HANSEN333 (big blind) folded before Flop



PokerStars Hand #254240412111:  Hold'em No Limit ($0.50/$1.00 USD) - 2025/01/06 3:16:59 WET [2025/01/06 22:16:59 ET]
Table 'Hakone' 6-max Seat #4 is the button
Seat 2: B3astOfBurd3n ($95.58 in chips) 
Seat 4: Nurlanstar92 ($131.47 in chips) 
Seat 5: G.HANSEN333 ($100 in chips) 
G.HANSEN333: posts small blind $0.50
B3astOfBurd3n: posts big blind $1
*** HOLE CARDS ***
Nurlanstar92: folds 
G.HANSEN333: folds 
Uncalled bet ($0.50) returned to B3astOfBurd3n
B3astOfBurd3n collected $1 from pot
*** SUMMARY ***
Total pot $1 | Rake $0 
Seat 2: B3astOfBurd3n (big blind) collected ($1)
Seat 4: Nurlanstar92 (button) folded before Flop (didn't bet)
Seat 5: G.HANSEN333 (small blind) folded before Flop



PokerStars Hand #254240413241:  Hold'em No Limit ($0.50/$1.00 USD) - 2025/01/06 3:17:08 WET [2025/01/06 22:17:08 ET]
Table 'Hakone' 6-max Seat #5 is the button
Seat 2: B3astOfBurd3n ($96.08 in chips) 
Seat 4: Nurlanstar92 ($131.47 in chips) 
Seat 5: G.HANSEN333 ($100 in chips) 
B3astOfBurd3n: posts small blind $0.50
Nurlanstar92: posts big blind $1
*** HOLE CARDS ***
G.HANSEN333: raises $1.50 to $2.50
B3astOfBurd3n: folds 
Nurlanstar92: calls $1.50
*** FLOP *** [6d 8h 5d]
Nurlanstar92: checks 
G.HANSEN333: checks 
*** TURN *** [6d 8h 5d] [Qs]
Nurlanstar92: bets $7
G.HANSEN333: folds 
Uncalled bet ($7) returned to Nurlanstar92
Nurlanstar92 collected $5.22 from pot
Nurlanstar92: doesn't show hand 
*** SUMMARY ***
Total pot $5.50 | Rake $0.28 
Board [6d 8h 5d Qs]
Seat 2: B3astOfBurd3n (small blind) folded before Flop
Seat 4: Nurlanstar92 (big blind) collected ($5.22)
Seat 5: G.HANSEN333 (button) folded on the Turn



PokerStars Hand #254240417089:  Hold'em No Limit ($0.50/$1.00 USD) - 2025/01/06 3:17:37 WET [2025/01/06 22:17:37 ET]
Table 'Hakone' 6-max Seat #2 is the button
Seat 2: B3astOfBurd3n ($95.58 in chips) 
Seat 4: Nurlanstar92 ($134.19 in chips) 
Seat 5: G.HANSEN333 ($100 in chips) 
Nurlanstar92: posts small blind $0.50
G.HANSEN333: posts big blind $1
*** HOLE CARDS ***
B3astOfBurd3n: folds 
Nurlanstar92: folds 
Uncalled bet ($0.50) returned to G.HANSEN333
G.HANSEN333 collected $1 from pot
G.HANSEN333: doesn't show hand 
*** SUMMARY ***
Total pot $1 | Rake $0 
Seat 2: B3astOfBurd3n (button) folded before Flop (didn't bet)
Seat 4: Nurlanstar92 (small blind) folded before Flop
Seat 5: G.HANSEN333 (big blind) collected ($1)



PokerStars Hand #254240417990:  Hold'em No Limit ($0.50/$1.00 USD) - 2025/01/06 3:17:43 WET [2025/01/06 22:17:43 ET]
Table 'Hakone' 6-max Seat #4 is the button
Seat 2: B3astOfBurd3n ($95.58 in chips) 
Seat 4: Nurlanstar92 ($133.69 in chips) 
Seat 5: G.HANSEN333 ($100.50 in chips) 
G.HANSEN333: posts small blind $0.50
B3astOfBurd3n: posts big blind $1
*** HOLE CARDS ***
Nurlanstar92: folds 
G.HANSEN333: raises $2 to $3
B3astOfBurd3n: calls $2
*** FLOP *** [Ah Qs 7h]
G.HANSEN333: bets $4.28
B3astOfBurd3n: folds 
Uncalled bet ($4.28) returned to G.HANSEN333
G.HANSEN333 collected $5.70 from pot
G.HANSEN333: doesn't show hand 
*** SUMMARY ***
Total pot $6 | Rake $0.30 
Board [Ah Qs 7h]
Seat 2: B3astOfBurd3n (big blind) folded on the Flop
Seat 4: Nurlanstar92 (button) folded before Flop (didn't bet)
Seat 5: G.HANSEN333 (small blind) collected ($5.70)



PokerStars Hand #254240420058:  Hold'em No Limit ($0.50/$1.00 USD) - 2025/01/06 3:17:59 WET [2025/01/06 22:17:59 ET]
Table 'Hakone' 6-max Seat #5 is the button
Seat 2: B3astOfBurd3n ($92.58 in chips) 
Seat 4: Nurlanstar92 ($133.69 in chips) 
Seat 5: G.HANSEN333 ($103.20 in chips) 
B3astOfBurd3n: posts small blind $0.50
Nurlanstar92: posts big blind $1
*** HOLE CARDS ***
G.HANSEN333: folds 
B3astOfBurd3n: folds 
Uncalled bet ($0.50) returned to Nurlanstar92
Nurlanstar92 collected $1 from pot
Nurlanstar92: doesn't show hand 
*** SUMMARY ***
Total pot $1 | Rake $0 
Seat 2: B3astOfBurd3n (small blind) folded before Flop
Seat 4: Nurlanstar92 (big blind) collected ($1)
Seat 5: G.HANSEN333 (button) folded before Flop (didn't bet)



PokerStars Hand #254240421173:  Hold'em No Limit ($0.50/$1.00 USD) - 2025/01/06 3:18:07 WET [2025/01/06 22:18:07 ET]
Table 'Hakone' 6-max Seat #2 is the button
Seat 2: B3astOfBurd3n ($92.08 in chips) 
Seat 4: Nurlanstar92 ($134.19 in chips) 
Seat 5: G.HANSEN333 ($103.20 in chips) 
Nurlanstar92: posts small blind $0.50
G.HANSEN333: posts big blind $1
*** HOLE CARDS ***
B3astOfBurd3n: folds 
Nurlanstar92: folds 
Uncalled bet ($0.50) returned to G.HANSEN333
G.HANSEN333 collected $1 from pot
G.HANSEN333: doesn't show hand 
*** SUMMARY ***
Total pot $1 | Rake $0 
Seat 2: B3astOfBurd3n (button) folded before Flop (didn't bet)
Seat 4: Nurlanstar92 (small blind) folded before Flop
Seat 5: G.HANSEN333 (big blind) collected ($1)



PokerStars Hand #254240422037:  Hold'em No Limit ($0.50/$1.00 USD) - 2025/01/06 3:18:14 WET [2025/01/06 22:18:14 ET]
Table 'Hakone' 6-max Seat #4 is the button
Seat 2: B3astOfBurd3n ($92.08 in chips) 
Seat 4: Nurlanstar92 ($133.69 in chips) 
Seat 5: G.HANSEN333 ($103.70 in chips) 
G.HANSEN333: posts small blind $0.50
B3astOfBurd3n: posts big blind $1
*** HOLE CARDS ***
Nurlanstar92: folds 
G.HANSEN333: raises $2 to $3
B3astOfBurd3n: calls $2
*** FLOP *** [Qc 7c 3d]
G.HANSEN333: bets $4.28
B3astOfBurd3n: folds 
Uncalled bet ($4.28) returned to G.HANSEN333
G.HANSEN333 collected $5.70 from pot
G.HANSEN333: doesn't show hand 
*** SUMMARY ***
Total pot $6 | Rake $0.30 
Board [Qc 7c 3d]
Seat 2: B3astOfBurd3n (big blind) folded on the Flop
Seat 4: Nurlanstar92 (button) folded before Flop (didn't bet)
Seat 5: G.HANSEN333 (small blind) collected ($5.70)



PokerStars Hand #254240425005:  Hold'em No Limit ($0.50/$1.00 USD) - 2025/01/06 3:18:36 WET [2025/01/06 22:18:36 ET]
Table 'Hakone' 6-max Seat #5 is the button
Seat 2: B3astOfBurd3n ($89.08 in chips) 
Seat 4: Nurlanstar92 ($133.69 in chips) 
Seat 5: G.HANSEN333 ($106.40 in chips) 
B3astOfBurd3n: posts small blind $0.50
Nurlanstar92: posts big blind $1
*** HOLE CARDS ***
G.HANSEN333: folds 
B3astOfBurd3n: folds 
Uncalled bet ($0.50) returned to Nurlanstar92
Nurlanstar92 collected $1 from pot
Nurlanstar92: doesn't show hand 
*** SUMMARY ***
Total pot $1 | Rake $0 
Seat 2: B3astOfBurd3n (small blind) folded before Flop
Seat 4: Nurlanstar92 (big blind) collected ($1)
Seat 5: G.HANSEN333 (button) folded before Flop (didn't bet)



PokerStars Hand #254240425830:  Hold'em No Limit ($0.50/$1.00 USD) - 2025/01/06 3:18:42 WET [2025/01/06 22:18:42 ET]
Table 'Hakone' 6-max Seat #2 is the button
Seat 2: B3astOfBurd3n ($88.58 in chips) 
Seat 4: Nurlanstar92 ($134.19 in chips) 
Seat 5: G.HANSEN333 ($106.40 in chips) 
Nurlanstar92: posts small blind $0.50
G.HANSEN333: posts big blind $1
*** HOLE CARDS ***
B3astOfBurd3n: folds 
Nurlanstar92: folds 
Uncalled bet ($0.50) returned to G.HANSEN333
G.HANSEN333 collected $1 from pot
G.HANSEN333: doesn't show hand 
*** SUMMARY ***
Total pot $1 | Rake $0 
Seat 2: B3astOfBurd3n (button) folded before Flop (didn't bet)
Seat 4: Nurlanstar92 (small blind) folded before Flop
Seat 5: G.HANSEN333 (big blind) collected ($1)



PokerStars Hand #254240426679:  Hold'em No Limit ($0.50/$1.00 USD) - 2025/01/06 3:18:49 WET [2025/01/06 22:18:49 ET]
Table 'Hakone' 6-max Seat #4 is the button
Seat 2: B3astOfBurd3n ($88.58 in chips) 
Seat 4: Nurlanstar92 ($133.69 in chips) 
Seat 5: G.HANSEN333 ($106.90 in chips) 
G.HANSEN333: posts small blind $0.50
B3astOfBurd3n: posts big blind $1
*** HOLE CARDS ***
Nurlanstar92: raises $1.50 to $2.50
G.HANSEN333: folds 
B3astOfBurd3n: calls $1.50
*** FLOP *** [3c 2h Ad]
B3astOfBurd3n: checks 
Nurlanstar92: bets $3.48
B3astOfBurd3n: folds 
Uncalled bet ($3.48) returned to Nurlanstar92
Nurlanstar92 collected $5.22 from pot
Nurlanstar92: doesn't show hand 
*** SUMMARY ***
Total pot $5.50 | Rake $0.28 
Board [3c 2h Ad]
Seat 2: B3astOfBurd3n (big blind) folded on the Flop
Seat 4: Nurlanstar92 (button) collected ($5.22)
Seat 5: G.HANSEN333 (small blind) folded before Flop



PokerStars Hand #254240429185:  Hold'em No Limit ($0.50/$1.00 USD) - 2025/01/06 3:19:07 WET [2025/01/06 22:19:07 ET]
Table 'Hakone' 6-max Seat #5 is the button
Seat 2: B3astOfBurd3n ($86.08 in chips) 
Seat 4: Nurlanstar92 ($136.41 in chips) 
Seat 5: G.HANSEN333 ($106.40 in chips) 
B3astOfBurd3n: posts small blind $0.50
Nurlanstar92: posts big blind $1
*** HOLE CARDS ***
G.HANSEN333: folds 
B3astOfBurd3n: folds 
Uncalled bet ($0.50) returned to Nurlanstar92
Nurlanstar92 collected $1 from pot
Nurlanstar92: doesn't show hand 
*** SUMMARY ***
Total pot $1 | Rake $0 
Seat 2: B3astOfBurd3n (small blind) folded before Flop
Seat 4: Nurlanstar92 (big blind) collected ($1)
Seat 5: G.HANSEN333 (button) folded before Flop (didn't bet)



PokerStars Hand #254240430083:  Hold'em No Limit ($0.50/$1.00 USD) - 2025/01/06 3:19:14 WET [2025/01/06 22:19:14 ET]
Table 'Hakone' 6-max Seat #2 is the button
Seat 2: B3astOfBurd3n ($85.58 in chips) 
Seat 4: Nurlanstar92 ($136.91 in chips) 
Seat 5: G.HANSEN333 ($106.40 in chips) 
Nurlanstar92: posts small blind $0.50
G.HANSEN333: posts big blind $1
*** HOLE CARDS ***
B3astOfBurd3n: folds 
Nurlanstar92: raises $2 to $3
G.HANSEN333: folds 
Uncalled bet ($2) returned to Nurlanstar92
Nurlanstar92 collected $2 from pot
Nurlanstar92: doesn't show hand 
*** SUMMARY ***
Total pot $2 | Rake $0 
Seat 2: B3astOfBurd3n (button) folded before Flop (didn't bet)
Seat 4: Nurlanstar92 (small blind) collected ($2)
Seat 5: G.HANSEN333 (big blind) folded before Flop



PokerStars Hand #254240431931:  Hold'em No Limit ($0.50/$1.00 USD) - 2025/01/06 3:19:28 WET [2025/01/06 22:19:28 ET]
Table 'Hakone' 6-max Seat #4 is the button
Seat 2: B3astOfBurd3n ($85.58 in chips) 
Seat 4: Nurlanstar92 ($137.91 in chips) 
Seat 5: G.HANSEN333 ($105.40 in chips) 
G.HANSEN333: posts small blind $0.50
B3astOfBurd3n: posts big blind $1
*** HOLE CARDS ***
Nurlanstar92: raises $1.50 to $2.50
G.HANSEN333: folds 
B3astOfBurd3n: folds 
Uncalled bet ($1.50) returned to Nurlanstar92
Nurlanstar92 collected $2.50 from pot
Nurlanstar92: doesn't show hand 
*** SUMMARY ***
Total pot $2.50 | Rake $0 
Seat 2: B3astOfBurd3n (big blind) folded before Flop
Seat 4: Nurlanstar92 (button) collected ($2.50)
Seat 5: G.HANSEN333 (small blind) folded before Flop



PokerStars Hand #254240433263:  Hold'em No Limit ($0.50/$1.00 USD) - 2025/01/06 3:19:38 WET [2025/01/06 22:19:38 ET]
Table 'Hakone' 6-max Seat #5 is the button
Seat 2: B3astOfBurd3n ($84.58 in chips) 
Seat 4: Nurlanstar92 ($139.41 in chips) 
Seat 5: G.HANSEN333 ($104.90 in chips) 
B3astOfBurd3n: posts small blind $0.50
Nurlanstar92: posts big blind $1
*** HOLE CARDS ***
G.HANSEN333: folds 
B3astOfBurd3n: calls $0.50
Nurlanstar92: checks 
*** FLOP *** [5d Ah 9c]
B3astOfBurd3n: checks 
Nurlanstar92: bets $1
B3astOfBurd3n: calls $1
*** TURN *** [5d Ah 9c] [4h]
B3astOfBurd3n: checks 
Nurlanstar92: bets $5
B3astOfBurd3n: folds 
Uncalled bet ($5) returned to Nurlanstar92
Nurlanstar92 collected $3.80 from pot
Nurlanstar92: doesn't show hand 
*** SUMMARY ***
Total pot $4 | Rake $0.20 
Board [5d Ah 9c 4h]
Seat 2: B3astOfBurd3n (small blind) folded on the Turn
Seat 4: Nurlanstar92 (big blind) collected ($3.80)
Seat 5: G.HANSEN333 (button) folded before Flop (didn't bet)



PokerStars Hand #254240436755:  Hold'em No Limit ($0.50/$1.00 USD) - 2025/01/06 3:20:05 WET [2025/01/06 22:20:05 ET]
Table 'Hakone' 6-max Seat #2 is the button
Seat 2: B3astOfBurd3n ($82.58 in chips) 
Seat 4: Nurlanstar92 ($141.21 in chips) 
Seat 5: G.HANSEN333 ($104.90 in chips) 
Nurlanstar92: posts small blind $0.50
G.HANSEN333: posts big blind $1
*** HOLE CARDS ***
B3astOfBurd3n: folds 
Nurlanstar92: folds 
Uncalled bet ($0.50) returned to G.HANSEN333
G.HANSEN333 collected $1 from pot
G.HANSEN333: doesn't show hand 
*** SUMMARY ***
Total pot $1 | Rake $0 
Seat 2: B3astOfBurd3n (button) folded before Flop (didn't bet)
Seat 4: Nurlanstar92 (small blind) folded before Flop
Seat 5: G.HANSEN333 (big blind) collected ($1)



PokerStars Hand #254240437609:  Hold'em No Limit ($0.50/$1.00 USD) - 2025/01/06 3:20:11 WET [2025/01/06 22:20:11 ET]
Table 'Hakone' 6-max Seat #4 is the button
Seat 2: B3astOfBurd3n ($82.58 in chips) 
Seat 4: Nurlanstar92 ($140.71 in chips) 
Seat 5: G.HANSEN333 ($105.40 in chips) 
G.HANSEN333: posts small blind $0.50
B3astOfBurd3n: posts big blind $1
*** HOLE CARDS ***
Nurlanstar92: raises $1.50 to $2.50
G.HANSEN333: folds 
B3astOfBurd3n: folds 
Uncalled bet ($1.50) returned to Nurlanstar92
Nurlanstar92 collected $2.50 from pot
Nurlanstar92: doesn't show hand 
*** SUMMARY ***
Total pot $2.50 | Rake $0 
Seat 2: B3astOfBurd3n (big blind) folded before Flop
Seat 4: Nurlanstar92 (button) collected ($2.50)
Seat 5: G.HANSEN333 (small blind) folded before Flop



PokerStars Hand #254240438843:  Hold'em No Limit ($0.50/$1.00 USD) - 2025/01/06 3:20:21 WET [2025/01/06 22:20:21 ET]
Table 'Hakone' 6-max Seat #5 is the button
Seat 2: B3astOfBurd3n ($81.58 in chips) 
Seat 4: Nurlanstar92 ($142.21 in chips) 
Seat 5: G.HANSEN333 ($104.90 in chips) 
B3astOfBurd3n: posts small blind $0.50
Nurlanstar92: posts big blind $1
*** HOLE CARDS ***
G.HANSEN333: folds 
B3astOfBurd3n: calls $0.50
Nurlanstar92: checks 
*** FLOP *** [As 7d Ts]
B3astOfBurd3n: checks 
Nurlanstar92: bets $1
B3astOfBurd3n: calls $1
*** TURN *** [As 7d Ts] [6h]
B3astOfBurd3n: checks 
Nurlanstar92: checks 
*** RIVER *** [As 7d Ts 6h] [9c]
B3astOfBurd3n: bets $1.90
Nurlanstar92: folds 
Uncalled bet ($1.90) returned to B3astOfBurd3n
B3astOfBurd3n collected $3.80 from pot
*** SUMMARY ***
Total pot $4 | Rake $0.20 
Board [As 7d Ts 6h 9c]
Seat 2: B3astOfBurd3n (small blind) collected ($3.80)
Seat 4: Nurlanstar92 (big blind) folded on the River
Seat 5: G.HANSEN333 (button) folded before Flop (didn't bet)



PokerStars Hand #254240442134:  Hold'em No Limit ($0.50/$1.00 USD) - 2025/01/06 3:20:46 WET [2025/01/06 22:20:46 ET]
Table 'Hakone' 6-max Seat #2 is the button
Seat 2: B3astOfBurd3n ($83.38 in chips) 
Seat 4: Nurlanstar92 ($140.21 in chips) 
Seat 5: G.HANSEN333 ($104.90 in chips) 
Nurlanstar92: posts small blind $0.50
G.HANSEN333: posts big blind $1
*** HOLE CARDS ***
B3astOfBurd3n: folds 
Nurlanstar92: raises $2 to $3
G.HANSEN333: folds 
Uncalled bet ($2) returned to Nurlanstar92
Nurlanstar92 collected $2 from pot
Nurlanstar92: doesn't show hand 
*** SUMMARY ***
Total pot $2 | Rake $0 
Seat 2: B3astOfBurd3n (button) folded before Flop (didn't bet)
Seat 4: Nurlanstar92 (small blind) collected ($2)
Seat 5: G.HANSEN333 (big blind) folded before Flop



PokerStars Hand #254240443389:  Hold'em No Limit ($0.50/$1.00 USD) - 2025/01/06 3:20:55 WET [2025/01/06 22:20:55 ET]
Table 'Hakone' 6-max Seat #4 is the button
Seat 2: B3astOfBurd3n ($83.38 in chips) 
Seat 4: Nurlanstar92 ($141.21 in chips) 
Seat 5: G.HANSEN333 ($103.90 in chips) 
G.HANSEN333: posts small blind $0.50
B3astOfBurd3n: posts big blind $1
*** HOLE CARDS ***
Nurlanstar92: folds 
G.HANSEN333: raises $2 to $3
B3astOfBurd3n: folds 
Uncalled bet ($2) returned to G.HANSEN333
G.HANSEN333 collected $2 from pot
G.HANSEN333: doesn't show hand 
*** SUMMARY ***
Total pot $2 | Rake $0 
Seat 2: B3astOfBurd3n (big blind) folded before Flop
Seat 4: Nurlanstar92 (button) folded before Flop (didn't bet)
Seat 5: G.HANSEN333 (small blind) collected ($2)



PokerStars Hand #254240444782:  Hold'em No Limit ($0.50/$1.00 USD) - 2025/01/06 3:21:06 WET [2025/01/06 22:21:06 ET]
Table 'Hakone' 6-max Seat #5 is the button
Seat 2: B3astOfBurd3n ($82.38 in chips) 
Seat 4: Nurlanstar92 ($141.21 in chips) 
Seat 5: G.HANSEN333 ($104.90 in chips) 
B3astOfBurd3n: posts small blind $0.50
Nurlanstar92: posts big blind $1
*** HOLE CARDS ***
G.HANSEN333: raises $1.50 to $2.50
B3astOfBurd3n: folds 
Nurlanstar92: raises $9.50 to $12
G.HANSEN333: folds 
Uncalled bet ($9.50) returned to Nurlanstar92
Nurlanstar92 collected $5.50 from pot
Nurlanstar92: doesn't show hand 
*** SUMMARY ***
Total pot $5.50 | Rake $0 
Seat 2: B3astOfBurd3n (small blind) folded before Flop
Seat 4: Nurlanstar92 (big blind) collected ($5.50)
Seat 5: G.HANSEN333 (button) folded before Flop



PokerStars Hand #254240447159:  Hold'em No Limit ($0.50/$1.00 USD) - 2025/01/06 3:21:23 WET [2025/01/06 22:21:23 ET]
Table 'Hakone' 6-max Seat #2 is the button
Seat 2: B3astOfBurd3n ($81.88 in chips) 
Seat 4: Nurlanstar92 ($144.21 in chips) 
Seat 5: G.HANSEN333 ($102.40 in chips) 
Nurlanstar92: posts small blind $0.50
G.HANSEN333: posts big blind $1
*** HOLE CARDS ***
B3astOfBurd3n: folds 
Nurlanstar92: raises $2 to $3
G.HANSEN333: calls $2
*** FLOP *** [9c Ad 6c]
Nurlanstar92: bets $2.85
G.HANSEN333: folds 
Uncalled bet ($2.85) returned to Nurlanstar92
Nurlanstar92 collected $5.70 from pot
Nurlanstar92: doesn't show hand 
*** SUMMARY ***
Total pot $6 | Rake $0.30 
Board [9c Ad 6c]
Seat 2: B3astOfBurd3n (button) folded before Flop (didn't bet)
Seat 4: Nurlanstar92 (small blind) collected ($5.70)
Seat 5: G.HANSEN333 (big blind) folded on the Flop



PokerStars Hand #254240449636:  Hold'em No Limit ($0.50/$1.00 USD) - 2025/01/06 3:21:42 WET [2025/01/06 22:21:42 ET]
Table 'Hakone' 6-max Seat #4 is the button
Seat 2: B3astOfBurd3n ($81.88 in chips) 
Seat 4: Nurlanstar92 ($146.91 in chips) 
Seat 5: G.HANSEN333 ($100 in chips) 
G.HANSEN333: posts small blind $0.50
B3astOfBurd3n: posts big blind $1
*** HOLE CARDS ***
Nurlanstar92: folds 
G.HANSEN333: raises $2 to $3
B3astOfBurd3n: calls $2
*** FLOP *** [Ts 6d 3s]
G.HANSEN333: checks 
B3astOfBurd3n: checks 
*** TURN *** [Ts 6d 3s] [2d]
G.HANSEN333: checks 
B3astOfBurd3n: bets $2.85
G.HANSEN333: folds 
Uncalled bet ($2.85) returned to B3astOfBurd3n
B3astOfBurd3n collected $5.70 from pot
*** SUMMARY ***
Total pot $6 | Rake $0.30 
Board [Ts 6d 3s 2d]
Seat 2: B3astOfBurd3n (big blind) collected ($5.70)
Seat 4: Nurlanstar92 (button) folded before Flop (didn't bet)
Seat 5: G.HANSEN333 (small blind) folded on the Turn



PokerStars Hand #254240453566:  Hold'em No Limit ($0.50/$1.00 USD) - 2025/01/06 3:22:11 WET [2025/01/06 22:22:11 ET]
Table 'Hakone' 6-max Seat #5 is the button
Seat 2: B3astOfBurd3n ($84.58 in chips) 
Seat 4: Nurlanstar92 ($146.91 in chips) 
Seat 5: G.HANSEN333 ($100 in chips) 
B3astOfBurd3n: posts small blind $0.50
Nurlanstar92: posts big blind $1
*** HOLE CARDS ***
G.HANSEN333: raises $1.50 to $2.50
B3astOfBurd3n: folds 
Nurlanstar92: calls $1.50
*** FLOP *** [Js Ad 7s]
Nurlanstar92: checks 
G.HANSEN333: bets $3.39
Nurlanstar92: folds 
Uncalled bet ($3.39) returned to G.HANSEN333
G.HANSEN333 collected $5.22 from pot
G.HANSEN333: doesn't show hand 
*** SUMMARY ***
Total pot $5.50 | Rake $0.28 
Board [Js Ad 7s]
Seat 2: B3astOfBurd3n (small blind) folded before Flop
Seat 4: Nurlanstar92 (big blind) folded on the Flop
Seat 5: G.HANSEN333 (button) collected ($5.22)



PokerStars Hand #254240456003:  Hold'em No Limit ($0.50/$1.00 USD) - 2025/01/06 3:22:30 WET [2025/01/06 22:22:30 ET]
Table 'Hakone' 6-max Seat #2 is the button
Seat 2: B3astOfBurd3n ($84.08 in chips) 
Seat 4: Nurlanstar92 ($144.41 in chips) 
Seat 5: G.HANSEN333 ($102.72 in chips) 
Nurlanstar92: posts small blind $0.50
G.HANSEN333: posts big blind $1
*** HOLE CARDS ***
B3astOfBurd3n: folds 
Nurlanstar92: raises $2 to $3
G.HANSEN333: folds 
Uncalled bet ($2) returned to Nurlanstar92
Nurlanstar92 collected $2 from pot
Nurlanstar92: doesn't show hand 
*** SUMMARY ***
Total pot $2 | Rake $0 
Seat 2: B3astOfBurd3n (button) folded before Flop (didn't bet)
Seat 4: Nurlanstar92 (small blind) collected ($2)
Seat 5: G.HANSEN333 (big blind) folded before Flop



PokerStars Hand #254240457307:  Hold'em No Limit ($0.50/$1.00 USD) - 2025/01/06 3:22:40 WET [2025/01/06 22:22:40 ET]
Table 'Hakone' 6-max Seat #4 is the button
Seat 2: B3astOfBurd3n ($84.08 in chips) 
Seat 4: Nurlanstar92 ($145.41 in chips) 
Seat 5: G.HANSEN333 ($101.72 in chips) 
G.HANSEN333: posts small blind $0.50
B3astOfBurd3n: posts big blind $1
*** HOLE CARDS ***
Nurlanstar92: raises $1.50 to $2.50
G.HANSEN333: folds 
B3astOfBurd3n: folds 
Uncalled bet ($1.50) returned to Nurlanstar92
Nurlanstar92 collected $2.50 from pot
Nurlanstar92: doesn't show hand 
*** SUMMARY ***
Total pot $2.50 | Rake $0 
Seat 2: B3astOfBurd3n (big blind) folded before Flop
Seat 4: Nurlanstar92 (button) collected ($2.50)
Seat 5: G.HANSEN333 (small blind) folded before Flop



PokerStars Hand #254240459161:  Hold'em No Limit ($0.50/$1.00 USD) - 2025/01/06 3:22:54 WET [2025/01/06 22:22:54 ET]
Table 'Hakone' 6-max Seat #5 is the button
Seat 2: B3astOfBurd3n ($83.08 in chips) 
Seat 4: Nurlanstar92 ($146.91 in chips) 
Seat 5: G.HANSEN333 ($101.22 in chips) 
B3astOfBurd3n: posts small blind $0.50
Nurlanstar92: posts big blind $1
*** HOLE CARDS ***
G.HANSEN333: folds 
B3astOfBurd3n: calls $0.50
Nurlanstar92: raises $4 to $5
B3astOfBurd3n: folds 
Uncalled bet ($4) returned to Nurlanstar92
Nurlanstar92 collected $2 from pot
Nurlanstar92: doesn't show hand 
*** SUMMARY ***
Total pot $2 | Rake $0 
Seat 2: B3astOfBurd3n (small blind) folded before Flop
Seat 4: Nurlanstar92 (big blind) collected ($2)
Seat 5: G.HANSEN333 (button) folded before Flop (didn't bet)



PokerStars Hand #254240460853:  Hold'em No Limit ($0.50/$1.00 USD) - 2025/01/06 3:23:06 WET [2025/01/06 22:23:06 ET]
Table 'Hakone' 6-max Seat #2 is the button
Seat 2: B3astOfBurd3n ($82.08 in chips) 
Seat 4: Nurlanstar92 ($147.91 in chips) 
Seat 5: G.HANSEN333 ($101.22 in chips) 
Nurlanstar92: posts small blind $0.50
G.HANSEN333: posts big blind $1
*** HOLE CARDS ***
B3astOfBurd3n: folds 
Nurlanstar92: raises $2 to $3
B3astOfBurd3n is disconnected 
G.HANSEN333: calls $2
*** FLOP *** [6h 5d Jd]
Nurlanstar92: bets $2.85
G.HANSEN333: calls $2.85
*** TURN *** [6h 5d Jd] [Kc]
Nurlanstar92: bets $10
G.HANSEN333: calls $10
*** RIVER *** [6h 5d Jd Kc] [6s]
Nurlanstar92: bets $132.06 and is all-in
G.HANSEN333: folds 
Uncalled bet ($132.06) returned to Nurlanstar92
Nurlanstar92 collected $30.70 from pot
Nurlanstar92: doesn't show hand 
*** SUMMARY ***
Total pot $31.70 | Rake $1 
Board [6h 5d Jd Kc 6s]
Seat 2: B3astOfBurd3n (button) folded before Flop (didn't bet)
Seat 4: Nurlanstar92 (small blind) collected ($30.70)
Seat 5: G.HANSEN333 (big blind) folded on the River



PokerStars Hand #254240465434:  Hold'em No Limit ($0.50/$1.00 USD) - 2025/01/06 3:23:41 WET [2025/01/06 22:23:41 ET]
Table 'Hakone' 6-max Seat #5 is the button
Seat 2: B3astOfBurd3n ($82.08 in chips) is sitting out
Seat 4: Nurlanstar92 ($162.76 in chips) 
Seat 5: G.HANSEN333 ($100 in chips) 
G.HANSEN333: posts small blind $0.50
Nurlanstar92: posts big blind $1
*** HOLE CARDS ***
G.HANSEN333: raises $2 to $3
Nurlanstar92: calls $2
*** FLOP *** [Qc 9c Js]
Nurlanstar92: checks 
G.HANSEN333: bets $3.71
Nurlanstar92: folds 
Uncalled bet ($3.71) returned to G.HANSEN333
G.HANSEN333 collected $5.70 from pot
G.HANSEN333: doesn't show hand 
*** SUMMARY ***
Total pot $6 | Rake $0.30 
Board [Qc 9c Js]
Seat 2: B3astOfBurd3n
Seat 4: Nurlanstar92 (big blind) folded on the Flop
Seat 5: G.HANSEN333 (button) (small blind) collected ($5.70)



PokerStars Hand #254240467028:  Hold'em No Limit ($0.50/$1.00 USD) - 2025/01/06 3:23:53 WET [2025/01/06 22:23:53 ET]
Table 'Hakone' 6-max Seat #4 is the button
Seat 2: B3astOfBurd3n ($82.08 in chips) is sitting out
Seat 4: Nurlanstar92 ($159.76 in chips) 
Seat 5: G.HANSEN333 ($102.70 in chips) 
Nurlanstar92: posts small blind $0.50
G.HANSEN333: posts big blind $1
*** HOLE CARDS ***
Nurlanstar92: raises $1.50 to $2.50
G.HANSEN333: folds 
Uncalled bet ($1.50) returned to Nurlanstar92
Nurlanstar92 collected $2 from pot
Nurlanstar92: doesn't show hand 
*** SUMMARY ***
Total pot $2 | Rake $0 
Seat 2: B3astOfBurd3n
Seat 4: Nurlanstar92 (button) (small blind) collected ($2)
Seat 5: G.HANSEN333 (big blind) folded before Flop



