PokerStars Hand #254230680260:  Hold'em No Limit ($0.50/$1.00 USD) - 2025/01/06 17:43:14 WET [2025/01/06 12:43:14 ET]
Table 'Phad III' 6-max Seat #3 is the button
Seat 1: Maximysss85 ($113.50 in chips) 
Seat 2: 3EPH ($100 in chips) 
Seat 3: Zvst ($100 in chips) 
Seat 4: mr.Jckpot ($100 in chips) 
Seat 5: Stuebi1414 ($97.06 in chips) 
Seat 6: Espada Fish ($126.59 in chips) 
mr.Jckpot: posts small blind $0.50
Stuebi1414: posts big blind $1
*** HOLE CARDS ***
Espada Fish: raises $1.20 to $2.20
Maximysss85: raises $4.60 to $6.80
3EPH: folds 
Zvst: folds 
mr.Jckpot: folds 
Stuebi1414: folds 
Espada Fish: folds 
Uncalled bet ($4.60) returned to Maximysss85
Maximysss85 collected $5.90 from pot
Maximysss85: doesn't show hand 
*** SUMMARY ***
Total pot $5.90 | Rake $0 
Seat 1: Maximysss85 collected ($5.90)
Seat 2: 3EPH folded before Flop (didn't bet)
Seat 3: Zvst (button) folded before Flop (didn't bet)
Seat 4: mr.Jckpot (small blind) folded before Flop
Seat 5: Stuebi1414 (big blind) folded before Flop
Seat 6: Espada Fish folded before Flop



PokerStars Hand #254230686681:  Hold'em No Limit ($0.50/$1.00 USD) - 2025/01/06 17:43:35 WET [2025/01/06 12:43:35 ET]
Table 'Phad III' 6-max Seat #4 is the button
Seat 1: Maximysss85 ($117.20 in chips) 
Seat 2: 3EPH ($100 in chips) 
Seat 3: Zvst ($100 in chips) 
Seat 4: mr.Jckpot ($100 in chips) 
Seat 5: Stuebi1414 ($96.06 in chips) 
Seat 6: Espada Fish ($124.39 in chips) 
Stuebi1414: posts small blind $0.50
Espada Fish: posts big blind $1
*** HOLE CARDS ***
Maximysss85: folds 
3EPH: folds 
Zvst: folds 
mr.Jckpot: folds 
Stuebi1414: calls $0.50
Espada Fish: raises $2.50 to $3.50
Stuebi1414: calls $2.50
*** FLOP *** [Ts 5d 4h]
Stuebi1414: checks 
Espada Fish: checks 
*** TURN *** [Ts 5d 4h] [Td]
Stuebi1414: checks 
Espada Fish: bets $2.26
Stuebi1414: calls $2.26
*** RIVER *** [Ts 5d 4h Td] [Js]
Stuebi1414: checks 
Espada Fish: checks 
*** SHOW DOWN ***
Stuebi1414: shows [4s 6d] (two pair, Tens and Fours)
Espada Fish: mucks hand 
Stuebi1414 collected $10.94 from pot
*** SUMMARY ***
Total pot $11.52 | Rake $0.58 
Board [Ts 5d 4h Td Js]
Seat 1: Maximysss85 folded before Flop (didn't bet)
Seat 2: 3EPH folded before Flop (didn't bet)
Seat 3: Zvst folded before Flop (didn't bet)
Seat 4: mr.Jckpot (button) folded before Flop (didn't bet)
Seat 5: Stuebi1414 (small blind) showed [4s 6d] and won ($10.94) with two pair, Tens and Fours
Seat 6: Espada Fish (big blind) mucked



PokerStars Hand #254230708780:  Hold'em No Limit ($0.50/$1.00 USD) - 2025/01/06 17:44:46 WET [2025/01/06 12:44:46 ET]
Table 'Phad III' 6-max Seat #5 is the button
Seat 1: Maximysss85 ($117.20 in chips) 
Seat 2: 3EPH ($100 in chips) 
Seat 3: Zvst ($100 in chips) 
Seat 4: mr.Jckpot ($100 in chips) 
Seat 5: Stuebi1414 ($101.24 in chips) 
Seat 6: Espada Fish ($118.63 in chips) 
Espada Fish: posts small blind $0.50
Maximysss85: posts big blind $1
*** HOLE CARDS ***
3EPH: folds 
Zvst: folds 
mr.Jckpot: folds 
Stuebi1414: calls $1
Espada Fish: folds 
Maximysss85: raises $3.75 to $4.75
Stuebi1414: calls $3.75
*** FLOP *** [Ts 8h 3s]
Maximysss85: checks 
Stuebi1414: checks 
*** TURN *** [Ts 8h 3s] [8d]
Maximysss85: checks 
Stuebi1414: checks 
*** RIVER *** [Ts 8h 3s 8d] [Th]
Maximysss85: checks 
Stuebi1414: bets $3.75
Maximysss85: calls $3.75
*** SHOW DOWN ***
Stuebi1414: shows [Qh Jd] (two pair, Tens and Eights)
Maximysss85: shows [Ac Kd] (two pair, Tens and Eights - Ace kicker)
Maximysss85 collected $16.62 from pot
*** SUMMARY ***
Total pot $17.50 | Rake $0.88 
Board [Ts 8h 3s 8d Th]
Seat 1: Maximysss85 (big blind) showed [Ac Kd] and won ($16.62) with two pair, Tens and Eights
Seat 2: 3EPH folded before Flop (didn't bet)
Seat 3: Zvst folded before Flop (didn't bet)
Seat 4: mr.Jckpot folded before Flop (didn't bet)
Seat 5: Stuebi1414 (button) showed [Qh Jd] and lost with two pair, Tens and Eights
Seat 6: Espada Fish (small blind) folded before Flop



PokerStars Hand #254230719043:  Hold'em No Limit ($0.50/$1.00 USD) - 2025/01/06 17:45:20 WET [2025/01/06 12:45:20 ET]
Table 'Phad III' 6-max Seat #6 is the button
Seat 2: 3EPH ($100 in chips) is sitting out
Seat 1: Maximysss85 ($125.32 in chips) 
Seat 3: Zvst ($100 in chips) 
Seat 4: mr.Jckpot ($100 in chips) 
Seat 5: Stuebi1414 ($92.74 in chips) 
Seat 6: Espada Fish ($118.13 in chips) 
Maximysss85: posts small blind $0.50
3EPH: is sitting out 
Zvst: posts big blind $1
*** HOLE CARDS ***
3EPH leaves the table
mr.Jckpot: folds 
Stuebi1414: calls $1
Espada Fish: folds 
Maximysss85: folds 
blistein joins the table at seat #2 
Zvst: checks 
*** FLOP *** [9d 5h 4d]
Zvst: checks 
Stuebi1414: bets $1.19
Zvst: calls $1.19
*** TURN *** [9d 5h 4d] [Js]
Zvst: checks 
Stuebi1414: bets $2.32
Zvst: calls $2.32
*** RIVER *** [9d 5h 4d Js] [4s]
Zvst: bets $7.03
Stuebi1414: folds 
Uncalled bet ($7.03) returned to Zvst
Zvst collected $9.04 from pot
Zvst: doesn't show hand 
*** SUMMARY ***
Total pot $9.52 | Rake $0.48 
Board [9d 5h 4d Js 4s]
Seat 2: 3EPH
Seat 1: Maximysss85 (small blind) folded before Flop
Seat 3: Zvst (big blind) collected ($9.04)
Seat 4: mr.Jckpot folded before Flop (didn't bet)
Seat 5: Stuebi1414 folded on the River
Seat 6: Espada Fish (button) folded before Flop (didn't bet)



PokerStars Hand #254230737591:  Hold'em No Limit ($0.50/$1.00 USD) - 2025/01/06 17:46:20 WET [2025/01/06 12:46:20 ET]
Table 'Phad III' 6-max Seat #1 is the button
Seat 2: blistein ($100 in chips) is sitting out
Seat 1: Maximysss85 ($124.82 in chips) 
Seat 3: Zvst ($104.53 in chips) 
Seat 4: mr.Jckpot ($100 in chips) 
Seat 5: Stuebi1414 ($88.23 in chips) 
Seat 6: Espada Fish ($118.13 in chips) 
Zvst: posts small blind $0.50
mr.Jckpot: posts big blind $1
*** HOLE CARDS ***
Stuebi1414: calls $1
Espada Fish: folds 
Maximysss85: folds 
Zvst: folds 
mr.Jckpot: raises $2 to $3
Stuebi1414: calls $2
*** FLOP *** [8d Jd Th]
mr.Jckpot: bets $4.08
Stuebi1414: calls $4.08
*** TURN *** [8d Jd Th] [3c]
mr.Jckpot: bets $16.86
Stuebi1414: calls $16.86
*** RIVER *** [8d Jd Th 3c] [4c]
mr.Jckpot: bets $34.50
Stuebi1414: calls $34.50
*** SHOW DOWN ***
mr.Jckpot: shows [Jc 8c] (two pair, Jacks and Eights)
Stuebi1414: mucks hand 
mr.Jckpot collected $114.88 from pot
*** SUMMARY ***
Total pot $117.38 | Rake $2.50 
Board [8d Jd Th 3c 4c]
Seat 2: blistein
Seat 1: Maximysss85 (button) folded before Flop (didn't bet)
Seat 3: Zvst (small blind) folded before Flop
Seat 4: mr.Jckpot (big blind) showed [Jc 8c] and won ($114.88) with two pair, Jacks and Eights
Seat 5: Stuebi1414 mucked
Seat 6: Espada Fish folded before Flop (didn't bet)



PokerStars Hand #254230753482:  Hold'em No Limit ($0.50/$1.00 USD) - 2025/01/06 17:47:11 WET [2025/01/06 12:47:11 ET]
Table 'Phad III' 6-max Seat #3 is the button
Seat 2: blistein ($100 in chips) is sitting out
Seat 1: Maximysss85 ($124.82 in chips) 
Seat 3: Zvst ($104.03 in chips) 
Seat 4: mr.Jckpot ($156.44 in chips) 
Seat 5: Stuebi1414 ($29.79 in chips) 
Seat 6: Espada Fish ($118.13 in chips) 
mr.Jckpot: posts small blind $0.50
Stuebi1414: posts big blind $1
blistein: sits out 
*** HOLE CARDS ***
Espada Fish: raises $1.20 to $2.20
Maximysss85: folds 
Zvst: folds 
mr.Jckpot: folds 
Stuebi1414: calls $1.20
*** FLOP *** [2s 5d Jc]
Stuebi1414: checks 
Espada Fish: bets $1.58
Stuebi1414: raises $7.82 to $9.40
Espada Fish: folds 
Uncalled bet ($7.82) returned to Stuebi1414
Stuebi1414 collected $7.66 from pot
*** SUMMARY ***
Total pot $8.06 | Rake $0.40 
Board [2s 5d Jc]
Seat 2: blistein
Seat 1: Maximysss85 folded before Flop (didn't bet)
Seat 3: Zvst (button) folded before Flop (didn't bet)
Seat 4: mr.Jckpot (small blind) folded before Flop
Seat 5: Stuebi1414 (big blind) collected ($7.66)
Seat 6: Espada Fish folded on the Flop



PokerStars Hand #254230766368:  Hold'em No Limit ($0.50/$1.00 USD) - 2025/01/06 17:47:53 WET [2025/01/06 12:47:53 ET]
Table 'Phad III' 6-max Seat #4 is the button
Seat 2: blistein ($100 in chips) is sitting out
Seat 1: Maximysss85 ($124.82 in chips) 
Seat 3: Zvst ($104.03 in chips) 
Seat 4: mr.Jckpot ($155.94 in chips) 
Seat 5: Stuebi1414 ($33.67 in chips) 
Seat 6: Espada Fish ($114.35 in chips) 
Stuebi1414: posts small blind $0.50
Espada Fish: posts big blind $1
blistein: sits out 
*** HOLE CARDS ***
Maximysss85: folds 
Zvst: folds 
mr.Jckpot: folds 
Stuebi1414: calls $0.50
Espada Fish: raises $2.50 to $3.50
Stuebi1414: calls $2.50
*** FLOP *** [Th 6d 9d]
Stuebi1414: checks 
Espada Fish: checks 
*** TURN *** [Th 6d 9d] [3s]
Stuebi1414: bets $3.33
Espada Fish: calls $3.33
*** RIVER *** [Th 6d 9d 3s] [3d]
Stuebi1414: bets $6.49
Espada Fish: calls $6.49
*** SHOW DOWN ***
Stuebi1414: shows [4s 2s] (a pair of Threes)
Espada Fish: shows [Kc As] (a pair of Threes - Ace kicker)
Espada Fish collected $25.31 from pot
*** SUMMARY ***
Total pot $26.64 | Rake $1.33 
Board [Th 6d 9d 3s 3d]
Seat 2: blistein
Seat 1: Maximysss85 folded before Flop (didn't bet)
Seat 3: Zvst folded before Flop (didn't bet)
Seat 4: mr.Jckpot (button) folded before Flop (didn't bet)
Seat 5: Stuebi1414 (small blind) showed [4s 2s] and lost with a pair of Threes
Seat 6: Espada Fish (big blind) showed [Kc As] and won ($25.31) with a pair of Threes



PokerStars Hand #254230782249:  Hold'em No Limit ($0.50/$1.00 USD) - 2025/01/06 17:48:45 WET [2025/01/06 12:48:45 ET]
Table 'Phad III' 6-max Seat #5 is the button
Seat 2: blistein ($100 in chips) is sitting out
Seat 1: Maximysss85 ($124.82 in chips) 
Seat 3: Zvst ($104.03 in chips) 
Seat 4: mr.Jckpot ($155.94 in chips) 
Seat 5: Stuebi1414 ($20.35 in chips) 
Seat 6: Espada Fish ($126.34 in chips) 
Espada Fish: posts small blind $0.50
Maximysss85: posts big blind $1
blistein: sits out 
*** HOLE CARDS ***
Zvst: folds 
mr.Jckpot: raises $1.50 to $2.50
Stuebi1414: folds 
Stuebi1414 leaves the table
Espada Fish: raises $8.50 to $11
Maximysss85: folds 
mr.Jckpot: folds 
Uncalled bet ($8.50) returned to Espada Fish
Espada Fish collected $6 from pot
Espada Fish: doesn't show hand 
*** SUMMARY ***
Total pot $6 | Rake $0 
Seat 2: blistein
Seat 1: Maximysss85 (big blind) folded before Flop
Seat 3: Zvst folded before Flop (didn't bet)
Seat 4: mr.Jckpot folded before Flop
Seat 5: Stuebi1414 (button) folded before Flop (didn't bet)
Seat 6: Espada Fish (small blind) collected ($6)



PokerStars Hand #254230790069:  Hold'em No Limit ($0.50/$1.00 USD) - 2025/01/06 17:49:10 WET [2025/01/06 12:49:10 ET]
Table 'Phad III' 6-max Seat #6 is the button
Seat 1: Maximysss85 ($123.82 in chips) 
Seat 2: blistein ($100 in chips) 
Seat 3: Zvst ($104.03 in chips) 
Seat 4: mr.Jckpot ($153.44 in chips) 
Seat 6: Espada Fish ($129.84 in chips) 
Maximysss85: posts small blind $0.50
blistein: posts big blind $1
*** HOLE CARDS ***
Zvst: folds 
mr.Jckpot: folds 
Espada Fish: folds 
Zvst leaves the table
Maximysss85: folds 
Uncalled bet ($0.50) returned to blistein
blistein collected $1 from pot
blistein: doesn't show hand 
*** SUMMARY ***
Total pot $1 | Rake $0 
Seat 1: Maximysss85 (small blind) folded before Flop
Seat 2: blistein (big blind) collected ($1)
Seat 3: Zvst folded before Flop (didn't bet)
Seat 4: mr.Jckpot folded before Flop (didn't bet)
Seat 6: Espada Fish (button) folded before Flop (didn't bet)



PokerStars Hand #254230793068:  Hold'em No Limit ($0.50/$1.00 USD) - 2025/01/06 17:49:20 WET [2025/01/06 12:49:20 ET]
Table 'Phad III' 6-max Seat #2 is the button
Seat 4: mr.Jckpot ($153.44 in chips) is sitting out
Seat 6: Espada Fish ($129.84 in chips) is sitting out
Seat 1: Maximysss85 ($123.32 in chips) 
Seat 2: blistein ($100.50 in chips) 
blistein: posts small blind $0.50
mr.Jckpot: is sitting out 
Espada Fish: is sitting out 
Maximysss85: posts big blind $1
*** HOLE CARDS ***
blistein: folds 
Uncalled bet ($0.50) returned to Maximysss85
Maximysss85 collected $1 from pot
Maximysss85: doesn't show hand 
mr.Jckpot leaves the table
*** SUMMARY ***
Total pot $1 | Rake $0 
Seat 4: mr.Jckpot
Seat 6: Espada Fish
Seat 1: Maximysss85 (big blind) collected ($1)
Seat 2: blistein (button) (small blind) folded before Flop



