PokerStars Hand #254230333800:  Hold'em No Limit ($0.50/$1.00 USD) - 2025/01/06 17:24:10 WET [2025/01/06 12:24:10 ET]
Table 'Alzirr III' 6-max Seat #4 is the button
Seat 1: joner74 ($104.82 in chips) 
Seat 2: Joker007r ($100 in chips) 
Seat 3: sta$igk ($100 in chips) 
Seat 4: EvilReality ($100 in chips) 
Seat 5: mr.Jckpot ($100 in chips) 
mr.Jckpot: posts small blind $0.50
joner74: posts big blind $1
*** HOLE CARDS ***
Joker007r: raises $2 to $3
sta$igk: folds 
EvilReality: folds 
mr.Jckpot: folds 
joner74: folds 
Uncalled bet ($2) returned to Joker007r
Joker007r collected $2.50 from pot
Joker007r: doesn't show hand 
*** SUMMARY ***
Total pot $2.50 | Rake $0 
Seat 1: joner74 (big blind) folded before Flop
Seat 2: Joker007r collected ($2.50)
Seat 3: sta$igk folded before Flop (didn't bet)
Seat 4: EvilReality (button) folded before Flop (didn't bet)
Seat 5: mr.Jckpot (small blind) folded before Flop



PokerStars Hand #254230339448:  Hold'em No Limit ($0.50/$1.00 USD) - 2025/01/06 17:24:29 WET [2025/01/06 12:24:29 ET]
Table 'Alzirr III' 6-max Seat #5 is the button
Seat 1: joner74 ($103.82 in chips) 
Seat 2: Joker007r ($101.50 in chips) 
Seat 3: sta$igk ($100 in chips) 
Seat 4: EvilReality ($100 in chips) 
Seat 5: mr.Jckpot ($100 in chips) 
joner74: posts small blind $0.50
Joker007r: posts big blind $1
*** HOLE CARDS ***
sta$igk: raises $1.50 to $2.50
EvilReality: folds 
mr.Jckpot: folds 
joner74: folds 
Joker007r: folds 
Uncalled bet ($1.50) returned to sta$igk
sta$igk collected $2.50 from pot
sta$igk: doesn't show hand 
*** SUMMARY ***
Total pot $2.50 | Rake $0 
Seat 1: joner74 (small blind) folded before Flop
Seat 2: Joker007r (big blind) folded before Flop
Seat 3: sta$igk collected ($2.50)
Seat 4: EvilReality folded before Flop (didn't bet)
Seat 5: mr.Jckpot (button) folded before Flop (didn't bet)



PokerStars Hand #254230343267:  Hold'em No Limit ($0.50/$1.00 USD) - 2025/01/06 17:24:42 WET [2025/01/06 12:24:42 ET]
Table 'Alzirr III' 6-max Seat #1 is the button
Seat 3: sta$igk ($101.50 in chips) is sitting out
Seat 1: joner74 ($103.32 in chips) 
Seat 2: Joker007r ($100.50 in chips) 
Seat 4: EvilReality ($100 in chips) 
Seat 5: mr.Jckpot ($100 in chips) 
Joker007r: posts small blind $0.50
sta$igk: is sitting out 
EvilReality: posts big blind $1
*** HOLE CARDS ***
sta$igk leaves the table
mr.Jckpot: folds 
joner74: folds 
Joker007r: folds 
Uncalled bet ($0.50) returned to EvilReality
EvilReality collected $1 from pot
EvilReality: doesn't show hand 
*** SUMMARY ***
Total pot $1 | Rake $0 
Seat 3: sta$igk
Seat 1: joner74 (button) folded before Flop (didn't bet)
Seat 2: Joker007r (small blind) folded before Flop
Seat 4: EvilReality (big blind) collected ($1)
Seat 5: mr.Jckpot folded before Flop (didn't bet)



PokerStars Hand #254230346292:  Hold'em No Limit ($0.50/$1.00 USD) - 2025/01/06 17:24:52 WET [2025/01/06 12:24:52 ET]
Table 'Alzirr III' 6-max Seat #2 is the button
Seat 5: mr.Jckpot ($100 in chips) is sitting out
Seat 1: joner74 ($103.32 in chips) 
Seat 2: Joker007r ($100 in chips) 
Seat 4: EvilReality ($100.50 in chips) 
EvilReality: posts small blind $0.50
mr.Jckpot: is sitting out 
joner74: posts big blind $1
*** HOLE CARDS ***
Joker007r: raises $1.50 to $2.50
mr.Jckpot leaves the table
EvilReality: folds 
joner74: folds 
Uncalled bet ($1.50) returned to Joker007r
Joker007r collected $2.50 from pot
Joker007r: doesn't show hand 
*** SUMMARY ***
Total pot $2.50 | Rake $0 
Seat 5: mr.Jckpot
Seat 1: joner74 (big blind) folded before Flop
Seat 2: Joker007r (button) collected ($2.50)
Seat 4: EvilReality (small blind) folded before Flop



PokerStars Hand #254230351270:  Hold'em No Limit ($0.50/$1.00 USD) - 2025/01/06 17:25:09 WET [2025/01/06 12:25:09 ET]
Table 'Alzirr III' 6-max Seat #1 is the button
Seat 2: Joker007r ($101.50 in chips) is sitting out
Seat 1: joner74 ($102.32 in chips) 
Seat 4: EvilReality ($100 in chips) 
joner74: posts small blind $0.50
Joker007r: is sitting out 
EvilReality: posts big blind $1
*** HOLE CARDS ***
Joker007r leaves the table
joner74: raises $1.50 to $2.50
EvilReality: raises $7.50 to $10
joner74: calls $7.50
*** FLOP *** [9c 7s 5c]
EvilReality: checks 
joner74: bets $7.99
EvilReality: calls $7.99
*** TURN *** [9c 7s 5c] [Ac]
EvilReality: checks 
joner74: checks 
*** RIVER *** [9c 7s 5c Ac] [4s]
EvilReality: bets $11.54
joner74: folds 
Uncalled bet ($11.54) returned to EvilReality
EvilReality collected $34.98 from pot
EvilReality: doesn't show hand 
*** SUMMARY ***
Total pot $35.98 | Rake $1 
Board [9c 7s 5c Ac 4s]
Seat 2: Joker007r
Seat 1: joner74 (button) (small blind) folded on the River
Seat 4: EvilReality (big blind) collected ($34.98)



PokerStars Hand #254230372176:  Hold'em No Limit ($0.50/$1.00 USD) - 2025/01/06 17:26:20 WET [2025/01/06 12:26:20 ET]
Table 'Alzirr III' 6-max Seat #4 is the button
Seat 1: joner74 ($100 in chips) 
Seat 4: EvilReality ($116.99 in chips) 
EvilReality: posts small blind $0.50
joner74: posts big blind $1
*** HOLE CARDS ***
EvilReality: raises $1.50 to $2.50
joner74: folds 
Uncalled bet ($1.50) returned to EvilReality
EvilReality collected $2 from pot
EvilReality: doesn't show hand 
*** SUMMARY ***
Total pot $2 | Rake $0 
Seat 1: joner74 (big blind) folded before Flop
Seat 4: EvilReality (button) (small blind) collected ($2)



