PokerStars Hand #254227199588:  Hold'em No Limit ($0.50/$1.00 USD) - 2025/01/06 13:36:23 WET [2025/01/06 8:36:23 ET]
Table 'Nissen' 6-max Seat #6 is the button
Seat 1: franco232315 ($102.40 in chips) 
Seat 2: coeeeelho ($100 in chips) 
Seat 3: Spleoshk ($60.76 in chips) 
Seat 4: b2k-Snick ($100 in chips) 
Seat 5: Gfoer ($100 in chips) 
Seat 6: Nicedaymybro ($100 in chips) 
franco232315: posts small blind $0.50
coeeeelho: posts big blind $1
*** HOLE CARDS ***
Spleoshk: raises $2 to $3
b2k-Snick: folds 
Gfoer: folds 
Nicedaymybro: folds 
franco232315: folds 
coeeeelho: folds 
Uncalled bet ($2) returned to Spleoshk
Spleoshk collected $2.50 from pot
*** SUMMARY ***
Total pot $2.50 | Rake $0 
Seat 1: franco232315 (small blind) folded before Flop
Seat 2: coeeeelho (big blind) folded before Flop
Seat 3: Spleoshk collected ($2.50)
Seat 4: b2k-Snick folded before Flop (didn't bet)
Seat 5: Gfoer folded before Flop (didn't bet)
Seat 6: Nicedaymybro (button) folded before Flop (didn't bet)



PokerStars Hand #254227203738:  Hold'em No Limit ($0.50/$1.00 USD) - 2025/01/06 13:36:46 WET [2025/01/06 8:36:46 ET]
Table 'Nissen' 6-max Seat #1 is the button
Seat 1: franco232315 ($101.90 in chips) 
Seat 2: coeeeelho ($100 in chips) 
Seat 3: Spleoshk ($62.26 in chips) 
Seat 4: b2k-Snick ($100 in chips) 
Seat 5: Gfoer ($100 in chips) 
Seat 6: Nicedaymybro ($100 in chips) 
coeeeelho: posts small blind $0.50
Spleoshk: posts big blind $1
*** HOLE CARDS ***
b2k-Snick: folds 
Gfoer: folds 
Nicedaymybro: folds 
franco232315: folds 
coeeeelho: raises $2 to $3
Spleoshk: calls $2
*** FLOP *** [3h 4c 3c]
coeeeelho: checks 
Spleoshk: bets $3
coeeeelho: calls $3
*** TURN *** [3h 4c 3c] [9h]
coeeeelho: checks 
Spleoshk: checks 
*** RIVER *** [3h 4c 3c 9h] [Ts]
coeeeelho: bets $5.70
Spleoshk: calls $5.70
*** SHOW DOWN ***
coeeeelho: shows [9s Ad] (two pair, Nines and Threes)
Spleoshk: mucks hand 
coeeeelho collected $22.23 from pot
*** SUMMARY ***
Total pot $23.40 | Rake $1.17 
Board [3h 4c 3c 9h Ts]
Seat 1: franco232315 (button) folded before Flop (didn't bet)
Seat 2: coeeeelho (small blind) showed [9s Ad] and won ($22.23) with two pair, Nines and Threes
Seat 3: Spleoshk (big blind) mucked
Seat 4: b2k-Snick folded before Flop (didn't bet)
Seat 5: Gfoer folded before Flop (didn't bet)
Seat 6: Nicedaymybro folded before Flop (didn't bet)



PokerStars Hand #254227215201:  Hold'em No Limit ($0.50/$1.00 USD) - 2025/01/06 13:37:48 WET [2025/01/06 8:37:48 ET]
Table 'Nissen' 6-max Seat #2 is the button
Seat 1: franco232315 ($101.90 in chips) 
Seat 2: coeeeelho ($110.53 in chips) 
Seat 3: Spleoshk ($50.56 in chips) 
Seat 4: b2k-Snick ($100 in chips) 
Seat 5: Gfoer ($100 in chips) 
Seat 6: Nicedaymybro ($100 in chips) 
Spleoshk: posts small blind $0.50
b2k-Snick: posts big blind $1
*** HOLE CARDS ***
Gfoer: folds 
Nicedaymybro: folds 
franco232315: raises $1.50 to $2.50
coeeeelho: raises $5 to $7.50
Spleoshk: calls $7
b2k-Snick: folds 
franco232315: raises $17 to $24.50
coeeeelho: folds 
Spleoshk: calls $17
*** FLOP *** [7s 7h Jh]
Spleoshk: bets $26.06 and is all-in
franco232315: calls $26.06
*** TURN *** [7s 7h Jh] [5s]
*** RIVER *** [7s 7h Jh 5s] [Qc]
*** SHOW DOWN ***
Spleoshk: shows [9d Jc] (two pair, Jacks and Sevens)
franco232315: shows [Ks Ac] (a pair of Sevens)
Spleoshk collected $107.12 from pot
*** SUMMARY ***
Total pot $109.62 | Rake $2.50 
Board [7s 7h Jh 5s Qc]
Seat 1: franco232315 showed [Ks Ac] and lost with a pair of Sevens
Seat 2: coeeeelho (button) folded before Flop
Seat 3: Spleoshk (small blind) showed [9d Jc] and won ($107.12) with two pair, Jacks and Sevens
Seat 4: b2k-Snick (big blind) folded before Flop
Seat 5: Gfoer folded before Flop (didn't bet)
Seat 6: Nicedaymybro folded before Flop (didn't bet)



PokerStars Hand #254227224382:  Hold'em No Limit ($0.50/$1.00 USD) - 2025/01/06 13:38:38 WET [2025/01/06 8:38:38 ET]
Table 'Nissen' 6-max Seat #3 is the button
Seat 1: franco232315 ($100 in chips) 
Seat 2: coeeeelho ($103.03 in chips) 
Seat 3: Spleoshk ($107.12 in chips) 
Seat 4: b2k-Snick ($100 in chips) 
Seat 5: Gfoer ($100 in chips) 
Seat 6: Nicedaymybro ($100 in chips) 
b2k-Snick: posts small blind $0.50
Gfoer: posts big blind $1
*** HOLE CARDS ***
Nicedaymybro: folds 
franco232315: folds 
coeeeelho: raises $1.30 to $2.30
Spleoshk: calls $2.30
b2k-Snick: folds 
Gfoer: folds 
*** FLOP *** [7d 9h 3h]
coeeeelho: checks 
Spleoshk: checks 
*** TURN *** [7d 9h 3h] [3s]
coeeeelho: bets $2.90
Spleoshk: calls $2.90
*** RIVER *** [7d 9h 3h 3s] [4s]
coeeeelho: checks 
Spleoshk: bets $5
coeeeelho: calls $5
*** SHOW DOWN ***
Spleoshk: shows [Th Ks] (a pair of Threes)
coeeeelho: shows [6s 6d] (two pair, Sixes and Threes)
coeeeelho collected $20.80 from pot
*** SUMMARY ***
Total pot $21.90 | Rake $1.10 
Board [7d 9h 3h 3s 4s]
Seat 1: franco232315 folded before Flop (didn't bet)
Seat 2: coeeeelho showed [6s 6d] and won ($20.80) with two pair, Sixes and Threes
Seat 3: Spleoshk (button) showed [Th Ks] and lost with a pair of Threes
Seat 4: b2k-Snick (small blind) folded before Flop
Seat 5: Gfoer (big blind) folded before Flop
Seat 6: Nicedaymybro folded before Flop (didn't bet)



PokerStars Hand #254227232034:  Hold'em No Limit ($0.50/$1.00 USD) - 2025/01/06 13:39:19 WET [2025/01/06 8:39:19 ET]
Table 'Nissen' 6-max Seat #4 is the button
Seat 1: franco232315 ($100 in chips) 
Seat 2: coeeeelho ($113.63 in chips) 
Seat 3: Spleoshk ($96.92 in chips) 
Seat 4: b2k-Snick ($100 in chips) 
Seat 5: Gfoer ($100 in chips) 
Seat 6: Nicedaymybro ($100 in chips) 
Gfoer: posts small blind $0.50
Nicedaymybro: posts big blind $1
*** HOLE CARDS ***
franco232315: folds 
coeeeelho: folds 
Spleoshk: raises $2 to $3
b2k-Snick: folds 
Gfoer: folds 
Nicedaymybro: folds 
Uncalled bet ($2) returned to Spleoshk
Spleoshk collected $2.50 from pot
*** SUMMARY ***
Total pot $2.50 | Rake $0 
Seat 1: franco232315 folded before Flop (didn't bet)
Seat 2: coeeeelho folded before Flop (didn't bet)
Seat 3: Spleoshk collected ($2.50)
Seat 4: b2k-Snick (button) folded before Flop (didn't bet)
Seat 5: Gfoer (small blind) folded before Flop
Seat 6: Nicedaymybro (big blind) folded before Flop



PokerStars Hand #254227235788:  Hold'em No Limit ($0.50/$1.00 USD) - 2025/01/06 13:39:39 WET [2025/01/06 8:39:39 ET]
Table 'Nissen' 6-max Seat #5 is the button
Seat 1: franco232315 ($100 in chips) 
Seat 2: coeeeelho ($113.63 in chips) 
Seat 3: Spleoshk ($98.42 in chips) 
Seat 4: b2k-Snick ($100 in chips) 
Seat 5: Gfoer ($100 in chips) 
Seat 6: Nicedaymybro ($100 in chips) 
Nicedaymybro: posts small blind $0.50
franco232315: posts big blind $1
*** HOLE CARDS ***
coeeeelho: folds 
Spleoshk: calls $1
b2k-Snick: folds 
Gfoer: folds 
Nicedaymybro: folds 
franco232315: checks 
*** FLOP *** [Ac 9h 2c]
franco232315: checks 
Spleoshk: checks 
*** TURN *** [Ac 9h 2c] [Ah]
franco232315: checks 
Spleoshk: bets $2
franco232315: folds 
Uncalled bet ($2) returned to Spleoshk
Spleoshk collected $2.38 from pot
*** SUMMARY ***
Total pot $2.50 | Rake $0.12 
Board [Ac 9h 2c Ah]
Seat 1: franco232315 (big blind) folded on the Turn
Seat 2: coeeeelho folded before Flop (didn't bet)
Seat 3: Spleoshk collected ($2.38)
Seat 4: b2k-Snick folded before Flop (didn't bet)
Seat 5: Gfoer (button) folded before Flop (didn't bet)
Seat 6: Nicedaymybro (small blind) folded before Flop



PokerStars Hand #254227242684:  Hold'em No Limit ($0.50/$1.00 USD) - 2025/01/06 13:40:16 WET [2025/01/06 8:40:16 ET]
Table 'Nissen' 6-max Seat #6 is the button
Seat 1: franco232315 ($100 in chips) 
Seat 2: coeeeelho ($113.63 in chips) 
Seat 3: Spleoshk ($99.80 in chips) 
Seat 4: b2k-Snick ($100 in chips) 
Seat 5: Gfoer ($100 in chips) 
Seat 6: Nicedaymybro ($100 in chips) 
franco232315: posts small blind $0.50
coeeeelho: posts big blind $1
*** HOLE CARDS ***
Spleoshk: folds 
b2k-Snick: folds 
Gfoer: folds 
Nicedaymybro: folds 
franco232315: folds 
Uncalled bet ($0.50) returned to coeeeelho
coeeeelho collected $1 from pot
coeeeelho: doesn't show hand 
*** SUMMARY ***
Total pot $1 | Rake $0 
Seat 1: franco232315 (small blind) folded before Flop
Seat 2: coeeeelho (big blind) collected ($1)
Seat 3: Spleoshk folded before Flop (didn't bet)
Seat 4: b2k-Snick folded before Flop (didn't bet)
Seat 5: Gfoer folded before Flop (didn't bet)
Seat 6: Nicedaymybro (button) folded before Flop (didn't bet)



PokerStars Hand #254227244694:  Hold'em No Limit ($0.50/$1.00 USD) - 2025/01/06 13:40:27 WET [2025/01/06 8:40:27 ET]
Table 'Nissen' 6-max Seat #1 is the button
Seat 1: franco232315 ($100 in chips) 
Seat 2: coeeeelho ($114.13 in chips) 
Seat 3: Spleoshk ($99.80 in chips) 
Seat 4: b2k-Snick ($100 in chips) 
Seat 5: Gfoer ($100 in chips) 
Seat 6: Nicedaymybro ($100 in chips) 
coeeeelho: posts small blind $0.50
Spleoshk: posts big blind $1
*** HOLE CARDS ***
b2k-Snick: raises $1.10 to $2.10
Gfoer: folds 
Nicedaymybro: folds 
franco232315: calls $2.10
coeeeelho: folds 
Spleoshk: raises $3.10 to $5.20
b2k-Snick: calls $3.10
franco232315: calls $3.10
*** FLOP *** [Ah Qs Ac]
Spleoshk: bets $5
b2k-Snick: calls $5
franco232315: folds 
*** TURN *** [Ah Qs Ac] [9s]
Spleoshk: checks 
b2k-Snick: bets $19.35
Spleoshk: folds 
Uncalled bet ($19.35) returned to b2k-Snick
b2k-Snick collected $24.80 from pot
b2k-Snick: doesn't show hand 
*** SUMMARY ***
Total pot $26.10 | Rake $1.30 
Board [Ah Qs Ac 9s]
Seat 1: franco232315 (button) folded on the Flop
Seat 2: coeeeelho (small blind) folded before Flop
Seat 3: Spleoshk (big blind) folded on the Turn
Seat 4: b2k-Snick collected ($24.80)
Seat 5: Gfoer folded before Flop (didn't bet)
Seat 6: Nicedaymybro folded before Flop (didn't bet)



PokerStars Hand #254227258199:  Hold'em No Limit ($0.50/$1.00 USD) - 2025/01/06 13:41:40 WET [2025/01/06 8:41:40 ET]
Table 'Nissen' 6-max Seat #2 is the button
Seat 1: franco232315 ($100 in chips) 
Seat 2: coeeeelho ($113.63 in chips) 
Seat 3: Spleoshk ($89.60 in chips) 
Seat 4: b2k-Snick ($114.60 in chips) 
Seat 5: Gfoer ($100 in chips) 
Seat 6: Nicedaymybro ($100 in chips) 
Spleoshk: posts small blind $0.50
b2k-Snick: posts big blind $1
*** HOLE CARDS ***
Gfoer: folds 
Nicedaymybro: folds 
franco232315: folds 
coeeeelho: folds 
Spleoshk: calls $0.50
b2k-Snick: raises $3 to $4
Spleoshk: calls $3
*** FLOP *** [Kd As 6d]
Spleoshk: checks 
b2k-Snick: checks 
*** TURN *** [Kd As 6d] [Jd]
Spleoshk: bets $2
b2k-Snick: calls $2
*** RIVER *** [Kd As 6d Jd] [3d]
Spleoshk: bets $6
b2k-Snick: folds 
Uncalled bet ($6) returned to Spleoshk
Spleoshk collected $11.40 from pot
*** SUMMARY ***
Total pot $12 | Rake $0.60 
Board [Kd As 6d Jd 3d]
Seat 1: franco232315 folded before Flop (didn't bet)
Seat 2: coeeeelho (button) folded before Flop (didn't bet)
Seat 3: Spleoshk (small blind) collected ($11.40)
Seat 4: b2k-Snick (big blind) folded on the River
Seat 5: Gfoer folded before Flop (didn't bet)
Seat 6: Nicedaymybro folded before Flop (didn't bet)



PokerStars Hand #254227268895:  Hold'em No Limit ($0.50/$1.00 USD) - 2025/01/06 13:42:38 WET [2025/01/06 8:42:38 ET]
Table 'Nissen' 6-max Seat #3 is the button
Seat 1: franco232315 ($100 in chips) 
Seat 2: coeeeelho ($113.63 in chips) 
Seat 3: Spleoshk ($95 in chips) 
Seat 4: b2k-Snick ($108.60 in chips) 
Seat 5: Gfoer ($100 in chips) 
Seat 6: Nicedaymybro ($100 in chips) 
b2k-Snick: posts small blind $0.50
Gfoer: posts big blind $1
*** HOLE CARDS ***
Nicedaymybro: folds 
franco232315: raises $1.20 to $2.20
coeeeelho: folds 
Spleoshk: calls $2.20
b2k-Snick: folds 
Gfoer: calls $1.20
*** FLOP *** [4d 5h 7h]
Gfoer: checks 
franco232315: checks 
Spleoshk: bets $3
Gfoer: folds 
franco232315: calls $3
*** TURN *** [4d 5h 7h] [Ad]
franco232315: checks 
Spleoshk: bets $3
franco232315: raises $7 to $10
Spleoshk: calls $7
*** RIVER *** [4d 5h 7h Ad] [2c]
franco232315: checks 
Spleoshk: bets $9
franco232315: calls $9
*** SHOW DOWN ***
Spleoshk: shows [Qd 4h] (a pair of Fours)
franco232315: shows [As 6s] (a pair of Aces)
franco232315 collected $48.60 from pot
*** SUMMARY ***
Total pot $51.10 | Rake $2.50 
Board [4d 5h 7h Ad 2c]
Seat 1: franco232315 showed [As 6s] and won ($48.60) with a pair of Aces
Seat 2: coeeeelho folded before Flop (didn't bet)
Seat 3: Spleoshk (button) showed [Qd 4h] and lost with a pair of Fours
Seat 4: b2k-Snick (small blind) folded before Flop
Seat 5: Gfoer (big blind) folded on the Flop
Seat 6: Nicedaymybro folded before Flop (didn't bet)



PokerStars Hand #254227281101:  Hold'em No Limit ($0.50/$1.00 USD) - 2025/01/06 13:43:45 WET [2025/01/06 8:43:45 ET]
Table 'Nissen' 6-max Seat #4 is the button
Seat 1: franco232315 ($124.40 in chips) 
Seat 2: coeeeelho ($113.63 in chips) 
Seat 3: Spleoshk ($70.80 in chips) 
Seat 4: b2k-Snick ($108.10 in chips) 
Seat 5: Gfoer ($100 in chips) 
Seat 6: Nicedaymybro ($100 in chips) 
Gfoer: posts small blind $0.50
Nicedaymybro: posts big blind $1
*** HOLE CARDS ***
franco232315: raises $2 to $3
coeeeelho: folds 
Spleoshk: calls $3
b2k-Snick: calls $3
Gfoer: folds 
Nicedaymybro: folds 
*** FLOP *** [9d 2s Ah]
franco232315: bets $4.99
Spleoshk: calls $4.99
b2k-Snick: folds 
*** TURN *** [9d 2s Ah] [6h]
franco232315: bets $17.46
Spleoshk: folds 
Uncalled bet ($17.46) returned to franco232315
franco232315 collected $19.46 from pot
franco232315: doesn't show hand 
*** SUMMARY ***
Total pot $20.48 | Rake $1.02 
Board [9d 2s Ah 6h]
Seat 1: franco232315 collected ($19.46)
Seat 2: coeeeelho folded before Flop (didn't bet)
Seat 3: Spleoshk folded on the Turn
Seat 4: b2k-Snick (button) folded on the Flop
Seat 5: Gfoer (small blind) folded before Flop
Seat 6: Nicedaymybro (big blind) folded before Flop



PokerStars Hand #254227293953:  Hold'em No Limit ($0.50/$1.00 USD) - 2025/01/06 13:44:55 WET [2025/01/06 8:44:55 ET]
Table 'Nissen' 6-max Seat #5 is the button
Seat 1: franco232315 ($135.87 in chips) 
Seat 2: coeeeelho ($113.63 in chips) 
Seat 3: Spleoshk ($62.81 in chips) 
Seat 4: b2k-Snick ($105.10 in chips) 
Seat 5: Gfoer ($100 in chips) 
Seat 6: Nicedaymybro ($100 in chips) 
Nicedaymybro: posts small blind $0.50
franco232315: posts big blind $1
*** HOLE CARDS ***
coeeeelho: raises $1.20 to $2.20
Spleoshk: calls $2.20
b2k-Snick: folds 
Gfoer: folds 
Nicedaymybro: folds 
franco232315: calls $1.20
*** FLOP *** [Qs 4c 5s]
franco232315: checks 
coeeeelho: checks 
Spleoshk: bets $4
franco232315: folds 
coeeeelho: calls $4
*** TURN *** [Qs 4c 5s] [Js]
coeeeelho: checks 
Spleoshk: bets $4
coeeeelho: calls $4
*** RIVER *** [Qs 4c 5s Js] [Qc]
coeeeelho: checks 
Spleoshk: bets $5
coeeeelho: folds 
Uncalled bet ($5) returned to Spleoshk
Spleoshk collected $21.94 from pot
*** SUMMARY ***
Total pot $23.10 | Rake $1.16 
Board [Qs 4c 5s Js Qc]
Seat 1: franco232315 (big blind) folded on the Flop
Seat 2: coeeeelho folded on the River
Seat 3: Spleoshk collected ($21.94)
Seat 4: b2k-Snick folded before Flop (didn't bet)
Seat 5: Gfoer (button) folded before Flop (didn't bet)
Seat 6: Nicedaymybro (small blind) folded before Flop



PokerStars Hand #254227308215:  Hold'em No Limit ($0.50/$1.00 USD) - 2025/01/06 13:46:13 WET [2025/01/06 8:46:13 ET]
Table 'Nissen' 6-max Seat #6 is the button
Seat 1: franco232315 ($133.67 in chips) 
Seat 2: coeeeelho ($103.43 in chips) 
Seat 3: Spleoshk ($74.55 in chips) 
Seat 4: b2k-Snick ($105.10 in chips) 
Seat 5: Gfoer ($100 in chips) 
Seat 6: Nicedaymybro ($100 in chips) 
franco232315: posts small blind $0.50
coeeeelho: posts big blind $1
*** HOLE CARDS ***
Spleoshk: calls $1
b2k-Snick: folds 
Gfoer: folds 
Nicedaymybro: folds 
franco232315: raises $4 to $5
coeeeelho: folds 
Spleoshk: calls $4
*** FLOP *** [2s 8s Ts]
franco232315: bets $3.45
Spleoshk: folds 
Uncalled bet ($3.45) returned to franco232315
franco232315 collected $10.45 from pot
franco232315: doesn't show hand 
*** SUMMARY ***
Total pot $11 | Rake $0.55 
Board [2s 8s Ts]
Seat 1: franco232315 (small blind) collected ($10.45)
Seat 2: coeeeelho (big blind) folded before Flop
Seat 3: Spleoshk folded on the Flop
Seat 4: b2k-Snick folded before Flop (didn't bet)
Seat 5: Gfoer folded before Flop (didn't bet)
Seat 6: Nicedaymybro (button) folded before Flop (didn't bet)



PokerStars Hand #254227314322:  Hold'em No Limit ($0.50/$1.00 USD) - 2025/01/06 13:46:45 WET [2025/01/06 8:46:45 ET]
Table 'Nissen' 6-max Seat #1 is the button
Seat 1: franco232315 ($139.12 in chips) 
Seat 2: coeeeelho ($102.43 in chips) 
Seat 3: Spleoshk ($69.55 in chips) 
Seat 4: b2k-Snick ($105.10 in chips) 
Seat 5: Gfoer ($100 in chips) 
Seat 6: Nicedaymybro ($100 in chips) 
coeeeelho: posts small blind $0.50
Spleoshk: posts big blind $1
*** HOLE CARDS ***
b2k-Snick: folds 
Gfoer: folds 
Nicedaymybro: folds 
franco232315: folds 
coeeeelho: folds 
Uncalled bet ($0.50) returned to Spleoshk
Spleoshk collected $1 from pot
*** SUMMARY ***
Total pot $1 | Rake $0 
Seat 1: franco232315 (button) folded before Flop (didn't bet)
Seat 2: coeeeelho (small blind) folded before Flop
Seat 3: Spleoshk (big blind) collected ($1)
Seat 4: b2k-Snick folded before Flop (didn't bet)
Seat 5: Gfoer folded before Flop (didn't bet)
Seat 6: Nicedaymybro folded before Flop (didn't bet)



PokerStars Hand #254227316388:  Hold'em No Limit ($0.50/$1.00 USD) - 2025/01/06 13:46:56 WET [2025/01/06 8:46:56 ET]
Table 'Nissen' 6-max Seat #2 is the button
Seat 1: franco232315 ($139.12 in chips) 
Seat 2: coeeeelho ($101.93 in chips) 
Seat 3: Spleoshk ($70.05 in chips) 
Seat 4: b2k-Snick ($105.10 in chips) 
Seat 5: Gfoer ($100 in chips) 
Seat 6: Nicedaymybro ($100 in chips) 
Spleoshk: posts small blind $0.50
b2k-Snick: posts big blind $1
*** HOLE CARDS ***
Gfoer: folds 
Nicedaymybro: folds 
franco232315: raises $1.50 to $2.50
coeeeelho: folds 
Spleoshk: calls $2
b2k-Snick: folds 
*** FLOP *** [6h 5c 3s]
Spleoshk: checks 
franco232315: bets $1.88
Spleoshk: folds 
Uncalled bet ($1.88) returned to franco232315
franco232315 collected $5.70 from pot
franco232315: doesn't show hand 
*** SUMMARY ***
Total pot $6 | Rake $0.30 
Board [6h 5c 3s]
Seat 1: franco232315 collected ($5.70)
Seat 2: coeeeelho (button) folded before Flop (didn't bet)
Seat 3: Spleoshk (small blind) folded on the Flop
Seat 4: b2k-Snick (big blind) folded before Flop
Seat 5: Gfoer folded before Flop (didn't bet)
Seat 6: Nicedaymybro folded before Flop (didn't bet)



PokerStars Hand #254227320539:  Hold'em No Limit ($0.50/$1.00 USD) - 2025/01/06 13:47:19 WET [2025/01/06 8:47:19 ET]
Table 'Nissen' 6-max Seat #3 is the button
Seat 1: franco232315 ($142.32 in chips) 
Seat 2: coeeeelho ($101.93 in chips) 
Seat 3: Spleoshk ($67.55 in chips) 
Seat 4: b2k-Snick ($104.10 in chips) 
Seat 5: Gfoer ($100 in chips) 
Seat 6: Nicedaymybro ($100 in chips) 
b2k-Snick: posts small blind $0.50
Gfoer: posts big blind $1
*** HOLE CARDS ***
Nicedaymybro: raises $1.50 to $2.50
franco232315: folds 
coeeeelho: folds 
Spleoshk: calls $2.50
b2k-Snick: folds 
Gfoer: calls $1.50
*** FLOP *** [7h 3d Tc]
Gfoer: checks 
Nicedaymybro: checks 
Spleoshk: checks 
*** TURN *** [7h 3d Tc] [Js]
Gfoer: bets $2.32
Nicedaymybro: raises $9.18 to $11.50
Spleoshk: folds 
Gfoer: folds 
Uncalled bet ($9.18) returned to Nicedaymybro
Nicedaymybro collected $12.01 from pot
Nicedaymybro: doesn't show hand 
*** SUMMARY ***
Total pot $12.64 | Rake $0.63 
Board [7h 3d Tc Js]
Seat 1: franco232315 folded before Flop (didn't bet)
Seat 2: coeeeelho folded before Flop (didn't bet)
Seat 3: Spleoshk (button) folded on the Turn
Seat 4: b2k-Snick (small blind) folded before Flop
Seat 5: Gfoer (big blind) folded on the Turn
Seat 6: Nicedaymybro collected ($12.01)



PokerStars Hand #254227334125:  Hold'em No Limit ($0.50/$1.00 USD) - 2025/01/06 13:48:32 WET [2025/01/06 8:48:32 ET]
Table 'Nissen' 6-max Seat #4 is the button
Seat 1: franco232315 ($142.32 in chips) 
Seat 2: coeeeelho ($101.93 in chips) 
Seat 3: Spleoshk ($65.05 in chips) 
Seat 4: b2k-Snick ($103.60 in chips) 
Seat 5: Gfoer ($100 in chips) 
Seat 6: Nicedaymybro ($107.19 in chips) 
Gfoer: posts small blind $0.50
Nicedaymybro: posts big blind $1
*** HOLE CARDS ***
franco232315: folds 
coeeeelho: folds 
Spleoshk: calls $1
b2k-Snick: folds 
Gfoer: raises $4 to $5
Nicedaymybro: calls $4
Spleoshk: calls $4
*** FLOP *** [Kc 4s Kd]
Gfoer: checks 
Nicedaymybro: checks 
Spleoshk: checks 
*** TURN *** [Kc 4s Kd] [7s]
Gfoer: checks 
Nicedaymybro: checks 
Spleoshk: checks 
*** RIVER *** [Kc 4s Kd 7s] [3h]
Gfoer: bets $11.19
Nicedaymybro: folds 
Spleoshk: folds 
Uncalled bet ($11.19) returned to Gfoer
Gfoer collected $14.25 from pot
Gfoer: doesn't show hand 
*** SUMMARY ***
Total pot $15 | Rake $0.75 
Board [Kc 4s Kd 7s 3h]
Seat 1: franco232315 folded before Flop (didn't bet)
Seat 2: coeeeelho folded before Flop (didn't bet)
Seat 3: Spleoshk folded on the River
Seat 4: b2k-Snick (button) folded before Flop (didn't bet)
Seat 5: Gfoer (small blind) collected ($14.25)
Seat 6: Nicedaymybro (big blind) folded on the River



PokerStars Hand #254227345049:  Hold'em No Limit ($0.50/$1.00 USD) - 2025/01/06 13:49:30 WET [2025/01/06 8:49:30 ET]
Table 'Nissen' 6-max Seat #5 is the button
Seat 1: franco232315 ($142.32 in chips) 
Seat 2: coeeeelho ($101.93 in chips) 
Seat 3: Spleoshk ($60.05 in chips) 
Seat 4: b2k-Snick ($103.60 in chips) 
Seat 5: Gfoer ($109.25 in chips) 
Seat 6: Nicedaymybro ($102.19 in chips) 
Nicedaymybro: posts small blind $0.50
franco232315: posts big blind $1
*** HOLE CARDS ***
coeeeelho: folds 
Spleoshk: raises $1 to $2
b2k-Snick: folds 
Gfoer: raises $12 to $14
Nicedaymybro: folds 
franco232315: folds 
Spleoshk: calls $12
*** FLOP *** [7h Qc As]
Spleoshk: checks 
Gfoer: bets $14.01
Spleoshk: folds 
Uncalled bet ($14.01) returned to Gfoer
Gfoer collected $28.02 from pot
Gfoer: doesn't show hand 
*** SUMMARY ***
Total pot $29.50 | Rake $1.48 
Board [7h Qc As]
Seat 1: franco232315 (big blind) folded before Flop
Seat 2: coeeeelho folded before Flop (didn't bet)
Seat 3: Spleoshk folded on the Flop
Seat 4: b2k-Snick folded before Flop (didn't bet)
Seat 5: Gfoer (button) collected ($28.02)
Seat 6: Nicedaymybro (small blind) folded before Flop



PokerStars Hand #254227351895:  Hold'em No Limit ($0.50/$1.00 USD) - 2025/01/06 13:50:06 WET [2025/01/06 8:50:06 ET]
Table 'Nissen' 6-max Seat #6 is the button
Seat 1: franco232315 ($141.32 in chips) 
Seat 2: coeeeelho ($101.93 in chips) 
Seat 3: Spleoshk ($46.05 in chips) 
Seat 4: b2k-Snick ($103.60 in chips) 
Seat 5: Gfoer ($123.27 in chips) 
Seat 6: Nicedaymybro ($101.69 in chips) 
franco232315: posts small blind $0.50
coeeeelho: posts big blind $1
*** HOLE CARDS ***
Spleoshk: raises $2 to $3
b2k-Snick: raises $6 to $9
Gfoer: folds 
Nicedaymybro: folds 
franco232315: folds 
coeeeelho: folds 
Spleoshk: calls $6
*** FLOP *** [3c Qh Kh]
Spleoshk: bets $37.05 and is all-in
b2k-Snick: calls $37.05
*** TURN *** [3c Qh Kh] [3d]
*** RIVER *** [3c Qh Kh 3d] [8c]
*** SHOW DOWN ***
Spleoshk: shows [Js Kd] (two pair, Kings and Threes)
b2k-Snick: shows [Kc Jc] (two pair, Kings and Threes)
Spleoshk collected $45.55 from pot
b2k-Snick collected $45.55 from pot
*** SUMMARY ***
Total pot $93.60 | Rake $2.50 
Board [3c Qh Kh 3d 8c]
Seat 1: franco232315 (small blind) folded before Flop
Seat 2: coeeeelho (big blind) folded before Flop
Seat 3: Spleoshk showed [Js Kd] and won ($45.55) with two pair, Kings and Threes
Seat 4: b2k-Snick showed [Kc Jc] and won ($45.55) with two pair, Kings and Threes
Seat 5: Gfoer folded before Flop (didn't bet)
Seat 6: Nicedaymybro (button) folded before Flop (didn't bet)



PokerStars Hand #254227358672:  Hold'em No Limit ($0.50/$1.00 USD) - 2025/01/06 13:50:43 WET [2025/01/06 8:50:43 ET]
Table 'Nissen' 6-max Seat #1 is the button
Seat 1: franco232315 ($140.82 in chips) 
Seat 2: coeeeelho ($100.93 in chips) 
Seat 3: Spleoshk ($45.55 in chips) 
Seat 4: b2k-Snick ($103.10 in chips) 
Seat 5: Gfoer ($123.27 in chips) 
Seat 6: Nicedaymybro ($101.69 in chips) 
coeeeelho: posts small blind $0.50
Spleoshk: posts big blind $1
*** HOLE CARDS ***
b2k-Snick: folds 
Gfoer: folds 
Nicedaymybro: folds 
franco232315: folds 
coeeeelho: raises $2 to $3
Spleoshk: calls $2
*** FLOP *** [5h 4c 9c]
coeeeelho: checks 
Spleoshk: checks 
*** TURN *** [5h 4c 9c] [As]
coeeeelho: bets $2.85
Spleoshk: calls $2.85
*** RIVER *** [5h 4c 9c As] [9d]
coeeeelho: checks 
Spleoshk: checks 
*** SHOW DOWN ***
coeeeelho: shows [Kd Ts] (a pair of Nines)
Spleoshk: shows [4s 7s] (two pair, Nines and Fours)
Spleoshk collected $11.12 from pot
*** SUMMARY ***
Total pot $11.70 | Rake $0.58 
Board [5h 4c 9c As 9d]
Seat 1: franco232315 (button) folded before Flop (didn't bet)
Seat 2: coeeeelho (small blind) showed [Kd Ts] and lost with a pair of Nines
Seat 3: Spleoshk (big blind) showed [4s 7s] and won ($11.12) with two pair, Nines and Fours
Seat 4: b2k-Snick folded before Flop (didn't bet)
Seat 5: Gfoer folded before Flop (didn't bet)
Seat 6: Nicedaymybro folded before Flop (didn't bet)



PokerStars Hand #254227363352:  Hold'em No Limit ($0.50/$1.00 USD) - 2025/01/06 13:51:07 WET [2025/01/06 8:51:07 ET]
Table 'Nissen' 6-max Seat #2 is the button
Seat 1: franco232315 ($140.82 in chips) 
Seat 2: coeeeelho ($100 in chips) 
Seat 3: Spleoshk ($50.82 in chips) 
Seat 4: b2k-Snick ($103.10 in chips) 
Seat 5: Gfoer ($123.27 in chips) 
Seat 6: Nicedaymybro ($101.69 in chips) 
Spleoshk: posts small blind $0.50
b2k-Snick: posts big blind $1
*** HOLE CARDS ***
Gfoer: folds 
Nicedaymybro: folds 
franco232315: folds 
coeeeelho: folds 
Spleoshk: calls $0.50
b2k-Snick: checks 
*** FLOP *** [2d 5s 7d]
Spleoshk: checks 
b2k-Snick: bets $1
Spleoshk: folds 
Uncalled bet ($1) returned to b2k-Snick
b2k-Snick collected $1.90 from pot
b2k-Snick: doesn't show hand 
*** SUMMARY ***
Total pot $2 | Rake $0.10 
Board [2d 5s 7d]
Seat 1: franco232315 folded before Flop (didn't bet)
Seat 2: coeeeelho (button) folded before Flop (didn't bet)
Seat 3: Spleoshk (small blind) folded on the Flop
Seat 4: b2k-Snick (big blind) collected ($1.90)
Seat 5: Gfoer folded before Flop (didn't bet)
Seat 6: Nicedaymybro folded before Flop (didn't bet)



PokerStars Hand #254227367567:  Hold'em No Limit ($0.50/$1.00 USD) - 2025/01/06 13:51:30 WET [2025/01/06 8:51:30 ET]
Table 'Nissen' 6-max Seat #3 is the button
Seat 1: franco232315 ($140.82 in chips) 
Seat 2: coeeeelho ($100 in chips) 
Seat 3: Spleoshk ($49.82 in chips) 
Seat 4: b2k-Snick ($104 in chips) 
Seat 5: Gfoer ($123.27 in chips) 
Seat 6: Nicedaymybro ($101.69 in chips) 
b2k-Snick: posts small blind $0.50
Gfoer: posts big blind $1
*** HOLE CARDS ***
Nicedaymybro: folds 
franco232315: folds 
coeeeelho: folds 
Spleoshk: calls $1
b2k-Snick: raises $4.50 to $5.50
Gfoer: folds 
Spleoshk: calls $4.50
*** FLOP *** [Qs Jd 3h]
b2k-Snick: bets $3.76
Spleoshk: folds 
Uncalled bet ($3.76) returned to b2k-Snick
b2k-Snick collected $11.40 from pot
b2k-Snick: doesn't show hand 
*** SUMMARY ***
Total pot $12 | Rake $0.60 
Board [Qs Jd 3h]
Seat 1: franco232315 folded before Flop (didn't bet)
Seat 2: coeeeelho folded before Flop (didn't bet)
Seat 3: Spleoshk (button) folded on the Flop
Seat 4: b2k-Snick (small blind) collected ($11.40)
Seat 5: Gfoer (big blind) folded before Flop
Seat 6: Nicedaymybro folded before Flop (didn't bet)



PokerStars Hand #254227373025:  Hold'em No Limit ($0.50/$1.00 USD) - 2025/01/06 13:51:59 WET [2025/01/06 8:51:59 ET]
Table 'Nissen' 6-max Seat #4 is the button
Seat 1: franco232315 ($140.82 in chips) 
Seat 2: coeeeelho ($100 in chips) 
Seat 3: Spleoshk ($44.32 in chips) 
Seat 4: b2k-Snick ($109.90 in chips) 
Seat 5: Gfoer ($122.27 in chips) 
Seat 6: Nicedaymybro ($101.69 in chips) 
Gfoer: posts small blind $0.50
Nicedaymybro: posts big blind $1
*** HOLE CARDS ***
franco232315: folds 
coeeeelho: folds 
Spleoshk: raises $1 to $2
b2k-Snick: folds 
Gfoer: raises $10 to $12
Nicedaymybro: folds 
Spleoshk: calls $10
*** FLOP *** [Kh 5s As]
Gfoer: checks 
Spleoshk: bets $14
Gfoer: calls $14
*** TURN *** [Kh 5s As] [Ac]
Gfoer: checks 
Spleoshk: bets $18.32 and is all-in
Gfoer: calls $18.32
*** RIVER *** [Kh 5s As Ac] [5c]
*** SHOW DOWN ***
Gfoer: shows [Kc Qc] (two pair, Aces and Kings)
Spleoshk: shows [Qs Ad] (a full house, Aces full of Fives)
Spleoshk collected $87.14 from pot
*** SUMMARY ***
Total pot $89.64 | Rake $2.50 
Board [Kh 5s As Ac 5c]
Seat 1: franco232315 folded before Flop (didn't bet)
Seat 2: coeeeelho folded before Flop (didn't bet)
Seat 3: Spleoshk showed [Qs Ad] and won ($87.14) with a full house, Aces full of Fives
Seat 4: b2k-Snick (button) folded before Flop (didn't bet)
Seat 5: Gfoer (small blind) showed [Kc Qc] and lost with two pair, Aces and Kings
Seat 6: Nicedaymybro (big blind) folded before Flop



PokerStars Hand #254227387933:  Hold'em No Limit ($0.50/$1.00 USD) - 2025/01/06 13:53:19 WET [2025/01/06 8:53:19 ET]
Table 'Nissen' 6-max Seat #5 is the button
Seat 1: franco232315 ($140.82 in chips) 
Seat 2: coeeeelho ($100 in chips) 
Seat 3: Spleoshk ($87.14 in chips) 
Seat 4: b2k-Snick ($109.90 in chips) 
Seat 5: Gfoer ($100 in chips) 
Seat 6: Nicedaymybro ($100.69 in chips) 
Nicedaymybro: posts small blind $0.50
franco232315: posts big blind $1
*** HOLE CARDS ***
coeeeelho: folds 
Spleoshk: calls $1
b2k-Snick: folds 
Gfoer: folds 
Nicedaymybro: folds 
franco232315: checks 
*** FLOP *** [2s Qd 3h]
franco232315: checks 
Spleoshk: checks 
*** TURN *** [2s Qd 3h] [4s]
franco232315: checks 
Spleoshk: bets $2
franco232315: calls $2
*** RIVER *** [2s Qd 3h 4s] [Kh]
franco232315: checks 
Spleoshk: bets $3
franco232315: folds 
Uncalled bet ($3) returned to Spleoshk
Spleoshk collected $6.18 from pot
*** SUMMARY ***
Total pot $6.50 | Rake $0.32 
Board [2s Qd 3h 4s Kh]
Seat 1: franco232315 (big blind) folded on the River
Seat 2: coeeeelho folded before Flop (didn't bet)
Seat 3: Spleoshk collected ($6.18)
Seat 4: b2k-Snick folded before Flop (didn't bet)
Seat 5: Gfoer (button) folded before Flop (didn't bet)
Seat 6: Nicedaymybro (small blind) folded before Flop



PokerStars Hand #254227400858:  Hold'em No Limit ($0.50/$1.00 USD) - 2025/01/06 13:54:28 WET [2025/01/06 8:54:28 ET]
Table 'Nissen' 6-max Seat #6 is the button
Seat 1: franco232315 ($137.82 in chips) 
Seat 2: coeeeelho ($100 in chips) 
Seat 3: Spleoshk ($90.32 in chips) 
Seat 4: b2k-Snick ($109.90 in chips) 
Seat 5: Gfoer ($100 in chips) 
Seat 6: Nicedaymybro ($100.19 in chips) 
franco232315: posts small blind $0.50
coeeeelho: posts big blind $1
*** HOLE CARDS ***
Spleoshk: calls $1
b2k-Snick: folds 
Gfoer: folds 
Nicedaymybro: folds 
franco232315: calls $0.50
coeeeelho: raises $4 to $5
Spleoshk: calls $4
franco232315: folds 
*** FLOP *** [Qs 5c 9h]
coeeeelho: bets $5.23
Spleoshk: raises $7.23 to $12.46
coeeeelho: calls $7.23
*** TURN *** [Qs 5c 9h] [Td]
coeeeelho: checks 
Spleoshk: bets $72.86 and is all-in
coeeeelho: folds 
Uncalled bet ($72.86) returned to Spleoshk
Spleoshk collected $34.12 from pot
*** SUMMARY ***
Total pot $35.92 | Rake $1.80 
Board [Qs 5c 9h Td]
Seat 1: franco232315 (small blind) folded before Flop
Seat 2: coeeeelho (big blind) folded on the Turn
Seat 3: Spleoshk collected ($34.12)
Seat 4: b2k-Snick folded before Flop (didn't bet)
Seat 5: Gfoer folded before Flop (didn't bet)
Seat 6: Nicedaymybro (button) folded before Flop (didn't bet)



PokerStars Hand #254227411193:  Hold'em No Limit ($0.50/$1.00 USD) - 2025/01/06 13:55:28 WET [2025/01/06 8:55:28 ET]
Table 'Nissen' 6-max Seat #1 is the button
Seat 1: franco232315 ($136.82 in chips) 
Seat 2: coeeeelho ($100 in chips) 
Seat 3: Spleoshk ($106.98 in chips) 
Seat 4: b2k-Snick ($109.90 in chips) 
Seat 5: Gfoer ($100 in chips) 
Seat 6: Nicedaymybro ($100.19 in chips) 
coeeeelho: posts small blind $0.50
Spleoshk: posts big blind $1
*** HOLE CARDS ***
b2k-Snick: folds 
Gfoer: folds 
Nicedaymybro: folds 
franco232315: folds 
coeeeelho: raises $2 to $3
Spleoshk: calls $2
*** FLOP *** [Tc Kc 7d]
coeeeelho: bets $1.43
Spleoshk: raises $3.43 to $4.86
coeeeelho: folds 
Uncalled bet ($3.43) returned to Spleoshk
Spleoshk collected $8.42 from pot
*** SUMMARY ***
Total pot $8.86 | Rake $0.44 
Board [Tc Kc 7d]
Seat 1: franco232315 (button) folded before Flop (didn't bet)
Seat 2: coeeeelho (small blind) folded on the Flop
Seat 3: Spleoshk (big blind) collected ($8.42)
Seat 4: b2k-Snick folded before Flop (didn't bet)
Seat 5: Gfoer folded before Flop (didn't bet)
Seat 6: Nicedaymybro folded before Flop (didn't bet)



PokerStars Hand #254227415963:  Hold'em No Limit ($0.50/$1.00 USD) - 2025/01/06 13:56:00 WET [2025/01/06 8:56:00 ET]
Table 'Nissen' 6-max Seat #2 is the button
Seat 1: franco232315 ($136.82 in chips) 
Seat 2: coeeeelho ($100 in chips) 
Seat 3: Spleoshk ($110.97 in chips) 
Seat 4: b2k-Snick ($109.90 in chips) 
Seat 5: Gfoer ($100 in chips) 
Seat 6: Nicedaymybro ($100.19 in chips) 
Spleoshk: posts small blind $0.50
b2k-Snick: posts big blind $1
*** HOLE CARDS ***
Gfoer: raises $1.20 to $2.20
Nicedaymybro: folds 
franco232315: folds 
coeeeelho: folds 
Spleoshk: calls $1.70
b2k-Snick: calls $1.20
*** FLOP *** [Ac Ks Qd]
Spleoshk: checks 
b2k-Snick: checks 
Gfoer: checks 
*** TURN *** [Ac Ks Qd] [6c]
Spleoshk: checks 
b2k-Snick: checks 
Gfoer: bets $2
Spleoshk: folds 
b2k-Snick: folds 
Uncalled bet ($2) returned to Gfoer
Gfoer collected $6.27 from pot
Gfoer: doesn't show hand 
*** SUMMARY ***
Total pot $6.60 | Rake $0.33 
Board [Ac Ks Qd 6c]
Seat 1: franco232315 folded before Flop (didn't bet)
Seat 2: coeeeelho (button) folded before Flop (didn't bet)
Seat 3: Spleoshk (small blind) folded on the Turn
Seat 4: b2k-Snick (big blind) folded on the Turn
Seat 5: Gfoer collected ($6.27)
Seat 6: Nicedaymybro folded before Flop (didn't bet)



PokerStars Hand #254227422468:  Hold'em No Limit ($0.50/$1.00 USD) - 2025/01/06 13:56:43 WET [2025/01/06 8:56:43 ET]
Table 'Nissen' 6-max Seat #3 is the button
Seat 1: franco232315 ($136.82 in chips) 
Seat 2: coeeeelho ($100 in chips) 
Seat 3: Spleoshk ($108.77 in chips) 
Seat 4: b2k-Snick ($107.70 in chips) 
Seat 5: Gfoer ($104.07 in chips) 
Seat 6: Nicedaymybro ($100.19 in chips) 
b2k-Snick: posts small blind $0.50
Gfoer: posts big blind $1
*** HOLE CARDS ***
Nicedaymybro: folds 
franco232315: folds 
coeeeelho: folds 
Spleoshk: calls $1
b2k-Snick: folds 
Gfoer: checks 
*** FLOP *** [Ts 5h Js]
Gfoer: checks 
Spleoshk: checks 
*** TURN *** [Ts 5h Js] [3c]
Gfoer: bets $1.19
Spleoshk: calls $1.19
*** RIVER *** [Ts 5h Js 3c] [Ah]
Gfoer: bets $3.98
Spleoshk: folds 
Uncalled bet ($3.98) returned to Gfoer
Gfoer collected $4.64 from pot
Gfoer: doesn't show hand 
*** SUMMARY ***
Total pot $4.88 | Rake $0.24 
Board [Ts 5h Js 3c Ah]
Seat 1: franco232315 folded before Flop (didn't bet)
Seat 2: coeeeelho folded before Flop (didn't bet)
Seat 3: Spleoshk (button) folded on the River
Seat 4: b2k-Snick (small blind) folded before Flop
Seat 5: Gfoer (big blind) collected ($4.64)
Seat 6: Nicedaymybro folded before Flop (didn't bet)



PokerStars Hand #254227427308:  Hold'em No Limit ($0.50/$1.00 USD) - 2025/01/06 13:57:15 WET [2025/01/06 8:57:15 ET]
Table 'Nissen' 6-max Seat #4 is the button
Seat 1: franco232315 ($136.82 in chips) 
Seat 2: coeeeelho ($100 in chips) 
Seat 3: Spleoshk ($106.58 in chips) 
Seat 4: b2k-Snick ($107.20 in chips) 
Seat 5: Gfoer ($106.52 in chips) 
Seat 6: Nicedaymybro ($100.19 in chips) 
Gfoer: posts small blind $0.50
Nicedaymybro: posts big blind $1
*** HOLE CARDS ***
franco232315: folds 
coeeeelho: folds 
Spleoshk: calls $1
b2k-Snick: folds 
Gfoer: folds 
Nicedaymybro: checks 
*** FLOP *** [Ts 8c 7c]
Nicedaymybro: bets $1
Spleoshk: raises $1 to $2
Nicedaymybro: calls $1
*** TURN *** [Ts 8c 7c] [Jd]
Nicedaymybro: checks 
Spleoshk: bets $2
Nicedaymybro: folds 
Uncalled bet ($2) returned to Spleoshk
Spleoshk collected $6.18 from pot
*** SUMMARY ***
Total pot $6.50 | Rake $0.32 
Board [Ts 8c 7c Jd]
Seat 1: franco232315 folded before Flop (didn't bet)
Seat 2: coeeeelho folded before Flop (didn't bet)
Seat 3: Spleoshk collected ($6.18)
Seat 4: b2k-Snick (button) folded before Flop (didn't bet)
Seat 5: Gfoer (small blind) folded before Flop
Seat 6: Nicedaymybro (big blind) folded on the Turn



PokerStars Hand #254227432037:  Hold'em No Limit ($0.50/$1.00 USD) - 2025/01/06 13:57:46 WET [2025/01/06 8:57:46 ET]
Table 'Nissen' 6-max Seat #5 is the button
Seat 1: franco232315 ($136.82 in chips) 
Seat 2: coeeeelho ($100 in chips) 
Seat 3: Spleoshk ($109.76 in chips) 
Seat 4: b2k-Snick ($107.20 in chips) 
Seat 5: Gfoer ($106.02 in chips) 
Seat 6: Nicedaymybro ($100 in chips) 
Nicedaymybro: posts small blind $0.50
franco232315: posts big blind $1
*** HOLE CARDS ***
coeeeelho: folds 
Spleoshk: calls $1
b2k-Snick: folds 
Gfoer: folds 
Nicedaymybro: raises $4 to $5
franco232315: folds 
Spleoshk: calls $4
*** FLOP *** [4d 3h 8c]
Nicedaymybro: bets $5.25
Spleoshk: calls $5.25
*** TURN *** [4d 3h 8c] [Kd]
Nicedaymybro: bets $18.36
Spleoshk: folds 
Uncalled bet ($18.36) returned to Nicedaymybro
Nicedaymybro collected $20.42 from pot
Nicedaymybro: doesn't show hand 
*** SUMMARY ***
Total pot $21.50 | Rake $1.08 
Board [4d 3h 8c Kd]
Seat 1: franco232315 (big blind) folded before Flop
Seat 2: coeeeelho folded before Flop (didn't bet)
Seat 3: Spleoshk folded on the Turn
Seat 4: b2k-Snick folded before Flop (didn't bet)
Seat 5: Gfoer (button) folded before Flop (didn't bet)
Seat 6: Nicedaymybro (small blind) collected ($20.42)



PokerStars Hand #254227436536:  Hold'em No Limit ($0.50/$1.00 USD) - 2025/01/06 13:58:15 WET [2025/01/06 8:58:15 ET]
Table 'Nissen' 6-max Seat #6 is the button
Seat 2: coeeeelho ($100 in chips) is sitting out
Seat 1: franco232315 ($135.82 in chips) 
Seat 3: Spleoshk ($99.51 in chips) 
Seat 4: b2k-Snick ($107.20 in chips) 
Seat 5: Gfoer ($106.02 in chips) 
Seat 6: Nicedaymybro ($110.17 in chips) 
franco232315: posts small blind $0.50
coeeeelho: is sitting out 
Spleoshk: posts big blind $1
*** HOLE CARDS ***
b2k-Snick: raises $1.10 to $2.10
Gfoer: folds 
Nicedaymybro: folds 
franco232315: folds 
Spleoshk: calls $1.10
*** FLOP *** [Ah Jh 6s]
Spleoshk: checks 
b2k-Snick: checks 
*** TURN *** [Ah Jh 6s] [Qc]
Spleoshk: checks 
b2k-Snick: checks 
*** RIVER *** [Ah Jh 6s Qc] [3d]
Spleoshk: bets $3
b2k-Snick: folds 
Uncalled bet ($3) returned to Spleoshk
Spleoshk collected $4.46 from pot
*** SUMMARY ***
Total pot $4.70 | Rake $0.24 
Board [Ah Jh 6s Qc 3d]
Seat 2: coeeeelho
Seat 1: franco232315 (small blind) folded before Flop
Seat 3: Spleoshk (big blind) collected ($4.46)
Seat 4: b2k-Snick folded on the River
Seat 5: Gfoer folded before Flop (didn't bet)
Seat 6: Nicedaymybro (button) folded before Flop (didn't bet)



PokerStars Hand #254227441231:  Hold'em No Limit ($0.50/$1.00 USD) - 2025/01/06 13:58:47 WET [2025/01/06 8:58:47 ET]
Table 'Nissen' 6-max Seat #1 is the button
Seat 2: coeeeelho ($100 in chips) is sitting out
Seat 1: franco232315 ($135.32 in chips) 
Seat 3: Spleoshk ($101.87 in chips) 
Seat 4: b2k-Snick ($105.10 in chips) 
Seat 5: Gfoer ($106.02 in chips) 
Seat 6: Nicedaymybro ($110.17 in chips) 
Spleoshk: posts small blind $0.50
b2k-Snick: posts big blind $1
*** HOLE CARDS ***
Gfoer: folds 
Nicedaymybro: folds 
franco232315: raises $1.50 to $2.50
Spleoshk: calls $2
b2k-Snick: raises $10.50 to $13
franco232315: folds 
Spleoshk: calls $10.50
*** FLOP *** [5s Kd Jh]
Spleoshk: checks 
coeeeelho leaves the table
whlzor joins the table at seat #2 
b2k-Snick: bets $11.92
Spleoshk: folds 
Uncalled bet ($11.92) returned to b2k-Snick
b2k-Snick collected $27.08 from pot
b2k-Snick: doesn't show hand 
*** SUMMARY ***
Total pot $28.50 | Rake $1.42 
Board [5s Kd Jh]
Seat 2: coeeeelho
Seat 1: franco232315 (button) folded before Flop
Seat 3: Spleoshk (small blind) folded on the Flop
Seat 4: b2k-Snick (big blind) collected ($27.08)
Seat 5: Gfoer folded before Flop (didn't bet)
Seat 6: Nicedaymybro folded before Flop (didn't bet)



PokerStars Hand #254227448158:  Hold'em No Limit ($0.50/$1.00 USD) - 2025/01/06 13:59:32 WET [2025/01/06 8:59:32 ET]
Table 'Nissen' 6-max Seat #3 is the button
Seat 2: whlzor ($100 in chips) is sitting out
Seat 1: franco232315 ($132.82 in chips) 
Seat 3: Spleoshk ($88.87 in chips) 
Seat 4: b2k-Snick ($119.18 in chips) 
Seat 5: Gfoer ($106.02 in chips) 
Seat 6: Nicedaymybro ($110.17 in chips) 
b2k-Snick: posts small blind $0.50
Gfoer: posts big blind $1
whlzor: sits out 
*** HOLE CARDS ***
Nicedaymybro: raises $1.50 to $2.50
franco232315: folds 
Spleoshk: calls $2.50
b2k-Snick: folds 
Gfoer: raises $11.50 to $14
Nicedaymybro: folds 
Spleoshk: folds 
Uncalled bet ($11.50) returned to Gfoer
Gfoer collected $8 from pot
Gfoer: doesn't show hand 
*** SUMMARY ***
Total pot $8 | Rake $0 
Seat 2: whlzor
Seat 1: franco232315 folded before Flop (didn't bet)
Seat 3: Spleoshk (button) folded before Flop
Seat 4: b2k-Snick (small blind) folded before Flop
Seat 5: Gfoer (big blind) collected ($8)
Seat 6: Nicedaymybro folded before Flop



PokerStars Hand #254227451182:  Hold'em No Limit ($0.50/$1.00 USD) - 2025/01/06 13:59:52 WET [2025/01/06 8:59:52 ET]
Table 'Nissen' 6-max Seat #4 is the button
Seat 2: whlzor ($100 in chips) is sitting out
Seat 1: franco232315 ($132.82 in chips) 
Seat 3: Spleoshk ($86.37 in chips) 
Seat 4: b2k-Snick ($118.68 in chips) 
Seat 5: Gfoer ($111.52 in chips) 
Seat 6: Nicedaymybro ($107.67 in chips) 
Gfoer: posts small blind $0.50
Nicedaymybro: posts big blind $1
whlzor: sits out 
*** HOLE CARDS ***
franco232315: folds 
Spleoshk: calls $1
b2k-Snick: folds 
Gfoer: folds 
Nicedaymybro: checks 
*** FLOP *** [9c 4c Qd]
Nicedaymybro: checks 
Spleoshk: bets $2
Nicedaymybro: folds 
Uncalled bet ($2) returned to Spleoshk
Spleoshk collected $2.38 from pot
*** SUMMARY ***
Total pot $2.50 | Rake $0.12 
Board [9c 4c Qd]
Seat 2: whlzor
Seat 1: franco232315 folded before Flop (didn't bet)
Seat 3: Spleoshk collected ($2.38)
Seat 4: b2k-Snick (button) folded before Flop (didn't bet)
Seat 5: Gfoer (small blind) folded before Flop
Seat 6: Nicedaymybro (big blind) folded on the Flop



PokerStars Hand #254227776881:  Hold'em No Limit ($0.50/$1.00 USD) - 2025/01/06 14:27:43 WET [2025/01/06 9:27:43 ET]
Table 'Nissen' 6-max Seat #6 is the button
Seat 1: BenCampbel10 ($100 in chips) 
Seat 2: bayar421 ($45.68 in chips) 
Seat 3: whlzor ($216.84 in chips) 
Seat 4: easy_sarcasm ($100 in chips) 
Seat 5: Zvst ($100 in chips) 
Seat 6: Rysiff ($100 in chips) 
BenCampbel10: posts small blind $0.50
bayar421: posts big blind $1
*** HOLE CARDS ***
whlzor: folds 
easy_sarcasm: raises $2 to $3
Zvst: folds 
Rysiff: raises $6 to $9
BenCampbel10: folds 
bayar421: calls $8
easy_sarcasm: folds 
*** FLOP *** [Kd Jd Ks]
bayar421: bets $36.68 and is all-in
Rysiff: calls $36.68
*** TURN *** [Kd Jd Ks] [Ah]
*** RIVER *** [Kd Jd Ks Ah] [3s]
*** SHOW DOWN ***
bayar421: shows [Js Qh] (two pair, Kings and Jacks)
Rysiff: shows [Kh Kc] (four of a kind, Kings)
Rysiff collected $92.36 from pot
*** SUMMARY ***
Total pot $94.86 | Rake $2.50 
Board [Kd Jd Ks Ah 3s]
Seat 1: BenCampbel10 (small blind) folded before Flop
Seat 2: bayar421 (big blind) showed [Js Qh] and lost with two pair, Kings and Jacks
Seat 3: whlzor folded before Flop (didn't bet)
Seat 4: easy_sarcasm folded before Flop
Seat 5: Zvst folded before Flop (didn't bet)
Seat 6: Rysiff (button) showed [Kh Kc] and won ($92.36) with four of a kind, Kings



PokerStars Hand #254227784398:  Hold'em No Limit ($0.50/$1.00 USD) - 2025/01/06 14:28:20 WET [2025/01/06 9:28:20 ET]
Table 'Nissen' 6-max Seat #1 is the button
Seat 2: bayar421 ($0 in chips) is sitting out
Seat 1: BenCampbel10 ($100 in chips) 
Seat 3: whlzor ($216.84 in chips) 
Seat 4: easy_sarcasm ($100 in chips) 
Seat 5: Zvst ($100 in chips) 
Seat 6: Rysiff ($146.68 in chips) 
whlzor: posts small blind $0.50
easy_sarcasm: posts big blind $1
*** HOLE CARDS ***
Zvst: folds 
Rysiff: folds 
BenCampbel10: raises $1 to $2
whlzor: raises $7 to $9
easy_sarcasm: folds 
BenCampbel10: folds 
Uncalled bet ($7) returned to whlzor
whlzor collected $5 from pot
whlzor: doesn't show hand 
*** SUMMARY ***
Total pot $5 | Rake $0 
Seat 2: bayar421
Seat 1: BenCampbel10 (button) folded before Flop
Seat 3: whlzor (small blind) collected ($5)
Seat 4: easy_sarcasm (big blind) folded before Flop
Seat 5: Zvst folded before Flop (didn't bet)
Seat 6: Rysiff folded before Flop (didn't bet)



PokerStars Hand #254227788314:  Hold'em No Limit ($0.50/$1.00 USD) - 2025/01/06 14:28:40 WET [2025/01/06 9:28:40 ET]
Table 'Nissen' 6-max Seat #3 is the button
Seat 2: bayar421 ($0 in chips) is sitting out
Seat 1: BenCampbel10 ($100 in chips) 
Seat 3: whlzor ($219.84 in chips) 
Seat 4: easy_sarcasm ($100 in chips) 
Seat 5: Zvst ($100 in chips) 
Seat 6: Rysiff ($146.68 in chips) 
easy_sarcasm: posts small blind $0.50
Zvst: posts big blind $1
*** HOLE CARDS ***
Rysiff: raises $1.50 to $2.50
BenCampbel10: folds 
whlzor: raises $6 to $8.50
easy_sarcasm: folds 
Zvst: raises $16 to $24.50
Rysiff: folds 
whlzor: folds 
Uncalled bet ($16) returned to Zvst
Zvst collected $20 from pot
Zvst: doesn't show hand 
*** SUMMARY ***
Total pot $20 | Rake $0 
Seat 2: bayar421
Seat 1: BenCampbel10 folded before Flop (didn't bet)
Seat 3: whlzor (button) folded before Flop
Seat 4: easy_sarcasm (small blind) folded before Flop
Seat 5: Zvst (big blind) collected ($20)
Seat 6: Rysiff folded before Flop



PokerStars Hand #254227797467:  Hold'em No Limit ($0.50/$1.00 USD) - 2025/01/06 14:29:26 WET [2025/01/06 9:29:26 ET]
Table 'Nissen' 6-max Seat #4 is the button
Seat 1: BenCampbel10 ($100 in chips) 
Seat 2: bayar421 ($55.11 in chips) 
Seat 3: whlzor ($211.34 in chips) 
Seat 4: easy_sarcasm ($100 in chips) 
Seat 5: Zvst ($111.50 in chips) 
Seat 6: Rysiff ($144.18 in chips) 
Zvst: posts small blind $0.50
Rysiff: posts big blind $1
bayar421: posts small blind $0.50
*** HOLE CARDS ***
BenCampbel10: folds 
bayar421: folds 
whlzor: folds 
easy_sarcasm: folds 
Zvst: raises $2 to $3
Rysiff: raises $7 to $10
Zvst: folds 
Uncalled bet ($7) returned to Rysiff
Rysiff collected $6.50 from pot
Rysiff: doesn't show hand 
*** SUMMARY ***
Total pot $6.50 | Rake $0 
Seat 1: BenCampbel10 folded before Flop (didn't bet)
Seat 2: bayar421 folded before Flop (didn't bet)
Seat 3: whlzor folded before Flop (didn't bet)
Seat 4: easy_sarcasm (button) folded before Flop (didn't bet)
Seat 5: Zvst (small blind) folded before Flop
Seat 6: Rysiff (big blind) collected ($6.50)



PokerStars Hand #254227805984:  Hold'em No Limit ($0.50/$1.00 USD) - 2025/01/06 14:30:06 WET [2025/01/06 9:30:06 ET]
Table 'Nissen' 6-max Seat #5 is the button
Seat 1: BenCampbel10 ($100 in chips) 
Seat 2: bayar421 ($54.61 in chips) 
Seat 3: whlzor ($211.34 in chips) 
Seat 4: easy_sarcasm ($100 in chips) 
Seat 5: Zvst ($108.50 in chips) 
Seat 6: Rysiff ($147.68 in chips) 
Rysiff: posts small blind $0.50
BenCampbel10: posts big blind $1
*** HOLE CARDS ***
bayar421: calls $1
whlzor: folds 
easy_sarcasm: raises $3.50 to $4.50
Zvst: folds 
Rysiff: raises $10.50 to $15
BenCampbel10: folds 
bayar421: calls $14
easy_sarcasm: folds 
*** FLOP *** [3c 9s Tc]
Rysiff: bets $40
bayar421: calls $39.61 and is all-in
Uncalled bet ($0.39) returned to Rysiff
*** TURN *** [3c 9s Tc] [Jc]
*** RIVER *** [3c 9s Tc Jc] [2h]
*** SHOW DOWN ***
Rysiff: shows [Qs Kh] (a straight, Nine to King)
bayar421: shows [Ks Th] (a pair of Tens)
Rysiff collected $112.22 from pot
*** SUMMARY ***
Total pot $114.72 | Rake $2.50 
Board [3c 9s Tc Jc 2h]
Seat 1: BenCampbel10 (big blind) folded before Flop
Seat 2: bayar421 showed [Ks Th] and lost with a pair of Tens
Seat 3: whlzor folded before Flop (didn't bet)
Seat 4: easy_sarcasm folded before Flop
Seat 5: Zvst (button) folded before Flop (didn't bet)
Seat 6: Rysiff (small blind) showed [Qs Kh] and won ($112.22) with a straight, Nine to King



PokerStars Hand #254227813838:  Hold'em No Limit ($0.50/$1.00 USD) - 2025/01/06 14:30:45 WET [2025/01/06 9:30:45 ET]
Table 'Nissen' 6-max Seat #6 is the button
Seat 2: bayar421 ($0 in chips) is sitting out
Seat 1: BenCampbel10 ($100 in chips) 
Seat 3: whlzor ($211.34 in chips) 
Seat 4: easy_sarcasm ($100 in chips) 
Seat 5: Zvst ($108.50 in chips) 
Seat 6: Rysiff ($205.29 in chips) 
BenCampbel10: posts small blind $0.50
whlzor: posts big blind $1
*** HOLE CARDS ***
easy_sarcasm: folds 
Zvst: folds 
Rysiff: folds 
BenCampbel10: raises $1.50 to $2.50
whlzor: raises $6.50 to $9
BenCampbel10: folds 
Uncalled bet ($6.50) returned to whlzor
whlzor collected $5 from pot
whlzor: doesn't show hand 
*** SUMMARY ***
Total pot $5 | Rake $0 
Seat 2: bayar421
Seat 1: BenCampbel10 (small blind) folded before Flop
Seat 3: whlzor (big blind) collected ($5)
Seat 4: easy_sarcasm folded before Flop (didn't bet)
Seat 5: Zvst folded before Flop (didn't bet)
Seat 6: Rysiff (button) folded before Flop (didn't bet)



PokerStars Hand #254227819595:  Hold'em No Limit ($0.50/$1.00 USD) - 2025/01/06 14:31:12 WET [2025/01/06 9:31:12 ET]
Table 'Nissen' 6-max Seat #1 is the button
Seat 2: bayar421 ($100 in chips) is sitting out
Seat 1: BenCampbel10 ($100 in chips) 
Seat 3: whlzor ($213.84 in chips) 
Seat 4: easy_sarcasm ($100 in chips) 
Seat 5: Zvst ($108.50 in chips) 
Seat 6: Rysiff ($205.29 in chips) 
whlzor: posts small blind $0.50
easy_sarcasm: posts big blind $1
*** HOLE CARDS ***
Zvst: folds 
Rysiff: folds 
BenCampbel10: raises $1 to $2
whlzor: folds 
easy_sarcasm: calls $1
*** FLOP *** [7d Th 8h]
easy_sarcasm: checks 
BenCampbel10: checks 
*** TURN *** [7d Th 8h] [3c]
easy_sarcasm: bets $8
BenCampbel10: folds 
Uncalled bet ($8) returned to easy_sarcasm
easy_sarcasm collected $4.28 from pot
*** SUMMARY ***
Total pot $4.50 | Rake $0.22 
Board [7d Th 8h 3c]
Seat 2: bayar421
Seat 1: BenCampbel10 (button) folded on the Turn
Seat 3: whlzor (small blind) folded before Flop
Seat 4: easy_sarcasm (big blind) collected ($4.28)
Seat 5: Zvst folded before Flop (didn't bet)
Seat 6: Rysiff folded before Flop (didn't bet)



PokerStars Hand #254227830072:  Hold'em No Limit ($0.50/$1.00 USD) - 2025/01/06 14:32:03 WET [2025/01/06 9:32:03 ET]
Table 'Nissen' 6-max Seat #3 is the button
Seat 1: BenCampbel10 ($100 in chips) 
Seat 2: bayar421 ($100 in chips) 
Seat 3: whlzor ($213.34 in chips) 
Seat 4: easy_sarcasm ($102.28 in chips) 
Seat 5: Zvst ($108.50 in chips) 
Seat 6: Rysiff ($205.29 in chips) 
easy_sarcasm: posts small blind $0.50
Zvst: posts big blind $1
bayar421: posts small & big blinds $1.50
*** HOLE CARDS ***
Rysiff: folds 
BenCampbel10: folds 
bayar421: checks 
whlzor: folds 
easy_sarcasm: raises $3.50 to $4.50
Zvst: folds 
bayar421: calls $3.50
*** FLOP *** [As Kd 6d]
easy_sarcasm: bets $4.50
bayar421: folds 
Uncalled bet ($4.50) returned to easy_sarcasm
easy_sarcasm collected $9.98 from pot
*** SUMMARY ***
Total pot $10.50 | Rake $0.52 
Board [As Kd 6d]
Seat 1: BenCampbel10 folded before Flop (didn't bet)
Seat 2: bayar421 folded on the Flop
Seat 3: whlzor (button) folded before Flop (didn't bet)
Seat 4: easy_sarcasm (small blind) collected ($9.98)
Seat 5: Zvst (big blind) folded before Flop
Seat 6: Rysiff folded before Flop (didn't bet)



PokerStars Hand #254227836305:  Hold'em No Limit ($0.50/$1.00 USD) - 2025/01/06 14:32:33 WET [2025/01/06 9:32:33 ET]
Table 'Nissen' 6-max Seat #4 is the button
Seat 1: BenCampbel10 ($100 in chips) 
Seat 2: bayar421 ($95 in chips) 
Seat 3: whlzor ($213.34 in chips) 
Seat 4: easy_sarcasm ($107.76 in chips) 
Seat 5: Zvst ($107.50 in chips) 
Seat 6: Rysiff ($205.29 in chips) 
Zvst: posts small blind $0.50
Rysiff: posts big blind $1
*** HOLE CARDS ***
BenCampbel10: folds 
bayar421: folds 
whlzor: raises $2 to $3
easy_sarcasm: folds 
Zvst: folds 
Rysiff: folds 
Uncalled bet ($2) returned to whlzor
whlzor collected $2.50 from pot
whlzor: doesn't show hand 
*** SUMMARY ***
Total pot $2.50 | Rake $0 
Seat 1: BenCampbel10 folded before Flop (didn't bet)
Seat 2: bayar421 folded before Flop (didn't bet)
Seat 3: whlzor collected ($2.50)
Seat 4: easy_sarcasm (button) folded before Flop (didn't bet)
Seat 5: Zvst (small blind) folded before Flop
Seat 6: Rysiff (big blind) folded before Flop



PokerStars Hand #254227838243:  Hold'em No Limit ($0.50/$1.00 USD) - 2025/01/06 14:32:42 WET [2025/01/06 9:32:42 ET]
Table 'Nissen' 6-max Seat #5 is the button
Seat 1: BenCampbel10 ($100 in chips) 
Seat 2: bayar421 ($95 in chips) 
Seat 3: whlzor ($214.84 in chips) 
Seat 4: easy_sarcasm ($107.76 in chips) 
Seat 5: Zvst ($107 in chips) 
Seat 6: Rysiff ($204.29 in chips) 
Rysiff: posts small blind $0.50
BenCampbel10: posts big blind $1
*** HOLE CARDS ***
bayar421: folds 
whlzor: folds 
easy_sarcasm: folds 
Zvst: raises $1.50 to $2.50
Rysiff: folds 
BenCampbel10: folds 
Uncalled bet ($1.50) returned to Zvst
Zvst collected $2.50 from pot
Zvst: doesn't show hand 
*** SUMMARY ***
Total pot $2.50 | Rake $0 
Seat 1: BenCampbel10 (big blind) folded before Flop
Seat 2: bayar421 folded before Flop (didn't bet)
Seat 3: whlzor folded before Flop (didn't bet)
Seat 4: easy_sarcasm folded before Flop (didn't bet)
Seat 5: Zvst (button) collected ($2.50)
Seat 6: Rysiff (small blind) folded before Flop



PokerStars Hand #254227841722:  Hold'em No Limit ($0.50/$1.00 USD) - 2025/01/06 14:32:59 WET [2025/01/06 9:32:59 ET]
Table 'Nissen' 6-max Seat #6 is the button
Seat 1: BenCampbel10 ($100 in chips) 
Seat 2: bayar421 ($95 in chips) 
Seat 3: whlzor ($214.84 in chips) 
Seat 4: easy_sarcasm ($107.76 in chips) 
Seat 5: Zvst ($108.50 in chips) 
Seat 6: Rysiff ($203.79 in chips) 
BenCampbel10: posts small blind $0.50
bayar421: posts big blind $1
*** HOLE CARDS ***
whlzor: folds 
easy_sarcasm: folds 
Zvst: folds 
Rysiff: folds 
BenCampbel10: raises $1.50 to $2.50
bayar421: calls $1.50
*** FLOP *** [Ac 9h Ks]
BenCampbel10: checks 
bayar421: bets $1
BenCampbel10: calls $1
*** TURN *** [Ac 9h Ks] [Td]
BenCampbel10: checks 
bayar421: bets $6.65
BenCampbel10: folds 
Uncalled bet ($6.65) returned to bayar421
bayar421 collected $6.65 from pot
*** SUMMARY ***
Total pot $7 | Rake $0.35 
Board [Ac 9h Ks Td]
Seat 1: BenCampbel10 (small blind) folded on the Turn
Seat 2: bayar421 (big blind) collected ($6.65)
Seat 3: whlzor folded before Flop (didn't bet)
Seat 4: easy_sarcasm folded before Flop (didn't bet)
Seat 5: Zvst folded before Flop (didn't bet)
Seat 6: Rysiff (button) folded before Flop (didn't bet)



PokerStars Hand #254227846299:  Hold'em No Limit ($0.50/$1.00 USD) - 2025/01/06 14:33:21 WET [2025/01/06 9:33:21 ET]
Table 'Nissen' 6-max Seat #1 is the button
Seat 1: BenCampbel10 ($100 in chips) 
Seat 2: bayar421 ($98.15 in chips) 
Seat 3: whlzor ($214.84 in chips) 
Seat 4: easy_sarcasm ($107.76 in chips) 
Seat 5: Zvst ($108.50 in chips) 
Seat 6: Rysiff ($203.79 in chips) 
bayar421: posts small blind $0.50
whlzor: posts big blind $1
*** HOLE CARDS ***
easy_sarcasm: folds 
Zvst: folds 
Rysiff: raises $1.50 to $2.50
BenCampbel10: folds 
bayar421: calls $2
whlzor: folds 
*** FLOP *** [Ad Kh Ah]
bayar421: checks 
Rysiff: checks 
*** TURN *** [Ad Kh Ah] [7c]
bayar421: checks 
Rysiff: checks 
*** RIVER *** [Ad Kh Ah 7c] [3h]
bayar421: bets $5.70
Rysiff: calls $5.70
*** SHOW DOWN ***
bayar421: shows [8h 6d] (a pair of Aces)
Rysiff: shows [Jh Js] (two pair, Aces and Jacks)
Rysiff collected $16.53 from pot
*** SUMMARY ***
Total pot $17.40 | Rake $0.87 
Board [Ad Kh Ah 7c 3h]
Seat 1: BenCampbel10 (button) folded before Flop (didn't bet)
Seat 2: bayar421 (small blind) showed [8h 6d] and lost with a pair of Aces
Seat 3: whlzor (big blind) folded before Flop
Seat 4: easy_sarcasm folded before Flop (didn't bet)
Seat 5: Zvst folded before Flop (didn't bet)
Seat 6: Rysiff showed [Jh Js] and won ($16.53) with two pair, Aces and Jacks



PokerStars Hand #254227854274:  Hold'em No Limit ($0.50/$1.00 USD) - 2025/01/06 14:33:59 WET [2025/01/06 9:33:59 ET]
Table 'Nissen' 6-max Seat #2 is the button
Seat 1: BenCampbel10 ($100 in chips) 
Seat 2: bayar421 ($89.95 in chips) 
Seat 3: whlzor ($213.84 in chips) 
Seat 4: easy_sarcasm ($107.76 in chips) 
Seat 5: Zvst ($108.50 in chips) 
Seat 6: Rysiff ($212.12 in chips) 
whlzor: posts small blind $0.50
easy_sarcasm: posts big blind $1
*** HOLE CARDS ***
Zvst: folds 
Rysiff: raises $1.50 to $2.50
BenCampbel10: folds 
bayar421: folds 
whlzor: folds 
easy_sarcasm: calls $1.50
*** FLOP *** [6s 9c 4h]
easy_sarcasm: checks 
Rysiff: checks 
*** TURN *** [6s 9c 4h] [5s]
easy_sarcasm: checks 
Rysiff: checks 
*** RIVER *** [6s 9c 4h 5s] [9d]
easy_sarcasm: bets $9.50
Rysiff: folds 
Uncalled bet ($9.50) returned to easy_sarcasm
easy_sarcasm collected $5.22 from pot
*** SUMMARY ***
Total pot $5.50 | Rake $0.28 
Board [6s 9c 4h 5s 9d]
Seat 1: BenCampbel10 folded before Flop (didn't bet)
Seat 2: bayar421 (button) folded before Flop (didn't bet)
Seat 3: whlzor (small blind) folded before Flop
Seat 4: easy_sarcasm (big blind) collected ($5.22)
Seat 5: Zvst folded before Flop (didn't bet)
Seat 6: Rysiff folded on the River



PokerStars Hand #254227862095:  Hold'em No Limit ($0.50/$1.00 USD) - 2025/01/06 14:34:37 WET [2025/01/06 9:34:37 ET]
Table 'Nissen' 6-max Seat #3 is the button
Seat 1: BenCampbel10 ($100 in chips) 
Seat 2: bayar421 ($89.95 in chips) 
Seat 3: whlzor ($213.34 in chips) 
Seat 4: easy_sarcasm ($110.48 in chips) 
Seat 5: Zvst ($108.50 in chips) 
Seat 6: Rysiff ($209.62 in chips) 
easy_sarcasm: posts small blind $0.50
Zvst: posts big blind $1
*** HOLE CARDS ***
Rysiff: folds 
BenCampbel10: raises $1 to $2
bayar421: folds 
whlzor: raises $6 to $8
easy_sarcasm: folds 
Zvst: folds 
BenCampbel10: folds 
Uncalled bet ($6) returned to whlzor
whlzor collected $5.50 from pot
whlzor: doesn't show hand 
*** SUMMARY ***
Total pot $5.50 | Rake $0 
Seat 1: BenCampbel10 folded before Flop
Seat 2: bayar421 folded before Flop (didn't bet)
Seat 3: whlzor (button) collected ($5.50)
Seat 4: easy_sarcasm (small blind) folded before Flop
Seat 5: Zvst (big blind) folded before Flop
Seat 6: Rysiff folded before Flop (didn't bet)



PokerStars Hand #254227866569:  Hold'em No Limit ($0.50/$1.00 USD) - 2025/01/06 14:34:58 WET [2025/01/06 9:34:58 ET]
Table 'Nissen' 6-max Seat #4 is the button
Seat 1: BenCampbel10 ($100 in chips) 
Seat 2: bayar421 ($89.95 in chips) 
Seat 3: whlzor ($216.84 in chips) 
Seat 4: easy_sarcasm ($109.98 in chips) 
Seat 5: Zvst ($107.50 in chips) 
Seat 6: Rysiff ($209.62 in chips) 
Zvst: posts small blind $0.50
Rysiff: posts big blind $1
*** HOLE CARDS ***
BenCampbel10: folds 
bayar421: folds 
whlzor: folds 
easy_sarcasm: raises $1.20 to $2.20
Zvst: folds 
Rysiff: folds 
Uncalled bet ($1.20) returned to easy_sarcasm
easy_sarcasm collected $2.50 from pot
*** SUMMARY ***
Total pot $2.50 | Rake $0 
Seat 1: BenCampbel10 folded before Flop (didn't bet)
Seat 2: bayar421 folded before Flop (didn't bet)
Seat 3: whlzor folded before Flop (didn't bet)
Seat 4: easy_sarcasm (button) collected ($2.50)
Seat 5: Zvst (small blind) folded before Flop
Seat 6: Rysiff (big blind) folded before Flop



PokerStars Hand #254227454192:  Hold'em No Limit ($0.50/$1.00 USD) - 2025/01/06 14:00:12 WET [2025/01/06 9:00:12 ET]
Table 'Nissen' 6-max Seat #5 is the button
Seat 2: whlzor ($100 in chips) is sitting out
Seat 1: franco232315 ($132.82 in chips) 
Seat 3: Spleoshk ($87.75 in chips) 
Seat 4: b2k-Snick ($118.68 in chips) 
Seat 5: Gfoer ($111.02 in chips) 
Seat 6: Nicedaymybro ($106.67 in chips) 
Nicedaymybro: posts small blind $0.50
franco232315: posts big blind $1
whlzor: sits out 
*** HOLE CARDS ***
Spleoshk: calls $1
b2k-Snick: folds 
Gfoer: folds 
Nicedaymybro: folds 
franco232315: raises $4 to $5
Spleoshk: calls $4
*** FLOP *** [6s 3c 5h]
franco232315: checks 
Spleoshk: bets $3
franco232315: raises $11.99 to $14.99
Spleoshk: calls $11.99
*** TURN *** [6s 3c 5h] [7s]
franco232315: bets $12.69
Spleoshk: raises $55.07 to $67.76 and is all-in
franco232315: calls $55.07
*** RIVER *** [6s 3c 5h 7s] [2d]
*** SHOW DOWN ***
franco232315: shows [7h 7d] (three of a kind, Sevens)
Spleoshk: shows [4h 3d] (a straight, Three to Seven)
Spleoshk collected $173.50 from pot
*** SUMMARY ***
Total pot $176 | Rake $2.50 
Board [6s 3c 5h 7s 2d]
Seat 2: whlzor
Seat 1: franco232315 (big blind) showed [7h 7d] and lost with three of a kind, Sevens
Seat 3: Spleoshk showed [4h 3d] and won ($173.50) with a straight, Three to Seven
Seat 4: b2k-Snick folded before Flop (didn't bet)
Seat 5: Gfoer (button) folded before Flop (didn't bet)
Seat 6: Nicedaymybro (small blind) folded before Flop



PokerStars Hand #254227463469:  Hold'em No Limit ($0.50/$1.00 USD) - 2025/01/06 14:01:07 WET [2025/01/06 9:01:07 ET]
Table 'Nissen' 6-max Seat #6 is the button
Seat 1: franco232315 ($100 in chips) 
Seat 2: whlzor ($100 in chips) 
Seat 3: Spleoshk ($173.50 in chips) 
Seat 4: b2k-Snick ($118.68 in chips) 
Seat 5: Gfoer ($111.02 in chips) 
Seat 6: Nicedaymybro ($106.17 in chips) 
franco232315: posts small blind $0.50
whlzor: posts big blind $1
*** HOLE CARDS ***
Spleoshk: raises $1 to $2
b2k-Snick: folds 
Gfoer: folds 
Nicedaymybro: raises $5 to $7
franco232315: folds 
whlzor: folds 
Spleoshk: raises $13 to $20
Nicedaymybro: folds 
Uncalled bet ($13) returned to Spleoshk
Spleoshk collected $15.50 from pot
*** SUMMARY ***
Total pot $15.50 | Rake $0 
Seat 1: franco232315 (small blind) folded before Flop
Seat 2: whlzor (big blind) folded before Flop
Seat 3: Spleoshk collected ($15.50)
Seat 4: b2k-Snick folded before Flop (didn't bet)
Seat 5: Gfoer folded before Flop (didn't bet)
Seat 6: Nicedaymybro (button) folded before Flop



PokerStars Hand #254227470978:  Hold'em No Limit ($0.50/$1.00 USD) - 2025/01/06 14:01:48 WET [2025/01/06 9:01:48 ET]
Table 'Nissen' 6-max Seat #1 is the button
Seat 1: franco232315 ($100 in chips) 
Seat 2: whlzor ($100 in chips) 
Seat 3: Spleoshk ($182 in chips) 
Seat 4: b2k-Snick ($118.68 in chips) 
Seat 5: Gfoer ($111.02 in chips) 
Seat 6: Nicedaymybro ($100 in chips) 
whlzor: posts small blind $0.50
Spleoshk: posts big blind $1
*** HOLE CARDS ***
b2k-Snick: folds 
Gfoer: raises $1.20 to $2.20
Nicedaymybro: folds 
franco232315: raises $6.80 to $9
whlzor: folds 
Spleoshk: folds 
Gfoer: raises $12 to $21
franco232315: raises $79 to $100 and is all-in
Gfoer: calls $79
franco232315 has timed out
*** FIRST FLOP *** [8s Ac Ah]
*** FIRST TURN *** [8s Ac Ah] [4d]
*** FIRST RIVER *** [8s Ac Ah 4d] [6c]
*** SECOND FLOP *** [8d 5h 3d]
*** SECOND TURN *** [8d 5h 3d] [Js]
*** SECOND RIVER *** [8d 5h 3d Js] [4s]
*** FIRST SHOW DOWN ***
Gfoer: shows [Kd Ad] (three of a kind, Aces)
franco232315: shows [Qs Qh] (two pair, Aces and Queens)
Gfoer collected $99.50 from pot
*** SECOND SHOW DOWN ***
Gfoer: shows [Kd Ad] (high card Ace)
franco232315: shows [Qs Qh] (a pair of Queens)
franco232315 collected $99.50 from pot
*** SUMMARY ***
Total pot $201.50 | Rake $2.50 
Hand was run twice
FIRST Board [8s Ac Ah 4d 6c]
SECOND Board [8d 5h 3d Js 4s]
Seat 1: franco232315 (button) showed [Qs Qh] and lost with two pair, Aces and Queens, and won ($99.50) with a pair of Queens
Seat 2: whlzor (small blind) folded before Flop
Seat 3: Spleoshk (big blind) folded before Flop
Seat 4: b2k-Snick folded before Flop (didn't bet)
Seat 5: Gfoer showed [Kd Ad] and won ($99.50) with three of a kind, Aces, and lost with high card Ace
Seat 6: Nicedaymybro folded before Flop (didn't bet)



PokerStars Hand #254227485413:  Hold'em No Limit ($0.50/$1.00 USD) - 2025/01/06 14:03:03 WET [2025/01/06 9:03:03 ET]
Table 'Nissen' 6-max Seat #2 is the button
Seat 1: franco232315 ($100 in chips) 
Seat 2: whlzor ($100 in chips) 
Seat 3: Spleoshk ($181 in chips) 
Seat 4: b2k-Snick ($118.68 in chips) 
Seat 5: Gfoer ($110.52 in chips) 
Seat 6: Nicedaymybro ($100 in chips) 
Spleoshk: posts small blind $0.50
b2k-Snick: posts big blind $1
*** HOLE CARDS ***
Gfoer: folds 
Nicedaymybro: folds 
franco232315: folds 
whlzor: folds 
Spleoshk: calls $0.50
b2k-Snick: raises $3 to $4
Spleoshk: calls $3
*** FLOP *** [Tc 5c 5s]
Spleoshk: checks 
b2k-Snick: bets $2.51
Spleoshk: folds 
Uncalled bet ($2.51) returned to b2k-Snick
b2k-Snick collected $7.60 from pot
b2k-Snick: doesn't show hand 
*** SUMMARY ***
Total pot $8 | Rake $0.40 
Board [Tc 5c 5s]
Seat 1: franco232315 folded before Flop (didn't bet)
Seat 2: whlzor (button) folded before Flop (didn't bet)
Seat 3: Spleoshk (small blind) folded on the Flop
Seat 4: b2k-Snick (big blind) collected ($7.60)
Seat 5: Gfoer folded before Flop (didn't bet)
Seat 6: Nicedaymybro folded before Flop (didn't bet)



PokerStars Hand #254227492441:  Hold'em No Limit ($0.50/$1.00 USD) - 2025/01/06 14:03:40 WET [2025/01/06 9:03:40 ET]
Table 'Nissen' 6-max Seat #3 is the button
Seat 1: franco232315 ($100 in chips) 
Seat 2: whlzor ($100 in chips) 
Seat 3: Spleoshk ($177 in chips) 
Seat 4: b2k-Snick ($122.28 in chips) 
Seat 5: Gfoer ($110.52 in chips) 
Seat 6: Nicedaymybro ($100 in chips) 
b2k-Snick: posts small blind $0.50
Gfoer: posts big blind $1
*** HOLE CARDS ***
Nicedaymybro: folds 
franco232315: folds 
whlzor: raises $2 to $3
Spleoshk: calls $3
b2k-Snick: folds 
Gfoer: folds 
*** FLOP *** [3h 8d Ks]
whlzor: checks 
Spleoshk: checks 
*** TURN *** [3h 8d Ks] [5c]
whlzor: bets $3.56
Spleoshk: folds 
Uncalled bet ($3.56) returned to whlzor
whlzor collected $7.12 from pot
whlzor: doesn't show hand 
*** SUMMARY ***
Total pot $7.50 | Rake $0.38 
Board [3h 8d Ks 5c]
Seat 1: franco232315 folded before Flop (didn't bet)
Seat 2: whlzor collected ($7.12)
Seat 3: Spleoshk (button) folded on the Turn
Seat 4: b2k-Snick (small blind) folded before Flop
Seat 5: Gfoer (big blind) folded before Flop
Seat 6: Nicedaymybro folded before Flop (didn't bet)



PokerStars Hand #254227500383:  Hold'em No Limit ($0.50/$1.00 USD) - 2025/01/06 14:04:22 WET [2025/01/06 9:04:22 ET]
Table 'Nissen' 6-max Seat #4 is the button
Seat 1: franco232315 ($100 in chips) 
Seat 2: whlzor ($104.12 in chips) 
Seat 3: Spleoshk ($174 in chips) 
Seat 4: b2k-Snick ($121.78 in chips) 
Seat 5: Gfoer ($109.52 in chips) 
Seat 6: Nicedaymybro ($100 in chips) 
Gfoer: posts small blind $0.50
Nicedaymybro: posts big blind $1
*** HOLE CARDS ***
franco232315: folds 
whlzor: folds 
Spleoshk: calls $1
b2k-Snick: folds 
Gfoer: folds 
Nicedaymybro: checks 
*** FLOP *** [Qs 8s 8h]
Nicedaymybro: checks 
Spleoshk: checks 
*** TURN *** [Qs 8s 8h] [Jd]
Nicedaymybro: checks 
Spleoshk: checks 
*** RIVER *** [Qs 8s 8h Jd] [Ad]
Nicedaymybro: checks 
Spleoshk: bets $3
Nicedaymybro: folds 
Uncalled bet ($3) returned to Spleoshk
Spleoshk collected $2.38 from pot
*** SUMMARY ***
Total pot $2.50 | Rake $0.12 
Board [Qs 8s 8h Jd Ad]
Seat 1: franco232315 folded before Flop (didn't bet)
Seat 2: whlzor folded before Flop (didn't bet)
Seat 3: Spleoshk collected ($2.38)
Seat 4: b2k-Snick (button) folded before Flop (didn't bet)
Seat 5: Gfoer (small blind) folded before Flop
Seat 6: Nicedaymybro (big blind) folded on the River



PokerStars Hand #254227505054:  Hold'em No Limit ($0.50/$1.00 USD) - 2025/01/06 14:04:46 WET [2025/01/06 9:04:46 ET]
Table 'Nissen' 6-max Seat #5 is the button
Seat 1: franco232315 ($100 in chips) 
Seat 2: whlzor ($104.12 in chips) 
Seat 3: Spleoshk ($175.38 in chips) 
Seat 4: b2k-Snick ($121.78 in chips) 
Seat 5: Gfoer ($109.02 in chips) 
Seat 6: Nicedaymybro ($100 in chips) 
Nicedaymybro: posts small blind $0.50
franco232315: posts big blind $1
*** HOLE CARDS ***
whlzor: folds 
Spleoshk: calls $1
b2k-Snick: folds 
Gfoer: raises $3.50 to $4.50
Nicedaymybro: raises $9.50 to $14
franco232315: folds 
Spleoshk: calls $13
Gfoer: calls $9.50
*** FLOP *** [5d Jc Kc]
Nicedaymybro: bets $16.36
Spleoshk: calls $16.36
Gfoer: folds 
*** TURN *** [5d Jc Kc] [8c]
Nicedaymybro: checks 
Spleoshk: bets $17
Nicedaymybro: calls $17
*** RIVER *** [5d Jc Kc 8c] [Kh]
Nicedaymybro: checks 
Spleoshk: bets $56
Nicedaymybro: calls $52.64 and is all-in
Uncalled bet ($3.36) returned to Spleoshk
*** SHOW DOWN ***
Spleoshk: shows [3c Ac] (a flush, Ace high)
Nicedaymybro: shows [Ks As] (three of a kind, Kings)
Spleoshk collected $212.50 from pot
*** SUMMARY ***
Total pot $215 | Rake $2.50 
Board [5d Jc Kc 8c Kh]
Seat 1: franco232315 (big blind) folded before Flop
Seat 2: whlzor folded before Flop (didn't bet)
Seat 3: Spleoshk showed [3c Ac] and won ($212.50) with a flush, Ace high
Seat 4: b2k-Snick folded before Flop (didn't bet)
Seat 5: Gfoer (button) folded on the Flop
Seat 6: Nicedaymybro (small blind) showed [Ks As] and lost with three of a kind, Kings



PokerStars Hand #254227518488:  Hold'em No Limit ($0.50/$1.00 USD) - 2025/01/06 14:05:56 WET [2025/01/06 9:05:56 ET]
Table 'Nissen' 6-max Seat #6 is the button
Seat 1: franco232315 ($100 in chips) 
Seat 2: whlzor ($104.12 in chips) 
Seat 3: Spleoshk ($287.88 in chips) 
Seat 4: b2k-Snick ($121.78 in chips) 
Seat 5: Gfoer ($100 in chips) 
Seat 6: Nicedaymybro ($100 in chips) 
franco232315: posts small blind $0.50
whlzor: posts big blind $1
*** HOLE CARDS ***
Spleoshk: raises $1 to $2
b2k-Snick: folds 
Gfoer: folds 
Nicedaymybro: folds 
franco232315: folds 
whlzor: folds 
Uncalled bet ($1) returned to Spleoshk
Spleoshk collected $2.50 from pot
*** SUMMARY ***
Total pot $2.50 | Rake $0 
Seat 1: franco232315 (small blind) folded before Flop
Seat 2: whlzor (big blind) folded before Flop
Seat 3: Spleoshk collected ($2.50)
Seat 4: b2k-Snick folded before Flop (didn't bet)
Seat 5: Gfoer folded before Flop (didn't bet)
Seat 6: Nicedaymybro (button) folded before Flop (didn't bet)



PokerStars Hand #254227522223:  Hold'em No Limit ($0.50/$1.00 USD) - 2025/01/06 14:06:15 WET [2025/01/06 9:06:15 ET]
Table 'Nissen' 6-max Seat #1 is the button
Seat 1: franco232315 ($100 in chips) 
Seat 2: whlzor ($103.12 in chips) 
Seat 3: Spleoshk ($289.38 in chips) 
Seat 4: b2k-Snick ($121.78 in chips) 
Seat 5: Gfoer ($100 in chips) 
Seat 6: Nicedaymybro ($100 in chips) 
whlzor: posts small blind $0.50
Spleoshk: posts big blind $1
*** HOLE CARDS ***
b2k-Snick: raises $1.10 to $2.10
Gfoer: folds 
Nicedaymybro: folds 
franco232315: calls $2.10
whlzor: raises $8.90 to $11
Spleoshk: calls $10
b2k-Snick: folds 
franco232315: calls $8.90
*** FLOP *** [5h Qc Kd]
whlzor: bets $21
Spleoshk: raises $257.38 to $278.38 and is all-in
franco232315: folds 
whlzor: calls $71.12 and is all-in
Uncalled bet ($186.26) returned to Spleoshk
*** TURN *** [5h Qc Kd] [8h]
*** RIVER *** [5h Qc Kd 8h] [7h]
*** SHOW DOWN ***
whlzor: shows [Ah Kh] (a flush, Ace high)
Spleoshk: shows [Qd Ac] (a pair of Queens)
whlzor collected $216.84 from pot
*** SUMMARY ***
Total pot $219.34 | Rake $2.50 
Board [5h Qc Kd 8h 7h]
Seat 1: franco232315 (button) folded on the Flop
Seat 2: whlzor (small blind) showed [Ah Kh] and won ($216.84) with a flush, Ace high
Seat 3: Spleoshk (big blind) showed [Qd Ac] and lost with a pair of Queens
Seat 4: b2k-Snick folded before Flop
Seat 5: Gfoer folded before Flop (didn't bet)
Seat 6: Nicedaymybro folded before Flop (didn't bet)



PokerStars Hand #254227532726:  Hold'em No Limit ($0.50/$1.00 USD) - 2025/01/06 14:07:09 WET [2025/01/06 9:07:09 ET]
Table 'Nissen' 6-max Seat #2 is the button
Seat 6: Nicedaymybro ($100 in chips) is sitting out
Seat 1: franco232315 ($100 in chips) 
Seat 2: whlzor ($216.84 in chips) 
Seat 3: Spleoshk ($186.26 in chips) 
Seat 4: b2k-Snick ($119.68 in chips) 
Seat 5: Gfoer ($100 in chips) 
Spleoshk: posts small blind $0.50
b2k-Snick: posts big blind $1
*** HOLE CARDS ***
Gfoer: folds 
franco232315: raises $4 to $5
whlzor: folds 
Spleoshk: folds 
b2k-Snick: folds 
Uncalled bet ($4) returned to franco232315
Spleoshk leaves the table
franco232315 collected $2.50 from pot
franco232315: doesn't show hand 
*** SUMMARY ***
Total pot $2.50 | Rake $0 
Seat 6: Nicedaymybro
Seat 1: franco232315 collected ($2.50)
Seat 2: whlzor (button) folded before Flop (didn't bet)
Seat 3: Spleoshk (small blind) folded before Flop
Seat 4: b2k-Snick (big blind) folded before Flop
Seat 5: Gfoer folded before Flop (didn't bet)



PokerStars Hand #254227535738:  Hold'em No Limit ($0.50/$1.00 USD) - 2025/01/06 14:07:24 WET [2025/01/06 9:07:24 ET]
Table 'Nissen' 6-max Seat #5 is the button
Seat 1: franco232315 ($101.50 in chips) is sitting out
Seat 2: whlzor ($216.84 in chips) is sitting out
Seat 6: Nicedaymybro ($100 in chips) is sitting out
Seat 4: b2k-Snick ($118.68 in chips) 
Seat 5: Gfoer ($100 in chips) 
Gfoer: posts small blind $0.50
franco232315: is sitting out 
whlzor: is sitting out 
b2k-Snick: posts big blind $1
*** HOLE CARDS ***
whlzor leaves the table
Gfoer: raises $1 to $2
b2k-Snick: raises $9 to $11
franco232315 leaves the table
Gfoer: calls $9
*** FLOP *** [Qd 4h Tc]
b2k-Snick: checks 
Gfoer: checks 
*** TURN *** [Qd 4h Tc] [7c]
b2k-Snick: checks 
Gfoer: checks 
*** RIVER *** [Qd 4h Tc 7c] [Ah]
b2k-Snick: bets $8
Gfoer: folds 
Uncalled bet ($8) returned to b2k-Snick
Nicedaymybro leaves the table
b2k-Snick collected $21 from pot
b2k-Snick: doesn't show hand 
*** SUMMARY ***
Total pot $22 | Rake $1 
Board [Qd 4h Tc 7c Ah]
Seat 1: franco232315
Seat 2: whlzor
Seat 6: Nicedaymybro
Seat 4: b2k-Snick (big blind) collected ($21)
Seat 5: Gfoer (button) (small blind) folded on the River



PokerStars Hand #254227868805:  Hold'em No Limit ($0.50/$1.00 USD) - 2025/01/06 14:35:09 WET [2025/01/06 9:35:09 ET]
Table 'Nissen' 6-max Seat #5 is the button
Seat 1: BenCampbel10 ($100 in chips) 
Seat 2: bayar421 ($89.95 in chips) 
Seat 3: whlzor ($216.84 in chips) 
Seat 4: easy_sarcasm ($111.48 in chips) 
Seat 5: Zvst ($107 in chips) 
Seat 6: Rysiff ($208.62 in chips) 
Rysiff: posts small blind $0.50
BenCampbel10: posts big blind $1
*** HOLE CARDS ***
bayar421: folds 
whlzor: folds 
easy_sarcasm: folds 
Zvst: folds 
Rysiff: folds 
Uncalled bet ($0.50) returned to BenCampbel10
BenCampbel10 collected $1 from pot
*** SUMMARY ***
Total pot $1 | Rake $0 
Seat 1: BenCampbel10 (big blind) collected ($1)
Seat 2: bayar421 folded before Flop (didn't bet)
Seat 3: whlzor folded before Flop (didn't bet)
Seat 4: easy_sarcasm folded before Flop (didn't bet)
Seat 5: Zvst (button) folded before Flop (didn't bet)
Seat 6: Rysiff (small blind) folded before Flop



PokerStars Hand #254227871813:  Hold'em No Limit ($0.50/$1.00 USD) - 2025/01/06 14:35:23 WET [2025/01/06 9:35:23 ET]
Table 'Nissen' 6-max Seat #6 is the button
Seat 1: BenCampbel10 ($100.50 in chips) 
Seat 2: bayar421 ($89.95 in chips) 
Seat 3: whlzor ($216.84 in chips) 
Seat 4: easy_sarcasm ($111.48 in chips) 
Seat 5: Zvst ($107 in chips) 
Seat 6: Rysiff ($208.12 in chips) 
BenCampbel10: posts small blind $0.50
bayar421: posts big blind $1
*** HOLE CARDS ***
whlzor: folds 
easy_sarcasm: folds 
Zvst: raises $1.50 to $2.50
Rysiff: folds 
BenCampbel10: folds 
bayar421: calls $1.50
*** FLOP *** [2c 5c 3c]
bayar421: checks 
Zvst: bets $1.72
bayar421: calls $1.72
*** TURN *** [2c 5c 3c] [Kh]
bayar421: checks 
Zvst: bets $5.66
bayar421: folds 
Uncalled bet ($5.66) returned to Zvst
Zvst collected $8.49 from pot
Zvst: doesn't show hand 
*** SUMMARY ***
Total pot $8.94 | Rake $0.45 
Board [2c 5c 3c Kh]
Seat 1: BenCampbel10 (small blind) folded before Flop
Seat 2: bayar421 (big blind) folded on the Turn
Seat 3: whlzor folded before Flop (didn't bet)
Seat 4: easy_sarcasm folded before Flop (didn't bet)
Seat 5: Zvst collected ($8.49)
Seat 6: Rysiff (button) folded before Flop (didn't bet)



PokerStars Hand #254227878110:  Hold'em No Limit ($0.50/$1.00 USD) - 2025/01/06 14:35:53 WET [2025/01/06 9:35:53 ET]
Table 'Nissen' 6-max Seat #1 is the button
Seat 1: BenCampbel10 ($100 in chips) 
Seat 2: bayar421 ($85.73 in chips) 
Seat 3: whlzor ($216.84 in chips) 
Seat 4: easy_sarcasm ($111.48 in chips) 
Seat 5: Zvst ($111.27 in chips) 
Seat 6: Rysiff ($208.12 in chips) 
bayar421: posts small blind $0.50
whlzor: posts big blind $1
*** HOLE CARDS ***
easy_sarcasm: folds 
Zvst: folds 
Rysiff: raises $1.50 to $2.50
BenCampbel10: folds 
bayar421: calls $2
whlzor: folds 
*** FLOP *** [Js 8c 6d]
bayar421: checks 
Rysiff: bets $2.85
bayar421: calls $2.85
*** TURN *** [Js 8c 6d] [Jc]
bayar421: checks 
Rysiff: bets $8.90
bayar421: folds 
Uncalled bet ($8.90) returned to Rysiff
Rysiff collected $11.12 from pot
Rysiff: doesn't show hand 
*** SUMMARY ***
Total pot $11.70 | Rake $0.58 
Board [Js 8c 6d Jc]
Seat 1: BenCampbel10 (button) folded before Flop (didn't bet)
Seat 2: bayar421 (small blind) folded on the Turn
Seat 3: whlzor (big blind) folded before Flop
Seat 4: easy_sarcasm folded before Flop (didn't bet)
Seat 5: Zvst folded before Flop (didn't bet)
Seat 6: Rysiff collected ($11.12)



PokerStars Hand #254227884666:  Hold'em No Limit ($0.50/$1.00 USD) - 2025/01/06 14:36:24 WET [2025/01/06 9:36:24 ET]
Table 'Nissen' 6-max Seat #2 is the button
Seat 1: BenCampbel10 ($100 in chips) 
Seat 2: bayar421 ($80.38 in chips) 
Seat 3: whlzor ($215.84 in chips) 
Seat 4: easy_sarcasm ($111.48 in chips) 
Seat 5: Zvst ($111.27 in chips) 
Seat 6: Rysiff ($213.89 in chips) 
whlzor: posts small blind $0.50
easy_sarcasm: posts big blind $1
*** HOLE CARDS ***
Zvst: folds 
Rysiff: folds 
BenCampbel10: folds 
Zvst leaves the table
bayar421: calls $1
whlzor: folds 
easy_sarcasm: checks 
*** FLOP *** [8s Kc 7h]
CichiChanMarian joins the table at seat #5 
easy_sarcasm: checks 
bayar421: checks 
*** TURN *** [8s Kc 7h] [3h]
easy_sarcasm: bets $2.50
bayar421: calls $2.50
*** RIVER *** [8s Kc 7h 3h] [Ah]
easy_sarcasm: bets $5.50
bayar421: calls $5.50
*** SHOW DOWN ***
easy_sarcasm: shows [7s 3d] (two pair, Sevens and Threes)
bayar421: mucks hand 
easy_sarcasm collected $17.58 from pot
*** SUMMARY ***
Total pot $18.50 | Rake $0.92 
Board [8s Kc 7h 3h Ah]
Seat 1: BenCampbel10 folded before Flop (didn't bet)
Seat 2: bayar421 (button) mucked
Seat 3: whlzor (small blind) folded before Flop
Seat 4: easy_sarcasm (big blind) showed [7s 3d] and won ($17.58) with two pair, Sevens and Threes
Seat 5: Zvst folded before Flop (didn't bet)
Seat 6: Rysiff folded before Flop (didn't bet)



PokerStars Hand #254227892258:  Hold'em No Limit ($0.50/$1.00 USD) - 2025/01/06 14:37:00 WET [2025/01/06 9:37:00 ET]
Table 'Nissen' 6-max Seat #3 is the button
Seat 1: BenCampbel10 ($100 in chips) 
Seat 2: bayar421 ($71.38 in chips) 
Seat 3: whlzor ($215.34 in chips) 
Seat 4: easy_sarcasm ($120.06 in chips) 
Seat 5: CichiChanMarian ($100 in chips) 
Seat 6: Rysiff ($213.89 in chips) 
easy_sarcasm: posts small blind $0.50
CichiChanMarian: posts big blind $1
*** HOLE CARDS ***
Rysiff: folds 
BenCampbel10: folds 
bayar421: calls $1
whlzor: folds 
easy_sarcasm: raises $4.50 to $5.50
CichiChanMarian: folds 
bayar421: folds 
Uncalled bet ($4.50) returned to easy_sarcasm
easy_sarcasm collected $3 from pot
*** SUMMARY ***
Total pot $3 | Rake $0 
Seat 1: BenCampbel10 folded before Flop (didn't bet)
Seat 2: bayar421 folded before Flop
Seat 3: whlzor (button) folded before Flop (didn't bet)
Seat 4: easy_sarcasm (small blind) collected ($3)
Seat 5: CichiChanMarian (big blind) folded before Flop
Seat 6: Rysiff folded before Flop (didn't bet)



PokerStars Hand #254227895787:  Hold'em No Limit ($0.50/$1.00 USD) - 2025/01/06 14:37:17 WET [2025/01/06 9:37:17 ET]
Table 'Nissen' 6-max Seat #4 is the button
Seat 1: BenCampbel10 ($100 in chips) 
Seat 2: bayar421 ($70.38 in chips) 
Seat 3: whlzor ($215.34 in chips) 
Seat 4: easy_sarcasm ($122.06 in chips) 
Seat 5: CichiChanMarian ($100 in chips) 
Seat 6: Rysiff ($213.89 in chips) 
CichiChanMarian: posts small blind $0.50
Rysiff: posts big blind $1
*** HOLE CARDS ***
BenCampbel10: folds 
bayar421: calls $1
whlzor: folds 
easy_sarcasm: folds 
CichiChanMarian: folds 
Rysiff: checks 
*** FLOP *** [Kc 4h 8d]
Rysiff: checks 
bayar421: checks 
*** TURN *** [Kc 4h 8d] [Qh]
Rysiff: bets $2
bayar421: calls $2
*** RIVER *** [Kc 4h 8d Qh] [Jd]
Rysiff: bets $1
bayar421: calls $1
*** SHOW DOWN ***
Rysiff: shows [Jc 2h] (a pair of Jacks)
bayar421: shows [5h 4d] (a pair of Fours)
Rysiff collected $8.08 from pot
*** SUMMARY ***
Total pot $8.50 | Rake $0.42 
Board [Kc 4h 8d Qh Jd]
Seat 1: BenCampbel10 folded before Flop (didn't bet)
Seat 2: bayar421 showed [5h 4d] and lost with a pair of Fours
Seat 3: whlzor folded before Flop (didn't bet)
Seat 4: easy_sarcasm (button) folded before Flop (didn't bet)
Seat 5: CichiChanMarian (small blind) folded before Flop
Seat 6: Rysiff (big blind) showed [Jc 2h] and won ($8.08) with a pair of Jacks



PokerStars Hand #254227903199:  Hold'em No Limit ($0.50/$1.00 USD) - 2025/01/06 14:37:52 WET [2025/01/06 9:37:52 ET]
Table 'Nissen' 6-max Seat #5 is the button
Seat 1: BenCampbel10 ($100 in chips) 
Seat 2: bayar421 ($66.38 in chips) 
Seat 3: whlzor ($215.34 in chips) 
Seat 4: easy_sarcasm ($122.06 in chips) 
Seat 5: CichiChanMarian ($100 in chips) 
Seat 6: Rysiff ($217.97 in chips) 
Rysiff: posts small blind $0.50
BenCampbel10: posts big blind $1
*** HOLE CARDS ***
bayar421: calls $1
whlzor: folds 
easy_sarcasm: folds 
CichiChanMarian: folds 
Rysiff: calls $0.50
BenCampbel10: checks 
*** FLOP *** [Ts Ah 8h]
Rysiff: checks 
BenCampbel10: checks 
bayar421: checks 
*** TURN *** [Ts Ah 8h] [4s]
Rysiff: bets $3
BenCampbel10: calls $3
bayar421: calls $3
*** RIVER *** [Ts Ah 8h 4s] [Qd]
Rysiff: bets $1
BenCampbel10: raises $10 to $11
bayar421: calls $11
Rysiff: folds 
*** SHOW DOWN ***
BenCampbel10: shows [8c Ad] (two pair, Aces and Eights)
bayar421: mucks hand 
BenCampbel10 collected $33.25 from pot
*** SUMMARY ***
Total pot $35 | Rake $1.75 
Board [Ts Ah 8h 4s Qd]
Seat 1: BenCampbel10 (big blind) showed [8c Ad] and won ($33.25) with two pair, Aces and Eights
Seat 2: bayar421 mucked
Seat 3: whlzor folded before Flop (didn't bet)
Seat 4: easy_sarcasm folded before Flop (didn't bet)
Seat 5: CichiChanMarian (button) folded before Flop (didn't bet)
Seat 6: Rysiff (small blind) folded on the River



PokerStars Hand #254227915171:  Hold'em No Limit ($0.50/$1.00 USD) - 2025/01/06 14:38:50 WET [2025/01/06 9:38:50 ET]
Table 'Nissen' 6-max Seat #6 is the button
Seat 1: BenCampbel10 ($118.25 in chips) 
Seat 2: bayar421 ($51.38 in chips) 
Seat 3: whlzor ($215.34 in chips) 
Seat 4: easy_sarcasm ($122.06 in chips) 
Seat 5: CichiChanMarian ($100 in chips) 
Seat 6: Rysiff ($212.97 in chips) 
BenCampbel10: posts small blind $0.50
bayar421: posts big blind $1
*** HOLE CARDS ***
whlzor: folds 
easy_sarcasm: folds 
CichiChanMarian: folds 
Rysiff: raises $1.50 to $2.50
BenCampbel10: raises $9 to $11.50
bayar421: calls $10.50
Rysiff: calls $9
*** FLOP *** [Kd 7c Td]
BenCampbel10: bets $26.80
bayar421: calls $26.80
Rysiff: folds 
*** TURN *** [Kd 7c Td] [3c]
BenCampbel10: bets $42.80
bayar421: calls $13.08 and is all-in
Uncalled bet ($29.72) returned to BenCampbel10
*** RIVER *** [Kd 7c Td 3c] [7d]
*** SHOW DOWN ***
BenCampbel10: shows [9d Qd] (a flush, King high)
bayar421: shows [Qh Jh] (a pair of Sevens)
BenCampbel10 collected $111.76 from pot
*** SUMMARY ***
Total pot $114.26 | Rake $2.50 
Board [Kd 7c Td 3c 7d]
Seat 1: BenCampbel10 (small blind) showed [9d Qd] and won ($111.76) with a flush, King high
Seat 2: bayar421 (big blind) showed [Qh Jh] and lost with a pair of Sevens
Seat 3: whlzor folded before Flop (didn't bet)
Seat 4: easy_sarcasm folded before Flop (didn't bet)
Seat 5: CichiChanMarian folded before Flop (didn't bet)
Seat 6: Rysiff (button) folded on the Flop



PokerStars Hand #254227927187:  Hold'em No Limit ($0.50/$1.00 USD) - 2025/01/06 14:39:48 WET [2025/01/06 9:39:48 ET]
Table 'Nissen' 6-max Seat #1 is the button
Seat 2: bayar421 ($0 in chips) is sitting out
Seat 1: BenCampbel10 ($178.63 in chips) 
Seat 3: whlzor ($215.34 in chips) 
Seat 4: easy_sarcasm ($122.06 in chips) 
Seat 5: CichiChanMarian ($100 in chips) 
Seat 6: Rysiff ($201.47 in chips) 
whlzor: posts small blind $0.50
easy_sarcasm: posts big blind $1
*** HOLE CARDS ***
CichiChanMarian: folds 
Rysiff: raises $1.50 to $2.50
BenCampbel10: folds 
whlzor: folds 
easy_sarcasm: folds 
Uncalled bet ($1.50) returned to Rysiff
Rysiff collected $2.50 from pot
Rysiff: doesn't show hand 
*** SUMMARY ***
Total pot $2.50 | Rake $0 
Seat 2: bayar421
Seat 1: BenCampbel10 (button) folded before Flop (didn't bet)
Seat 3: whlzor (small blind) folded before Flop
Seat 4: easy_sarcasm (big blind) folded before Flop
Seat 5: CichiChanMarian folded before Flop (didn't bet)
Seat 6: Rysiff collected ($2.50)



PokerStars Hand #254227931875:  Hold'em No Limit ($0.50/$1.00 USD) - 2025/01/06 14:40:10 WET [2025/01/06 9:40:10 ET]
Table 'Nissen' 6-max Seat #3 is the button
Seat 2: bayar421 ($0 in chips) is sitting out
Seat 1: BenCampbel10 ($178.63 in chips) 
Seat 3: whlzor ($214.84 in chips) 
Seat 4: easy_sarcasm ($121.06 in chips) 
Seat 5: CichiChanMarian ($100 in chips) 
Seat 6: Rysiff ($202.97 in chips) 
easy_sarcasm: posts small blind $0.50
CichiChanMarian: posts big blind $1
*** HOLE CARDS ***
Rysiff: folds 
BenCampbel10: folds 
whlzor: raises $2 to $3
easy_sarcasm: folds 
CichiChanMarian: calls $2
*** FLOP *** [Tc Kd 2h]
CichiChanMarian: checks 
whlzor: bets $2.04
CichiChanMarian: calls $2.04
*** TURN *** [Tc Kd 2h] [8c]
CichiChanMarian: checks 
whlzor: bets $6.63
CichiChanMarian: calls $6.63
*** RIVER *** [Tc Kd 2h 8c] [3h]
CichiChanMarian: checks 
whlzor: bets $20.20
CichiChanMarian: folds 
Uncalled bet ($20.20) returned to whlzor
whlzor collected $22.65 from pot
whlzor: doesn't show hand 
*** SUMMARY ***
Total pot $23.84 | Rake $1.19 
Board [Tc Kd 2h 8c 3h]
Seat 2: bayar421
Seat 1: BenCampbel10 folded before Flop (didn't bet)
Seat 3: whlzor (button) collected ($22.65)
Seat 4: easy_sarcasm (small blind) folded before Flop
Seat 5: CichiChanMarian (big blind) folded on the River
Seat 6: Rysiff folded before Flop (didn't bet)



PokerStars Hand #254227952365:  Hold'em No Limit ($0.50/$1.00 USD) - 2025/01/06 14:41:47 WET [2025/01/06 9:41:47 ET]
Table 'Nissen' 6-max Seat #4 is the button
Seat 1: BenCampbel10 ($178.63 in chips) 
Seat 2: bayar421 ($100 in chips) 
Seat 3: whlzor ($225.82 in chips) 
Seat 4: easy_sarcasm ($120.56 in chips) 
Seat 5: CichiChanMarian ($100 in chips) 
Seat 6: Rysiff ($202.97 in chips) 
CichiChanMarian: posts small blind $0.50
Rysiff: posts big blind $1
bayar421: posts small blind $0.50
*** HOLE CARDS ***
BenCampbel10: folds 
bayar421: folds 
whlzor: folds 
easy_sarcasm: folds 
CichiChanMarian: raises $2 to $3
Rysiff: raises $7 to $10
CichiChanMarian: folds 
Uncalled bet ($7) returned to Rysiff
Rysiff collected $6.50 from pot
Rysiff: doesn't show hand 
*** SUMMARY ***
Total pot $6.50 | Rake $0 
Seat 1: BenCampbel10 folded before Flop (didn't bet)
Seat 2: bayar421 folded before Flop (didn't bet)
Seat 3: whlzor folded before Flop (didn't bet)
Seat 4: easy_sarcasm (button) folded before Flop (didn't bet)
Seat 5: CichiChanMarian (small blind) folded before Flop
Seat 6: Rysiff (big blind) collected ($6.50)



PokerStars Hand #254227957815:  Hold'em No Limit ($0.50/$1.00 USD) - 2025/01/06 14:42:13 WET [2025/01/06 9:42:13 ET]
Table 'Nissen' 6-max Seat #5 is the button
Seat 1: BenCampbel10 ($178.63 in chips) 
Seat 2: bayar421 ($99.50 in chips) 
Seat 3: whlzor ($225.82 in chips) 
Seat 4: easy_sarcasm ($120.56 in chips) 
Seat 5: CichiChanMarian ($100 in chips) 
Seat 6: Rysiff ($206.47 in chips) 
Rysiff: posts small blind $0.50
BenCampbel10: posts big blind $1
*** HOLE CARDS ***
bayar421: calls $1
whlzor: folds 
easy_sarcasm: folds 
CichiChanMarian: folds 
Rysiff: raises $4 to $5
BenCampbel10: folds 
bayar421: calls $4
*** FLOP *** [7h 8s Kh]
Rysiff: bets $5.23
bayar421: calls $5.23
*** TURN *** [7h 8s Kh] [Qc]
Rysiff: bets $6.73
bayar421: calls $6.73
*** RIVER *** [7h 8s Kh Qc] [As]
Rysiff: bets $6.63
bayar421: raises $75.91 to $82.54 and is all-in
Rysiff: folds 
Uncalled bet ($75.91) returned to bayar421
bayar421 collected $45.77 from pot
*** SUMMARY ***
Total pot $48.18 | Rake $2.41 
Board [7h 8s Kh Qc As]
Seat 1: BenCampbel10 (big blind) folded before Flop
Seat 2: bayar421 collected ($45.77)
Seat 3: whlzor folded before Flop (didn't bet)
Seat 4: easy_sarcasm folded before Flop (didn't bet)
Seat 5: CichiChanMarian (button) folded before Flop (didn't bet)
Seat 6: Rysiff (small blind) folded on the River



PokerStars Hand #254227969842:  Hold'em No Limit ($0.50/$1.00 USD) - 2025/01/06 14:43:10 WET [2025/01/06 9:43:10 ET]
Table 'Nissen' 6-max Seat #6 is the button
Seat 1: BenCampbel10 ($177.63 in chips) 
Seat 2: bayar421 ($121.68 in chips) 
Seat 3: whlzor ($225.82 in chips) 
Seat 4: easy_sarcasm ($120.56 in chips) 
Seat 5: CichiChanMarian ($100 in chips) 
Seat 6: Rysiff ($182.88 in chips) 
BenCampbel10: posts small blind $0.50
bayar421: posts big blind $1
*** HOLE CARDS ***
whlzor: raises $1.50 to $2.50
easy_sarcasm: folds 
CichiChanMarian: folds 
Rysiff: folds 
BenCampbel10: folds 
bayar421: calls $1.50
*** FLOP *** [5s 4c Qh]
bayar421: checks 
whlzor: bets $2.61
bayar421: calls $2.61
*** TURN *** [5s 4c Qh] [Ad]
bayar421: checks 
whlzor: bets $3.36
bayar421: calls $3.36
*** RIVER *** [5s 4c Qh Ad] [Tc]
bayar421: checks 
whlzor: checks 
*** SHOW DOWN ***
bayar421: shows [Jc Qs] (a pair of Queens)
whlzor: shows [Kc Kd] (a pair of Kings)
whlzor collected $16.57 from pot
*** SUMMARY ***
Total pot $17.44 | Rake $0.87 
Board [5s 4c Qh Ad Tc]
Seat 1: BenCampbel10 (small blind) folded before Flop
Seat 2: bayar421 (big blind) showed [Jc Qs] and lost with a pair of Queens
Seat 3: whlzor showed [Kc Kd] and won ($16.57) with a pair of Kings
Seat 4: easy_sarcasm folded before Flop (didn't bet)
Seat 5: CichiChanMarian folded before Flop (didn't bet)
Seat 6: Rysiff (button) folded before Flop (didn't bet)



PokerStars Hand #254227976000:  Hold'em No Limit ($0.50/$1.00 USD) - 2025/01/06 14:43:39 WET [2025/01/06 9:43:39 ET]
Table 'Nissen' 6-max Seat #1 is the button
Seat 1: BenCampbel10 ($177.13 in chips) 
Seat 2: bayar421 ($113.21 in chips) 
Seat 3: whlzor ($233.92 in chips) 
Seat 4: easy_sarcasm ($120.56 in chips) 
Seat 5: CichiChanMarian ($100 in chips) 
Seat 6: Rysiff ($182.88 in chips) 
bayar421: posts small blind $0.50
whlzor: posts big blind $1
*** HOLE CARDS ***
easy_sarcasm: folds 
CichiChanMarian has timed out
CichiChanMarian: folds 
Rysiff: raises $1.50 to $2.50
BenCampbel10: folds 
bayar421: folds 
whlzor: raises $8.50 to $11
Rysiff: calls $8.50
*** FLOP *** [9d Qh 2h]
whlzor: bets $7.06
Rysiff: folds 
Uncalled bet ($7.06) returned to whlzor
whlzor collected $21.38 from pot
whlzor: doesn't show hand 
*** SUMMARY ***
Total pot $22.50 | Rake $1.12 
Board [9d Qh 2h]
Seat 1: BenCampbel10 (button) folded before Flop (didn't bet)
Seat 2: bayar421 (small blind) folded before Flop
Seat 3: whlzor (big blind) collected ($21.38)
Seat 4: easy_sarcasm folded before Flop (didn't bet)
Seat 5: CichiChanMarian folded before Flop (didn't bet)
Seat 6: Rysiff folded on the Flop



PokerStars Hand #254227986682:  Hold'em No Limit ($0.50/$1.00 USD) - 2025/01/06 14:44:29 WET [2025/01/06 9:44:29 ET]
Table 'Nissen' 6-max Seat #2 is the button
Seat 1: BenCampbel10 ($177.13 in chips) 
Seat 2: bayar421 ($112.71 in chips) 
Seat 3: whlzor ($244.30 in chips) 
Seat 4: easy_sarcasm ($120.56 in chips) 
Seat 5: CichiChanMarian ($100 in chips) 
Seat 6: Rysiff ($171.88 in chips) 
whlzor: posts small blind $0.50
easy_sarcasm: posts big blind $1
*** HOLE CARDS ***
CichiChanMarian: raises $1.50 to $2.50
Rysiff: folds 
BenCampbel10: folds 
bayar421: folds 
whlzor: folds 
easy_sarcasm: calls $1.50
*** FLOP *** [Ts 6c Kh]
easy_sarcasm: checks 
CichiChanMarian: bets $1.72
easy_sarcasm: folds 
Uncalled bet ($1.72) returned to CichiChanMarian
CichiChanMarian collected $5.22 from pot
CichiChanMarian: doesn't show hand 
*** SUMMARY ***
Total pot $5.50 | Rake $0.28 
Board [Ts 6c Kh]
Seat 1: BenCampbel10 folded before Flop (didn't bet)
Seat 2: bayar421 (button) folded before Flop (didn't bet)
Seat 3: whlzor (small blind) folded before Flop
Seat 4: easy_sarcasm (big blind) folded on the Flop
Seat 5: CichiChanMarian collected ($5.22)
Seat 6: Rysiff folded before Flop (didn't bet)



PokerStars Hand #254227992005:  Hold'em No Limit ($0.50/$1.00 USD) - 2025/01/06 14:44:54 WET [2025/01/06 9:44:54 ET]
Table 'Nissen' 6-max Seat #3 is the button
Seat 1: BenCampbel10 ($177.13 in chips) 
Seat 2: bayar421 ($112.71 in chips) 
Seat 3: whlzor ($243.80 in chips) 
Seat 4: easy_sarcasm ($118.06 in chips) 
Seat 5: CichiChanMarian ($102.72 in chips) 
Seat 6: Rysiff ($171.88 in chips) 
easy_sarcasm: posts small blind $0.50
CichiChanMarian: posts big blind $1
*** HOLE CARDS ***
Rysiff: folds 
BenCampbel10: raises $1 to $2
bayar421: calls $2
whlzor: raises $8 to $10
easy_sarcasm: folds 
CichiChanMarian: folds 
BenCampbel10: folds 
bayar421: folds 
Uncalled bet ($8) returned to whlzor
whlzor collected $7.50 from pot
whlzor: doesn't show hand 
*** SUMMARY ***
Total pot $7.50 | Rake $0 
Seat 1: BenCampbel10 folded before Flop
Seat 2: bayar421 folded before Flop
Seat 3: whlzor (button) collected ($7.50)
Seat 4: easy_sarcasm (small blind) folded before Flop
Seat 5: CichiChanMarian (big blind) folded before Flop
Seat 6: Rysiff folded before Flop (didn't bet)



PokerStars Hand #254227997200:  Hold'em No Limit ($0.50/$1.00 USD) - 2025/01/06 14:45:18 WET [2025/01/06 9:45:18 ET]
Table 'Nissen' 6-max Seat #4 is the button
Seat 1: BenCampbel10 ($175.13 in chips) 
Seat 2: bayar421 ($110.71 in chips) 
Seat 3: whlzor ($249.30 in chips) 
Seat 4: easy_sarcasm ($117.56 in chips) 
Seat 5: CichiChanMarian ($101.72 in chips) 
Seat 6: Rysiff ($171.88 in chips) 
CichiChanMarian: posts small blind $0.50
Rysiff: posts big blind $1
*** HOLE CARDS ***
BenCampbel10: folds 
bayar421: folds 
whlzor: folds 
easy_sarcasm: raises $1.20 to $2.20
CichiChanMarian: folds 
Rysiff: folds 
Uncalled bet ($1.20) returned to easy_sarcasm
easy_sarcasm collected $2.50 from pot
*** SUMMARY ***
Total pot $2.50 | Rake $0 
Seat 1: BenCampbel10 folded before Flop (didn't bet)
Seat 2: bayar421 folded before Flop (didn't bet)
Seat 3: whlzor folded before Flop (didn't bet)
Seat 4: easy_sarcasm (button) collected ($2.50)
Seat 5: CichiChanMarian (small blind) folded before Flop
Seat 6: Rysiff (big blind) folded before Flop



PokerStars Hand #254228000796:  Hold'em No Limit ($0.50/$1.00 USD) - 2025/01/06 14:45:35 WET [2025/01/06 9:45:35 ET]
Table 'Nissen' 6-max Seat #5 is the button
Seat 1: BenCampbel10 ($175.13 in chips) 
Seat 2: bayar421 ($110.71 in chips) 
Seat 3: whlzor ($249.30 in chips) 
Seat 4: easy_sarcasm ($119.06 in chips) 
Seat 5: CichiChanMarian ($101.22 in chips) 
Seat 6: Rysiff ($170.88 in chips) 
Rysiff: posts small blind $0.50
BenCampbel10: posts big blind $1
*** HOLE CARDS ***
bayar421: folds 
whlzor: folds 
easy_sarcasm: folds 
CichiChanMarian: folds 
Rysiff: folds 
Uncalled bet ($0.50) returned to BenCampbel10
BenCampbel10 collected $1 from pot
BenCampbel10: doesn't show hand 
*** SUMMARY ***
Total pot $1 | Rake $0 
Seat 1: BenCampbel10 (big blind) collected ($1)
Seat 2: bayar421 folded before Flop (didn't bet)
Seat 3: whlzor folded before Flop (didn't bet)
Seat 4: easy_sarcasm folded before Flop (didn't bet)
Seat 5: CichiChanMarian (button) folded before Flop (didn't bet)
Seat 6: Rysiff (small blind) folded before Flop



PokerStars Hand #254228002762:  Hold'em No Limit ($0.50/$1.00 USD) - 2025/01/06 14:45:44 WET [2025/01/06 9:45:44 ET]
Table 'Nissen' 6-max Seat #6 is the button
Seat 1: BenCampbel10 ($175.63 in chips) 
Seat 2: bayar421 ($110.71 in chips) 
Seat 3: whlzor ($249.30 in chips) 
Seat 4: easy_sarcasm ($119.06 in chips) 
Seat 5: CichiChanMarian ($101.22 in chips) 
Seat 6: Rysiff ($170.38 in chips) 
BenCampbel10: posts small blind $0.50
bayar421: posts big blind $1
*** HOLE CARDS ***
whlzor: folds 
easy_sarcasm: folds 
CichiChanMarian: raises $1.50 to $2.50
Rysiff: folds 
BenCampbel10: folds 
bayar421: calls $1.50
*** FLOP *** [Jh Js 9h]
bayar421: checks 
CichiChanMarian: checks 
*** TURN *** [Jh Js 9h] [Kd]
bayar421: checks 
CichiChanMarian: checks 
*** RIVER *** [Jh Js 9h Kd] [9c]
bayar421: bets $5.22
CichiChanMarian: folds 
Uncalled bet ($5.22) returned to bayar421
bayar421 collected $5.22 from pot
*** SUMMARY ***
Total pot $5.50 | Rake $0.28 
Board [Jh Js 9h Kd 9c]
Seat 1: BenCampbel10 (small blind) folded before Flop
Seat 2: bayar421 (big blind) collected ($5.22)
Seat 3: whlzor folded before Flop (didn't bet)
Seat 4: easy_sarcasm folded before Flop (didn't bet)
Seat 5: CichiChanMarian folded on the River
Seat 6: Rysiff (button) folded before Flop (didn't bet)



PokerStars Hand #254228007694:  Hold'em No Limit ($0.50/$1.00 USD) - 2025/01/06 14:46:07 WET [2025/01/06 9:46:07 ET]
Table 'Nissen' 6-max Seat #1 is the button
Seat 1: BenCampbel10 ($175.13 in chips) 
Seat 2: bayar421 ($113.43 in chips) 
Seat 3: whlzor ($249.30 in chips) 
Seat 4: easy_sarcasm ($119.06 in chips) 
Seat 5: CichiChanMarian ($100 in chips) 
Seat 6: Rysiff ($170.38 in chips) 
bayar421: posts small blind $0.50
whlzor: posts big blind $1
*** HOLE CARDS ***
easy_sarcasm: folds 
CichiChanMarian: folds 
Rysiff: folds 
BenCampbel10: raises $1 to $2
bayar421: calls $1.50
whlzor: calls $1
*** FLOP *** [Js 3d 8s]
bayar421: checks 
whlzor: checks 
BenCampbel10: checks 
*** TURN *** [Js 3d 8s] [8h]
bayar421: checks 
whlzor: checks 
BenCampbel10: bets $2.85
bayar421: folds 
whlzor: folds 
Uncalled bet ($2.85) returned to BenCampbel10
BenCampbel10 collected $5.70 from pot
*** SUMMARY ***
Total pot $6 | Rake $0.30 
Board [Js 3d 8s 8h]
Seat 1: BenCampbel10 (button) collected ($5.70)
Seat 2: bayar421 (small blind) folded on the Turn
Seat 3: whlzor (big blind) folded on the Turn
Seat 4: easy_sarcasm folded before Flop (didn't bet)
Seat 5: CichiChanMarian folded before Flop (didn't bet)
Seat 6: Rysiff folded before Flop (didn't bet)



PokerStars Hand #254228020529:  Hold'em No Limit ($0.50/$1.00 USD) - 2025/01/06 14:47:08 WET [2025/01/06 9:47:08 ET]
Table 'Nissen' 6-max Seat #2 is the button
Seat 1: BenCampbel10 ($178.83 in chips) 
Seat 2: bayar421 ($111.43 in chips) 
Seat 3: whlzor ($247.30 in chips) 
Seat 4: easy_sarcasm ($119.06 in chips) 
Seat 5: CichiChanMarian ($100 in chips) 
Seat 6: Rysiff ($170.38 in chips) 
whlzor: posts small blind $0.50
easy_sarcasm: posts big blind $1
*** HOLE CARDS ***
CichiChanMarian: raises $1.50 to $2.50
Rysiff: folds 
BenCampbel10: calls $2.50
bayar421: calls $2.50
whlzor: folds 
easy_sarcasm: raises $10.50 to $13
CichiChanMarian: folds 
BenCampbel10: folds 
bayar421: folds 
Uncalled bet ($10.50) returned to easy_sarcasm
easy_sarcasm collected $10.50 from pot
*** SUMMARY ***
Total pot $10.50 | Rake $0 
Seat 1: BenCampbel10 folded before Flop
Seat 2: bayar421 (button) folded before Flop
Seat 3: whlzor (small blind) folded before Flop
Seat 4: easy_sarcasm (big blind) collected ($10.50)
Seat 5: CichiChanMarian folded before Flop
Seat 6: Rysiff folded before Flop (didn't bet)



PokerStars Hand #254228028742:  Hold'em No Limit ($0.50/$1.00 USD) - 2025/01/06 14:47:48 WET [2025/01/06 9:47:48 ET]
Table 'Nissen' 6-max Seat #3 is the button
Seat 1: BenCampbel10 ($176.33 in chips) 
Seat 2: bayar421 ($108.93 in chips) 
Seat 3: whlzor ($246.80 in chips) 
Seat 4: easy_sarcasm ($127.06 in chips) 
Seat 5: CichiChanMarian ($100 in chips) 
Seat 6: Rysiff ($170.38 in chips) 
easy_sarcasm: posts small blind $0.50
CichiChanMarian: posts big blind $1
*** HOLE CARDS ***
Rysiff: folds 
BenCampbel10: raises $1 to $2
bayar421: folds 
whlzor: folds 
easy_sarcasm: folds 
CichiChanMarian: folds 
Uncalled bet ($1) returned to BenCampbel10
BenCampbel10 collected $2.50 from pot
BenCampbel10: doesn't show hand 
*** SUMMARY ***
Total pot $2.50 | Rake $0 
Seat 1: BenCampbel10 collected ($2.50)
Seat 2: bayar421 folded before Flop (didn't bet)
Seat 3: whlzor (button) folded before Flop (didn't bet)
Seat 4: easy_sarcasm (small blind) folded before Flop
Seat 5: CichiChanMarian (big blind) folded before Flop
Seat 6: Rysiff folded before Flop (didn't bet)



PokerStars Hand #254228032142:  Hold'em No Limit ($0.50/$1.00 USD) - 2025/01/06 14:48:04 WET [2025/01/06 9:48:04 ET]
Table 'Nissen' 6-max Seat #4 is the button
Seat 1: BenCampbel10 ($177.83 in chips) 
Seat 2: bayar421 ($108.93 in chips) 
Seat 3: whlzor ($246.80 in chips) 
Seat 4: easy_sarcasm ($126.56 in chips) 
Seat 5: CichiChanMarian ($100 in chips) 
Seat 6: Rysiff ($170.38 in chips) 
CichiChanMarian: posts small blind $0.50
Rysiff: posts big blind $1
*** HOLE CARDS ***
BenCampbel10: raises $1 to $2
bayar421: folds 
whlzor: folds 
easy_sarcasm: folds 
CichiChanMarian: folds 
Rysiff: calls $1
*** FLOP *** [Jc 9h 2c]
Rysiff: checks 
BenCampbel10: bets $3.21
Rysiff: calls $3.21
*** TURN *** [Jc 9h 2c] [As]
Rysiff: checks 
BenCampbel10: bets $5.19
Rysiff: raises $16.60 to $21.79
BenCampbel10: calls $16.60
*** RIVER *** [Jc 9h 2c As] [Js]
Rysiff: checks 
BenCampbel10: checks 
*** SHOW DOWN ***
Rysiff: shows [Qd Td] (a pair of Jacks)
BenCampbel10: shows [Ac 6c] (two pair, Aces and Jacks)
BenCampbel10 collected $52 from pot
*** SUMMARY ***
Total pot $54.50 | Rake $2.50 
Board [Jc 9h 2c As Js]
Seat 1: BenCampbel10 showed [Ac 6c] and won ($52) with two pair, Aces and Jacks
Seat 2: bayar421 folded before Flop (didn't bet)
Seat 3: whlzor folded before Flop (didn't bet)
Seat 4: easy_sarcasm (button) folded before Flop (didn't bet)
Seat 5: CichiChanMarian (small blind) folded before Flop
Seat 6: Rysiff (big blind) showed [Qd Td] and lost with a pair of Jacks



PokerStars Hand #254228051339:  Hold'em No Limit ($0.50/$1.00 USD) - 2025/01/06 14:49:33 WET [2025/01/06 9:49:33 ET]
Table 'Nissen' 6-max Seat #5 is the button
Seat 1: BenCampbel10 ($202.83 in chips) 
Seat 2: bayar421 ($108.93 in chips) 
Seat 3: whlzor ($246.80 in chips) 
Seat 4: easy_sarcasm ($126.56 in chips) 
Seat 5: CichiChanMarian ($100 in chips) 
Seat 6: Rysiff ($143.38 in chips) 
Rysiff: posts small blind $0.50
BenCampbel10: posts big blind $1
*** HOLE CARDS ***
bayar421: calls $1
whlzor: folds 
easy_sarcasm: folds 
CichiChanMarian: folds 
Rysiff: folds 
BenCampbel10: raises $3.30 to $4.30
bayar421: calls $3.30
*** FLOP *** [Ad 4d 7h]
BenCampbel10: bets $2
bayar421: folds 
Uncalled bet ($2) returned to BenCampbel10
BenCampbel10 collected $8.64 from pot
*** SUMMARY ***
Total pot $9.10 | Rake $0.46 
Board [Ad 4d 7h]
Seat 1: BenCampbel10 (big blind) collected ($8.64)
Seat 2: bayar421 folded on the Flop
Seat 3: whlzor folded before Flop (didn't bet)
Seat 4: easy_sarcasm folded before Flop (didn't bet)
Seat 5: CichiChanMarian (button) folded before Flop (didn't bet)
Seat 6: Rysiff (small blind) folded before Flop



PokerStars Hand #254228058654:  Hold'em No Limit ($0.50/$1.00 USD) - 2025/01/06 14:50:07 WET [2025/01/06 9:50:07 ET]
Table 'Nissen' 6-max Seat #6 is the button
Seat 1: BenCampbel10 ($207.17 in chips) 
Seat 2: bayar421 ($104.63 in chips) 
Seat 3: whlzor ($246.80 in chips) 
Seat 4: easy_sarcasm ($126.56 in chips) 
Seat 5: CichiChanMarian ($100 in chips) 
Seat 6: Rysiff ($142.88 in chips) 
BenCampbel10: posts small blind $0.50
bayar421: posts big blind $1
*** HOLE CARDS ***
whlzor: folds 
easy_sarcasm: raises $2 to $3
CichiChanMarian: folds 
Rysiff: folds 
BenCampbel10: folds 
bayar421: folds 
Uncalled bet ($2) returned to easy_sarcasm
easy_sarcasm collected $2.50 from pot
*** SUMMARY ***
Total pot $2.50 | Rake $0 
Seat 1: BenCampbel10 (small blind) folded before Flop
Seat 2: bayar421 (big blind) folded before Flop
Seat 3: whlzor folded before Flop (didn't bet)
Seat 4: easy_sarcasm collected ($2.50)
Seat 5: CichiChanMarian folded before Flop (didn't bet)
Seat 6: Rysiff (button) folded before Flop (didn't bet)



PokerStars Hand #254228061604:  Hold'em No Limit ($0.50/$1.00 USD) - 2025/01/06 14:50:21 WET [2025/01/06 9:50:21 ET]
Table 'Nissen' 6-max Seat #1 is the button
Seat 1: BenCampbel10 ($206.67 in chips) 
Seat 2: bayar421 ($103.63 in chips) 
Seat 3: whlzor ($246.80 in chips) 
Seat 4: easy_sarcasm ($128.06 in chips) 
Seat 5: CichiChanMarian ($100 in chips) 
Seat 6: Rysiff ($142.88 in chips) 
bayar421: posts small blind $0.50
whlzor: posts big blind $1
*** HOLE CARDS ***
easy_sarcasm: folds 
CichiChanMarian: raises $1.50 to $2.50
Rysiff: folds 
BenCampbel10: folds 
bayar421: calls $2
whlzor: folds 
*** FLOP *** [7s Js 5s]
bayar421: checks 
CichiChanMarian: bets $1.20
bayar421: calls $1.20
*** TURN *** [7s Js 5s] [Jh]
bayar421: checks 
CichiChanMarian: bets $5.99
bayar421: folds 
Uncalled bet ($5.99) returned to CichiChanMarian
CichiChanMarian collected $7.98 from pot
CichiChanMarian: doesn't show hand 
*** SUMMARY ***
Total pot $8.40 | Rake $0.42 
Board [7s Js 5s Jh]
Seat 1: BenCampbel10 (button) folded before Flop (didn't bet)
Seat 2: bayar421 (small blind) folded on the Turn
Seat 3: whlzor (big blind) folded before Flop
Seat 4: easy_sarcasm folded before Flop (didn't bet)
Seat 5: CichiChanMarian collected ($7.98)
Seat 6: Rysiff folded before Flop (didn't bet)



PokerStars Hand #254228070085:  Hold'em No Limit ($0.50/$1.00 USD) - 2025/01/06 14:51:00 WET [2025/01/06 9:51:00 ET]
Table 'Nissen' 6-max Seat #2 is the button
Seat 1: BenCampbel10 ($206.67 in chips) 
Seat 2: bayar421 ($99.93 in chips) 
Seat 3: whlzor ($245.80 in chips) 
Seat 4: easy_sarcasm ($128.06 in chips) 
Seat 5: CichiChanMarian ($104.28 in chips) 
Seat 6: Rysiff ($142.88 in chips) 
whlzor: posts small blind $0.50
easy_sarcasm: posts big blind $1
*** HOLE CARDS ***
CichiChanMarian: folds 
Rysiff: raises $1.50 to $2.50
BenCampbel10: folds 
bayar421: folds 
whlzor: folds 
easy_sarcasm: folds 
Uncalled bet ($1.50) returned to Rysiff
Rysiff collected $2.50 from pot
Rysiff: doesn't show hand 
*** SUMMARY ***
Total pot $2.50 | Rake $0 
Seat 1: BenCampbel10 folded before Flop (didn't bet)
Seat 2: bayar421 (button) folded before Flop (didn't bet)
Seat 3: whlzor (small blind) folded before Flop
Seat 4: easy_sarcasm (big blind) folded before Flop
Seat 5: CichiChanMarian folded before Flop (didn't bet)
Seat 6: Rysiff collected ($2.50)



PokerStars Hand #254228076004:  Hold'em No Limit ($0.50/$1.00 USD) - 2025/01/06 14:51:28 WET [2025/01/06 9:51:28 ET]
Table 'Nissen' 6-max Seat #3 is the button
Seat 1: BenCampbel10 ($206.67 in chips) 
Seat 2: bayar421 ($99.93 in chips) 
Seat 3: whlzor ($245.30 in chips) 
Seat 4: easy_sarcasm ($127.06 in chips) 
Seat 5: CichiChanMarian ($104.28 in chips) 
Seat 6: Rysiff ($144.38 in chips) 
easy_sarcasm: posts small blind $0.50
CichiChanMarian: posts big blind $1
*** HOLE CARDS ***
Rysiff: folds 
BenCampbel10: raises $1 to $2
bayar421: calls $2
whlzor: folds 
easy_sarcasm: folds 
CichiChanMarian: calls $1
*** FLOP *** [Th 5d Ts]
CichiChanMarian: checks 
BenCampbel10: checks 
bayar421: checks 
*** TURN *** [Th 5d Ts] [3s]
CichiChanMarian: bets $5
BenCampbel10: folds 
bayar421: folds 
Uncalled bet ($5) returned to CichiChanMarian
CichiChanMarian collected $6.18 from pot
CichiChanMarian: doesn't show hand 
*** SUMMARY ***
Total pot $6.50 | Rake $0.32 
Board [Th 5d Ts 3s]
Seat 1: BenCampbel10 folded on the Turn
Seat 2: bayar421 folded on the Turn
Seat 3: whlzor (button) folded before Flop (didn't bet)
Seat 4: easy_sarcasm (small blind) folded before Flop
Seat 5: CichiChanMarian (big blind) collected ($6.18)
Seat 6: Rysiff folded before Flop (didn't bet)



PokerStars Hand #254228086256:  Hold'em No Limit ($0.50/$1.00 USD) - 2025/01/06 14:52:16 WET [2025/01/06 9:52:16 ET]
Table 'Nissen' 6-max Seat #4 is the button
Seat 1: BenCampbel10 ($204.67 in chips) 
Seat 2: bayar421 ($97.93 in chips) 
Seat 3: whlzor ($245.30 in chips) 
Seat 4: easy_sarcasm ($126.56 in chips) 
Seat 5: CichiChanMarian ($108.46 in chips) 
Seat 6: Rysiff ($144.38 in chips) 
CichiChanMarian: posts small blind $0.50
Rysiff: posts big blind $1
*** HOLE CARDS ***
BenCampbel10: folds 
bayar421: calls $1
whlzor: folds 
easy_sarcasm: folds 
CichiChanMarian: folds 
Rysiff: checks 
*** FLOP *** [2d 6h 6s]
Rysiff: checks 
bayar421: checks 
*** TURN *** [2d 6h 6s] [5d]
Rysiff: bets $2
bayar421: calls $2
*** RIVER *** [2d 6h 6s 5d] [8s]
Rysiff: bets $4.94
bayar421: folds 
Uncalled bet ($4.94) returned to Rysiff
Rysiff collected $6.18 from pot
Rysiff: doesn't show hand 
*** SUMMARY ***
Total pot $6.50 | Rake $0.32 
Board [2d 6h 6s 5d 8s]
Seat 1: BenCampbel10 folded before Flop (didn't bet)
Seat 2: bayar421 folded on the River
Seat 3: whlzor folded before Flop (didn't bet)
Seat 4: easy_sarcasm (button) folded before Flop (didn't bet)
Seat 5: CichiChanMarian (small blind) folded before Flop
Seat 6: Rysiff (big blind) collected ($6.18)



PokerStars Hand #254228093140:  Hold'em No Limit ($0.50/$1.00 USD) - 2025/01/06 14:52:48 WET [2025/01/06 9:52:48 ET]
Table 'Nissen' 6-max Seat #5 is the button
Seat 1: BenCampbel10 ($204.67 in chips) 
Seat 2: bayar421 ($94.93 in chips) 
Seat 3: whlzor ($245.30 in chips) 
Seat 4: easy_sarcasm ($126.56 in chips) 
Seat 5: CichiChanMarian ($107.96 in chips) 
Seat 6: Rysiff ($147.56 in chips) 
Rysiff: posts small blind $0.50
BenCampbel10: posts big blind $1
*** HOLE CARDS ***
bayar421: folds 
whlzor: raises $1.50 to $2.50
easy_sarcasm: folds 
CichiChanMarian: folds 
Rysiff: folds 
BenCampbel10: folds 
Uncalled bet ($1.50) returned to whlzor
whlzor collected $2.50 from pot
whlzor: doesn't show hand 
*** SUMMARY ***
Total pot $2.50 | Rake $0 
Seat 1: BenCampbel10 (big blind) folded before Flop
Seat 2: bayar421 folded before Flop (didn't bet)
Seat 3: whlzor collected ($2.50)
Seat 4: easy_sarcasm folded before Flop (didn't bet)
Seat 5: CichiChanMarian (button) folded before Flop (didn't bet)
Seat 6: Rysiff (small blind) folded before Flop



PokerStars Hand #254228096100:  Hold'em No Limit ($0.50/$1.00 USD) - 2025/01/06 14:53:02 WET [2025/01/06 9:53:02 ET]
Table 'Nissen' 6-max Seat #6 is the button
Seat 1: BenCampbel10 ($203.67 in chips) 
Seat 2: bayar421 ($94.93 in chips) 
Seat 3: whlzor ($246.80 in chips) 
Seat 4: easy_sarcasm ($126.56 in chips) 
Seat 5: CichiChanMarian ($107.96 in chips) 
Seat 6: Rysiff ($147.06 in chips) 
BenCampbel10: posts small blind $0.50
bayar421: posts big blind $1
*** HOLE CARDS ***
whlzor: folds 
easy_sarcasm: raises $2 to $3
CichiChanMarian: folds 
Rysiff: folds 
BenCampbel10: folds 
bayar421: calls $2
*** FLOP *** [5c Ah 8h]
bayar421: checks 
easy_sarcasm: bets $3.09
bayar421: calls $3.09
*** TURN *** [5c Ah 8h] [4d]
bayar421: checks 
easy_sarcasm: checks 
*** RIVER *** [5c Ah 8h 4d] [Ad]
bayar421: bets $1
easy_sarcasm: folds 
Uncalled bet ($1) returned to bayar421
bayar421 collected $12.05 from pot
*** SUMMARY ***
Total pot $12.68 | Rake $0.63 
Board [5c Ah 8h 4d Ad]
Seat 1: BenCampbel10 (small blind) folded before Flop
Seat 2: bayar421 (big blind) collected ($12.05)
Seat 3: whlzor folded before Flop (didn't bet)
Seat 4: easy_sarcasm folded on the River
Seat 5: CichiChanMarian folded before Flop (didn't bet)
Seat 6: Rysiff (button) folded before Flop (didn't bet)



PokerStars Hand #254228105700:  Hold'em No Limit ($0.50/$1.00 USD) - 2025/01/06 14:53:47 WET [2025/01/06 9:53:47 ET]
Table 'Nissen' 6-max Seat #1 is the button
Seat 1: BenCampbel10 ($203.17 in chips) 
Seat 2: bayar421 ($100.89 in chips) 
Seat 3: whlzor ($246.80 in chips) 
Seat 4: easy_sarcasm ($120.47 in chips) 
Seat 5: CichiChanMarian ($107.96 in chips) 
Seat 6: Rysiff ($147.06 in chips) 
bayar421: posts small blind $0.50
whlzor: posts big blind $1
*** HOLE CARDS ***
easy_sarcasm: folds 
CichiChanMarian: folds 
Rysiff: folds 
BenCampbel10: raises $1 to $2
bayar421: calls $1.50
whlzor: folds 
*** FLOP *** [Qd Ts 2c]
bayar421: checks 
BenCampbel10: bets $1.20
bayar421: folds 
Uncalled bet ($1.20) returned to BenCampbel10
BenCampbel10 collected $4.75 from pot
BenCampbel10: doesn't show hand 
*** SUMMARY ***
Total pot $5 | Rake $0.25 
Board [Qd Ts 2c]
Seat 1: BenCampbel10 (button) collected ($4.75)
Seat 2: bayar421 (small blind) folded on the Flop
Seat 3: whlzor (big blind) folded before Flop
Seat 4: easy_sarcasm folded before Flop (didn't bet)
Seat 5: CichiChanMarian folded before Flop (didn't bet)
Seat 6: Rysiff folded before Flop (didn't bet)



PokerStars Hand #254228111104:  Hold'em No Limit ($0.50/$1.00 USD) - 2025/01/06 14:54:12 WET [2025/01/06 9:54:12 ET]
Table 'Nissen' 6-max Seat #2 is the button
Seat 1: BenCampbel10 ($205.92 in chips) 
Seat 2: bayar421 ($98.89 in chips) 
Seat 3: whlzor ($245.80 in chips) 
Seat 4: easy_sarcasm ($120.47 in chips) 
Seat 5: CichiChanMarian ($107.96 in chips) 
Seat 6: Rysiff ($147.06 in chips) 
whlzor: posts small blind $0.50
easy_sarcasm: posts big blind $1
*** HOLE CARDS ***
CichiChanMarian: folds 
Rysiff: folds 
BenCampbel10: raises $1 to $2
bayar421: calls $2
whlzor: folds 
easy_sarcasm: folds 
*** FLOP *** [8h 6c Jd]
BenCampbel10: checks 
bayar421: checks 
*** TURN *** [8h 6c Jd] [2h]
BenCampbel10: bets $2.61
bayar421: calls $2.61
*** RIVER *** [8h 6c Jd 2h] [2c]
BenCampbel10: bets $8.30
bayar421: folds 
Uncalled bet ($8.30) returned to BenCampbel10
BenCampbel10 collected $10.18 from pot
BenCampbel10: doesn't show hand 
*** SUMMARY ***
Total pot $10.72 | Rake $0.54 
Board [8h 6c Jd 2h 2c]
Seat 1: BenCampbel10 collected ($10.18)
Seat 2: bayar421 (button) folded on the River
Seat 3: whlzor (small blind) folded before Flop
Seat 4: easy_sarcasm (big blind) folded before Flop
Seat 5: CichiChanMarian folded before Flop (didn't bet)
Seat 6: Rysiff folded before Flop (didn't bet)



PokerStars Hand #254228118599:  Hold'em No Limit ($0.50/$1.00 USD) - 2025/01/06 14:54:47 WET [2025/01/06 9:54:47 ET]
Table 'Nissen' 6-max Seat #3 is the button
Seat 1: BenCampbel10 ($211.49 in chips) 
Seat 2: bayar421 ($94.28 in chips) 
Seat 3: whlzor ($245.30 in chips) 
Seat 4: easy_sarcasm ($119.47 in chips) 
Seat 5: CichiChanMarian ($107.96 in chips) 
Seat 6: Rysiff ($147.06 in chips) 
easy_sarcasm: posts small blind $0.50
CichiChanMarian: posts big blind $1
*** HOLE CARDS ***
Rysiff: folds 
BenCampbel10: folds 
bayar421: calls $1
whlzor: folds 
easy_sarcasm: raises $3.50 to $4.50
CichiChanMarian: folds 
bayar421: calls $3.50
*** FLOP *** [8h Qc 3s]
easy_sarcasm: checks 
bayar421: checks 
*** TURN *** [8h Qc 3s] [3d]
easy_sarcasm: checks 
bayar421: checks 
*** RIVER *** [8h Qc 3s 3d] [As]
easy_sarcasm: bets $3
bayar421: folds 
Uncalled bet ($3) returned to easy_sarcasm
easy_sarcasm collected $9.50 from pot
*** SUMMARY ***
Total pot $10 | Rake $0.50 
Board [8h Qc 3s 3d As]
Seat 1: BenCampbel10 folded before Flop (didn't bet)
Seat 2: bayar421 folded on the River
Seat 3: whlzor (button) folded before Flop (didn't bet)
Seat 4: easy_sarcasm (small blind) collected ($9.50)
Seat 5: CichiChanMarian (big blind) folded before Flop
Seat 6: Rysiff folded before Flop (didn't bet)



PokerStars Hand #254228124862:  Hold'em No Limit ($0.50/$1.00 USD) - 2025/01/06 14:55:17 WET [2025/01/06 9:55:17 ET]
Table 'Nissen' 6-max Seat #4 is the button
Seat 1: BenCampbel10 ($211.49 in chips) 
Seat 2: bayar421 ($89.78 in chips) 
Seat 3: whlzor ($245.30 in chips) 
Seat 4: easy_sarcasm ($124.47 in chips) 
Seat 5: CichiChanMarian ($106.96 in chips) 
Seat 6: Rysiff ($147.06 in chips) 
CichiChanMarian: posts small blind $0.50
Rysiff: posts big blind $1
*** HOLE CARDS ***
BenCampbel10: folds 
bayar421: calls $1
whlzor: folds 
easy_sarcasm: raises $3.50 to $4.50
CichiChanMarian: folds 
Rysiff: folds 
bayar421: calls $3.50
*** FLOP *** [6d Th 2s]
bayar421: checks 
easy_sarcasm: bets $4.50
bayar421: calls $4.50
*** TURN *** [6d Th 2s] [Qd]
bayar421: checks 
easy_sarcasm: bets $13
bayar421: raises $13 to $26
easy_sarcasm: folds 
Uncalled bet ($13) returned to bayar421
bayar421 collected $43.22 from pot
*** SUMMARY ***
Total pot $45.50 | Rake $2.28 
Board [6d Th 2s Qd]
Seat 1: BenCampbel10 folded before Flop (didn't bet)
Seat 2: bayar421 collected ($43.22)
Seat 3: whlzor folded before Flop (didn't bet)
Seat 4: easy_sarcasm (button) folded on the Turn
Seat 5: CichiChanMarian (small blind) folded before Flop
Seat 6: Rysiff (big blind) folded before Flop



PokerStars Hand #254228129959:  Hold'em No Limit ($0.50/$1.00 USD) - 2025/01/06 14:55:47 WET [2025/01/06 9:55:47 ET]
Table 'Nissen' 6-max Seat #5 is the button
Seat 1: BenCampbel10 ($211.49 in chips) 
Seat 2: bayar421 ($111 in chips) 
Seat 3: whlzor ($245.30 in chips) 
Seat 4: easy_sarcasm ($102.47 in chips) 
Seat 5: CichiChanMarian ($106.46 in chips) 
Seat 6: Rysiff ($146.06 in chips) 
Rysiff: posts small blind $0.50
BenCampbel10: posts big blind $1
*** HOLE CARDS ***
bayar421: raises $110 to $111 and is all-in
whlzor: folds 
easy_sarcasm: folds 
CichiChanMarian: folds 
Rysiff: folds 
BenCampbel10: folds 
Uncalled bet ($110) returned to bayar421
bayar421 collected $2.50 from pot
*** SUMMARY ***
Total pot $2.50 | Rake $0 
Seat 1: BenCampbel10 (big blind) folded before Flop
Seat 2: bayar421 collected ($2.50)
Seat 3: whlzor folded before Flop (didn't bet)
Seat 4: easy_sarcasm folded before Flop (didn't bet)
Seat 5: CichiChanMarian (button) folded before Flop (didn't bet)
Seat 6: Rysiff (small blind) folded before Flop



PokerStars Hand #254228133031:  Hold'em No Limit ($0.50/$1.00 USD) - 2025/01/06 14:56:04 WET [2025/01/06 9:56:04 ET]
Table 'Nissen' 6-max Seat #6 is the button
Seat 1: BenCampbel10 ($210.49 in chips) 
Seat 2: bayar421 ($112.50 in chips) 
Seat 3: whlzor ($245.30 in chips) 
Seat 4: easy_sarcasm ($102.47 in chips) 
Seat 5: CichiChanMarian ($106.46 in chips) 
Seat 6: Rysiff ($145.56 in chips) 
BenCampbel10: posts small blind $0.50
bayar421: posts big blind $1
*** HOLE CARDS ***
whlzor: folds 
easy_sarcasm: folds 
CichiChanMarian: folds 
Rysiff: raises $1.50 to $2.50
BenCampbel10: raises $9 to $11.50
bayar421: folds 
Rysiff: folds 
Uncalled bet ($9) returned to BenCampbel10
BenCampbel10 collected $6 from pot
*** SUMMARY ***
Total pot $6 | Rake $0 
Seat 1: BenCampbel10 (small blind) collected ($6)
Seat 2: bayar421 (big blind) folded before Flop
Seat 3: whlzor folded before Flop (didn't bet)
Seat 4: easy_sarcasm folded before Flop (didn't bet)
Seat 5: CichiChanMarian folded before Flop (didn't bet)
Seat 6: Rysiff (button) folded before Flop



PokerStars Hand #254228138201:  Hold'em No Limit ($0.50/$1.00 USD) - 2025/01/06 14:56:34 WET [2025/01/06 9:56:34 ET]
Table 'Nissen' 6-max Seat #1 is the button
Seat 1: BenCampbel10 ($213.99 in chips) 
Seat 2: bayar421 ($111.50 in chips) 
Seat 3: whlzor ($245.30 in chips) 
Seat 4: easy_sarcasm ($102.47 in chips) 
Seat 5: CichiChanMarian ($106.46 in chips) 
Seat 6: Rysiff ($143.06 in chips) 
bayar421: posts small blind $0.50
whlzor: posts big blind $1
*** HOLE CARDS ***
easy_sarcasm: raises $2 to $3
CichiChanMarian: folds 
Rysiff: folds 
BenCampbel10: folds 
bayar421: folds 
whlzor: folds 
Uncalled bet ($2) returned to easy_sarcasm
easy_sarcasm collected $2.50 from pot
*** SUMMARY ***
Total pot $2.50 | Rake $0 
Seat 1: BenCampbel10 (button) folded before Flop (didn't bet)
Seat 2: bayar421 (small blind) folded before Flop
Seat 3: whlzor (big blind) folded before Flop
Seat 4: easy_sarcasm collected ($2.50)
Seat 5: CichiChanMarian folded before Flop (didn't bet)
Seat 6: Rysiff folded before Flop (didn't bet)



PokerStars Hand #254228144642:  Hold'em No Limit ($0.50/$1.00 USD) - 2025/01/06 14:57:11 WET [2025/01/06 9:57:11 ET]
Table 'Nissen' 6-max Seat #2 is the button
Seat 1: BenCampbel10 ($213.99 in chips) 
Seat 2: bayar421 ($111 in chips) 
Seat 3: whlzor ($244.30 in chips) 
Seat 4: easy_sarcasm ($103.97 in chips) 
Seat 5: CichiChanMarian ($106.46 in chips) 
Seat 6: Rysiff ($143.06 in chips) 
whlzor: posts small blind $0.50
easy_sarcasm: posts big blind $1
*** HOLE CARDS ***
CichiChanMarian: folds 
Rysiff: folds 
BenCampbel10: folds 
bayar421: calls $1
whlzor: raises $4 to $5
easy_sarcasm: folds 
bayar421: folds 
Uncalled bet ($4) returned to whlzor
whlzor collected $3 from pot
whlzor: doesn't show hand 
*** SUMMARY ***
Total pot $3 | Rake $0 
Seat 1: BenCampbel10 folded before Flop (didn't bet)
Seat 2: bayar421 (button) folded before Flop
Seat 3: whlzor (small blind) collected ($3)
Seat 4: easy_sarcasm (big blind) folded before Flop
Seat 5: CichiChanMarian folded before Flop (didn't bet)
Seat 6: Rysiff folded before Flop (didn't bet)



PokerStars Hand #254228148109:  Hold'em No Limit ($0.50/$1.00 USD) - 2025/01/06 14:57:31 WET [2025/01/06 9:57:31 ET]
Table 'Nissen' 6-max Seat #3 is the button
Seat 1: BenCampbel10 ($213.99 in chips) 
Seat 2: bayar421 ($110 in chips) 
Seat 3: whlzor ($246.30 in chips) 
Seat 4: easy_sarcasm ($102.97 in chips) 
Seat 5: CichiChanMarian ($106.46 in chips) 
Seat 6: Rysiff ($143.06 in chips) 
easy_sarcasm: posts small blind $0.50
CichiChanMarian: posts big blind $1
*** HOLE CARDS ***
Rysiff: folds 
BenCampbel10: folds 
bayar421: calls $1
whlzor: raises $4 to $5
easy_sarcasm: folds 
CichiChanMarian: folds 
bayar421: calls $4
*** FLOP *** [8d Js Ts]
bayar421: checks 
whlzor: bets $7.21
bayar421: folds 
Uncalled bet ($7.21) returned to whlzor
whlzor collected $10.92 from pot
whlzor: doesn't show hand 
*** SUMMARY ***
Total pot $11.50 | Rake $0.58 
Board [8d Js Ts]
Seat 1: BenCampbel10 folded before Flop (didn't bet)
Seat 2: bayar421 folded on the Flop
Seat 3: whlzor (button) collected ($10.92)
Seat 4: easy_sarcasm (small blind) folded before Flop
Seat 5: CichiChanMarian (big blind) folded before Flop
Seat 6: Rysiff folded before Flop (didn't bet)



PokerStars Hand #254228152594:  Hold'em No Limit ($0.50/$1.00 USD) - 2025/01/06 14:57:56 WET [2025/01/06 9:57:56 ET]
Table 'Nissen' 6-max Seat #4 is the button
Seat 1: BenCampbel10 ($213.99 in chips) 
Seat 2: bayar421 ($105 in chips) 
Seat 3: whlzor ($252.22 in chips) 
Seat 4: easy_sarcasm ($102.47 in chips) 
Seat 5: CichiChanMarian ($105.46 in chips) 
Seat 6: Rysiff ($143.06 in chips) 
CichiChanMarian: posts small blind $0.50
Rysiff: posts big blind $1
*** HOLE CARDS ***
BenCampbel10: folds 
bayar421: folds 
whlzor: folds 
easy_sarcasm: raises $1.20 to $2.20
CichiChanMarian: folds 
Rysiff: calls $1.20
*** FLOP *** [5c Kh 6c]
Rysiff: checks 
easy_sarcasm: bets $2.33
Rysiff: folds 
Uncalled bet ($2.33) returned to easy_sarcasm
easy_sarcasm collected $4.66 from pot
*** SUMMARY ***
Total pot $4.90 | Rake $0.24 
Board [5c Kh 6c]
Seat 1: BenCampbel10 folded before Flop (didn't bet)
Seat 2: bayar421 folded before Flop (didn't bet)
Seat 3: whlzor folded before Flop (didn't bet)
Seat 4: easy_sarcasm (button) collected ($4.66)
Seat 5: CichiChanMarian (small blind) folded before Flop
Seat 6: Rysiff (big blind) folded on the Flop



PokerStars Hand #254228156932:  Hold'em No Limit ($0.50/$1.00 USD) - 2025/01/06 14:58:21 WET [2025/01/06 9:58:21 ET]
Table 'Nissen' 6-max Seat #5 is the button
Seat 1: BenCampbel10 ($213.99 in chips) 
Seat 2: bayar421 ($105 in chips) 
Seat 3: whlzor ($252.22 in chips) 
Seat 4: easy_sarcasm ($104.93 in chips) 
Seat 5: CichiChanMarian ($104.96 in chips) 
Seat 6: Rysiff ($140.86 in chips) 
Rysiff: posts small blind $0.50
BenCampbel10: posts big blind $1
*** HOLE CARDS ***
bayar421: calls $1
whlzor: folds 
easy_sarcasm: raises $2 to $3
CichiChanMarian: folds 
Rysiff: folds 
BenCampbel10: folds 
bayar421: calls $2
*** FLOP *** [2c 8s 5s]
bayar421: checks 
easy_sarcasm: bets $3
bayar421: calls $3
*** TURN *** [2c 8s 5s] [2d]
bayar421: checks 
easy_sarcasm: checks 
*** RIVER *** [2c 8s 5s 2d] [4c]
bayar421: checks 
easy_sarcasm: checks 
*** SHOW DOWN ***
bayar421: shows [Ad 4h] (two pair, Fours and Deuces)
easy_sarcasm: mucks hand 
bayar421 collected $12.82 from pot
*** SUMMARY ***
Total pot $13.50 | Rake $0.68 
Board [2c 8s 5s 2d 4c]
Seat 1: BenCampbel10 (big blind) folded before Flop
Seat 2: bayar421 showed [Ad 4h] and won ($12.82) with two pair, Fours and Deuces
Seat 3: whlzor folded before Flop (didn't bet)
Seat 4: easy_sarcasm mucked
Seat 5: CichiChanMarian (button) folded before Flop (didn't bet)
Seat 6: Rysiff (small blind) folded before Flop



PokerStars Hand #254228162762:  Hold'em No Limit ($0.50/$1.00 USD) - 2025/01/06 14:58:54 WET [2025/01/06 9:58:54 ET]
Table 'Nissen' 6-max Seat #6 is the button
Seat 1: BenCampbel10 ($212.99 in chips) 
Seat 2: bayar421 ($111.82 in chips) 
Seat 3: whlzor ($252.22 in chips) 
Seat 4: easy_sarcasm ($100 in chips) 
Seat 5: CichiChanMarian ($104.96 in chips) 
Seat 6: Rysiff ($140.36 in chips) 
BenCampbel10: posts small blind $0.50
bayar421: posts big blind $1
*** HOLE CARDS ***
whlzor: raises $1.50 to $2.50
easy_sarcasm: folds 
CichiChanMarian: folds 
Rysiff: folds 
BenCampbel10: folds 
bayar421: calls $1.50
*** FLOP *** [7c 2h 5d]
bayar421: checks 
whlzor: checks 
*** TURN *** [7c 2h 5d] [8d]
bayar421: checks 
whlzor: checks 
*** RIVER *** [7c 2h 5d 8d] [3d]
bayar421: checks 
whlzor: bets $2.61
bayar421: calls $2.61
*** SHOW DOWN ***
whlzor: shows [Ks Js] (high card King)
bayar421: shows [7h Ad] (a pair of Sevens)
bayar421 collected $10.18 from pot
*** SUMMARY ***
Total pot $10.72 | Rake $0.54 
Board [7c 2h 5d 8d 3d]
Seat 1: BenCampbel10 (small blind) folded before Flop
Seat 2: bayar421 (big blind) showed [7h Ad] and won ($10.18) with a pair of Sevens
Seat 3: whlzor showed [Ks Js] and lost with high card King
Seat 4: easy_sarcasm folded before Flop (didn't bet)
Seat 5: CichiChanMarian folded before Flop (didn't bet)
Seat 6: Rysiff (button) folded before Flop (didn't bet)



PokerStars Hand #254228167629:  Hold'em No Limit ($0.50/$1.00 USD) - 2025/01/06 14:59:22 WET [2025/01/06 9:59:22 ET]
Table 'Nissen' 6-max Seat #1 is the button
Seat 1: BenCampbel10 ($212.49 in chips) 
Seat 2: bayar421 ($116.89 in chips) 
Seat 3: whlzor ($247.11 in chips) 
Seat 4: easy_sarcasm ($100 in chips) 
Seat 5: CichiChanMarian ($104.96 in chips) 
Seat 6: Rysiff ($140.36 in chips) 
bayar421: posts small blind $0.50
whlzor: posts big blind $1
*** HOLE CARDS ***
easy_sarcasm: folds 
CichiChanMarian: raises $1.50 to $2.50
Rysiff: folds 
BenCampbel10: folds 
bayar421: folds 
whlzor: folds 
Uncalled bet ($1.50) returned to CichiChanMarian
CichiChanMarian collected $2.50 from pot
CichiChanMarian: doesn't show hand 
*** SUMMARY ***
Total pot $2.50 | Rake $0 
Seat 1: BenCampbel10 (button) folded before Flop (didn't bet)
Seat 2: bayar421 (small blind) folded before Flop
Seat 3: whlzor (big blind) folded before Flop
Seat 4: easy_sarcasm folded before Flop (didn't bet)
Seat 5: CichiChanMarian collected ($2.50)
Seat 6: Rysiff folded before Flop (didn't bet)



PokerStars Hand #254228169630:  Hold'em No Limit ($0.50/$1.00 USD) - 2025/01/06 14:59:34 WET [2025/01/06 9:59:34 ET]
Table 'Nissen' 6-max Seat #2 is the button
Seat 1: BenCampbel10 ($212.49 in chips) 
Seat 2: bayar421 ($116.39 in chips) 
Seat 3: whlzor ($246.11 in chips) 
Seat 4: easy_sarcasm ($100 in chips) 
Seat 5: CichiChanMarian ($106.46 in chips) 
Seat 6: Rysiff ($140.36 in chips) 
whlzor: posts small blind $0.50
easy_sarcasm: posts big blind $1
*** HOLE CARDS ***
CichiChanMarian: folds 
Rysiff: folds 
BenCampbel10: folds 
bayar421: calls $1
whlzor: raises $4 to $5
easy_sarcasm: folds 
bayar421: calls $4
*** FLOP *** [5c Td Th]
whlzor: checks 
bayar421: checks 
*** TURN *** [5c Td Th] [2h]
whlzor: checks 
bayar421: checks 
*** RIVER *** [5c Td Th 2h] [4s]
whlzor: checks 
bayar421: bets $10.45
whlzor: folds 
Uncalled bet ($10.45) returned to bayar421
bayar421 collected $10.45 from pot
*** SUMMARY ***
Total pot $11 | Rake $0.55 
Board [5c Td Th 2h 4s]
Seat 1: BenCampbel10 folded before Flop (didn't bet)
Seat 2: bayar421 (button) collected ($10.45)
Seat 3: whlzor (small blind) folded on the River
Seat 4: easy_sarcasm (big blind) folded before Flop
Seat 5: CichiChanMarian folded before Flop (didn't bet)
Seat 6: Rysiff folded before Flop (didn't bet)



PokerStars Hand #254228175744:  Hold'em No Limit ($0.50/$1.00 USD) - 2025/01/06 15:00:08 WET [2025/01/06 10:00:08 ET]
Table 'Nissen' 6-max Seat #3 is the button
Seat 1: BenCampbel10 ($212.49 in chips) 
Seat 2: bayar421 ($121.84 in chips) 
Seat 3: whlzor ($241.11 in chips) 
Seat 4: easy_sarcasm ($100 in chips) 
Seat 5: CichiChanMarian ($106.46 in chips) 
Seat 6: Rysiff ($140.36 in chips) 
easy_sarcasm: posts small blind $0.50
CichiChanMarian: posts big blind $1
*** HOLE CARDS ***
Rysiff: folds 
BenCampbel10: folds 
bayar421: calls $1
whlzor: folds 
easy_sarcasm: calls $0.50
CichiChanMarian: raises $4 to $5
bayar421: calls $4
easy_sarcasm: folds 
*** FLOP *** [Kd 2c Ad]
CichiChanMarian: checks 
bayar421: checks 
*** TURN *** [Kd 2c Ad] [9h]
CichiChanMarian: checks 
bayar421: bets $2
CichiChanMarian: calls $2
*** RIVER *** [Kd 2c Ad 9h] [2h]
CichiChanMarian: checks 
bayar421: checks 
*** SHOW DOWN ***
CichiChanMarian: shows [6d Ac] (two pair, Aces and Deuces)
bayar421: mucks hand 
CichiChanMarian collected $14.25 from pot
*** SUMMARY ***
Total pot $15 | Rake $0.75 
Board [Kd 2c Ad 9h 2h]
Seat 1: BenCampbel10 folded before Flop (didn't bet)
Seat 2: bayar421 mucked
Seat 3: whlzor (button) folded before Flop (didn't bet)
Seat 4: easy_sarcasm (small blind) folded before Flop
Seat 5: CichiChanMarian (big blind) showed [6d Ac] and won ($14.25) with two pair, Aces and Deuces
Seat 6: Rysiff folded before Flop (didn't bet)



PokerStars Hand #254228182768:  Hold'em No Limit ($0.50/$1.00 USD) - 2025/01/06 15:00:47 WET [2025/01/06 10:00:47 ET]
Table 'Nissen' 6-max Seat #4 is the button
Seat 1: BenCampbel10 ($212.49 in chips) 
Seat 2: bayar421 ($114.84 in chips) 
Seat 3: whlzor ($241.11 in chips) 
Seat 4: easy_sarcasm ($100 in chips) 
Seat 5: CichiChanMarian ($113.71 in chips) 
Seat 6: Rysiff ($140.36 in chips) 
CichiChanMarian: posts small blind $0.50
Rysiff: posts big blind $1
*** HOLE CARDS ***
BenCampbel10: folds 
bayar421: calls $1
whlzor: folds 
easy_sarcasm: raises $3.50 to $4.50
CichiChanMarian: folds 
Rysiff: folds 
bayar421: calls $3.50
*** FLOP *** [3h 2s 2d]
bayar421: checks 
easy_sarcasm: bets $4.50
bayar421: folds 
Uncalled bet ($4.50) returned to easy_sarcasm
easy_sarcasm collected $9.98 from pot
*** SUMMARY ***
Total pot $10.50 | Rake $0.52 
Board [3h 2s 2d]
Seat 1: BenCampbel10 folded before Flop (didn't bet)
Seat 2: bayar421 folded on the Flop
Seat 3: whlzor folded before Flop (didn't bet)
Seat 4: easy_sarcasm (button) collected ($9.98)
Seat 5: CichiChanMarian (small blind) folded before Flop
Seat 6: Rysiff (big blind) folded before Flop



PokerStars Hand #254228188080:  Hold'em No Limit ($0.50/$1.00 USD) - 2025/01/06 15:01:14 WET [2025/01/06 10:01:14 ET]
Table 'Nissen' 6-max Seat #5 is the button
Seat 1: BenCampbel10 ($212.49 in chips) 
Seat 2: bayar421 ($110.34 in chips) 
Seat 3: whlzor ($241.11 in chips) 
Seat 4: easy_sarcasm ($105.48 in chips) 
Seat 5: CichiChanMarian ($113.21 in chips) 
Seat 6: Rysiff ($139.36 in chips) 
Rysiff: posts small blind $0.50
BenCampbel10: posts big blind $1
*** HOLE CARDS ***
bayar421: calls $1
whlzor: folds 
easy_sarcasm: raises $3.50 to $4.50
CichiChanMarian: folds 
Rysiff: folds 
BenCampbel10: folds 
bayar421: calls $3.50
*** FLOP *** [8d 7s Ah]
bayar421: checks 
easy_sarcasm: checks 
*** TURN *** [8d 7s Ah] [2c]
bayar421: bets $2
easy_sarcasm: calls $2
*** RIVER *** [8d 7s Ah 2c] [5s]
bayar421: bets $9
easy_sarcasm: folds 
Uncalled bet ($9) returned to bayar421
bayar421 collected $13.78 from pot
*** SUMMARY ***
Total pot $14.50 | Rake $0.72 
Board [8d 7s Ah 2c 5s]
Seat 1: BenCampbel10 (big blind) folded before Flop
Seat 2: bayar421 collected ($13.78)
Seat 3: whlzor folded before Flop (didn't bet)
Seat 4: easy_sarcasm folded on the River
Seat 5: CichiChanMarian (button) folded before Flop (didn't bet)
Seat 6: Rysiff (small blind) folded before Flop



PokerStars Hand #254228195910:  Hold'em No Limit ($0.50/$1.00 USD) - 2025/01/06 15:01:53 WET [2025/01/06 10:01:53 ET]
Table 'Nissen' 6-max Seat #6 is the button
Seat 1: BenCampbel10 ($211.49 in chips) 
Seat 2: bayar421 ($117.62 in chips) 
Seat 3: whlzor ($241.11 in chips) 
Seat 4: easy_sarcasm ($100 in chips) 
Seat 5: CichiChanMarian ($113.21 in chips) 
Seat 6: Rysiff ($138.86 in chips) 
BenCampbel10: posts small blind $0.50
bayar421: posts big blind $1
*** HOLE CARDS ***
whlzor: folds 
easy_sarcasm: folds 
CichiChanMarian: raises $1.50 to $2.50
Rysiff: folds 
BenCampbel10: raises $9 to $11.50
bayar421: folds 
CichiChanMarian: folds 
Uncalled bet ($9) returned to BenCampbel10
BenCampbel10 collected $6 from pot
*** SUMMARY ***
Total pot $6 | Rake $0 
Seat 1: BenCampbel10 (small blind) collected ($6)
Seat 2: bayar421 (big blind) folded before Flop
Seat 3: whlzor folded before Flop (didn't bet)
Seat 4: easy_sarcasm folded before Flop (didn't bet)
Seat 5: CichiChanMarian folded before Flop
Seat 6: Rysiff (button) folded before Flop (didn't bet)



PokerStars Hand #254228200766:  Hold'em No Limit ($0.50/$1.00 USD) - 2025/01/06 15:02:16 WET [2025/01/06 10:02:16 ET]
Table 'Nissen' 6-max Seat #1 is the button
Seat 1: BenCampbel10 ($214.99 in chips) 
Seat 2: bayar421 ($116.62 in chips) 
Seat 3: whlzor ($241.11 in chips) 
Seat 4: easy_sarcasm ($100 in chips) 
Seat 5: CichiChanMarian ($110.71 in chips) 
Seat 6: Rysiff ($138.86 in chips) 
bayar421: posts small blind $0.50
whlzor: posts big blind $1
*** HOLE CARDS ***
easy_sarcasm: folds 
CichiChanMarian: raises $1.50 to $2.50
Rysiff: raises $5.50 to $8
BenCampbel10: folds 
bayar421: calls $7.50
whlzor: folds 
CichiChanMarian: calls $5.50
*** FLOP *** [7d Qc 2c]
bayar421: checks 
CichiChanMarian: checks 
Rysiff: bets $7.84
bayar421: calls $7.84
CichiChanMarian: folds 
*** TURN *** [7d Qc 2c] [Th]
bayar421: checks 
Rysiff: bets $12.75
bayar421: calls $12.75
*** RIVER *** [7d Qc 2c Th] [5s]
bayar421: bets $88.03 and is all-in
Rysiff: calls $88.03
*** SHOW DOWN ***
bayar421: shows [Kc Td] (a pair of Tens)
Rysiff: shows [Jh Js] (a pair of Jacks)
Rysiff collected $239.74 from pot
*** SUMMARY ***
Total pot $242.24 | Rake $2.50 
Board [7d Qc 2c Th 5s]
Seat 1: BenCampbel10 (button) folded before Flop (didn't bet)
Seat 2: bayar421 (small blind) showed [Kc Td] and lost with a pair of Tens
Seat 3: whlzor (big blind) folded before Flop
Seat 4: easy_sarcasm folded before Flop (didn't bet)
Seat 5: CichiChanMarian folded on the Flop
Seat 6: Rysiff showed [Jh Js] and won ($239.74) with a pair of Jacks



PokerStars Hand #254228213074:  Hold'em No Limit ($0.50/$1.00 USD) - 2025/01/06 15:03:14 WET [2025/01/06 10:03:14 ET]
Table 'Nissen' 6-max Seat #3 is the button
Seat 2: bayar421 ($0 in chips) is sitting out
Seat 1: BenCampbel10 ($214.99 in chips) 
Seat 3: whlzor ($240.11 in chips) 
Seat 4: easy_sarcasm ($100 in chips) 
Seat 5: CichiChanMarian ($102.71 in chips) 
Seat 6: Rysiff ($261.98 in chips) 
easy_sarcasm: posts small blind $0.50
CichiChanMarian: posts big blind $1
*** HOLE CARDS ***
Rysiff: folds 
BenCampbel10: raises $1 to $2
whlzor: folds 
easy_sarcasm: folds 
bayar421 leaves the table
CichiChanMarian: calls $1
*** FLOP *** [7c 4s 9d]
CichiChanMarian: checks 
BenCampbel10: checks 
*** TURN *** [7c 4s 9d] [5s]
CichiChanMarian: bets $7
Rysiff leaves the table
BenCampbel10: calls $7
*** RIVER *** [7c 4s 9d 5s] [8h]
CichiChanMarian: bets $17.58
BenCampbel10: folds 
Uncalled bet ($17.58) returned to CichiChanMarian
CichiChanMarian collected $17.58 from pot
CichiChanMarian: doesn't show hand 
*** SUMMARY ***
Total pot $18.50 | Rake $0.92 
Board [7c 4s 9d 5s 8h]
Seat 2: bayar421
Seat 1: BenCampbel10 folded on the River
Seat 3: whlzor (button) folded before Flop (didn't bet)
Seat 4: easy_sarcasm (small blind) folded before Flop
Seat 5: CichiChanMarian (big blind) collected ($17.58)
Seat 6: Rysiff folded before Flop (didn't bet)



PokerStars Hand #254228230078:  Hold'em No Limit ($0.50/$1.00 USD) - 2025/01/06 15:04:33 WET [2025/01/06 10:04:33 ET]
Table 'Nissen' 6-max Seat #4 is the button
Seat 1: BenCampbel10 ($205.99 in chips) 
Seat 3: whlzor ($240.11 in chips) 
Seat 4: easy_sarcasm ($100 in chips) 
Seat 5: CichiChanMarian ($111.29 in chips) 
CichiChanMarian: posts small blind $0.50
BenCampbel10: posts big blind $1
*** HOLE CARDS ***
whlzor: raises $2 to $3
easy_sarcasm: folds 
CichiChanMarian: folds 
BenCampbel10: folds 
Uncalled bet ($2) returned to whlzor
whlzor collected $2.50 from pot
whlzor: doesn't show hand 
*** SUMMARY ***
Total pot $2.50 | Rake $0 
Seat 1: BenCampbel10 (big blind) folded before Flop
Seat 3: whlzor collected ($2.50)
Seat 4: easy_sarcasm (button) folded before Flop (didn't bet)
Seat 5: CichiChanMarian (small blind) folded before Flop



