PokerStars Hand #254225540188:  Hold'em No Limit ($0.50/$1.00 USD) - 2025/01/06 10:24:56 WET [2025/01/06 5:24:56 ET]
Table 'Vincentina II' 6-max Seat #3 is the button
Seat 1: uuzka ($100 in chips) 
Seat 3: Quahrino ($100 in chips) 
Seat 5: shave_mustache ($100 in chips) 
shave_mustache: posts small blind $0.50
uuzka: posts big blind $1
*** HOLE CARDS ***
Quahrino: raises $1.50 to $2.50
shave_mustache: folds 
uuzka has timed out
uuzka: folds 
Uncalled bet ($1.50) returned to Quahrino
Quahrino collected $2.50 from pot
Quahrino: doesn't show hand 
*** SUMMARY ***
Total pot $2.50 | Rake $0 
Seat 1: uuzka (big blind) folded before Flop
Seat 3: Quahrino (button) collected ($2.50)
Seat 5: shave_mustache (small blind) folded before Flop



PokerStars Hand #254225544798:  Hold'em No Limit ($0.50/$1.00 USD) - 2025/01/06 10:25:35 WET [2025/01/06 5:25:35 ET]
Table 'Vincentina II' 6-max Seat #5 is the button
Seat 1: uuzka ($100 in chips) 
Seat 3: Quahrino ($101.50 in chips) 
Seat 5: shave_mustache ($100 in chips) 
uuzka: posts small blind $0.50
Quahrino: posts big blind $1
*** HOLE CARDS ***
shave_mustache: folds 
uuzka has timed out
uuzka: folds 
Uncalled bet ($0.50) returned to Quahrino
Quahrino collected $1 from pot
Quahrino: doesn't show hand 
*** SUMMARY ***
Total pot $1 | Rake $0 
Seat 1: uuzka (small blind) folded before Flop
Seat 3: Quahrino (big blind) collected ($1)
Seat 5: shave_mustache (button) folded before Flop (didn't bet)



PokerStars Hand #254225546973:  Hold'em No Limit ($0.50/$1.00 USD) - 2025/01/06 10:25:54 WET [2025/01/06 5:25:54 ET]
Table 'Vincentina II' 6-max Seat #1 is the button
Seat 1: uuzka ($100 in chips) 
Seat 3: Quahrino ($102 in chips) 
Seat 5: shave_mustache ($100 in chips) 
Quahrino: posts small blind $0.50
shave_mustache: posts big blind $1
*** HOLE CARDS ***
uuzka has timed out
uuzka: folds 
Quahrino: folds 
Uncalled bet ($0.50) returned to shave_mustache
shave_mustache collected $1 from pot
shave_mustache: doesn't show hand 
*** SUMMARY ***
Total pot $1 | Rake $0 
Seat 1: uuzka (button) folded before Flop (didn't bet)
Seat 3: Quahrino (small blind) folded before Flop
Seat 5: shave_mustache (big blind) collected ($1)



PokerStars Hand #254225548823:  Hold'em No Limit ($0.50/$1.00 USD) - 2025/01/06 10:26:09 WET [2025/01/06 5:26:09 ET]
Table 'Vincentina II' 6-max Seat #5 is the button
Seat 1: uuzka ($100 in chips) is sitting out
Seat 3: Quahrino ($101.50 in chips) 
Seat 5: shave_mustache ($100.50 in chips) 
shave_mustache: posts small blind $0.50
Quahrino: posts big blind $1
*** HOLE CARDS ***
shave_mustache: raises $1.50 to $2.50
Quahrino: calls $1.50
*** FLOP *** [8d Qh 7d]
Quahrino: checks 
shave_mustache: checks 
*** TURN *** [8d Qh 7d] [9c]
Quahrino: bets $3.56
shave_mustache: folds 
Uncalled bet ($3.56) returned to Quahrino
Quahrino collected $4.75 from pot
Quahrino: doesn't show hand 
*** SUMMARY ***
Total pot $5 | Rake $0.25 
Board [8d Qh 7d 9c]
Seat 1: uuzka
Seat 3: Quahrino (big blind) collected ($4.75)
Seat 5: shave_mustache (button) (small blind) folded on the Turn



PokerStars Hand #254225907490:  Hold'em No Limit ($0.50/$1.00 USD) - 2025/01/06 11:14:51 WET [2025/01/06 6:14:51 ET]
Table 'Vincentina II' 6-max Seat #1 is the button
Seat 3: poker_soul11 ($100 in chips) is sitting out
Seat 1: uuzka ($100 in chips) 
Seat 5: blistein ($100 in chips) 
uuzka: posts small blind $0.50
blistein: posts big blind $1
*** HOLE CARDS ***
uuzka: raises $1.27 to $2.27
blistein: calls $1.27
*** FLOP *** [Qd Kd 8c]
blistein: checks 
uuzka: bets $2.89
blistein: calls $2.89
*** TURN *** [Qd Kd 8c] [Qh]
blistein: checks 
uuzka: checks 
*** RIVER *** [Qd Kd 8c Qh] [2s]
blistein: checks 
uuzka: checks 
*** SHOW DOWN ***
blistein: shows [Td 8d] (two pair, Queens and Eights)
uuzka: mucks hand 
blistein collected $9.80 from pot
*** SUMMARY ***
Total pot $10.32 | Rake $0.52 
Board [Qd Kd 8c Qh 2s]
Seat 3: poker_soul11
Seat 1: uuzka (button) (small blind) mucked
Seat 5: blistein (big blind) showed [Td 8d] and won ($9.80) with two pair, Queens and Eights



PokerStars Hand #254225919680:  Hold'em No Limit ($0.50/$1.00 USD) - 2025/01/06 11:16:22 WET [2025/01/06 6:16:22 ET]
Table 'Vincentina II' 6-max Seat #5 is the button
Seat 1: uuzka ($100 in chips) 
Seat 3: poker_soul11 ($100 in chips) 
Seat 5: blistein ($104.64 in chips) 
uuzka: posts small blind $0.50
poker_soul11: posts big blind $1
*** HOLE CARDS ***
blistein: folds 
uuzka: folds 
Uncalled bet ($0.50) returned to poker_soul11
poker_soul11 collected $1 from pot
poker_soul11: doesn't show hand 
*** SUMMARY ***
Total pot $1 | Rake $0 
Seat 1: uuzka (small blind) folded before Flop
Seat 3: poker_soul11 (big blind) collected ($1)
Seat 5: blistein (button) folded before Flop (didn't bet)



PokerStars Hand #254225920624:  Hold'em No Limit ($0.50/$1.00 USD) - 2025/01/06 11:16:30 WET [2025/01/06 6:16:30 ET]
Table 'Vincentina II' 6-max Seat #1 is the button
Seat 1: uuzka ($100 in chips) 
Seat 3: poker_soul11 ($100.50 in chips) 
Seat 5: blistein ($104.64 in chips) 
poker_soul11: posts small blind $0.50
blistein: posts big blind $1
*** HOLE CARDS ***
uuzka: folds 
poker_soul11: folds 
Uncalled bet ($0.50) returned to blistein
blistein collected $1 from pot
blistein: doesn't show hand 
*** SUMMARY ***
Total pot $1 | Rake $0 
Seat 1: uuzka (button) folded before Flop (didn't bet)
Seat 3: poker_soul11 (small blind) folded before Flop
Seat 5: blistein (big blind) collected ($1)



PokerStars Hand #254225921885:  Hold'em No Limit ($0.50/$1.00 USD) - 2025/01/06 11:16:39 WET [2025/01/06 6:16:39 ET]
Table 'Vincentina II' 6-max Seat #3 is the button
Seat 1: uuzka ($100 in chips) 
Seat 3: poker_soul11 ($100 in chips) 
Seat 5: blistein ($105.14 in chips) 
blistein: posts small blind $0.50
uuzka: posts big blind $1
*** HOLE CARDS ***
poker_soul11: folds 
blistein: raises $2 to $3
uuzka: folds 
Uncalled bet ($2) returned to blistein
blistein collected $2 from pot
blistein: doesn't show hand 
*** SUMMARY ***
Total pot $2 | Rake $0 
Seat 1: uuzka (big blind) folded before Flop
Seat 3: poker_soul11 (button) folded before Flop (didn't bet)
Seat 5: blistein (small blind) collected ($2)



PokerStars Hand #254225923868:  Hold'em No Limit ($0.50/$1.00 USD) - 2025/01/06 11:16:54 WET [2025/01/06 6:16:54 ET]
Table 'Vincentina II' 6-max Seat #5 is the button
Seat 1: uuzka ($100 in chips) 
Seat 3: poker_soul11 ($100 in chips) 
Seat 5: blistein ($106.14 in chips) 
uuzka: posts small blind $0.50
poker_soul11: posts big blind $1
*** HOLE CARDS ***
blistein: raises $1.50 to $2.50
uuzka: folds 
poker_soul11: calls $1.50
*** FLOP *** [As 2s 5s]
poker_soul11: checks 
blistein: checks 
*** TURN *** [As 2s 5s] [8d]
poker_soul11: checks 
blistein: checks 
*** RIVER *** [As 2s 5s 8d] [3c]
poker_soul11: bets $3.92
blistein: calls $3.92
*** SHOW DOWN ***
poker_soul11: shows [Td Kc] (high card Ace)
blistein: shows [9d Ac] (a pair of Aces)
blistein collected $12.67 from pot
*** SUMMARY ***
Total pot $13.34 | Rake $0.67 
Board [As 2s 5s 8d 3c]
Seat 1: uuzka (small blind) folded before Flop
Seat 3: poker_soul11 (big blind) showed [Td Kc] and lost with high card Ace
Seat 5: blistein (button) showed [9d Ac] and won ($12.67) with a pair of Aces



PokerStars Hand #254225932709:  Hold'em No Limit ($0.50/$1.00 USD) - 2025/01/06 11:18:01 WET [2025/01/06 6:18:01 ET]
Table 'Vincentina II' 6-max Seat #1 is the button
Seat 1: uuzka ($100 in chips) 
Seat 3: poker_soul11 ($100 in chips) 
Seat 5: blistein ($112.39 in chips) 
poker_soul11: posts small blind $0.50
blistein: posts big blind $1
*** HOLE CARDS ***
uuzka: folds 
poker_soul11: folds 
Uncalled bet ($0.50) returned to blistein
blistein collected $1 from pot
blistein: doesn't show hand 
*** SUMMARY ***
Total pot $1 | Rake $0 
Seat 1: uuzka (button) folded before Flop (didn't bet)
Seat 3: poker_soul11 (small blind) folded before Flop
Seat 5: blistein (big blind) collected ($1)



PokerStars Hand #254225933894:  Hold'em No Limit ($0.50/$1.00 USD) - 2025/01/06 11:18:10 WET [2025/01/06 6:18:10 ET]
Table 'Vincentina II' 6-max Seat #3 is the button
Seat 1: uuzka ($100 in chips) 
Seat 3: poker_soul11 ($100 in chips) 
Seat 5: blistein ($112.89 in chips) 
blistein: posts small blind $0.50
uuzka: posts big blind $1
*** HOLE CARDS ***
poker_soul11: raises $1.20 to $2.20
blistein: folds 
uuzka: folds 
Uncalled bet ($1.20) returned to poker_soul11
uuzka leaves the table
poker_soul11 collected $2.50 from pot
poker_soul11: doesn't show hand 
*** SUMMARY ***
Total pot $2.50 | Rake $0 
Seat 1: uuzka (big blind) folded before Flop
Seat 3: poker_soul11 (button) collected ($2.50)
Seat 5: blistein (small blind) folded before Flop



PokerStars Hand #254225949197:  Hold'em No Limit ($0.50/$1.00 USD) - 2025/01/06 11:20:05 WET [2025/01/06 6:20:05 ET]
Table 'Vincentina II' 6-max Seat #4 is the button
Seat 1: uuzka ($100 in chips) 
Seat 2: 1 Sagges ($100 in chips) 
Seat 3: poker_soul11 ($101.50 in chips) 
Seat 4: blistein ($112.39 in chips) 
Seat 5: shave_mustache ($100 in chips) 
Seat 6: Consig|iori ($100 in chips) 
shave_mustache: posts small blind $0.50
Consig|iori: posts big blind $1
*** HOLE CARDS ***
uuzka: raises $1.20 to $2.20
1 Sagges: folds 
poker_soul11: folds 
blistein: folds 
shave_mustache: folds 
Consig|iori: folds 
Uncalled bet ($1.20) returned to uuzka
uuzka collected $2.50 from pot
uuzka: doesn't show hand 
*** SUMMARY ***
Total pot $2.50 | Rake $0 
Seat 1: uuzka collected ($2.50)
Seat 2: 1 Sagges folded before Flop (didn't bet)
Seat 3: poker_soul11 folded before Flop (didn't bet)
Seat 4: blistein (button) folded before Flop (didn't bet)
Seat 5: shave_mustache (small blind) folded before Flop
Seat 6: Consig|iori (big blind) folded before Flop



PokerStars Hand #254225951681:  Hold'em No Limit ($0.50/$1.00 USD) - 2025/01/06 11:20:24 WET [2025/01/06 6:20:24 ET]
Table 'Vincentina II' 6-max Seat #5 is the button
Seat 1: uuzka ($101.50 in chips) 
Seat 2: 1 Sagges ($100 in chips) 
Seat 3: poker_soul11 ($101.50 in chips) 
Seat 4: blistein ($112.39 in chips) 
Seat 5: shave_mustache ($100 in chips) 
Seat 6: Consig|iori ($100 in chips) 
Consig|iori: posts small blind $0.50
uuzka: posts big blind $1
*** HOLE CARDS ***
1 Sagges: folds 
poker_soul11: raises $1.20 to $2.20
blistein: folds 
shave_mustache: folds 
Consig|iori: folds 
uuzka: folds 
Uncalled bet ($1.20) returned to poker_soul11
poker_soul11 collected $2.50 from pot
poker_soul11: doesn't show hand 
*** SUMMARY ***
Total pot $2.50 | Rake $0 
Seat 1: uuzka (big blind) folded before Flop
Seat 2: 1 Sagges folded before Flop (didn't bet)
Seat 3: poker_soul11 collected ($2.50)
Seat 4: blistein folded before Flop (didn't bet)
Seat 5: shave_mustache (button) folded before Flop (didn't bet)
Seat 6: Consig|iori (small blind) folded before Flop



PokerStars Hand #254225954044:  Hold'em No Limit ($0.50/$1.00 USD) - 2025/01/06 11:20:41 WET [2025/01/06 6:20:41 ET]
Table 'Vincentina II' 6-max Seat #6 is the button
Seat 1: uuzka ($100.50 in chips) 
Seat 2: 1 Sagges ($100 in chips) 
Seat 3: poker_soul11 ($103 in chips) 
Seat 4: blistein ($112.39 in chips) 
Seat 5: shave_mustache ($100 in chips) 
Seat 6: Consig|iori ($100 in chips) 
uuzka: posts small blind $0.50
1 Sagges: posts big blind $1
*** HOLE CARDS ***
poker_soul11: folds 
blistein: folds 
shave_mustache: raises $1.50 to $2.50
Consig|iori: folds 
uuzka: raises $8.50 to $11
1 Sagges: calls $10
shave_mustache: folds 
*** FLOP *** [7h Td 7d]
uuzka: bets $4.75
1 Sagges: calls $4.75
*** TURN *** [7h Td 7d] [Ks]
uuzka: bets $5.25
1 Sagges: calls $5.25
*** RIVER *** [7h Td 7d Ks] [2c]
uuzka: checks 
1 Sagges: checks 
*** SHOW DOWN ***
uuzka: shows [Th Jh] (two pair, Tens and Sevens)
1 Sagges: mucks hand 
uuzka collected $42.28 from pot
*** SUMMARY ***
Total pot $44.50 | Rake $2.22 
Board [7h Td 7d Ks 2c]
Seat 1: uuzka (small blind) showed [Th Jh] and won ($42.28) with two pair, Tens and Sevens
Seat 2: 1 Sagges (big blind) mucked
Seat 3: poker_soul11 folded before Flop (didn't bet)
Seat 4: blistein folded before Flop (didn't bet)
Seat 5: shave_mustache folded before Flop
Seat 6: Consig|iori (button) folded before Flop (didn't bet)



PokerStars Hand #254225963529:  Hold'em No Limit ($0.50/$1.00 USD) - 2025/01/06 11:21:52 WET [2025/01/06 6:21:52 ET]
Table 'Vincentina II' 6-max Seat #1 is the button
Seat 1: uuzka ($121.78 in chips) 
Seat 2: 1 Sagges ($79 in chips) 
Seat 3: poker_soul11 ($103 in chips) 
Seat 4: blistein ($112.39 in chips) 
Seat 5: shave_mustache ($100 in chips) 
Seat 6: Consig|iori ($100 in chips) 
1 Sagges: posts small blind $0.50
poker_soul11: posts big blind $1
*** HOLE CARDS ***
blistein: raises $1.20 to $2.20
shave_mustache: folds 
Consig|iori: folds 
uuzka: folds 
1 Sagges: calls $1.70
poker_soul11: folds 
*** FLOP *** [7c Kh 4d]
1 Sagges: checks 
blistein: bets $3
1 Sagges: calls $3
*** TURN *** [7c Kh 4d] [Td]
1 Sagges: checks 
blistein: bets $16.25
1 Sagges: calls $16.25
*** RIVER *** [7c Kh 4d Td] [5s]
1 Sagges: checks 
blistein: bets $90.94 and is all-in
1 Sagges: folds 
Uncalled bet ($90.94) returned to blistein
blistein collected $41.70 from pot
blistein: doesn't show hand 
*** SUMMARY ***
Total pot $43.90 | Rake $2.20 
Board [7c Kh 4d Td 5s]
Seat 1: uuzka (button) folded before Flop (didn't bet)
Seat 2: 1 Sagges (small blind) folded on the River
Seat 3: poker_soul11 (big blind) folded before Flop
Seat 4: blistein collected ($41.70)
Seat 5: shave_mustache folded before Flop (didn't bet)
Seat 6: Consig|iori folded before Flop (didn't bet)



PokerStars Hand #254225974529:  Hold'em No Limit ($0.50/$1.00 USD) - 2025/01/06 11:23:14 WET [2025/01/06 6:23:14 ET]
Table 'Vincentina II' 6-max Seat #2 is the button
Seat 1: uuzka ($121.78 in chips) 
Seat 2: 1 Sagges ($57.55 in chips) 
Seat 3: poker_soul11 ($102 in chips) 
Seat 4: blistein ($132.64 in chips) 
Seat 5: shave_mustache ($100 in chips) 
Seat 6: Consig|iori ($100 in chips) 
poker_soul11: posts small blind $0.50
blistein: posts big blind $1
*** HOLE CARDS ***
shave_mustache: folds 
Consig|iori: folds 
uuzka: folds 
1 Sagges: calls $1
poker_soul11: raises $4 to $5
blistein: folds 
1 Sagges: calls $4
*** FLOP *** [8s 9d 5s]
poker_soul11: checks 
1 Sagges: bets $5.23
poker_soul11: calls $5.23
*** TURN *** [8s 9d 5s] [3h]
poker_soul11: checks 
1 Sagges: bets $10.20
poker_soul11: folds 
Uncalled bet ($10.20) returned to 1 Sagges
1 Sagges collected $20.12 from pot
1 Sagges: doesn't show hand 
*** SUMMARY ***
Total pot $21.46 | Rake $1.34 
Board [8s 9d 5s 3h]
Seat 1: uuzka folded before Flop (didn't bet)
Seat 2: 1 Sagges (button) collected ($20.12)
Seat 3: poker_soul11 (small blind) folded on the Turn
Seat 4: blistein (big blind) folded before Flop
Seat 5: shave_mustache folded before Flop (didn't bet)
Seat 6: Consig|iori folded before Flop (didn't bet)



PokerStars Hand #254225985003:  Hold'em No Limit ($0.50/$1.00 USD) - 2025/01/06 11:24:33 WET [2025/01/06 6:24:33 ET]
Table 'Vincentina II' 6-max Seat #3 is the button
Seat 1: uuzka ($121.78 in chips) 
Seat 2: 1 Sagges ($70.79 in chips) 
Seat 3: poker_soul11 ($100 in chips) 
Seat 4: blistein ($131.64 in chips) 
Seat 5: shave_mustache ($100 in chips) 
Seat 6: Consig|iori ($100 in chips) 
blistein: posts small blind $0.50
shave_mustache: posts big blind $1
*** HOLE CARDS ***
Consig|iori: folds 
uuzka: folds 
1 Sagges: folds 
poker_soul11: raises $1.20 to $2.20
blistein: folds 
shave_mustache: folds 
Uncalled bet ($1.20) returned to poker_soul11
poker_soul11 collected $2.50 from pot
poker_soul11: doesn't show hand 
*** SUMMARY ***
Total pot $2.50 | Rake $0 
Seat 1: uuzka folded before Flop (didn't bet)
Seat 2: 1 Sagges folded before Flop (didn't bet)
Seat 3: poker_soul11 (button) collected ($2.50)
Seat 4: blistein (small blind) folded before Flop
Seat 5: shave_mustache (big blind) folded before Flop
Seat 6: Consig|iori folded before Flop (didn't bet)



PokerStars Hand #254225987804:  Hold'em No Limit ($0.50/$1.00 USD) - 2025/01/06 11:24:54 WET [2025/01/06 6:24:54 ET]
Table 'Vincentina II' 6-max Seat #4 is the button
Seat 6: Consig|iori ($100 in chips) is sitting out
Seat 1: uuzka ($121.78 in chips) 
Seat 2: 1 Sagges ($70.79 in chips) 
Seat 3: poker_soul11 ($101.50 in chips) 
Seat 4: blistein ($131.14 in chips) 
Seat 5: shave_mustache ($100 in chips) 
shave_mustache: posts small blind $0.50
Consig|iori: is sitting out 
uuzka: posts big blind $1
*** HOLE CARDS ***
1 Sagges: folds 
poker_soul11: folds 
Consig|iori leaves the table
blistein: raises $1.50 to $2.50
shave_mustache: folds 
uuzka: folds 
Uncalled bet ($1.50) returned to blistein
blistein collected $2.50 from pot
blistein: doesn't show hand 
*** SUMMARY ***
Total pot $2.50 | Rake $0 
Seat 6: Consig|iori
Seat 1: uuzka (big blind) folded before Flop
Seat 2: 1 Sagges folded before Flop (didn't bet)
Seat 3: poker_soul11 folded before Flop (didn't bet)
Seat 4: blistein (button) collected ($2.50)
Seat 5: shave_mustache (small blind) folded before Flop



PokerStars Hand #254225990808:  Hold'em No Limit ($0.50/$1.00 USD) - 2025/01/06 11:25:17 WET [2025/01/06 6:25:17 ET]
Table 'Vincentina II' 6-max Seat #5 is the button
Seat 1: uuzka ($120.78 in chips) 
Seat 2: 1 Sagges ($70.79 in chips) 
Seat 3: poker_soul11 ($101.50 in chips) 
Seat 4: blistein ($132.64 in chips) 
Seat 5: shave_mustache ($100 in chips) 
uuzka: posts small blind $0.50
1 Sagges: posts big blind $1
*** HOLE CARDS ***
poker_soul11: folds 
blistein: folds 
magzi777 joins the table at seat #6 
shave_mustache: folds 
uuzka: folds 
Uncalled bet ($0.50) returned to 1 Sagges
1 Sagges collected $1 from pot
1 Sagges: doesn't show hand 
*** SUMMARY ***
Total pot $1 | Rake $0 
Seat 1: uuzka (small blind) folded before Flop
Seat 2: 1 Sagges (big blind) collected ($1)
Seat 3: poker_soul11 folded before Flop (didn't bet)
Seat 4: blistein folded before Flop (didn't bet)
Seat 5: shave_mustache (button) folded before Flop (didn't bet)



PokerStars Hand #254225993770:  Hold'em No Limit ($0.50/$1.00 USD) - 2025/01/06 11:25:39 WET [2025/01/06 6:25:39 ET]
Table 'Vincentina II' 6-max Seat #1 is the button
Seat 6: magzi777 ($100 in chips) is sitting out
Seat 1: uuzka ($120.28 in chips) 
Seat 2: 1 Sagges ($71.29 in chips) 
Seat 3: poker_soul11 ($101.50 in chips) 
Seat 4: blistein ($132.64 in chips) 
Seat 5: shave_mustache ($100 in chips) 
1 Sagges: posts small blind $0.50
poker_soul11: posts big blind $1
magzi777: sits out 
*** HOLE CARDS ***
blistein: raises $1.20 to $2.20
shave_mustache: folds 
uuzka: folds 
1 Sagges: calls $1.70
poker_soul11: folds 
*** FLOP *** [As 2s 5s]
1 Sagges: checks 
blistein: bets $1.74
1 Sagges: calls $1.74
*** TURN *** [As 2s 5s] [Kd]
1 Sagges: checks 
blistein: bets $11.50
1 Sagges: folds 
Uncalled bet ($11.50) returned to blistein
blistein collected $8.44 from pot
blistein: doesn't show hand 
*** SUMMARY ***
Total pot $8.88 | Rake $0.44 
Board [As 2s 5s Kd]
Seat 6: magzi777
Seat 1: uuzka (button) folded before Flop (didn't bet)
Seat 2: 1 Sagges (small blind) folded on the Turn
Seat 3: poker_soul11 (big blind) folded before Flop
Seat 4: blistein collected ($8.44)
Seat 5: shave_mustache folded before Flop (didn't bet)



PokerStars Hand #254226001798:  Hold'em No Limit ($0.50/$1.00 USD) - 2025/01/06 11:26:39 WET [2025/01/06 6:26:39 ET]
Table 'Vincentina II' 6-max Seat #2 is the button
Seat 6: magzi777 ($100 in chips) is sitting out
Seat 1: uuzka ($120.28 in chips) 
Seat 2: 1 Sagges ($67.35 in chips) 
Seat 3: poker_soul11 ($100.50 in chips) 
Seat 4: blistein ($137.14 in chips) 
Seat 5: shave_mustache ($100 in chips) 
poker_soul11: posts small blind $0.50
blistein: posts big blind $1
magzi777: sits out 
*** HOLE CARDS ***
shave_mustache: folds 
uuzka: raises $1.50 to $2.50
1 Sagges: folds 
poker_soul11: folds 
blistein: folds 
Uncalled bet ($1.50) returned to uuzka
uuzka collected $2.50 from pot
uuzka: doesn't show hand 
*** SUMMARY ***
Total pot $2.50 | Rake $0 
Seat 6: magzi777
Seat 1: uuzka collected ($2.50)
Seat 2: 1 Sagges (button) folded before Flop (didn't bet)
Seat 3: poker_soul11 (small blind) folded before Flop
Seat 4: blistein (big blind) folded before Flop
Seat 5: shave_mustache folded before Flop (didn't bet)



PokerStars Hand #254226003927:  Hold'em No Limit ($0.50/$1.00 USD) - 2025/01/06 11:26:55 WET [2025/01/06 6:26:55 ET]
Table 'Vincentina II' 6-max Seat #3 is the button
Seat 6: magzi777 ($100 in chips) is sitting out
Seat 1: uuzka ($121.78 in chips) 
Seat 2: 1 Sagges ($67.35 in chips) 
Seat 3: poker_soul11 ($100 in chips) 
Seat 4: blistein ($136.14 in chips) 
Seat 5: shave_mustache ($100 in chips) 
blistein: posts small blind $0.50
shave_mustache: posts big blind $1
magzi777: sits out 
*** HOLE CARDS ***
uuzka: folds 
1 Sagges: calls $1
poker_soul11: folds 
blistein: folds 
shave_mustache: raises $3 to $4
1 Sagges: calls $3
*** FLOP *** [3s Kd Jc]
shave_mustache: checks 
1 Sagges: checks 
*** TURN *** [3s Kd Jc] [9h]
shave_mustache: checks 
1 Sagges: checks 
*** RIVER *** [3s Kd Jc 9h] [5s]
shave_mustache: checks 
1 Sagges: checks 
*** SHOW DOWN ***
shave_mustache: shows [7d Ad] (high card Ace)
1 Sagges: shows [Ts 9d] (a pair of Nines)
1 Sagges collected $7.98 from pot
*** SUMMARY ***
Total pot $8.50 | Rake $0.52 
Board [3s Kd Jc 9h 5s]
Seat 6: magzi777
Seat 1: uuzka folded before Flop (didn't bet)
Seat 2: 1 Sagges showed [Ts 9d] and won ($7.98) with a pair of Nines
Seat 3: poker_soul11 (button) folded before Flop (didn't bet)
Seat 4: blistein (small blind) folded before Flop
Seat 5: shave_mustache (big blind) showed [7d Ad] and lost with high card Ace



PokerStars Hand #254226010547:  Hold'em No Limit ($0.50/$1.00 USD) - 2025/01/06 11:27:44 WET [2025/01/06 6:27:44 ET]
Table 'Vincentina II' 6-max Seat #4 is the button
Seat 1: uuzka ($121.78 in chips) 
Seat 2: 1 Sagges ($71.33 in chips) 
Seat 3: poker_soul11 ($100 in chips) 
Seat 4: blistein ($135.64 in chips) 
Seat 5: shave_mustache ($100 in chips) 
Seat 6: magzi777 ($100 in chips) 
shave_mustache: posts small blind $0.50
magzi777: posts big blind $1
*** HOLE CARDS ***
uuzka: folds 
1 Sagges: folds 
uuzka leaves the table
poker_soul11: folds 
blistein: folds 
shave_mustache: raises $2 to $3
magzi777: folds 
Uncalled bet ($2) returned to shave_mustache
shave_mustache collected $2 from pot
shave_mustache: doesn't show hand 
*** SUMMARY ***
Total pot $2 | Rake $0 
Seat 1: uuzka folded before Flop (didn't bet)
Seat 2: 1 Sagges folded before Flop (didn't bet)
Seat 3: poker_soul11 folded before Flop (didn't bet)
Seat 4: blistein (button) folded before Flop (didn't bet)
Seat 5: shave_mustache (small blind) collected ($2)
Seat 6: magzi777 (big blind) folded before Flop



PokerStars Hand #254226013414:  Hold'em No Limit ($0.50/$1.00 USD) - 2025/01/06 11:28:05 WET [2025/01/06 6:28:05 ET]
Table 'Vincentina II' 6-max Seat #5 is the button
Seat 2: 1 Sagges ($71.33 in chips) 
Seat 3: poker_soul11 ($100 in chips) 
Seat 4: blistein ($135.64 in chips) 
Seat 5: shave_mustache ($101 in chips) 
Seat 6: magzi777 ($100 in chips) 
magzi777: posts small blind $0.50
1 Sagges: posts big blind $1
*** HOLE CARDS ***
Mr_Dick666 joins the table at seat #1 
poker_soul11: folds 
blistein: folds 
shave_mustache: folds 
magzi777: folds 
Uncalled bet ($0.50) returned to 1 Sagges
1 Sagges collected $1 from pot
1 Sagges: doesn't show hand 
*** SUMMARY ***
Total pot $1 | Rake $0 
Seat 2: 1 Sagges (big blind) collected ($1)
Seat 3: poker_soul11 folded before Flop (didn't bet)
Seat 4: blistein folded before Flop (didn't bet)
Seat 5: shave_mustache (button) folded before Flop (didn't bet)
Seat 6: magzi777 (small blind) folded before Flop



PokerStars Hand #254226086430:  Hold'em No Limit ($0.50/$1.00 USD) - 2025/01/06 11:36:49 WET [2025/01/06 6:36:49 ET]
Table 'Vincentina II' 6-max Seat #6 is the button
Seat 1: Mr_Dick666 ($108.42 in chips) 
Seat 2: 1 Sagges ($54.96 in chips) 
Seat 3: poker_soul11 ($102.50 in chips) 
Seat 4: blistein ($135.80 in chips) 
Seat 5: shave_mustache ($113.51 in chips) 
Seat 6: magzi777 ($101.70 in chips) 
Mr_Dick666: posts small blind $0.50
1 Sagges: posts big blind $1
*** HOLE CARDS ***
poker_soul11: folds 
blistein: raises $1.20 to $2.20
shave_mustache: folds 
magzi777: folds 
Mr_Dick666: folds 
1 Sagges: folds 
Uncalled bet ($1.20) returned to blistein
blistein collected $2.50 from pot
blistein: doesn't show hand 
*** SUMMARY ***
Total pot $2.50 | Rake $0 
Seat 1: Mr_Dick666 (small blind) folded before Flop
Seat 2: 1 Sagges (big blind) folded before Flop
Seat 3: poker_soul11 folded before Flop (didn't bet)
Seat 4: blistein collected ($2.50)
Seat 5: shave_mustache folded before Flop (didn't bet)
Seat 6: magzi777 (button) folded before Flop (didn't bet)



PokerStars Hand #254226089172:  Hold'em No Limit ($0.50/$1.00 USD) - 2025/01/06 11:37:08 WET [2025/01/06 6:37:08 ET]
Table 'Vincentina II' 6-max Seat #1 is the button
Seat 1: Mr_Dick666 ($107.92 in chips) 
Seat 2: 1 Sagges ($53.96 in chips) 
Seat 3: poker_soul11 ($102.50 in chips) 
Seat 4: blistein ($137.30 in chips) 
Seat 5: shave_mustache ($113.51 in chips) 
Seat 6: magzi777 ($101.70 in chips) 
1 Sagges: posts small blind $0.50
poker_soul11: posts big blind $1
*** HOLE CARDS ***
blistein: folds 
shave_mustache: folds 
magzi777: folds 
Mr_Dick666: folds 
1 Sagges: folds 
Uncalled bet ($0.50) returned to poker_soul11
poker_soul11 collected $1 from pot
poker_soul11: doesn't show hand 
*** SUMMARY ***
Total pot $1 | Rake $0 
Seat 1: Mr_Dick666 (button) folded before Flop (didn't bet)
Seat 2: 1 Sagges (small blind) folded before Flop
Seat 3: poker_soul11 (big blind) collected ($1)
Seat 4: blistein folded before Flop (didn't bet)
Seat 5: shave_mustache folded before Flop (didn't bet)
Seat 6: magzi777 folded before Flop (didn't bet)



PokerStars Hand #254226090904:  Hold'em No Limit ($0.50/$1.00 USD) - 2025/01/06 11:37:20 WET [2025/01/06 6:37:20 ET]
Table 'Vincentina II' 6-max Seat #2 is the button
Seat 1: Mr_Dick666 ($107.92 in chips) 
Seat 2: 1 Sagges ($53.46 in chips) 
Seat 3: poker_soul11 ($103 in chips) 
Seat 4: blistein ($137.30 in chips) 
Seat 5: shave_mustache ($113.51 in chips) 
Seat 6: magzi777 ($101.70 in chips) 
poker_soul11: posts small blind $0.50
blistein: posts big blind $1
*** HOLE CARDS ***
shave_mustache: raises $1.50 to $2.50
magzi777: folds 
Mr_Dick666: folds 
1 Sagges: folds 
poker_soul11: folds 
blistein: folds 
Uncalled bet ($1.50) returned to shave_mustache
shave_mustache collected $2.50 from pot
shave_mustache: doesn't show hand 
*** SUMMARY ***
Total pot $2.50 | Rake $0 
Seat 1: Mr_Dick666 folded before Flop (didn't bet)
Seat 2: 1 Sagges (button) folded before Flop (didn't bet)
Seat 3: poker_soul11 (small blind) folded before Flop
Seat 4: blistein (big blind) folded before Flop
Seat 5: shave_mustache collected ($2.50)
Seat 6: magzi777 folded before Flop (didn't bet)



PokerStars Hand #254226094310:  Hold'em No Limit ($0.50/$1.00 USD) - 2025/01/06 11:37:43 WET [2025/01/06 6:37:43 ET]
Table 'Vincentina II' 6-max Seat #3 is the button
Seat 1: Mr_Dick666 ($107.92 in chips) 
Seat 2: 1 Sagges ($53.46 in chips) 
Seat 3: poker_soul11 ($102.50 in chips) 
Seat 4: blistein ($136.30 in chips) 
Seat 5: shave_mustache ($115.01 in chips) 
Seat 6: magzi777 ($101.70 in chips) 
blistein: posts small blind $0.50
shave_mustache: posts big blind $1
*** HOLE CARDS ***
magzi777: raises $1.50 to $2.50
Mr_Dick666: folds 
1 Sagges: folds 
poker_soul11: folds 
blistein: folds 
shave_mustache: folds 
Uncalled bet ($1.50) returned to magzi777
magzi777 collected $2.50 from pot
*** SUMMARY ***
Total pot $2.50 | Rake $0 
Seat 1: Mr_Dick666 folded before Flop (didn't bet)
Seat 2: 1 Sagges folded before Flop (didn't bet)
Seat 3: poker_soul11 (button) folded before Flop (didn't bet)
Seat 4: blistein (small blind) folded before Flop
Seat 5: shave_mustache (big blind) folded before Flop
Seat 6: magzi777 collected ($2.50)



PokerStars Hand #254226096457:  Hold'em No Limit ($0.50/$1.00 USD) - 2025/01/06 11:37:58 WET [2025/01/06 6:37:58 ET]
Table 'Vincentina II' 6-max Seat #4 is the button
Seat 1: Mr_Dick666 ($107.92 in chips) 
Seat 2: 1 Sagges ($53.46 in chips) 
Seat 3: poker_soul11 ($102.50 in chips) 
Seat 4: blistein ($135.80 in chips) 
Seat 5: shave_mustache ($114.01 in chips) 
Seat 6: magzi777 ($103.20 in chips) 
shave_mustache: posts small blind $0.50
magzi777: posts big blind $1
*** HOLE CARDS ***
Mr_Dick666: raises $1 to $2
1 Sagges: folds 
poker_soul11: folds 
blistein: folds 
shave_mustache: folds 
magzi777: folds 
Uncalled bet ($1) returned to Mr_Dick666
Mr_Dick666 collected $2.50 from pot
Mr_Dick666: doesn't show hand 
*** SUMMARY ***
Total pot $2.50 | Rake $0 
Seat 1: Mr_Dick666 collected ($2.50)
Seat 2: 1 Sagges folded before Flop (didn't bet)
Seat 3: poker_soul11 folded before Flop (didn't bet)
Seat 4: blistein (button) folded before Flop (didn't bet)
Seat 5: shave_mustache (small blind) folded before Flop
Seat 6: magzi777 (big blind) folded before Flop



PokerStars Hand #254226098267:  Hold'em No Limit ($0.50/$1.00 USD) - 2025/01/06 11:38:11 WET [2025/01/06 6:38:11 ET]
Table 'Vincentina II' 6-max Seat #5 is the button
Seat 1: Mr_Dick666 ($109.42 in chips) 
Seat 2: 1 Sagges ($53.46 in chips) 
Seat 3: poker_soul11 ($102.50 in chips) 
Seat 4: blistein ($135.80 in chips) 
Seat 5: shave_mustache ($113.51 in chips) 
Seat 6: magzi777 ($102.20 in chips) 
magzi777: posts small blind $0.50
Mr_Dick666: posts big blind $1
*** HOLE CARDS ***
1 Sagges: folds 
poker_soul11: folds 
blistein: folds 
shave_mustache: raises $1.50 to $2.50
magzi777: folds 
Mr_Dick666: calls $1.50
*** FLOP *** [Kd Qc 9d]
Mr_Dick666: checks 
shave_mustache: checks 
*** TURN *** [Kd Qc 9d] [5d]
Mr_Dick666: bets $3.92
shave_mustache: folds 
Uncalled bet ($3.92) returned to Mr_Dick666
Mr_Dick666 collected $5.22 from pot
Mr_Dick666: doesn't show hand 
*** SUMMARY ***
Total pot $5.50 | Rake $0.28 
Board [Kd Qc 9d 5d]
Seat 1: Mr_Dick666 (big blind) collected ($5.22)
Seat 2: 1 Sagges folded before Flop (didn't bet)
Seat 3: poker_soul11 folded before Flop (didn't bet)
Seat 4: blistein folded before Flop (didn't bet)
Seat 5: shave_mustache (button) folded on the Turn
Seat 6: magzi777 (small blind) folded before Flop



PokerStars Hand #254226104377:  Hold'em No Limit ($0.50/$1.00 USD) - 2025/01/06 11:38:53 WET [2025/01/06 6:38:53 ET]
Table 'Vincentina II' 6-max Seat #6 is the button
Seat 1: Mr_Dick666 ($112.14 in chips) 
Seat 2: 1 Sagges ($53.46 in chips) 
Seat 3: poker_soul11 ($102.50 in chips) 
Seat 4: blistein ($135.80 in chips) 
Seat 5: shave_mustache ($111.01 in chips) 
Seat 6: magzi777 ($101.70 in chips) 
Mr_Dick666: posts small blind $0.50
1 Sagges: posts big blind $1
*** HOLE CARDS ***
poker_soul11: folds 
blistein: folds 
shave_mustache: folds 
magzi777: folds 
Mr_Dick666: raises $2 to $3
1 Sagges: calls $2
*** FLOP *** [8s 5h 7d]
Mr_Dick666: checks 
1 Sagges: bets $1
Mr_Dick666: calls $1
*** TURN *** [8s 5h 7d] [Td]
Mr_Dick666: checks 
1 Sagges: checks 
*** RIVER *** [8s 5h 7d Td] [Tc]
Mr_Dick666: bets $2.51
1 Sagges: calls $2.51
*** SHOW DOWN ***
Mr_Dick666: shows [7s Qs] (two pair, Tens and Sevens)
1 Sagges: shows [Ad 7c] (two pair, Tens and Sevens - Ace kicker)
1 Sagges collected $12.21 from pot
*** SUMMARY ***
Total pot $13.02 | Rake $0.81 
Board [8s 5h 7d Td Tc]
Seat 1: Mr_Dick666 (small blind) showed [7s Qs] and lost with two pair, Tens and Sevens
Seat 2: 1 Sagges (big blind) showed [Ad 7c] and won ($12.21) with two pair, Tens and Sevens
Seat 3: poker_soul11 folded before Flop (didn't bet)
Seat 4: blistein folded before Flop (didn't bet)
Seat 5: shave_mustache folded before Flop (didn't bet)
Seat 6: magzi777 (button) folded before Flop (didn't bet)



PokerStars Hand #254226113024:  Hold'em No Limit ($0.50/$1.00 USD) - 2025/01/06 11:39:53 WET [2025/01/06 6:39:53 ET]
Table 'Vincentina II' 6-max Seat #1 is the button
Seat 1: Mr_Dick666 ($105.63 in chips) 
Seat 2: 1 Sagges ($59.16 in chips) 
Seat 3: poker_soul11 ($102.50 in chips) 
Seat 4: blistein ($135.80 in chips) 
Seat 5: shave_mustache ($111.01 in chips) 
Seat 6: magzi777 ($101.70 in chips) 
1 Sagges: posts small blind $0.50
poker_soul11: posts big blind $1
*** HOLE CARDS ***
blistein: folds 
shave_mustache: folds 
magzi777: raises $1.50 to $2.50
Mr_Dick666: folds 
1 Sagges: calls $2
poker_soul11: folds 
*** FLOP *** [Qc 5s Qs]
1 Sagges: checks 
magzi777: bets $1
1 Sagges: calls $1
*** TURN *** [Qc 5s Qs] [9d]
1 Sagges: checks 
magzi777: checks 
*** RIVER *** [Qc 5s Qs 9d] [Th]
1 Sagges: checks 
magzi777: checks 
*** SHOW DOWN ***
1 Sagges: shows [Ac Ks] (a pair of Queens)
magzi777: mucks hand 
1 Sagges collected $7.50 from pot
*** SUMMARY ***
Total pot $8 | Rake $0.50 
Board [Qc 5s Qs 9d Th]
Seat 1: Mr_Dick666 (button) folded before Flop (didn't bet)
Seat 2: 1 Sagges (small blind) showed [Ac Ks] and won ($7.50) with a pair of Queens
Seat 3: poker_soul11 (big blind) folded before Flop
Seat 4: blistein folded before Flop (didn't bet)
Seat 5: shave_mustache folded before Flop (didn't bet)
Seat 6: magzi777 mucked



PokerStars Hand #254226121353:  Hold'em No Limit ($0.50/$1.00 USD) - 2025/01/06 11:40:51 WET [2025/01/06 6:40:51 ET]
Table 'Vincentina II' 6-max Seat #2 is the button
Seat 1: Mr_Dick666 ($105.63 in chips) 
Seat 2: 1 Sagges ($63.16 in chips) 
Seat 3: poker_soul11 ($101.50 in chips) 
Seat 4: blistein ($135.80 in chips) 
Seat 5: shave_mustache ($111.01 in chips) 
Seat 6: magzi777 ($100 in chips) 
poker_soul11: posts small blind $0.50
blistein: posts big blind $1
*** HOLE CARDS ***
shave_mustache: folds 
magzi777: raises $1.50 to $2.50
Mr_Dick666: raises $5.50 to $8
1 Sagges: folds 
poker_soul11: folds 
blistein: folds 
magzi777: folds 
Uncalled bet ($5.50) returned to Mr_Dick666
Mr_Dick666 collected $6.50 from pot
Mr_Dick666: doesn't show hand 
*** SUMMARY ***
Total pot $6.50 | Rake $0 
Seat 1: Mr_Dick666 collected ($6.50)
Seat 2: 1 Sagges (button) folded before Flop (didn't bet)
Seat 3: poker_soul11 (small blind) folded before Flop
Seat 4: blistein (big blind) folded before Flop
Seat 5: shave_mustache folded before Flop (didn't bet)
Seat 6: magzi777 folded before Flop



PokerStars Hand #254226126906:  Hold'em No Limit ($0.50/$1.00 USD) - 2025/01/06 11:41:29 WET [2025/01/06 6:41:29 ET]
Table 'Vincentina II' 6-max Seat #3 is the button
Seat 1: Mr_Dick666 ($109.63 in chips) 
Seat 2: 1 Sagges ($63.16 in chips) 
Seat 3: poker_soul11 ($101 in chips) 
Seat 4: blistein ($134.80 in chips) 
Seat 5: shave_mustache ($111.01 in chips) 
Seat 6: magzi777 ($100 in chips) 
blistein: posts small blind $0.50
shave_mustache: posts big blind $1
*** HOLE CARDS ***
magzi777: folds 
Mr_Dick666: folds 
1 Sagges: folds 
poker_soul11: folds 
blistein: folds 
Uncalled bet ($0.50) returned to shave_mustache
shave_mustache collected $1 from pot
shave_mustache: doesn't show hand 
*** SUMMARY ***
Total pot $1 | Rake $0 
Seat 1: Mr_Dick666 folded before Flop (didn't bet)
Seat 2: 1 Sagges folded before Flop (didn't bet)
Seat 3: poker_soul11 (button) folded before Flop (didn't bet)
Seat 4: blistein (small blind) folded before Flop
Seat 5: shave_mustache (big blind) collected ($1)
Seat 6: magzi777 folded before Flop (didn't bet)



PokerStars Hand #254226130063:  Hold'em No Limit ($0.50/$1.00 USD) - 2025/01/06 11:41:52 WET [2025/01/06 6:41:52 ET]
Table 'Vincentina II' 6-max Seat #4 is the button
Seat 1: Mr_Dick666 ($109.63 in chips) 
Seat 2: 1 Sagges ($63.16 in chips) 
Seat 3: poker_soul11 ($101 in chips) 
Seat 4: blistein ($134.30 in chips) 
Seat 5: shave_mustache ($111.51 in chips) 
Seat 6: magzi777 ($100 in chips) 
shave_mustache: posts small blind $0.50
magzi777: posts big blind $1
*** HOLE CARDS ***
Mr_Dick666: folds 
1 Sagges: folds 
poker_soul11: folds 
blistein: folds 
shave_mustache: raises $2 to $3
magzi777: calls $2
*** FLOP *** [Jd 8h 2d]
shave_mustache: bets $1.88
magzi777: calls $1.88
*** TURN *** [Jd 8h 2d] [3d]
shave_mustache: checks 
magzi777: checks 
*** RIVER *** [Jd 8h 2d 3d] [Kh]
shave_mustache: checks 
magzi777: checks 
*** SHOW DOWN ***
shave_mustache: shows [5h 3h] (a pair of Threes)
magzi777: shows [Th Jc] (a pair of Jacks)
magzi777 collected $9.27 from pot
*** SUMMARY ***
Total pot $9.76 | Rake $0.49 
Board [Jd 8h 2d 3d Kh]
Seat 1: Mr_Dick666 folded before Flop (didn't bet)
Seat 2: 1 Sagges folded before Flop (didn't bet)
Seat 3: poker_soul11 folded before Flop (didn't bet)
Seat 4: blistein (button) folded before Flop (didn't bet)
Seat 5: shave_mustache (small blind) showed [5h 3h] and lost with a pair of Threes
Seat 6: magzi777 (big blind) showed [Th Jc] and won ($9.27) with a pair of Jacks



PokerStars Hand #254226140160:  Hold'em No Limit ($0.50/$1.00 USD) - 2025/01/06 11:43:02 WET [2025/01/06 6:43:02 ET]
Table 'Vincentina II' 6-max Seat #5 is the button
Seat 1: Mr_Dick666 ($109.63 in chips) 
Seat 2: 1 Sagges ($63.16 in chips) 
Seat 3: poker_soul11 ($101 in chips) 
Seat 4: blistein ($134.30 in chips) 
Seat 5: shave_mustache ($106.63 in chips) 
Seat 6: magzi777 ($104.39 in chips) 
magzi777: posts small blind $0.50
Mr_Dick666: posts big blind $1
*** HOLE CARDS ***
1 Sagges has timed out
1 Sagges: folds 
poker_soul11: folds 
blistein: folds 
shave_mustache: folds 
magzi777: raises $2 to $3
Mr_Dick666: folds 
Uncalled bet ($2) returned to magzi777
magzi777 collected $2 from pot
*** SUMMARY ***
Total pot $2 | Rake $0 
Seat 1: Mr_Dick666 (big blind) folded before Flop
Seat 2: 1 Sagges folded before Flop (didn't bet)
Seat 3: poker_soul11 folded before Flop (didn't bet)
Seat 4: blistein folded before Flop (didn't bet)
Seat 5: shave_mustache (button) folded before Flop (didn't bet)
Seat 6: magzi777 (small blind) collected ($2)



PokerStars Hand #254226143384:  Hold'em No Limit ($0.50/$1.00 USD) - 2025/01/06 11:43:24 WET [2025/01/06 6:43:24 ET]
Table 'Vincentina II' 6-max Seat #6 is the button
Seat 2: 1 Sagges ($63.16 in chips) is sitting out
Seat 1: Mr_Dick666 ($108.63 in chips) 
Seat 3: poker_soul11 ($101 in chips) 
Seat 4: blistein ($134.30 in chips) 
Seat 5: shave_mustache ($106.63 in chips) 
Seat 6: magzi777 ($105.39 in chips) 
Mr_Dick666: posts small blind $0.50
poker_soul11: posts big blind $1
*** HOLE CARDS ***
blistein: folds 
shave_mustache: folds 
magzi777: folds 
Mr_Dick666: raises $2 to $3
poker_soul11: calls $2
*** FLOP *** [5c Jh 8h]
Mr_Dick666: checks 
poker_soul11: checks 
*** TURN *** [5c Jh 8h] [6s]
Mr_Dick666: checks 
poker_soul11: bets $4.28
Mr_Dick666: folds 
Uncalled bet ($4.28) returned to poker_soul11
poker_soul11 collected $5.70 from pot
poker_soul11: doesn't show hand 
*** SUMMARY ***
Total pot $6 | Rake $0.30 
Board [5c Jh 8h 6s]
Seat 2: 1 Sagges
Seat 1: Mr_Dick666 (small blind) folded on the Turn
Seat 3: poker_soul11 (big blind) collected ($5.70)
Seat 4: blistein folded before Flop (didn't bet)
Seat 5: shave_mustache folded before Flop (didn't bet)
Seat 6: magzi777 (button) folded before Flop (didn't bet)



PokerStars Hand #254226151857:  Hold'em No Limit ($0.50/$1.00 USD) - 2025/01/06 11:44:23 WET [2025/01/06 6:44:23 ET]
Table 'Vincentina II' 6-max Seat #1 is the button
Seat 2: 1 Sagges ($63.16 in chips) is sitting out
Seat 1: Mr_Dick666 ($105.63 in chips) 
Seat 3: poker_soul11 ($103.70 in chips) 
Seat 4: blistein ($134.30 in chips) 
Seat 5: shave_mustache ($106.63 in chips) 
Seat 6: magzi777 ($105.39 in chips) 
poker_soul11: posts small blind $0.50
blistein: posts big blind $1
*** HOLE CARDS ***
shave_mustache: folds 
magzi777: folds 
Mr_Dick666: folds 
poker_soul11: folds 
Uncalled bet ($0.50) returned to blistein
blistein collected $1 from pot
blistein: doesn't show hand 
*** SUMMARY ***
Total pot $1 | Rake $0 
Seat 2: 1 Sagges
Seat 1: Mr_Dick666 (button) folded before Flop (didn't bet)
Seat 3: poker_soul11 (small blind) folded before Flop
Seat 4: blistein (big blind) collected ($1)
Seat 5: shave_mustache folded before Flop (didn't bet)
Seat 6: magzi777 folded before Flop (didn't bet)



PokerStars Hand #254226153541:  Hold'em No Limit ($0.50/$1.00 USD) - 2025/01/06 11:44:35 WET [2025/01/06 6:44:35 ET]
Table 'Vincentina II' 6-max Seat #3 is the button
Seat 2: 1 Sagges ($63.16 in chips) is sitting out
Seat 1: Mr_Dick666 ($105.63 in chips) 
Seat 3: poker_soul11 ($103.20 in chips) 
Seat 4: blistein ($134.80 in chips) 
Seat 5: shave_mustache ($106.63 in chips) 
Seat 6: magzi777 ($105.39 in chips) 
blistein: posts small blind $0.50
shave_mustache: posts big blind $1
*** HOLE CARDS ***
magzi777: folds 
Mr_Dick666: raises $1.50 to $2.50
poker_soul11: folds 
blistein: folds 
shave_mustache: folds 
Uncalled bet ($1.50) returned to Mr_Dick666
Mr_Dick666 collected $2.50 from pot
Mr_Dick666: doesn't show hand 
*** SUMMARY ***
Total pot $2.50 | Rake $0 
Seat 2: 1 Sagges
Seat 1: Mr_Dick666 collected ($2.50)
Seat 3: poker_soul11 (button) folded before Flop (didn't bet)
Seat 4: blistein (small blind) folded before Flop
Seat 5: shave_mustache (big blind) folded before Flop
Seat 6: magzi777 folded before Flop (didn't bet)



PokerStars Hand #254226155621:  Hold'em No Limit ($0.50/$1.00 USD) - 2025/01/06 11:44:48 WET [2025/01/06 6:44:48 ET]
Table 'Vincentina II' 6-max Seat #4 is the button
Seat 2: 1 Sagges ($63.16 in chips) is sitting out
Seat 1: Mr_Dick666 ($107.13 in chips) 
Seat 3: poker_soul11 ($103.20 in chips) 
Seat 4: blistein ($134.30 in chips) 
Seat 5: shave_mustache ($105.63 in chips) 
Seat 6: magzi777 ($105.39 in chips) 
shave_mustache: posts small blind $0.50
magzi777: posts big blind $1
*** HOLE CARDS ***
Mr_Dick666: folds 
poker_soul11: folds 
blistein: folds 
shave_mustache: folds 
Uncalled bet ($0.50) returned to magzi777
magzi777 collected $1 from pot
*** SUMMARY ***
Total pot $1 | Rake $0 
Seat 2: 1 Sagges
Seat 1: Mr_Dick666 folded before Flop (didn't bet)
Seat 3: poker_soul11 folded before Flop (didn't bet)
Seat 4: blistein (button) folded before Flop (didn't bet)
Seat 5: shave_mustache (small blind) folded before Flop
Seat 6: magzi777 (big blind) collected ($1)



PokerStars Hand #254226157837:  Hold'em No Limit ($0.50/$1.00 USD) - 2025/01/06 11:45:04 WET [2025/01/06 6:45:04 ET]
Table 'Vincentina II' 6-max Seat #5 is the button
Seat 1: Mr_Dick666 ($107.13 in chips) is sitting out
Seat 2: 1 Sagges ($63.16 in chips) is sitting out
Seat 3: poker_soul11 ($103.20 in chips) 
Seat 4: blistein ($134.30 in chips) 
Seat 5: shave_mustache ($105.13 in chips) 
Seat 6: magzi777 ($105.89 in chips) 
magzi777: posts small blind $0.50
Mr_Dick666: is sitting out 
poker_soul11: posts big blind $1
*** HOLE CARDS ***
blistein: folds 
Mr_Dick666 leaves the table
ru_ruu_ru joins the table at seat #1 
shave_mustache: folds 
magzi777: folds 
Uncalled bet ($0.50) returned to poker_soul11
poker_soul11 collected $1 from pot
poker_soul11: doesn't show hand 
*** SUMMARY ***
Total pot $1 | Rake $0 
Seat 1: Mr_Dick666
Seat 2: 1 Sagges
Seat 3: poker_soul11 (big blind) collected ($1)
Seat 4: blistein folded before Flop (didn't bet)
Seat 5: shave_mustache (button) folded before Flop (didn't bet)
Seat 6: magzi777 (small blind) folded before Flop



PokerStars Hand #254226159841:  Hold'em No Limit ($0.50/$1.00 USD) - 2025/01/06 11:45:17 WET [2025/01/06 6:45:17 ET]
Table 'Vincentina II' 6-max Seat #6 is the button
Seat 1: ru_ruu_ru ($100 in chips) is sitting out
Seat 2: 1 Sagges ($63.16 in chips) is sitting out
Seat 3: poker_soul11 ($103.70 in chips) 
Seat 4: blistein ($134.30 in chips) 
Seat 5: shave_mustache ($105.13 in chips) 
Seat 6: magzi777 ($105.39 in chips) 
poker_soul11: posts small blind $0.50
blistein: posts big blind $1
*** HOLE CARDS ***
shave_mustache has timed out
shave_mustache: folds 
magzi777: folds 
poker_soul11: folds 
Uncalled bet ($0.50) returned to blistein
blistein collected $1 from pot
blistein: doesn't show hand 
*** SUMMARY ***
Total pot $1 | Rake $0 
Seat 1: ru_ruu_ru
Seat 2: 1 Sagges
Seat 3: poker_soul11 (small blind) folded before Flop
Seat 4: blistein (big blind) collected ($1)
Seat 5: shave_mustache folded before Flop (didn't bet)
Seat 6: magzi777 (button) folded before Flop (didn't bet)



PokerStars Hand #254226162711:  Hold'em No Limit ($0.50/$1.00 USD) - 2025/01/06 11:45:37 WET [2025/01/06 6:45:37 ET]
Table 'Vincentina II' 6-max Seat #3 is the button
Seat 1: ru_ruu_ru ($100 in chips) is sitting out
Seat 2: 1 Sagges ($63.16 in chips) 
Seat 3: poker_soul11 ($103.20 in chips) 
Seat 4: blistein ($134.80 in chips) 
Seat 5: shave_mustache ($105.13 in chips) 
Seat 6: magzi777 ($105.39 in chips) 
blistein: posts small blind $0.50
shave_mustache: posts big blind $1
ru_ruu_ru: sits out 
1 Sagges: posts small & big blinds $1.50
*** HOLE CARDS ***
magzi777: folds 
1 Sagges: checks 
poker_soul11: folds 
blistein: folds 
shave_mustache: checks 
*** FLOP *** [5d 7d Qd]
shave_mustache: checks 
1 Sagges: checks 
*** TURN *** [5d 7d Qd] [Ad]
shave_mustache: checks 
1 Sagges: checks 
*** RIVER *** [5d 7d Qd Ad] [4c]
shave_mustache: checks 
1 Sagges: checks 
*** SHOW DOWN ***
shave_mustache: shows [9c Tc] (high card Ace)
1 Sagges: shows [3h 3c] (a pair of Threes)
1 Sagges collected $2.81 from pot
*** SUMMARY ***
Total pot $3 | Rake $0.19 
Board [5d 7d Qd Ad 4c]
Seat 1: ru_ruu_ru
Seat 2: 1 Sagges showed [3h 3c] and won ($2.81) with a pair of Threes
Seat 3: poker_soul11 (button) folded before Flop (didn't bet)
Seat 4: blistein (small blind) folded before Flop
Seat 5: shave_mustache (big blind) showed [9c Tc] and lost with high card Ace
Seat 6: magzi777 folded before Flop (didn't bet)



PokerStars Hand #254226168219:  Hold'em No Limit ($0.50/$1.00 USD) - 2025/01/06 11:46:15 WET [2025/01/06 6:46:15 ET]
Table 'Vincentina II' 6-max Seat #4 is the button
Seat 1: ru_ruu_ru ($100 in chips) is sitting out
Seat 2: 1 Sagges ($64.47 in chips) 
Seat 3: poker_soul11 ($103.20 in chips) 
Seat 4: blistein ($134.30 in chips) 
Seat 5: shave_mustache ($104.13 in chips) 
Seat 6: magzi777 ($105.39 in chips) 
shave_mustache: posts small blind $0.50
magzi777: posts big blind $1
ru_ruu_ru: sits out 
*** HOLE CARDS ***
1 Sagges: folds 
poker_soul11: raises $1.20 to $2.20
ru_ruu_ru leaves the table
blistein: folds 
shave_mustache: folds 
magzi777: folds 
Uncalled bet ($1.20) returned to poker_soul11
poker_soul11 collected $2.50 from pot
poker_soul11: doesn't show hand 
*** SUMMARY ***
Total pot $2.50 | Rake $0 
Seat 1: ru_ruu_ru
Seat 2: 1 Sagges folded before Flop (didn't bet)
Seat 3: poker_soul11 collected ($2.50)
Seat 4: blistein (button) folded before Flop (didn't bet)
Seat 5: shave_mustache (small blind) folded before Flop
Seat 6: magzi777 (big blind) folded before Flop



PokerStars Hand #254226170489:  Hold'em No Limit ($0.50/$1.00 USD) - 2025/01/06 11:46:31 WET [2025/01/06 6:46:31 ET]
Table 'Vincentina II' 6-max Seat #5 is the button
Seat 2: 1 Sagges ($64.47 in chips) 
Seat 3: poker_soul11 ($104.70 in chips) 
Seat 4: blistein ($134.30 in chips) 
Seat 5: shave_mustache ($103.63 in chips) 
Seat 6: magzi777 ($104.39 in chips) 
magzi777: posts small blind $0.50
1 Sagges: posts big blind $1
*** HOLE CARDS ***
poker_soul11: raises $1.20 to $2.20
blistein: folds 
shave_mustache: folds 
magzi777: folds 
1 Sagges: folds 
Uncalled bet ($1.20) returned to poker_soul11
poker_soul11 collected $2.50 from pot
poker_soul11: doesn't show hand 
*** SUMMARY ***
Total pot $2.50 | Rake $0 
Seat 2: 1 Sagges (big blind) folded before Flop
Seat 3: poker_soul11 collected ($2.50)
Seat 4: blistein folded before Flop (didn't bet)
Seat 5: shave_mustache (button) folded before Flop (didn't bet)
Seat 6: magzi777 (small blind) folded before Flop



PokerStars Hand #254226172026:  Hold'em No Limit ($0.50/$1.00 USD) - 2025/01/06 11:46:42 WET [2025/01/06 6:46:42 ET]
Table 'Vincentina II' 6-max Seat #6 is the button
Seat 2: 1 Sagges ($63.47 in chips) 
Seat 3: poker_soul11 ($106.20 in chips) 
Seat 4: blistein ($134.30 in chips) 
Seat 5: shave_mustache ($103.63 in chips) 
Seat 6: magzi777 ($103.89 in chips) 
1 Sagges: posts small blind $0.50
poker_soul11: posts big blind $1
*** HOLE CARDS ***
blistein: folds 
shave_mustache: folds 
magzi777: folds 
1 Sagges: calls $0.50
poker_soul11: checks 
*** FLOP *** [4s 4h Ah]
1 Sagges: checks 
poker_soul11: bets $1
1 Sagges: folds 
Uncalled bet ($1) returned to poker_soul11
poker_soul11 collected $1.90 from pot
poker_soul11: doesn't show hand 
*** SUMMARY ***
Total pot $2 | Rake $0.10 
Board [4s 4h Ah]
Seat 2: 1 Sagges (small blind) folded on the Flop
Seat 3: poker_soul11 (big blind) collected ($1.90)
Seat 4: blistein folded before Flop (didn't bet)
Seat 5: shave_mustache folded before Flop (didn't bet)
Seat 6: magzi777 (button) folded before Flop (didn't bet)



PokerStars Hand #254226175685:  Hold'em No Limit ($0.50/$1.00 USD) - 2025/01/06 11:47:08 WET [2025/01/06 6:47:08 ET]
Table 'Vincentina II' 6-max Seat #2 is the button
Seat 2: 1 Sagges ($62.47 in chips) 
Seat 3: poker_soul11 ($107.10 in chips) 
Seat 4: blistein ($134.30 in chips) 
Seat 5: shave_mustache ($103.63 in chips) 
Seat 6: magzi777 ($103.89 in chips) 
poker_soul11: posts small blind $0.50
blistein: posts big blind $1
*** HOLE CARDS ***
shave_mustache: folds 
magzi777: folds 
1 Sagges: folds 
poker_soul11: raises $2 to $3
blistein: folds 
Uncalled bet ($2) returned to poker_soul11
poker_soul11 collected $2 from pot
poker_soul11: doesn't show hand 
*** SUMMARY ***
Total pot $2 | Rake $0 
Seat 2: 1 Sagges (button) folded before Flop (didn't bet)
Seat 3: poker_soul11 (small blind) collected ($2)
Seat 4: blistein (big blind) folded before Flop
Seat 5: shave_mustache folded before Flop (didn't bet)
Seat 6: magzi777 folded before Flop (didn't bet)



PokerStars Hand #254226178344:  Hold'em No Limit ($0.50/$1.00 USD) - 2025/01/06 11:47:26 WET [2025/01/06 6:47:26 ET]
Table 'Vincentina II' 6-max Seat #3 is the button
Seat 2: 1 Sagges ($62.47 in chips) 
Seat 3: poker_soul11 ($108.10 in chips) 
Seat 4: blistein ($133.30 in chips) 
Seat 5: shave_mustache ($103.63 in chips) 
Seat 6: magzi777 ($103.89 in chips) 
blistein: posts small blind $0.50
shave_mustache: posts big blind $1
*** HOLE CARDS ***
magzi777: raises $1.50 to $2.50
1 Sagges: calls $2.50
poker_soul11: raises $9.50 to $12
blistein: folds 
shave_mustache: folds 
magzi777: folds 
trans3rfer joins the table at seat #1 
1 Sagges: calls $9.50
*** FLOP *** [6c 9s 5h]
1 Sagges: bets $9
poker_soul11: raises $55.75 to $64.75
1 Sagges: folds 
Uncalled bet ($55.75) returned to poker_soul11
poker_soul11 collected $43.70 from pot
poker_soul11: doesn't show hand 
*** SUMMARY ***
Total pot $46 | Rake $2.30 
Board [6c 9s 5h]
Seat 2: 1 Sagges folded on the Flop
Seat 3: poker_soul11 (button) collected ($43.70)
Seat 4: blistein (small blind) folded before Flop
Seat 5: shave_mustache (big blind) folded before Flop
Seat 6: magzi777 folded before Flop



PokerStars Hand #254226185274:  Hold'em No Limit ($0.50/$1.00 USD) - 2025/01/06 11:48:13 WET [2025/01/06 6:48:13 ET]
Table 'Vincentina II' 6-max Seat #4 is the button
Seat 1: trans3rfer ($100 in chips) is sitting out
Seat 2: 1 Sagges ($41.47 in chips) 
Seat 3: poker_soul11 ($130.80 in chips) 
Seat 4: blistein ($132.80 in chips) 
Seat 5: shave_mustache ($102.63 in chips) 
Seat 6: magzi777 ($101.39 in chips) 
shave_mustache: posts small blind $0.50
magzi777: posts big blind $1
trans3rfer: sits out 
*** HOLE CARDS ***
1 Sagges: folds 
poker_soul11: folds 
blistein: folds 
shave_mustache: folds 
Uncalled bet ($0.50) returned to magzi777
magzi777 collected $1 from pot
*** SUMMARY ***
Total pot $1 | Rake $0 
Seat 1: trans3rfer
Seat 2: 1 Sagges folded before Flop (didn't bet)
Seat 3: poker_soul11 folded before Flop (didn't bet)
Seat 4: blistein (button) folded before Flop (didn't bet)
Seat 5: shave_mustache (small blind) folded before Flop
Seat 6: magzi777 (big blind) collected ($1)



PokerStars Hand #254226187885:  Hold'em No Limit ($0.50/$1.00 USD) - 2025/01/06 11:48:31 WET [2025/01/06 6:48:31 ET]
Table 'Vincentina II' 6-max Seat #5 is the button
Seat 1: trans3rfer ($100 in chips) 
Seat 2: 1 Sagges ($41.47 in chips) 
Seat 3: poker_soul11 ($130.80 in chips) 
Seat 4: blistein ($132.80 in chips) 
Seat 5: shave_mustache ($102.13 in chips) 
Seat 6: magzi777 ($101.89 in chips) 
magzi777: posts small blind $0.50
trans3rfer: posts big blind $1
*** HOLE CARDS ***
1 Sagges: folds 
poker_soul11: folds 
blistein: folds 
shave_mustache: raises $1.50 to $2.50
magzi777: folds 
trans3rfer: folds 
Uncalled bet ($1.50) returned to shave_mustache
shave_mustache collected $2.50 from pot
shave_mustache: doesn't show hand 
*** SUMMARY ***
Total pot $2.50 | Rake $0 
Seat 1: trans3rfer (big blind) folded before Flop
Seat 2: 1 Sagges folded before Flop (didn't bet)
Seat 3: poker_soul11 folded before Flop (didn't bet)
Seat 4: blistein folded before Flop (didn't bet)
Seat 5: shave_mustache (button) collected ($2.50)
Seat 6: magzi777 (small blind) folded before Flop



PokerStars Hand #254226190165:  Hold'em No Limit ($0.50/$1.00 USD) - 2025/01/06 11:48:47 WET [2025/01/06 6:48:47 ET]
Table 'Vincentina II' 6-max Seat #6 is the button
Seat 1: trans3rfer ($100 in chips) 
Seat 2: 1 Sagges ($41.47 in chips) 
Seat 3: poker_soul11 ($130.80 in chips) 
Seat 4: blistein ($132.80 in chips) 
Seat 5: shave_mustache ($103.63 in chips) 
Seat 6: magzi777 ($101.39 in chips) 
trans3rfer: posts small blind $0.50
1 Sagges: posts big blind $1
*** HOLE CARDS ***
poker_soul11: folds 
blistein: folds 
shave_mustache: folds 
magzi777: folds 
trans3rfer: folds 
Uncalled bet ($0.50) returned to 1 Sagges
1 Sagges collected $1 from pot
1 Sagges: doesn't show hand 
*** SUMMARY ***
Total pot $1 | Rake $0 
Seat 1: trans3rfer (small blind) folded before Flop
Seat 2: 1 Sagges (big blind) collected ($1)
Seat 3: poker_soul11 folded before Flop (didn't bet)
Seat 4: blistein folded before Flop (didn't bet)
Seat 5: shave_mustache folded before Flop (didn't bet)
Seat 6: magzi777 (button) folded before Flop (didn't bet)



PokerStars Hand #254226192976:  Hold'em No Limit ($0.50/$1.00 USD) - 2025/01/06 11:49:07 WET [2025/01/06 6:49:07 ET]
Table 'Vincentina II' 6-max Seat #1 is the button
Seat 1: trans3rfer ($100 in chips) 
Seat 2: 1 Sagges ($41.97 in chips) 
Seat 3: poker_soul11 ($130.80 in chips) 
Seat 4: blistein ($132.80 in chips) 
Seat 5: shave_mustache ($103.63 in chips) 
Seat 6: magzi777 ($101.39 in chips) 
1 Sagges: posts small blind $0.50
poker_soul11: posts big blind $1
*** HOLE CARDS ***
blistein: folds 
shave_mustache: raises $1.50 to $2.50
magzi777: folds 
trans3rfer: folds 
1 Sagges: calls $2
poker_soul11: folds 
*** FLOP *** [5h 3d 8h]
1 Sagges: checks 
shave_mustache: checks 
*** TURN *** [5h 3d 8h] [Ad]
1 Sagges: checks 
shave_mustache: checks 
*** RIVER *** [5h 3d 8h Ad] [Qh]
1 Sagges: checks 
shave_mustache: checks 
*** SHOW DOWN ***
1 Sagges: shows [3s Ac] (two pair, Aces and Threes)
shave_mustache: mucks hand 
1 Sagges collected $5.62 from pot
*** SUMMARY ***
Total pot $6 | Rake $0.38 
Board [5h 3d 8h Ad Qh]
Seat 1: trans3rfer (button) folded before Flop (didn't bet)
Seat 2: 1 Sagges (small blind) showed [3s Ac] and won ($5.62) with two pair, Aces and Threes
Seat 3: poker_soul11 (big blind) folded before Flop
Seat 4: blistein folded before Flop (didn't bet)
Seat 5: shave_mustache mucked
Seat 6: magzi777 folded before Flop (didn't bet)



PokerStars Hand #254226200480:  Hold'em No Limit ($0.50/$1.00 USD) - 2025/01/06 11:49:58 WET [2025/01/06 6:49:58 ET]
Table 'Vincentina II' 6-max Seat #2 is the button
Seat 1: trans3rfer ($100 in chips) 
Seat 2: 1 Sagges ($45.09 in chips) 
Seat 3: poker_soul11 ($129.80 in chips) 
Seat 4: blistein ($132.80 in chips) 
Seat 5: shave_mustache ($101.13 in chips) 
Seat 6: magzi777 ($101.39 in chips) 
poker_soul11: posts small blind $0.50
blistein: posts big blind $1
*** HOLE CARDS ***
shave_mustache has timed out
shave_mustache: folds 
magzi777: folds 
trans3rfer: folds 
1 Sagges: folds 
poker_soul11: folds 
Uncalled bet ($0.50) returned to blistein
blistein collected $1 from pot
blistein: doesn't show hand 
*** SUMMARY ***
Total pot $1 | Rake $0 
Seat 1: trans3rfer folded before Flop (didn't bet)
Seat 2: 1 Sagges (button) folded before Flop (didn't bet)
Seat 3: poker_soul11 (small blind) folded before Flop
Seat 4: blistein (big blind) collected ($1)
Seat 5: shave_mustache folded before Flop (didn't bet)
Seat 6: magzi777 folded before Flop (didn't bet)



PokerStars Hand #254226203694:  Hold'em No Limit ($0.50/$1.00 USD) - 2025/01/06 11:50:20 WET [2025/01/06 6:50:20 ET]
Table 'Vincentina II' 6-max Seat #3 is the button
Seat 1: trans3rfer ($100 in chips) 
Seat 2: 1 Sagges ($45.09 in chips) 
Seat 3: poker_soul11 ($129.30 in chips) 
Seat 4: blistein ($133.30 in chips) 
Seat 5: shave_mustache ($101.13 in chips) 
Seat 6: magzi777 ($101.39 in chips) 
blistein: posts small blind $0.50
shave_mustache: posts big blind $1
*** HOLE CARDS ***
magzi777: folds 
trans3rfer: folds 
1 Sagges: folds 
poker_soul11: folds 
blistein: raises $2 to $3
shave_mustache: folds 
Uncalled bet ($2) returned to blistein
blistein collected $2 from pot
blistein: doesn't show hand 
*** SUMMARY ***
Total pot $2 | Rake $0 
Seat 1: trans3rfer folded before Flop (didn't bet)
Seat 2: 1 Sagges folded before Flop (didn't bet)
Seat 3: poker_soul11 (button) folded before Flop (didn't bet)
Seat 4: blistein (small blind) collected ($2)
Seat 5: shave_mustache (big blind) folded before Flop
Seat 6: magzi777 folded before Flop (didn't bet)



PokerStars Hand #254226206283:  Hold'em No Limit ($0.50/$1.00 USD) - 2025/01/06 11:50:38 WET [2025/01/06 6:50:38 ET]
Table 'Vincentina II' 6-max Seat #4 is the button
Seat 2: 1 Sagges ($45.09 in chips) is sitting out
Seat 1: trans3rfer ($100 in chips) 
Seat 3: poker_soul11 ($129.30 in chips) 
Seat 4: blistein ($134.30 in chips) 
Seat 5: shave_mustache ($100.13 in chips) 
Seat 6: magzi777 ($101.39 in chips) 
shave_mustache: posts small blind $0.50
magzi777: posts big blind $1
*** HOLE CARDS ***
trans3rfer: folds 
poker_soul11: raises $1.20 to $2.20
blistein: folds 
shave_mustache: folds 
magzi777: folds 
Uncalled bet ($1.20) returned to poker_soul11
poker_soul11 collected $2.50 from pot
poker_soul11: doesn't show hand 
*** SUMMARY ***
Total pot $2.50 | Rake $0 
Seat 2: 1 Sagges
Seat 1: trans3rfer folded before Flop (didn't bet)
Seat 3: poker_soul11 collected ($2.50)
Seat 4: blistein (button) folded before Flop (didn't bet)
Seat 5: shave_mustache (small blind) folded before Flop
Seat 6: magzi777 (big blind) folded before Flop



PokerStars Hand #254226209594:  Hold'em No Limit ($0.50/$1.00 USD) - 2025/01/06 11:51:01 WET [2025/01/06 6:51:01 ET]
Table 'Vincentina II' 6-max Seat #5 is the button
Seat 2: 1 Sagges ($45.09 in chips) is sitting out
Seat 1: trans3rfer ($100 in chips) 
Seat 3: poker_soul11 ($130.80 in chips) 
Seat 4: blistein ($134.30 in chips) 
Seat 5: shave_mustache ($100 in chips) 
Seat 6: magzi777 ($100.39 in chips) 
magzi777: posts small blind $0.50
trans3rfer: posts big blind $1
*** HOLE CARDS ***
poker_soul11: raises $1.20 to $2.20
blistein: folds 
shave_mustache: raises $4.80 to $7
magzi777: folds 
trans3rfer: folds 
poker_soul11: folds 
Uncalled bet ($4.80) returned to shave_mustache
shave_mustache collected $5.90 from pot
shave_mustache: doesn't show hand 
*** SUMMARY ***
Total pot $5.90 | Rake $0 
Seat 2: 1 Sagges
Seat 1: trans3rfer (big blind) folded before Flop
Seat 3: poker_soul11 folded before Flop
Seat 4: blistein folded before Flop (didn't bet)
Seat 5: shave_mustache (button) collected ($5.90)
Seat 6: magzi777 (small blind) folded before Flop



PokerStars Hand #254226212411:  Hold'em No Limit ($0.50/$1.00 USD) - 2025/01/06 11:51:21 WET [2025/01/06 6:51:21 ET]
Table 'Vincentina II' 6-max Seat #6 is the button
Seat 2: 1 Sagges ($45.09 in chips) is sitting out
Seat 1: trans3rfer ($100 in chips) 
Seat 3: poker_soul11 ($128.60 in chips) 
Seat 4: blistein ($134.30 in chips) 
Seat 5: shave_mustache ($103.70 in chips) 
Seat 6: magzi777 ($100 in chips) 
trans3rfer: posts small blind $0.50
poker_soul11: posts big blind $1
*** HOLE CARDS ***
blistein: folds 
shave_mustache: folds 
magzi777: folds 
trans3rfer: folds 
Uncalled bet ($0.50) returned to poker_soul11
poker_soul11 collected $1 from pot
poker_soul11: doesn't show hand 
*** SUMMARY ***
Total pot $1 | Rake $0 
Seat 2: 1 Sagges
Seat 1: trans3rfer (small blind) folded before Flop
Seat 3: poker_soul11 (big blind) collected ($1)
Seat 4: blistein folded before Flop (didn't bet)
Seat 5: shave_mustache folded before Flop (didn't bet)
Seat 6: magzi777 (button) folded before Flop (didn't bet)



PokerStars Hand #254226214262:  Hold'em No Limit ($0.50/$1.00 USD) - 2025/01/06 11:51:34 WET [2025/01/06 6:51:34 ET]
Table 'Vincentina II' 6-max Seat #1 is the button
Seat 2: 1 Sagges ($45.09 in chips) is sitting out
Seat 1: trans3rfer ($100 in chips) 
Seat 3: poker_soul11 ($129.10 in chips) 
Seat 4: blistein ($134.30 in chips) 
Seat 5: shave_mustache ($103.70 in chips) 
Seat 6: magzi777 ($100 in chips) 
poker_soul11: posts small blind $0.50
blistein: posts big blind $1
*** HOLE CARDS ***
shave_mustache: raises $1.50 to $2.50
magzi777: folds 
trans3rfer: folds 
poker_soul11: raises $8 to $10.50
blistein: folds 
shave_mustache: folds 
Uncalled bet ($8) returned to poker_soul11
poker_soul11 collected $6 from pot
poker_soul11: doesn't show hand 
*** SUMMARY ***
Total pot $6 | Rake $0 
Seat 2: 1 Sagges
Seat 1: trans3rfer (button) folded before Flop (didn't bet)
Seat 3: poker_soul11 (small blind) collected ($6)
Seat 4: blistein (big blind) folded before Flop
Seat 5: shave_mustache folded before Flop
Seat 6: magzi777 folded before Flop (didn't bet)



PokerStars Hand #254226218176:  Hold'em No Limit ($0.50/$1.00 USD) - 2025/01/06 11:52:01 WET [2025/01/06 6:52:01 ET]
Table 'Vincentina II' 6-max Seat #3 is the button
Seat 2: 1 Sagges ($45.09 in chips) is sitting out
Seat 1: trans3rfer ($100 in chips) 
Seat 3: poker_soul11 ($132.60 in chips) 
Seat 4: blistein ($133.30 in chips) 
Seat 5: shave_mustache ($101.20 in chips) 
Seat 6: magzi777 ($100 in chips) 
blistein: posts small blind $0.50
shave_mustache: posts big blind $1
*** HOLE CARDS ***
magzi777: folds 
trans3rfer: folds 
poker_soul11: raises $1.20 to $2.20
blistein: folds 
shave_mustache: folds 
Uncalled bet ($1.20) returned to poker_soul11
poker_soul11 collected $2.50 from pot
poker_soul11: doesn't show hand 
*** SUMMARY ***
Total pot $2.50 | Rake $0 
Seat 2: 1 Sagges
Seat 1: trans3rfer folded before Flop (didn't bet)
Seat 3: poker_soul11 (button) collected ($2.50)
Seat 4: blistein (small blind) folded before Flop
Seat 5: shave_mustache (big blind) folded before Flop
Seat 6: magzi777 folded before Flop (didn't bet)



PokerStars Hand #254226220177:  Hold'em No Limit ($0.50/$1.00 USD) - 2025/01/06 11:52:15 WET [2025/01/06 6:52:15 ET]
Table 'Vincentina II' 6-max Seat #4 is the button
Seat 2: 1 Sagges ($45.09 in chips) is sitting out
Seat 1: trans3rfer ($100 in chips) 
Seat 3: poker_soul11 ($134.10 in chips) 
Seat 4: blistein ($132.80 in chips) 
Seat 5: shave_mustache ($100.20 in chips) 
Seat 6: magzi777 ($100 in chips) 
shave_mustache: posts small blind $0.50
magzi777: posts big blind $1
*** HOLE CARDS ***
trans3rfer: folds 
poker_soul11: raises $1.20 to $2.20
blistein: folds 
shave_mustache: folds 
magzi777: folds 
Uncalled bet ($1.20) returned to poker_soul11
poker_soul11 collected $2.50 from pot
poker_soul11: doesn't show hand 
*** SUMMARY ***
Total pot $2.50 | Rake $0 
Seat 2: 1 Sagges
Seat 1: trans3rfer folded before Flop (didn't bet)
Seat 3: poker_soul11 collected ($2.50)
Seat 4: blistein (button) folded before Flop (didn't bet)
Seat 5: shave_mustache (small blind) folded before Flop
Seat 6: magzi777 (big blind) folded before Flop



PokerStars Hand #254226222297:  Hold'em No Limit ($0.50/$1.00 USD) - 2025/01/06 11:52:29 WET [2025/01/06 6:52:29 ET]
Table 'Vincentina II' 6-max Seat #5 is the button
Seat 1: trans3rfer ($100 in chips) is sitting out
Seat 2: 1 Sagges ($45.09 in chips) is sitting out
Seat 3: poker_soul11 ($135.60 in chips) 
Seat 4: blistein ($132.80 in chips) 
Seat 5: shave_mustache ($100 in chips) 
Seat 6: magzi777 ($100 in chips) 
magzi777: posts small blind $0.50
trans3rfer: is sitting out 
poker_soul11: posts big blind $1
*** HOLE CARDS ***
blistein: folds 
shave_mustache: raises $1.50 to $2.50
magzi777: folds 
poker_soul11: calls $1.50
*** FLOP *** [8d 3c 2s]
trans3rfer leaves the table
poker_soul11: checks 
shave_mustache: checks 
*** TURN *** [8d 3c 2s] [Qs]
poker_soul11: bets $2.61
shave_mustache: folds 
Uncalled bet ($2.61) returned to poker_soul11
poker_soul11 collected $5.22 from pot
poker_soul11: doesn't show hand 
*** SUMMARY ***
Total pot $5.50 | Rake $0.28 
Board [8d 3c 2s Qs]
Seat 1: trans3rfer
Seat 2: 1 Sagges
Seat 3: poker_soul11 (big blind) collected ($5.22)
Seat 4: blistein folded before Flop (didn't bet)
Seat 5: shave_mustache (button) folded on the Turn
Seat 6: magzi777 (small blind) folded before Flop



PokerStars Hand #254226232627:  Hold'em No Limit ($0.50/$1.00 USD) - 2025/01/06 11:53:42 WET [2025/01/06 6:53:42 ET]
Table 'Vincentina II' 6-max Seat #6 is the button
Seat 2: 1 Sagges ($45.09 in chips) is sitting out
Seat 3: poker_soul11 ($138.32 in chips) 
Seat 4: blistein ($132.80 in chips) 
Seat 5: shave_mustache ($100 in chips) 
Seat 6: magzi777 ($100 in chips) 
poker_soul11: posts small blind $0.50
blistein: posts big blind $1
*** HOLE CARDS ***
shave_mustache: raises $1.50 to $2.50
magzi777: folds 
poker_soul11: raises $9 to $11.50
blistein: raises $12 to $23.50
shave_mustache: folds 
nastja336 joins the table at seat #1 
poker_soul11: folds 
Uncalled bet ($12) returned to blistein
blistein collected $25.50 from pot
blistein: doesn't show hand 
*** SUMMARY ***
Total pot $25.50 | Rake $0 
Seat 2: 1 Sagges
Seat 3: poker_soul11 (small blind) folded before Flop
Seat 4: blistein (big blind) collected ($25.50)
Seat 5: shave_mustache folded before Flop
Seat 6: magzi777 (button) folded before Flop (didn't bet)



PokerStars Hand #254226239284:  Hold'em No Limit ($0.50/$1.00 USD) - 2025/01/06 11:54:28 WET [2025/01/06 6:54:28 ET]
Table 'Vincentina II' 6-max Seat #3 is the button
Seat 1: nastja336 ($100 in chips) is sitting out
Seat 2: 1 Sagges ($45.09 in chips) 
Seat 3: poker_soul11 ($126.82 in chips) 
Seat 4: blistein ($146.80 in chips) 
Seat 5: shave_mustache ($100 in chips) 
Seat 6: magzi777 ($100 in chips) 
blistein: posts small blind $0.50
shave_mustache: posts big blind $1
nastja336: sits out 
1 Sagges: posts small & big blinds $1.50
*** HOLE CARDS ***
magzi777: folds 
1 Sagges: checks 
poker_soul11: folds 
blistein: calls $0.50
shave_mustache: raises $5 to $6
1 Sagges: calls $5
blistein: folds 
*** FLOP *** [Kc 9s 6s]
shave_mustache: bets $3.21
1 Sagges: folds 
Uncalled bet ($3.21) returned to shave_mustache
shave_mustache collected $12.82 from pot
shave_mustache: doesn't show hand 
*** SUMMARY ***
Total pot $13.50 | Rake $0.68 
Board [Kc 9s 6s]
Seat 1: nastja336
Seat 2: 1 Sagges folded on the Flop
Seat 3: poker_soul11 (button) folded before Flop (didn't bet)
Seat 4: blistein (small blind) folded before Flop
Seat 5: shave_mustache (big blind) collected ($12.82)
Seat 6: magzi777 folded before Flop (didn't bet)



PokerStars Hand #254226243222:  Hold'em No Limit ($0.50/$1.00 USD) - 2025/01/06 11:54:56 WET [2025/01/06 6:54:56 ET]
Table 'Vincentina II' 6-max Seat #4 is the button
Seat 1: nastja336 ($100 in chips) is sitting out
Seat 2: 1 Sagges ($38.59 in chips) 
Seat 3: poker_soul11 ($126.82 in chips) 
Seat 4: blistein ($145.80 in chips) 
Seat 5: shave_mustache ($106.82 in chips) 
Seat 6: magzi777 ($100 in chips) 
shave_mustache: posts small blind $0.50
magzi777: posts big blind $1
nastja336: sits out 
*** HOLE CARDS ***
1 Sagges: folds 
poker_soul11: raises $1.20 to $2.20
blistein: folds 
shave_mustache: folds 
magzi777: calls $1.20
*** FLOP *** [7h Kd 5c]
magzi777: checks 
poker_soul11: checks 
*** TURN *** [7h Kd 5c] [7s]
magzi777: checks 
poker_soul11: checks 
*** RIVER *** [7h Kd 5c 7s] [Qs]
magzi777: bets $3.08
poker_soul11: calls $3.08
*** SHOW DOWN ***
magzi777: shows [Ad 8s] (a pair of Sevens)
poker_soul11: shows [9s As] (a pair of Sevens)
magzi777 collected $5.26 from pot
poker_soul11 collected $5.25 from pot
*** SUMMARY ***
Total pot $11.06 | Rake $0.55 
Board [7h Kd 5c 7s Qs]
Seat 1: nastja336
Seat 2: 1 Sagges folded before Flop (didn't bet)
Seat 3: poker_soul11 showed [9s As] and won ($5.25) with a pair of Sevens
Seat 4: blistein (button) folded before Flop (didn't bet)
Seat 5: shave_mustache (small blind) folded before Flop
Seat 6: magzi777 (big blind) showed [Ad 8s] and won ($5.26) with a pair of Sevens



PokerStars Hand #254226250420:  Hold'em No Limit ($0.50/$1.00 USD) - 2025/01/06 11:55:52 WET [2025/01/06 6:55:52 ET]
Table 'Vincentina II' 6-max Seat #5 is the button
Seat 1: nastja336 ($100 in chips) 
Seat 2: 1 Sagges ($38.59 in chips) 
Seat 3: poker_soul11 ($126.79 in chips) 
Seat 4: blistein ($145.80 in chips) 
Seat 5: shave_mustache ($106.32 in chips) 
Seat 6: magzi777 ($100 in chips) 
magzi777: posts small blind $0.50
nastja336: posts big blind $1
*** HOLE CARDS ***
1 Sagges: folds 
poker_soul11: raises $1.20 to $2.20
blistein: folds 
shave_mustache: folds 
magzi777: folds 
nastja336: folds 
Uncalled bet ($1.20) returned to poker_soul11
poker_soul11 collected $2.50 from pot
poker_soul11: doesn't show hand 
*** SUMMARY ***
Total pot $2.50 | Rake $0 
Seat 1: nastja336 (big blind) folded before Flop
Seat 2: 1 Sagges folded before Flop (didn't bet)
Seat 3: poker_soul11 collected ($2.50)
Seat 4: blistein folded before Flop (didn't bet)
Seat 5: shave_mustache (button) folded before Flop (didn't bet)
Seat 6: magzi777 (small blind) folded before Flop



PokerStars Hand #254226253178:  Hold'em No Limit ($0.50/$1.00 USD) - 2025/01/06 11:56:15 WET [2025/01/06 6:56:15 ET]
Table 'Vincentina II' 6-max Seat #6 is the button
Seat 1: nastja336 ($100 in chips) 
Seat 2: 1 Sagges ($38.59 in chips) 
Seat 3: poker_soul11 ($128.29 in chips) 
Seat 4: blistein ($145.80 in chips) 
Seat 5: shave_mustache ($106.32 in chips) 
Seat 6: magzi777 ($100 in chips) 
nastja336: posts small blind $0.50
1 Sagges: posts big blind $1
*** HOLE CARDS ***
poker_soul11: folds 
blistein: folds 
shave_mustache: folds 
magzi777: raises $1.50 to $2.50
nastja336: folds 
1 Sagges: raises $1.50 to $4
magzi777: calls $1.50
*** FLOP *** [6h 8h 6s]
1 Sagges: bets $4.04
magzi777: folds 
Uncalled bet ($4.04) returned to 1 Sagges
1 Sagges collected $7.98 from pot
1 Sagges: doesn't show hand 
*** SUMMARY ***
Total pot $8.50 | Rake $0.52 
Board [6h 8h 6s]
Seat 1: nastja336 (small blind) folded before Flop
Seat 2: 1 Sagges (big blind) collected ($7.98)
Seat 3: poker_soul11 folded before Flop (didn't bet)
Seat 4: blistein folded before Flop (didn't bet)
Seat 5: shave_mustache folded before Flop (didn't bet)
Seat 6: magzi777 (button) folded on the Flop



PokerStars Hand #254226256535:  Hold'em No Limit ($0.50/$1.00 USD) - 2025/01/06 11:56:43 WET [2025/01/06 6:56:43 ET]
Table 'Vincentina II' 6-max Seat #1 is the button
Seat 1: nastja336 ($100 in chips) 
Seat 2: 1 Sagges ($42.57 in chips) 
Seat 3: poker_soul11 ($128.29 in chips) 
Seat 4: blistein ($145.80 in chips) 
Seat 5: shave_mustache ($106.32 in chips) 
Seat 6: magzi777 ($100 in chips) 
1 Sagges: posts small blind $0.50
poker_soul11: posts big blind $1
*** HOLE CARDS ***
blistein: raises $1.20 to $2.20
shave_mustache: folds 
magzi777: folds 
nastja336: folds 
1 Sagges: folds 
poker_soul11: raises $9.80 to $12
blistein: calls $9.80
*** FLOP *** [Ts 5s 2s]
poker_soul11: bets $5.82
blistein: calls $5.82
*** TURN *** [Ts 5s 2s] [Jd]
poker_soul11: checks 
blistein: bets $19
poker_soul11: folds 
Uncalled bet ($19) returned to blistein
blistein collected $34.33 from pot
blistein: doesn't show hand 
*** SUMMARY ***
Total pot $36.14 | Rake $1.81 
Board [Ts 5s 2s Jd]
Seat 1: nastja336 (button) folded before Flop (didn't bet)
Seat 2: 1 Sagges (small blind) folded before Flop
Seat 3: poker_soul11 (big blind) folded on the Turn
Seat 4: blistein collected ($34.33)
Seat 5: shave_mustache folded before Flop (didn't bet)
Seat 6: magzi777 folded before Flop (didn't bet)



PokerStars Hand #254226268494:  Hold'em No Limit ($0.50/$1.00 USD) - 2025/01/06 11:58:22 WET [2025/01/06 6:58:22 ET]
Table 'Vincentina II' 6-max Seat #2 is the button
Seat 1: nastja336 ($100 in chips) 
Seat 2: 1 Sagges ($42.07 in chips) 
Seat 3: poker_soul11 ($110.47 in chips) 
Seat 4: blistein ($162.31 in chips) 
Seat 5: shave_mustache ($106.32 in chips) 
Seat 6: magzi777 ($100 in chips) 
poker_soul11: posts small blind $0.50
blistein: posts big blind $1
*** HOLE CARDS ***
shave_mustache: folds 
magzi777: folds 
nastja336: raises $1.50 to $2.50
1 Sagges: folds 
poker_soul11: folds 
blistein: folds 
Uncalled bet ($1.50) returned to nastja336
nastja336 collected $2.50 from pot
nastja336: doesn't show hand 
*** SUMMARY ***
Total pot $2.50 | Rake $0 
Seat 1: nastja336 collected ($2.50)
Seat 2: 1 Sagges (button) folded before Flop (didn't bet)
Seat 3: poker_soul11 (small blind) folded before Flop
Seat 4: blistein (big blind) folded before Flop
Seat 5: shave_mustache folded before Flop (didn't bet)
Seat 6: magzi777 folded before Flop (didn't bet)



PokerStars Hand #254226270413:  Hold'em No Limit ($0.50/$1.00 USD) - 2025/01/06 11:58:37 WET [2025/01/06 6:58:37 ET]
Table 'Vincentina II' 6-max Seat #3 is the button
Seat 1: nastja336 ($101.50 in chips) 
Seat 2: 1 Sagges ($42.07 in chips) 
Seat 3: poker_soul11 ($109.97 in chips) 
Seat 4: blistein ($161.31 in chips) 
Seat 5: shave_mustache ($106.32 in chips) 
Seat 6: magzi777 ($100 in chips) 
blistein: posts small blind $0.50
shave_mustache: posts big blind $1
*** HOLE CARDS ***
magzi777: folds 
nastja336: raises $1.50 to $2.50
1 Sagges: calls $2.50
poker_soul11: folds 
blistein: calls $2
shave_mustache: calls $1.50
*** FLOP *** [Qs Ks 9h]
blistein: checks 
shave_mustache: checks 
nastja336: checks 
1 Sagges: checks 
*** TURN *** [Qs Ks 9h] [8h]
blistein: checks 
shave_mustache: bets $3.14
nastja336: raises $6.28 to $9.42
1 Sagges: folds 
blistein: folds 
shave_mustache: folds 
Uncalled bet ($6.28) returned to nastja336
nastja336 collected $15.47 from pot
nastja336: doesn't show hand 
*** SUMMARY ***
Total pot $16.28 | Rake $0.81 
Board [Qs Ks 9h 8h]
Seat 1: nastja336 collected ($15.47)
Seat 2: 1 Sagges folded on the Turn
Seat 3: poker_soul11 (button) folded before Flop (didn't bet)
Seat 4: blistein (small blind) folded on the Turn
Seat 5: shave_mustache (big blind) folded on the Turn
Seat 6: magzi777 folded before Flop (didn't bet)



PokerStars Hand #254226276447:  Hold'em No Limit ($0.50/$1.00 USD) - 2025/01/06 11:59:27 WET [2025/01/06 6:59:27 ET]
Table 'Vincentina II' 6-max Seat #4 is the button
Seat 1: nastja336 ($111.33 in chips) 
Seat 2: 1 Sagges ($39.57 in chips) 
Seat 3: poker_soul11 ($109.97 in chips) 
Seat 4: blistein ($158.81 in chips) 
Seat 5: shave_mustache ($100.68 in chips) 
Seat 6: magzi777 ($100 in chips) 
shave_mustache: posts small blind $0.50
magzi777: posts big blind $1
*** HOLE CARDS ***
nastja336: raises $1.50 to $2.50
1 Sagges: folds 
poker_soul11: raises $5 to $7.50
blistein: folds 
shave_mustache: folds 
magzi777: folds 
nastja336: folds 
Uncalled bet ($5) returned to poker_soul11
poker_soul11 collected $6.50 from pot
poker_soul11: doesn't show hand 
*** SUMMARY ***
Total pot $6.50 | Rake $0 
Seat 1: nastja336 folded before Flop
Seat 2: 1 Sagges folded before Flop (didn't bet)
Seat 3: poker_soul11 collected ($6.50)
Seat 4: blistein (button) folded before Flop (didn't bet)
Seat 5: shave_mustache (small blind) folded before Flop
Seat 6: magzi777 (big blind) folded before Flop



PokerStars Hand #254226279755:  Hold'em No Limit ($0.50/$1.00 USD) - 2025/01/06 11:59:53 WET [2025/01/06 6:59:53 ET]
Table 'Vincentina II' 6-max Seat #5 is the button
Seat 1: nastja336 ($108.83 in chips) 
Seat 2: 1 Sagges ($39.57 in chips) 
Seat 3: poker_soul11 ($113.97 in chips) 
Seat 4: blistein ($158.81 in chips) 
Seat 5: shave_mustache ($100.18 in chips) 
Seat 6: magzi777 ($100 in chips) 
magzi777: posts small blind $0.50
nastja336: posts big blind $1
*** HOLE CARDS ***
1 Sagges: folds 
poker_soul11: folds 
blistein: folds 
shave_mustache: raises $1.50 to $2.50
magzi777: folds 
nastja336: raises $9.50 to $12
shave_mustache: folds 
Uncalled bet ($9.50) returned to nastja336
nastja336 collected $5.50 from pot
nastja336: doesn't show hand 
*** SUMMARY ***
Total pot $5.50 | Rake $0 
Seat 1: nastja336 (big blind) collected ($5.50)
Seat 2: 1 Sagges folded before Flop (didn't bet)
Seat 3: poker_soul11 folded before Flop (didn't bet)
Seat 4: blistein folded before Flop (didn't bet)
Seat 5: shave_mustache (button) folded before Flop
Seat 6: magzi777 (small blind) folded before Flop



PokerStars Hand #254226283691:  Hold'em No Limit ($0.50/$1.00 USD) - 2025/01/06 12:00:23 WET [2025/01/06 7:00:23 ET]
Table 'Vincentina II' 6-max Seat #6 is the button
Seat 1: nastja336 ($111.83 in chips) 
Seat 2: 1 Sagges ($39.57 in chips) 
Seat 3: poker_soul11 ($113.97 in chips) 
Seat 4: blistein ($158.81 in chips) 
Seat 5: shave_mustache ($100 in chips) 
Seat 6: magzi777 ($100 in chips) 
nastja336: posts small blind $0.50
1 Sagges: posts big blind $1
*** HOLE CARDS ***
poker_soul11: raises $1.20 to $2.20
blistein: folds 
shave_mustache: folds 
magzi777: folds 
nastja336: raises $9.80 to $12
1 Sagges: raises $27.57 to $39.57 and is all-in
poker_soul11: folds 
nastja336: calls $27.57
*** FLOP *** [7h 8d 7s]
*** TURN *** [7h 8d 7s] [Tc]
*** RIVER *** [7h 8d 7s Tc] [7d]
*** SHOW DOWN ***
nastja336: shows [Kc Ad] (three of a kind, Sevens)
1 Sagges: shows [4h Ah] (three of a kind, Sevens - lower kicker)
nastja336 collected $78.84 from pot
*** SUMMARY ***
Total pot $81.34 | Rake $2.50 
Board [7h 8d 7s Tc 7d]
Seat 1: nastja336 (small blind) showed [Kc Ad] and won ($78.84) with three of a kind, Sevens
Seat 2: 1 Sagges (big blind) showed [4h Ah] and lost with three of a kind, Sevens
Seat 3: poker_soul11 folded before Flop
Seat 4: blistein folded before Flop (didn't bet)
Seat 5: shave_mustache folded before Flop (didn't bet)
Seat 6: magzi777 (button) folded before Flop (didn't bet)



PokerStars Hand #254226288732:  Hold'em No Limit ($0.50/$1.00 USD) - 2025/01/06 12:01:01 WET [2025/01/06 7:01:01 ET]
Table 'Vincentina II' 6-max Seat #1 is the button
Seat 2: 1 Sagges ($0 in chips) is sitting out
Seat 1: nastja336 ($151.10 in chips) 
Seat 3: poker_soul11 ($111.77 in chips) 
Seat 4: blistein ($158.81 in chips) 
Seat 5: shave_mustache ($100 in chips) 
Seat 6: magzi777 ($100 in chips) 
poker_soul11: posts small blind $0.50
blistein: posts big blind $1
*** HOLE CARDS ***
shave_mustache: folds 
1 Sagges leaves the table
magzi777: raises $1.50 to $2.50
nastja336: folds 
shave_mustache leaves the table
poker_soul11: folds 
blistein: folds 
Uncalled bet ($1.50) returned to magzi777
magzi777 collected $2.50 from pot
*** SUMMARY ***
Total pot $2.50 | Rake $0 
Seat 2: 1 Sagges
Seat 1: nastja336 (button) folded before Flop (didn't bet)
Seat 3: poker_soul11 (small blind) folded before Flop
Seat 4: blistein (big blind) folded before Flop
Seat 5: shave_mustache folded before Flop (didn't bet)
Seat 6: magzi777 collected ($2.50)



PokerStars Hand #254226290947:  Hold'em No Limit ($0.50/$1.00 USD) - 2025/01/06 12:01:17 WET [2025/01/06 7:01:17 ET]
Table 'Vincentina II' 6-max Seat #4 is the button
Seat 1: nastja336 ($151.10 in chips) is sitting out
Seat 6: magzi777 ($101.50 in chips) is sitting out
Seat 3: poker_soul11 ($111.27 in chips) 
Seat 4: blistein ($157.81 in chips) 
blistein: posts small blind $0.50
magzi777: is sitting out 
nastja336: is sitting out 
poker_soul11: posts big blind $1
*** HOLE CARDS ***
nastja336 leaves the table
magzi777 leaves the table
erpaye joins the table at seat #2 
blistein: raises $1.50 to $2.50
poker_soul11: folds 
Uncalled bet ($1.50) returned to blistein
blistein collected $2 from pot
blistein: doesn't show hand 
*** SUMMARY ***
Total pot $2 | Rake $0 
Seat 1: nastja336
Seat 6: magzi777
Seat 3: poker_soul11 (big blind) folded before Flop
Seat 4: blistein (button) (small blind) collected ($2)



PokerStars Hand #254226293985:  Hold'em No Limit ($0.50/$1.00 USD) - 2025/01/06 12:01:38 WET [2025/01/06 7:01:38 ET]
Table 'Vincentina II' 6-max Seat #3 is the button
Seat 2: erpaye ($100 in chips) 
Seat 3: poker_soul11 ($110.27 in chips) 
Seat 4: blistein ($158.81 in chips) 
blistein: posts small blind $0.50
erpaye: posts big blind $1
*** HOLE CARDS ***
poker_soul11: folds 
blistein: folds 
Uncalled bet ($0.50) returned to erpaye
erpaye collected $1 from pot
erpaye: doesn't show hand 
*** SUMMARY ***
Total pot $1 | Rake $0 
Seat 2: erpaye (big blind) collected ($1)
Seat 3: poker_soul11 (button) folded before Flop (didn't bet)
Seat 4: blistein (small blind) folded before Flop



PokerStars Hand #254226296729:  Hold'em No Limit ($0.50/$1.00 USD) - 2025/01/06 12:01:57 WET [2025/01/06 7:01:57 ET]
Table 'Vincentina II' 6-max Seat #4 is the button
Seat 2: erpaye ($100.50 in chips) 
Seat 3: poker_soul11 ($110.27 in chips) 
Seat 4: blistein ($158.31 in chips) 
erpaye: posts small blind $0.50
poker_soul11: posts big blind $1
*** HOLE CARDS ***
blistein: folds 
blistein leaves the table
erpaye: calls $0.50
poker_soul11: checks 
*** FLOP *** [Ac Kh 4h]
erpaye: bets $1
poker_soul11: calls $1
*** TURN *** [Ac Kh 4h] [Js]
erpaye: checks 
poker_soul11: bets $1.90
erpaye: folds 
Uncalled bet ($1.90) returned to poker_soul11
poker_soul11 collected $3.80 from pot
poker_soul11: doesn't show hand 
*** SUMMARY ***
Total pot $4 | Rake $0.20 
Board [Ac Kh 4h Js]
Seat 2: erpaye (small blind) folded on the Turn
Seat 3: poker_soul11 (big blind) collected ($3.80)
Seat 4: blistein (button) folded before Flop (didn't bet)



