PokerStars Hand #254227944630:  Hold'em No Limit ($0.50/$1.00 USD) - 2025/01/06 14:41:11 WET [2025/01/06 9:41:11 ET]
Table 'Theobalda II' 6-max Seat #3 is the button
Seat 1: BenCampbel10 ($104.05 in chips) 
Seat 3: poker_soul11 ($100 in chips) 
Seat 5: InteRRio ($104.20 in chips) 
InteRRio: posts small blind $0.50
BenCampbel10: posts big blind $1
*** HOLE CARDS ***
poker_soul11: folds 
InteRRio: folds 
Uncalled bet ($0.50) returned to BenCampbel10
BenCampbel10 collected $1 from pot
*** SUMMARY ***
Total pot $1 | Rake $0 
Seat 1: BenCampbel10 (big blind) collected ($1)
Seat 3: poker_soul11 (button) folded before Flop (didn't bet)
Seat 5: InteRRio (small blind) folded before Flop



PokerStars Hand #254227946601:  Hold'em No Limit ($0.50/$1.00 USD) - 2025/01/06 14:41:20 WET [2025/01/06 9:41:20 ET]
Table 'Theobalda II' 6-max Seat #5 is the button
Seat 1: BenCampbel10 ($104.55 in chips) 
Seat 3: poker_soul11 ($100 in chips) 
Seat 5: InteRRio ($103.70 in chips) 
BenCampbel10: posts small blind $0.50
poker_soul11: posts big blind $1
*** HOLE CARDS ***
InteRRio: folds 
BenCampbel10: folds 
Uncalled bet ($0.50) returned to poker_soul11
poker_soul11 collected $1 from pot
poker_soul11: doesn't show hand 
*** SUMMARY ***
Total pot $1 | Rake $0 
Seat 1: BenCampbel10 (small blind) folded before Flop
Seat 3: poker_soul11 (big blind) collected ($1)
Seat 5: InteRRio (button) folded before Flop (didn't bet)



PokerStars Hand #254227950393:  Hold'em No Limit ($0.50/$1.00 USD) - 2025/01/06 14:41:38 WET [2025/01/06 9:41:38 ET]
Table 'Theobalda II' 6-max Seat #1 is the button
Seat 1: BenCampbel10 ($104.05 in chips) 
Seat 3: poker_soul11 ($100.50 in chips) 
Seat 5: InteRRio ($103.70 in chips) 
poker_soul11: posts small blind $0.50
InteRRio: posts big blind $1
*** HOLE CARDS ***
BenCampbel10: raises $1 to $2
poker_soul11: folds 
InteRRio: calls $1
*** FLOP *** [3h Jc Kd]
InteRRio: checks 
BenCampbel10: bets $1
InteRRio: folds 
Uncalled bet ($1) returned to BenCampbel10
BenCampbel10 collected $4.28 from pot
*** SUMMARY ***
Total pot $4.50 | Rake $0.22 
Board [3h Jc Kd]
Seat 1: BenCampbel10 (button) collected ($4.28)
Seat 3: poker_soul11 (small blind) folded before Flop
Seat 5: InteRRio (big blind) folded on the Flop



PokerStars Hand #254227956554:  Hold'em No Limit ($0.50/$1.00 USD) - 2025/01/06 14:42:07 WET [2025/01/06 9:42:07 ET]
Table 'Theobalda II' 6-max Seat #3 is the button
Seat 1: BenCampbel10 ($106.33 in chips) 
Seat 3: poker_soul11 ($100 in chips) 
Seat 5: InteRRio ($101.70 in chips) 
InteRRio: posts small blind $0.50
BenCampbel10: posts big blind $1
*** HOLE CARDS ***
poker_soul11: folds 
InteRRio: raises $2 to $3
BenCampbel10: calls $2
*** FLOP *** [8c 9d 4c]
InteRRio: checks 
BenCampbel10: bets $4.28
InteRRio: folds 
Uncalled bet ($4.28) returned to BenCampbel10
BenCampbel10 collected $5.70 from pot
BenCampbel10: doesn't show hand 
*** SUMMARY ***
Total pot $6 | Rake $0.30 
Board [8c 9d 4c]
Seat 1: BenCampbel10 (big blind) collected ($5.70)
Seat 3: poker_soul11 (button) folded before Flop (didn't bet)
Seat 5: InteRRio (small blind) folded on the Flop



PokerStars Hand #254227962832:  Hold'em No Limit ($0.50/$1.00 USD) - 2025/01/06 14:42:37 WET [2025/01/06 9:42:37 ET]
Table 'Theobalda II' 6-max Seat #5 is the button
Seat 1: BenCampbel10 ($109.03 in chips) 
Seat 3: poker_soul11 ($100 in chips) 
Seat 5: InteRRio ($100 in chips) 
BenCampbel10: posts small blind $0.50
poker_soul11: posts big blind $1
*** HOLE CARDS ***
InteRRio: folds 
BenCampbel10: raises $1.50 to $2.50
poker_soul11: calls $1.50
*** FLOP *** [Ac 4d 8s]
BenCampbel10: bets $1.20
poker_soul11: calls $1.20
*** TURN *** [Ac 4d 8s] [7s]
BenCampbel10: checks 
poker_soul11: checks 
*** RIVER *** [Ac 4d 8s 7s] [5h]
BenCampbel10: checks 
poker_soul11: bets $8.79
BenCampbel10: folds 
Uncalled bet ($8.79) returned to poker_soul11
poker_soul11 collected $7.03 from pot
poker_soul11: doesn't show hand 
*** SUMMARY ***
Total pot $7.40 | Rake $0.37 
Board [Ac 4d 8s 7s 5h]
Seat 1: BenCampbel10 (small blind) folded on the River
Seat 3: poker_soul11 (big blind) collected ($7.03)
Seat 5: InteRRio (button) folded before Flop (didn't bet)



PokerStars Hand #254227976055:  Hold'em No Limit ($0.50/$1.00 USD) - 2025/01/06 14:43:39 WET [2025/01/06 9:43:39 ET]
Table 'Theobalda II' 6-max Seat #1 is the button
Seat 1: BenCampbel10 ($105.33 in chips) 
Seat 3: poker_soul11 ($103.33 in chips) 
Seat 5: InteRRio ($100 in chips) 
poker_soul11: posts small blind $0.50
InteRRio: posts big blind $1
*** HOLE CARDS ***
BenCampbel10: folds 
poker_soul11: raises $2 to $3
InteRRio: folds 
Uncalled bet ($2) returned to poker_soul11
poker_soul11 collected $2 from pot
poker_soul11: doesn't show hand 
*** SUMMARY ***
Total pot $2 | Rake $0 
Seat 1: BenCampbel10 (button) folded before Flop (didn't bet)
Seat 3: poker_soul11 (small blind) collected ($2)
Seat 5: InteRRio (big blind) folded before Flop



PokerStars Hand #254227979187:  Hold'em No Limit ($0.50/$1.00 USD) - 2025/01/06 14:43:54 WET [2025/01/06 9:43:54 ET]
Table 'Theobalda II' 6-max Seat #3 is the button
Seat 1: BenCampbel10 ($105.33 in chips) 
Seat 3: poker_soul11 ($104.33 in chips) 
Seat 5: InteRRio ($100 in chips) 
InteRRio: posts small blind $0.50
BenCampbel10: posts big blind $1
*** HOLE CARDS ***
poker_soul11: raises $1.20 to $2.20
InteRRio: folds 
BenCampbel10: folds 
Uncalled bet ($1.20) returned to poker_soul11
poker_soul11 collected $2.50 from pot
poker_soul11: doesn't show hand 
*** SUMMARY ***
Total pot $2.50 | Rake $0 
Seat 1: BenCampbel10 (big blind) folded before Flop
Seat 3: poker_soul11 (button) collected ($2.50)
Seat 5: InteRRio (small blind) folded before Flop



PokerStars Hand #254227983331:  Hold'em No Limit ($0.50/$1.00 USD) - 2025/01/06 14:44:13 WET [2025/01/06 9:44:13 ET]
Table 'Theobalda II' 6-max Seat #5 is the button
Seat 1: BenCampbel10 ($104.33 in chips) 
Seat 3: poker_soul11 ($105.83 in chips) 
Seat 5: InteRRio ($100 in chips) 
BenCampbel10: posts small blind $0.50
poker_soul11: posts big blind $1
*** HOLE CARDS ***
InteRRio: folds 
BenCampbel10: raises $1.50 to $2.50
poker_soul11: folds 
Uncalled bet ($1.50) returned to BenCampbel10
BenCampbel10 collected $2 from pot
BenCampbel10: doesn't show hand 
*** SUMMARY ***
Total pot $2 | Rake $0 
Seat 1: BenCampbel10 (small blind) collected ($2)
Seat 3: poker_soul11 (big blind) folded before Flop
Seat 5: InteRRio (button) folded before Flop (didn't bet)



PokerStars Hand #254227985881:  Hold'em No Limit ($0.50/$1.00 USD) - 2025/01/06 14:44:25 WET [2025/01/06 9:44:25 ET]
Table 'Theobalda II' 6-max Seat #1 is the button
Seat 1: BenCampbel10 ($105.33 in chips) 
Seat 3: poker_soul11 ($104.83 in chips) 
Seat 5: InteRRio ($100 in chips) 
poker_soul11: posts small blind $0.50
InteRRio: posts big blind $1
*** HOLE CARDS ***
BenCampbel10: folds 
poker_soul11: folds 
Uncalled bet ($0.50) returned to InteRRio
InteRRio collected $1 from pot
InteRRio: doesn't show hand 
*** SUMMARY ***
Total pot $1 | Rake $0 
Seat 1: BenCampbel10 (button) folded before Flop (didn't bet)
Seat 3: poker_soul11 (small blind) folded before Flop
Seat 5: InteRRio (big blind) collected ($1)



PokerStars Hand #254227987381:  Hold'em No Limit ($0.50/$1.00 USD) - 2025/01/06 14:44:32 WET [2025/01/06 9:44:32 ET]
Table 'Theobalda II' 6-max Seat #3 is the button
Seat 1: BenCampbel10 ($105.33 in chips) 
Seat 3: poker_soul11 ($104.33 in chips) 
Seat 5: InteRRio ($100.50 in chips) 
InteRRio: posts small blind $0.50
BenCampbel10: posts big blind $1
*** HOLE CARDS ***
poker_soul11: raises $1.20 to $2.20
InteRRio: raises $7.80 to $10
BenCampbel10: folds 
poker_soul11: calls $7.80
*** FLOP *** [Th 7h 2s]
InteRRio: checks 
poker_soul11: bets $6.60
InteRRio: calls $6.60
*** TURN *** [Th 7h 2s] [7c]
InteRRio: checks 
poker_soul11: bets $16.60
InteRRio: calls $16.60
*** RIVER *** [Th 7h 2s 7c] [6h]
InteRRio: checks 
poker_soul11: bets $71.13 and is all-in
InteRRio: calls $67.30 and is all-in
Uncalled bet ($3.83) returned to poker_soul11
*** SHOW DOWN ***
poker_soul11: shows [2h 2c] (a full house, Deuces full of Sevens)
InteRRio: shows [Kh Ah] (a flush, Ace high)
poker_soul11 collected $201 from pot
*** SUMMARY ***
Total pot $202 | Rake $1 
Board [Th 7h 2s 7c 6h]
Seat 1: BenCampbel10 (big blind) folded before Flop
Seat 3: poker_soul11 (button) showed [2h 2c] and won ($201) with a full house, Deuces full of Sevens
Seat 5: InteRRio (small blind) showed [Kh Ah] and lost with a flush, Ace high



PokerStars Hand #254228011874:  Hold'em No Limit ($0.50/$1.00 USD) - 2025/01/06 14:46:27 WET [2025/01/06 9:46:27 ET]
Table 'Theobalda II' 6-max Seat #5 is the button
Seat 1: BenCampbel10 ($104.33 in chips) 
Seat 3: poker_soul11 ($204.83 in chips) 
Seat 5: InteRRio ($100 in chips) 
BenCampbel10: posts small blind $0.50
poker_soul11: posts big blind $1
*** HOLE CARDS ***
InteRRio: folds 
BenCampbel10: raises $1.50 to $2.50
poker_soul11: raises $7 to $9.50
BenCampbel10: folds 
Uncalled bet ($7) returned to poker_soul11
poker_soul11 collected $5 from pot
poker_soul11: doesn't show hand 
*** SUMMARY ***
Total pot $5 | Rake $0 
Seat 1: BenCampbel10 (small blind) folded before Flop
Seat 3: poker_soul11 (big blind) collected ($5)
Seat 5: InteRRio (button) folded before Flop (didn't bet)



PokerStars Hand #254228018514:  Hold'em No Limit ($0.50/$1.00 USD) - 2025/01/06 14:46:58 WET [2025/01/06 9:46:58 ET]
Table 'Theobalda II' 6-max Seat #1 is the button
Seat 1: BenCampbel10 ($101.83 in chips) 
Seat 3: poker_soul11 ($207.33 in chips) 
Seat 5: InteRRio ($100 in chips) 
poker_soul11: posts small blind $0.50
InteRRio: posts big blind $1
*** HOLE CARDS ***
BenCampbel10: folds 
poker_soul11: raises $2 to $3
InteRRio: raises $6 to $9
Nicedaymybro joins the table at seat #6 
poker_soul11: calls $6
*** FLOP *** [Ac 6h 2h]
poker_soul11: checks 
InteRRio: bets $5.70
poker_soul11: calls $5.70
*** TURN *** [Ac 6h 2h] [5s]
poker_soul11: checks 
InteRRio: bets $21.30
poker_soul11: folds 
Uncalled bet ($21.30) returned to InteRRio
InteRRio collected $28.40 from pot
InteRRio: doesn't show hand 
*** SUMMARY ***
Total pot $29.40 | Rake $1 
Board [Ac 6h 2h 5s]
Seat 1: BenCampbel10 (button) folded before Flop (didn't bet)
Seat 3: poker_soul11 (small blind) folded on the Turn
Seat 5: InteRRio (big blind) collected ($28.40)



PokerStars Hand #254228035609:  Hold'em No Limit ($0.50/$1.00 USD) - 2025/01/06 14:48:20 WET [2025/01/06 9:48:20 ET]
Table 'Theobalda II' 6-max Seat #3 is the button
Seat 1: BenCampbel10 ($101.83 in chips) 
Seat 3: poker_soul11 ($192.63 in chips) 
Seat 5: InteRRio ($113.70 in chips) 
Seat 6: Nicedaymybro ($100 in chips) 
InteRRio: posts small blind $0.50
Nicedaymybro: posts big blind $1
*** HOLE CARDS ***
BenCampbel10: folds 
BenCampbel10 leaves the table
poker_soul11: raises $1.20 to $2.20
InteRRio: folds 
Nicedaymybro: folds 
Uncalled bet ($1.20) returned to poker_soul11
poker_soul11 collected $2.50 from pot
BenCampbel10 joins the table at seat #2 
poker_soul11: doesn't show hand 
*** SUMMARY ***
Total pot $2.50 | Rake $0 
Seat 1: BenCampbel10 folded before Flop (didn't bet)
Seat 3: poker_soul11 (button) collected ($2.50)
Seat 5: InteRRio (small blind) folded before Flop
Seat 6: Nicedaymybro (big blind) folded before Flop



PokerStars Hand #254228038230:  Hold'em No Limit ($0.50/$1.00 USD) - 2025/01/06 14:48:32 WET [2025/01/06 9:48:32 ET]
Table 'Theobalda II' 6-max Seat #5 is the button
Seat 2: BenCampbel10 ($101.83 in chips) 
Seat 3: poker_soul11 ($194.13 in chips) 
Seat 5: InteRRio ($113.20 in chips) 
Seat 6: Nicedaymybro ($100 in chips) 
Nicedaymybro: posts small blind $0.50
BenCampbel10: posts big blind $1
*** HOLE CARDS ***
poker_soul11: folds 
InteRRio: folds 
Nicedaymybro: folds 
Uncalled bet ($0.50) returned to BenCampbel10
BenCampbel10 collected $1 from pot
*** SUMMARY ***
Total pot $1 | Rake $0 
Seat 2: BenCampbel10 (big blind) collected ($1)
Seat 3: poker_soul11 folded before Flop (didn't bet)
Seat 5: InteRRio (button) folded before Flop (didn't bet)
Seat 6: Nicedaymybro (small blind) folded before Flop



PokerStars Hand #254228040107:  Hold'em No Limit ($0.50/$1.00 USD) - 2025/01/06 14:48:41 WET [2025/01/06 9:48:41 ET]
Table 'Theobalda II' 6-max Seat #6 is the button
Seat 2: BenCampbel10 ($102.33 in chips) 
Seat 3: poker_soul11 ($194.13 in chips) 
Seat 5: InteRRio ($113.20 in chips) 
Seat 6: Nicedaymybro ($100 in chips) 
BenCampbel10: posts small blind $0.50
poker_soul11: posts big blind $1
*** HOLE CARDS ***
InteRRio: folds 
Nicedaymybro: folds 
BenCampbel10: folds 
Uncalled bet ($0.50) returned to poker_soul11
poker_soul11 collected $1 from pot
poker_soul11: doesn't show hand 
*** SUMMARY ***
Total pot $1 | Rake $0 
Seat 2: BenCampbel10 (small blind) folded before Flop
Seat 3: poker_soul11 (big blind) collected ($1)
Seat 5: InteRRio folded before Flop (didn't bet)
Seat 6: Nicedaymybro (button) folded before Flop (didn't bet)



PokerStars Hand #254228042154:  Hold'em No Limit ($0.50/$1.00 USD) - 2025/01/06 14:48:51 WET [2025/01/06 9:48:51 ET]
Table 'Theobalda II' 6-max Seat #2 is the button
Seat 2: BenCampbel10 ($101.83 in chips) 
Seat 3: poker_soul11 ($194.63 in chips) 
Seat 5: InteRRio ($113.20 in chips) 
Seat 6: Nicedaymybro ($100 in chips) 
poker_soul11: posts small blind $0.50
InteRRio: posts big blind $1
*** HOLE CARDS ***
Nicedaymybro: raises $1.50 to $2.50
BenCampbel10: folds 
poker_soul11: folds 
InteRRio: folds 
Uncalled bet ($1.50) returned to Nicedaymybro
Nicedaymybro collected $2.50 from pot
Nicedaymybro: doesn't show hand 
*** SUMMARY ***
Total pot $2.50 | Rake $0 
Seat 2: BenCampbel10 (button) folded before Flop (didn't bet)
Seat 3: poker_soul11 (small blind) folded before Flop
Seat 5: InteRRio (big blind) folded before Flop
Seat 6: Nicedaymybro collected ($2.50)



PokerStars Hand #254228044954:  Hold'em No Limit ($0.50/$1.00 USD) - 2025/01/06 14:49:04 WET [2025/01/06 9:49:04 ET]
Table 'Theobalda II' 6-max Seat #3 is the button
Seat 2: BenCampbel10 ($101.83 in chips) 
Seat 3: poker_soul11 ($194.13 in chips) 
Seat 5: InteRRio ($112.20 in chips) 
Seat 6: Nicedaymybro ($101.50 in chips) 
InteRRio: posts small blind $0.50
Nicedaymybro: posts big blind $1
*** HOLE CARDS ***
BenCampbel10: folds 
poker_soul11: raises $1.20 to $2.20
InteRRio: folds 
Nicedaymybro: folds 
Uncalled bet ($1.20) returned to poker_soul11
poker_soul11 collected $2.50 from pot
poker_soul11: doesn't show hand 
*** SUMMARY ***
Total pot $2.50 | Rake $0 
Seat 2: BenCampbel10 folded before Flop (didn't bet)
Seat 3: poker_soul11 (button) collected ($2.50)
Seat 5: InteRRio (small blind) folded before Flop
Seat 6: Nicedaymybro (big blind) folded before Flop



PokerStars Hand #254228049112:  Hold'em No Limit ($0.50/$1.00 USD) - 2025/01/06 14:49:23 WET [2025/01/06 9:49:23 ET]
Table 'Theobalda II' 6-max Seat #5 is the button
Seat 2: BenCampbel10 ($101.83 in chips) 
Seat 3: poker_soul11 ($195.63 in chips) 
Seat 5: InteRRio ($111.70 in chips) 
Seat 6: Nicedaymybro ($100.50 in chips) 
Nicedaymybro: posts small blind $0.50
BenCampbel10: posts big blind $1
*** HOLE CARDS ***
poker_soul11: folds 
InteRRio: raises $1.50 to $2.50
Nicedaymybro: folds 
BenCampbel10: calls $1.50
*** FLOP *** [4h Kd 7c]
BenCampbel10: checks 
InteRRio: bets $1.50
joner74 joins the table at seat #4 
Zvst joins the table at seat #1 
BenCampbel10: calls $1.50
*** TURN *** [4h Kd 7c] [Th]
BenCampbel10: checks 
InteRRio: checks 
*** RIVER *** [4h Kd 7c Th] [Qh]
BenCampbel10: checks 
InteRRio: checks 
*** SHOW DOWN ***
BenCampbel10: shows [3d 3c] (a pair of Threes)
InteRRio: shows [As 7h] (a pair of Sevens)
InteRRio collected $8.08 from pot
*** SUMMARY ***
Total pot $8.50 | Rake $0.42 
Board [4h Kd 7c Th Qh]
Seat 2: BenCampbel10 (big blind) showed [3d 3c] and lost with a pair of Threes
Seat 3: poker_soul11 folded before Flop (didn't bet)
Seat 5: InteRRio (button) showed [As 7h] and won ($8.08) with a pair of Sevens
Seat 6: Nicedaymybro (small blind) folded before Flop



PokerStars Hand #254228062059:  Hold'em No Limit ($0.50/$1.00 USD) - 2025/01/06 14:50:23 WET [2025/01/06 9:50:23 ET]
Table 'Theobalda II' 6-max Seat #6 is the button
Seat 1: Zvst ($100 in chips) is sitting out
Seat 3: poker_soul11 ($195.63 in chips) is sitting out
Seat 2: BenCampbel10 ($100 in chips) 
Seat 4: joner74 ($100 in chips) 
Seat 5: InteRRio ($115.78 in chips) 
Seat 6: Nicedaymybro ($100 in chips) 
BenCampbel10: posts small blind $0.50
poker_soul11: is sitting out 
joner74: posts big blind $1
*** HOLE CARDS ***
InteRRio: folds 
Nicedaymybro: folds 
BenCampbel10: folds 
Uncalled bet ($0.50) returned to joner74
poker_soul11 leaves the table
joner74 collected $1 from pot
joner74: doesn't show hand 
*** SUMMARY ***
Total pot $1 | Rake $0 
Seat 1: Zvst
Seat 3: poker_soul11
Seat 2: BenCampbel10 (small blind) folded before Flop
Seat 4: joner74 (big blind) collected ($1)
Seat 5: InteRRio folded before Flop (didn't bet)
Seat 6: Nicedaymybro (button) folded before Flop (didn't bet)



PokerStars Hand #254228063723:  Hold'em No Limit ($0.50/$1.00 USD) - 2025/01/06 14:50:31 WET [2025/01/06 9:50:31 ET]
Table 'Theobalda II' 6-max Seat #2 is the button
Seat 1: Zvst ($100 in chips) is sitting out
Seat 5: InteRRio ($115.78 in chips) is sitting out
Seat 2: BenCampbel10 ($100 in chips) 
Seat 4: joner74 ($100.50 in chips) 
Seat 6: Nicedaymybro ($100 in chips) 
joner74: posts small blind $0.50
InteRRio: is sitting out 
Nicedaymybro: posts big blind $1
Zvst: sits out 
*** HOLE CARDS ***
InteRRio leaves the table
BenCampbel10: raises $1 to $2
joner74: folds 
Nicedaymybro: folds 
Uncalled bet ($1) returned to BenCampbel10
BenCampbel10 collected $2.50 from pot
*** SUMMARY ***
Total pot $2.50 | Rake $0 
Seat 1: Zvst
Seat 5: InteRRio
Seat 2: BenCampbel10 (button) collected ($2.50)
Seat 4: joner74 (small blind) folded before Flop
Seat 6: Nicedaymybro (big blind) folded before Flop



PokerStars Hand #254228066383:  Hold'em No Limit ($0.50/$1.00 USD) - 2025/01/06 14:50:43 WET [2025/01/06 9:50:43 ET]
Table 'Theobalda II' 6-max Seat #4 is the button
Seat 1: Zvst ($100 in chips) 
Seat 2: BenCampbel10 ($101.50 in chips) 
Seat 4: joner74 ($100 in chips) 
Seat 6: Nicedaymybro ($100 in chips) 
Nicedaymybro: posts small blind $0.50
Zvst: posts big blind $1
*** HOLE CARDS ***
BenCampbel10: folds 
BenCampbel10 leaves the table
joner74: raises $1.34 to $2.34
Nicedaymybro: folds 
BenCampbel10 joins the table at seat #3 
Zvst: folds 
Uncalled bet ($1.34) returned to joner74
joner74 collected $2.50 from pot
joner74: doesn't show hand 
*** SUMMARY ***
Total pot $2.50 | Rake $0 
Seat 1: Zvst (big blind) folded before Flop
Seat 2: BenCampbel10 folded before Flop (didn't bet)
Seat 4: joner74 (button) collected ($2.50)
Seat 6: Nicedaymybro (small blind) folded before Flop



PokerStars Hand #254228069855:  Hold'em No Limit ($0.50/$1.00 USD) - 2025/01/06 14:51:00 WET [2025/01/06 9:51:00 ET]
Table 'Theobalda II' 6-max Seat #6 is the button
Seat 1: Zvst ($100 in chips) 
Seat 3: BenCampbel10 ($101.50 in chips) 
Seat 4: joner74 ($101.50 in chips) 
Seat 6: Nicedaymybro ($100 in chips) 
Zvst: posts small blind $0.50
BenCampbel10: posts big blind $1
*** HOLE CARDS ***
joner74: folds 
Nicedaymybro: raises $1.50 to $2.50
Zvst: folds 
BenCampbel10: folds 
Uncalled bet ($1.50) returned to Nicedaymybro
Nicedaymybro collected $2.50 from pot
Nicedaymybro: doesn't show hand 
*** SUMMARY ***
Total pot $2.50 | Rake $0 
Seat 1: Zvst (small blind) folded before Flop
Seat 3: BenCampbel10 (big blind) folded before Flop
Seat 4: joner74 folded before Flop (didn't bet)
Seat 6: Nicedaymybro (button) collected ($2.50)



PokerStars Hand #254228074977:  Hold'em No Limit ($0.50/$1.00 USD) - 2025/01/06 14:51:24 WET [2025/01/06 9:51:24 ET]
Table 'Theobalda II' 6-max Seat #1 is the button
Seat 1: Zvst ($100 in chips) 
Seat 3: BenCampbel10 ($100.50 in chips) 
Seat 4: joner74 ($101.50 in chips) 
Seat 6: Nicedaymybro ($101.50 in chips) 
BenCampbel10: posts small blind $0.50
joner74: posts big blind $1
*** HOLE CARDS ***
Nicedaymybro: folds 
Zvst: raises $1.50 to $2.50
BenCampbel10: folds 
joner74: folds 
Uncalled bet ($1.50) returned to Zvst
Zvst collected $2.50 from pot
Zvst: doesn't show hand 
*** SUMMARY ***
Total pot $2.50 | Rake $0 
Seat 1: Zvst (button) collected ($2.50)
Seat 3: BenCampbel10 (small blind) folded before Flop
Seat 4: joner74 (big blind) folded before Flop
Seat 6: Nicedaymybro folded before Flop (didn't bet)



PokerStars Hand #254228077741:  Hold'em No Limit ($0.50/$1.00 USD) - 2025/01/06 14:51:36 WET [2025/01/06 9:51:36 ET]
Table 'Theobalda II' 6-max Seat #3 is the button
Seat 1: Zvst ($101.50 in chips) 
Seat 3: BenCampbel10 ($100 in chips) 
Seat 4: joner74 ($100.50 in chips) 
Seat 6: Nicedaymybro ($101.50 in chips) 
joner74: posts small blind $0.50
Nicedaymybro: posts big blind $1
*** HOLE CARDS ***
Zvst: folds 
BenCampbel10: folds 
Zvst leaves the table
joner74: raises $1.33 to $2.33
Nicedaymybro: calls $1.33
*** FLOP *** [6s Jh Qs]
joner74: bets $2.50
Nicedaymybro: calls $2.50
*** TURN *** [6s Jh Qs] [2d]
joner74: bets $5.99
Nicedaymybro: calls $5.99
*** RIVER *** [6s Jh Qs 2d] [4d]
joner74: bets $17
Nicedaymybro: folds 
Uncalled bet ($17) returned to joner74
joner74 collected $20.64 from pot
joner74: doesn't show hand 
*** SUMMARY ***
Total pot $21.64 | Rake $1 
Board [6s Jh Qs 2d 4d]
Seat 1: Zvst folded before Flop (didn't bet)
Seat 3: BenCampbel10 (button) folded before Flop (didn't bet)
Seat 4: joner74 (small blind) collected ($20.64)
Seat 6: Nicedaymybro (big blind) folded on the River



PokerStars Hand #254228090110:  Hold'em No Limit ($0.50/$1.00 USD) - 2025/01/06 14:52:34 WET [2025/01/06 9:52:34 ET]
Table 'Theobalda II' 6-max Seat #4 is the button
Seat 3: BenCampbel10 ($100 in chips) 
Seat 4: joner74 ($110.32 in chips) 
Seat 6: Nicedaymybro ($100 in chips) 
Nicedaymybro: posts small blind $0.50
BenCampbel10: posts big blind $1
*** HOLE CARDS ***
joner74: folds 
Nicedaymybro: raises $2 to $3
BenCampbel10: folds 
Uncalled bet ($2) returned to Nicedaymybro
Nicedaymybro collected $2 from pot
Nicedaymybro: doesn't show hand 
*** SUMMARY ***
Total pot $2 | Rake $0 
Seat 3: BenCampbel10 (big blind) folded before Flop
Seat 4: joner74 (button) folded before Flop (didn't bet)
Seat 6: Nicedaymybro (small blind) collected ($2)



PokerStars Hand #254228093264:  Hold'em No Limit ($0.50/$1.00 USD) - 2025/01/06 14:52:48 WET [2025/01/06 9:52:48 ET]
Table 'Theobalda II' 6-max Seat #6 is the button
Seat 3: BenCampbel10 ($100 in chips) 
Seat 4: joner74 ($110.32 in chips) 
Seat 6: Nicedaymybro ($101 in chips) 
BenCampbel10: posts small blind $0.50
joner74: posts big blind $1
*** HOLE CARDS ***
Nicedaymybro: raises $1.50 to $2.50
BenCampbel10: folds 
joner74: folds 
Uncalled bet ($1.50) returned to Nicedaymybro
Nicedaymybro collected $2.50 from pot
Nicedaymybro: doesn't show hand 
*** SUMMARY ***
Total pot $2.50 | Rake $0 
Seat 3: BenCampbel10 (small blind) folded before Flop
Seat 4: joner74 (big blind) folded before Flop
Seat 6: Nicedaymybro (button) collected ($2.50)



PokerStars Hand #254228095869:  Hold'em No Limit ($0.50/$1.00 USD) - 2025/01/06 14:53:01 WET [2025/01/06 9:53:01 ET]
Table 'Theobalda II' 6-max Seat #3 is the button
Seat 3: BenCampbel10 ($100 in chips) 
Seat 4: joner74 ($109.32 in chips) 
Seat 6: Nicedaymybro ($102.50 in chips) 
joner74: posts small blind $0.50
Nicedaymybro: posts big blind $1
*** HOLE CARDS ***
BenCampbel10: raises $1 to $2
joner74: folds 
Nicedaymybro: folds 
Uncalled bet ($1) returned to BenCampbel10
BenCampbel10 collected $2.50 from pot
BenCampbel10: doesn't show hand 
*** SUMMARY ***
Total pot $2.50 | Rake $0 
Seat 3: BenCampbel10 (button) collected ($2.50)
Seat 4: joner74 (small blind) folded before Flop
Seat 6: Nicedaymybro (big blind) folded before Flop



PokerStars Hand #254228097830:  Hold'em No Limit ($0.50/$1.00 USD) - 2025/01/06 14:53:10 WET [2025/01/06 9:53:10 ET]
Table 'Theobalda II' 6-max Seat #4 is the button
Seat 3: BenCampbel10 ($101.50 in chips) 
Seat 4: joner74 ($108.82 in chips) 
Seat 6: Nicedaymybro ($101.50 in chips) 
Nicedaymybro: posts small blind $0.50
BenCampbel10: posts big blind $1
*** HOLE CARDS ***
joner74: raises $1.34 to $2.34
Nicedaymybro: folds 
BenCampbel10: calls $1.34
*** FLOP *** [4h 8s Kd]
BenCampbel10: checks 
joner74: bets $2.76
BenCampbel10: folds 
Uncalled bet ($2.76) returned to joner74
joner74 collected $4.92 from pot
joner74: doesn't show hand 
*** SUMMARY ***
Total pot $5.18 | Rake $0.26 
Board [4h 8s Kd]
Seat 3: BenCampbel10 (big blind) folded on the Flop
Seat 4: joner74 (button) collected ($4.92)
Seat 6: Nicedaymybro (small blind) folded before Flop



PokerStars Hand #254228105057:  Hold'em No Limit ($0.50/$1.00 USD) - 2025/01/06 14:53:44 WET [2025/01/06 9:53:44 ET]
Table 'Theobalda II' 6-max Seat #6 is the button
Seat 3: BenCampbel10 ($100 in chips) 
Seat 4: joner74 ($111.40 in chips) 
Seat 6: Nicedaymybro ($101 in chips) 
BenCampbel10: posts small blind $0.50
joner74: posts big blind $1
*** HOLE CARDS ***
Nicedaymybro: raises $1.50 to $2.50
BenCampbel10: folds 
joner74: folds 
Uncalled bet ($1.50) returned to Nicedaymybro
Nicedaymybro collected $2.50 from pot
Nicedaymybro: doesn't show hand 
*** SUMMARY ***
Total pot $2.50 | Rake $0 
Seat 3: BenCampbel10 (small blind) folded before Flop
Seat 4: joner74 (big blind) folded before Flop
Seat 6: Nicedaymybro (button) collected ($2.50)



PokerStars Hand #254228106759:  Hold'em No Limit ($0.50/$1.00 USD) - 2025/01/06 14:53:52 WET [2025/01/06 9:53:52 ET]
Table 'Theobalda II' 6-max Seat #3 is the button
Seat 3: BenCampbel10 ($100 in chips) 
Seat 4: joner74 ($110.40 in chips) 
Seat 6: Nicedaymybro ($102.50 in chips) 
joner74: posts small blind $0.50
Nicedaymybro: posts big blind $1
*** HOLE CARDS ***
BenCampbel10: raises $1 to $2
joner74: folds 
Nicedaymybro: calls $1
*** FLOP *** [4s 8c 9s]
Nicedaymybro: checks 
BenCampbel10: checks 
*** TURN *** [4s 8c 9s] [8s]
Nicedaymybro: bets $1.41
BenCampbel10: calls $1.41
*** RIVER *** [4s 8c 9s 8s] [Kc]
Nicedaymybro: bets $5.21
BenCampbel10: calls $5.21
*** SHOW DOWN ***
Nicedaymybro: shows [8d Th] (three of a kind, Eights)
BenCampbel10: mucks hand 
Nicedaymybro collected $16.85 from pot
*** SUMMARY ***
Total pot $17.74 | Rake $0.89 
Board [4s 8c 9s 8s Kc]
Seat 3: BenCampbel10 (button) mucked
Seat 4: joner74 (small blind) folded before Flop
Seat 6: Nicedaymybro (big blind) showed [8d Th] and won ($16.85) with three of a kind, Eights



PokerStars Hand #254228113663:  Hold'em No Limit ($0.50/$1.00 USD) - 2025/01/06 14:54:24 WET [2025/01/06 9:54:24 ET]
Table 'Theobalda II' 6-max Seat #4 is the button
Seat 3: BenCampbel10 ($100 in chips) 
Seat 4: joner74 ($109.90 in chips) 
Seat 6: Nicedaymybro ($110.73 in chips) 
Nicedaymybro: posts small blind $0.50
BenCampbel10: posts big blind $1
*** HOLE CARDS ***
joner74: folds 
Nicedaymybro: raises $2 to $3
BenCampbel10: folds 
Uncalled bet ($2) returned to Nicedaymybro
Nicedaymybro collected $2 from pot
Nicedaymybro: doesn't show hand 
*** SUMMARY ***
Total pot $2 | Rake $0 
Seat 3: BenCampbel10 (big blind) folded before Flop
Seat 4: joner74 (button) folded before Flop (didn't bet)
Seat 6: Nicedaymybro (small blind) collected ($2)



PokerStars Hand #254228116585:  Hold'em No Limit ($0.50/$1.00 USD) - 2025/01/06 14:54:38 WET [2025/01/06 9:54:38 ET]
Table 'Theobalda II' 6-max Seat #6 is the button
Seat 3: BenCampbel10 ($100 in chips) 
Seat 4: joner74 ($109.90 in chips) 
Seat 6: Nicedaymybro ($111.73 in chips) 
BenCampbel10: posts small blind $0.50
joner74: posts big blind $1
*** HOLE CARDS ***
Nicedaymybro: raises $1.50 to $2.50
BenCampbel10: folds 
joner74: folds 
Uncalled bet ($1.50) returned to Nicedaymybro
Nicedaymybro collected $2.50 from pot
Nicedaymybro: doesn't show hand 
*** SUMMARY ***
Total pot $2.50 | Rake $0 
Seat 3: BenCampbel10 (small blind) folded before Flop
Seat 4: joner74 (big blind) folded before Flop
Seat 6: Nicedaymybro (button) collected ($2.50)



PokerStars Hand #254228118630:  Hold'em No Limit ($0.50/$1.00 USD) - 2025/01/06 14:54:47 WET [2025/01/06 9:54:47 ET]
Table 'Theobalda II' 6-max Seat #3 is the button
Seat 3: BenCampbel10 ($100 in chips) 
Seat 4: joner74 ($108.90 in chips) 
Seat 6: Nicedaymybro ($113.23 in chips) 
joner74: posts small blind $0.50
Nicedaymybro: posts big blind $1
*** HOLE CARDS ***
BenCampbel10: folds 
joner74: raises $1.50 to $2.50
Nicedaymybro: calls $1.50
*** FLOP *** [Ks 2d Qc]
joner74: checks 
Nicedaymybro: checks 
*** TURN *** [Ks 2d Qc] [Jh]
joner74: checks 
Nicedaymybro: bets $2.38
joner74: folds 
Uncalled bet ($2.38) returned to Nicedaymybro
Nicedaymybro collected $4.75 from pot
Nicedaymybro: doesn't show hand 
*** SUMMARY ***
Total pot $5 | Rake $0.25 
Board [Ks 2d Qc Jh]
Seat 3: BenCampbel10 (button) folded before Flop (didn't bet)
Seat 4: joner74 (small blind) folded on the Turn
Seat 6: Nicedaymybro (big blind) collected ($4.75)



PokerStars Hand #254228124279:  Hold'em No Limit ($0.50/$1.00 USD) - 2025/01/06 14:55:14 WET [2025/01/06 9:55:14 ET]
Table 'Theobalda II' 6-max Seat #4 is the button
Seat 3: BenCampbel10 ($100 in chips) 
Seat 4: joner74 ($106.40 in chips) 
Seat 6: Nicedaymybro ($115.48 in chips) 
Nicedaymybro: posts small blind $0.50
BenCampbel10: posts big blind $1
*** HOLE CARDS ***
joner74: raises $1.35 to $2.35
Nicedaymybro: raises $8.65 to $11
BenCampbel10: folds 
joner74: raises $95.40 to $106.40 and is all-in
Nicedaymybro: folds 
Uncalled bet ($95.40) returned to joner74
joner74 collected $23 from pot
joner74: doesn't show hand 
*** SUMMARY ***
Total pot $23 | Rake $0 
Seat 3: BenCampbel10 (big blind) folded before Flop
Seat 4: joner74 (button) collected ($23)
Seat 6: Nicedaymybro (small blind) folded before Flop



PokerStars Hand #254228127986:  Hold'em No Limit ($0.50/$1.00 USD) - 2025/01/06 14:55:35 WET [2025/01/06 9:55:35 ET]
Table 'Theobalda II' 6-max Seat #6 is the button
Seat 3: BenCampbel10 ($100 in chips) 
Seat 4: joner74 ($118.40 in chips) 
Seat 6: Nicedaymybro ($104.48 in chips) 
BenCampbel10: posts small blind $0.50
joner74: posts big blind $1
*** HOLE CARDS ***
Nicedaymybro: folds 
BenCampbel10: raises $1.50 to $2.50
joner74: calls $1.50
*** FLOP *** [4s 3h 6d]
BenCampbel10: checks 
joner74: checks 
*** TURN *** [4s 3h 6d] [Qh]
BenCampbel10: bets $2.38
joner74: folds 
Uncalled bet ($2.38) returned to BenCampbel10
BenCampbel10 collected $4.75 from pot
*** SUMMARY ***
Total pot $5 | Rake $0.25 
Board [4s 3h 6d Qh]
Seat 3: BenCampbel10 (small blind) collected ($4.75)
Seat 4: joner74 (big blind) folded on the Turn
Seat 6: Nicedaymybro (button) folded before Flop (didn't bet)



PokerStars Hand #254228133237:  Hold'em No Limit ($0.50/$1.00 USD) - 2025/01/06 14:56:06 WET [2025/01/06 9:56:06 ET]
Table 'Theobalda II' 6-max Seat #3 is the button
Seat 3: BenCampbel10 ($102.25 in chips) 
Seat 4: joner74 ($115.90 in chips) 
Seat 6: Nicedaymybro ($104.48 in chips) 
joner74: posts small blind $0.50
Nicedaymybro: posts big blind $1
*** HOLE CARDS ***
BenCampbel10: raises $1 to $2
joner74: folds 
Nicedaymybro: folds 
Uncalled bet ($1) returned to BenCampbel10
BenCampbel10 collected $2.50 from pot
*** SUMMARY ***
Total pot $2.50 | Rake $0 
Seat 3: BenCampbel10 (button) collected ($2.50)
Seat 4: joner74 (small blind) folded before Flop
Seat 6: Nicedaymybro (big blind) folded before Flop



PokerStars Hand #254228134800:  Hold'em No Limit ($0.50/$1.00 USD) - 2025/01/06 14:56:15 WET [2025/01/06 9:56:15 ET]
Table 'Theobalda II' 6-max Seat #4 is the button
Seat 3: BenCampbel10 ($103.75 in chips) 
Seat 4: joner74 ($115.40 in chips) 
Seat 6: Nicedaymybro ($103.48 in chips) 
Nicedaymybro: posts small blind $0.50
BenCampbel10: posts big blind $1
*** HOLE CARDS ***
joner74: raises $1.50 to $2.50
Nicedaymybro: folds 
BenCampbel10: folds 
Uncalled bet ($1.50) returned to joner74
joner74 collected $2.50 from pot
joner74: doesn't show hand 
*** SUMMARY ***
Total pot $2.50 | Rake $0 
Seat 3: BenCampbel10 (big blind) folded before Flop
Seat 4: joner74 (button) collected ($2.50)
Seat 6: Nicedaymybro (small blind) folded before Flop



PokerStars Hand #254228137360:  Hold'em No Limit ($0.50/$1.00 USD) - 2025/01/06 14:56:30 WET [2025/01/06 9:56:30 ET]
Table 'Theobalda II' 6-max Seat #6 is the button
Seat 3: BenCampbel10 ($102.75 in chips) 
Seat 4: joner74 ($116.90 in chips) 
Seat 6: Nicedaymybro ($102.98 in chips) 
BenCampbel10: posts small blind $0.50
joner74: posts big blind $1
*** HOLE CARDS ***
Nicedaymybro: raises $1.50 to $2.50
BenCampbel10: raises $9 to $11.50
joner74: calls $10.50
Nicedaymybro: folds 
*** FLOP *** [2d Td 3d]
BenCampbel10: checks 
joner74: checks 
*** TURN *** [2d Td 3d] [9d]
BenCampbel10: checks 
joner74: checks 
*** RIVER *** [2d Td 3d 9d] [Ks]
BenCampbel10: bets $16.30
joner74: calls $16.30
*** SHOW DOWN ***
BenCampbel10: shows [Kc Kh] (three of a kind, Kings)
joner74: shows [As Qd] (a flush, Queen high)
joner74 collected $57.10 from pot
*** SUMMARY ***
Total pot $58.10 | Rake $1 
Board [2d Td 3d 9d Ks]
Seat 3: BenCampbel10 (small blind) showed [Kc Kh] and lost with three of a kind, Kings
Seat 4: joner74 (big blind) showed [As Qd] and won ($57.10) with a flush, Queen high
Seat 6: Nicedaymybro (button) folded before Flop



PokerStars Hand #254228147517:  Hold'em No Limit ($0.50/$1.00 USD) - 2025/01/06 14:57:27 WET [2025/01/06 9:57:27 ET]
Table 'Theobalda II' 6-max Seat #3 is the button
Seat 3: BenCampbel10 ($100 in chips) 
Seat 4: joner74 ($146.20 in chips) 
Seat 6: Nicedaymybro ($100.48 in chips) 
joner74: posts small blind $0.50
Nicedaymybro: posts big blind $1
*** HOLE CARDS ***
BenCampbel10: raises $1 to $2
joner74: folds 
kingkonk123 joins the table at seat #1 
gudrozd joins the table at seat #2 
Nicedaymybro: calls $1
*** FLOP *** [Jc 4s Qc]
Nicedaymybro: checks 
BenCampbel10: checks 
*** TURN *** [Jc 4s Qc] [6s]
Nicedaymybro: bets $3.21
InteRRio joins the table at seat #5 
BenCampbel10: calls $3.21
*** RIVER *** [Jc 4s Qc 6s] [Td]
Nicedaymybro: bets $7.80
BenCampbel10: raises $14.99 to $22.79
Nicedaymybro: folds 
Uncalled bet ($14.99) returned to BenCampbel10
BenCampbel10 collected $25.52 from pot
BenCampbel10: doesn't show hand 
*** SUMMARY ***
Total pot $26.52 | Rake $1 
Board [Jc 4s Qc 6s Td]
Seat 3: BenCampbel10 (button) collected ($25.52)
Seat 4: joner74 (small blind) folded before Flop
Seat 6: Nicedaymybro (big blind) folded on the River



PokerStars Hand #254228158999:  Hold'em No Limit ($0.50/$1.00 USD) - 2025/01/06 14:58:33 WET [2025/01/06 9:58:33 ET]
Table 'Theobalda II' 6-max Seat #4 is the button
Seat 2: gudrozd ($100 in chips) is sitting out
Seat 5: InteRRio ($115.78 in chips) is sitting out
Seat 1: kingkonk123 ($100 in chips) 
Seat 3: BenCampbel10 ($112.51 in chips) 
Seat 4: joner74 ($145.70 in chips) 
Seat 6: Nicedaymybro ($100 in chips) 
Nicedaymybro: posts small blind $0.50
kingkonk123: posts big blind $1
gudrozd: sits out 
*** HOLE CARDS ***
BenCampbel10: folds 
joner74: folds 
Nicedaymybro: folds 
Uncalled bet ($0.50) returned to kingkonk123
kingkonk123 collected $1 from pot
kingkonk123: doesn't show hand 
*** SUMMARY ***
Total pot $1 | Rake $0 
Seat 2: gudrozd
Seat 5: InteRRio
Seat 1: kingkonk123 (big blind) collected ($1)
Seat 3: BenCampbel10 folded before Flop (didn't bet)
Seat 4: joner74 (button) folded before Flop (didn't bet)
Seat 6: Nicedaymybro (small blind) folded before Flop



PokerStars Hand #254228160304:  Hold'em No Limit ($0.50/$1.00 USD) - 2025/01/06 14:58:40 WET [2025/01/06 9:58:40 ET]
Table 'Theobalda II' 6-max Seat #6 is the button
Seat 5: InteRRio ($115.78 in chips) is sitting out
Seat 1: kingkonk123 ($100.50 in chips) 
Seat 2: gudrozd ($100 in chips) 
Seat 3: BenCampbel10 ($112.51 in chips) 
Seat 4: joner74 ($145.70 in chips) 
Seat 6: Nicedaymybro ($100 in chips) 
kingkonk123: posts small blind $0.50
gudrozd: posts big blind $1
InteRRio: sits out 
*** HOLE CARDS ***
BenCampbel10: folds 
joner74: folds 
Nicedaymybro: folds 
kingkonk123: folds 
Uncalled bet ($0.50) returned to gudrozd
gudrozd collected $1 from pot
gudrozd: doesn't show hand 
*** SUMMARY ***
Total pot $1 | Rake $0 
Seat 5: InteRRio
Seat 1: kingkonk123 (small blind) folded before Flop
Seat 2: gudrozd (big blind) collected ($1)
Seat 3: BenCampbel10 folded before Flop (didn't bet)
Seat 4: joner74 folded before Flop (didn't bet)
Seat 6: Nicedaymybro (button) folded before Flop (didn't bet)



PokerStars Hand #254228162563:  Hold'em No Limit ($0.50/$1.00 USD) - 2025/01/06 14:58:53 WET [2025/01/06 9:58:53 ET]
Table 'Theobalda II' 6-max Seat #1 is the button
Seat 5: InteRRio ($115.78 in chips) is sitting out
Seat 1: kingkonk123 ($100 in chips) 
Seat 2: gudrozd ($100.50 in chips) 
Seat 3: BenCampbel10 ($112.51 in chips) 
Seat 4: joner74 ($145.70 in chips) 
Seat 6: Nicedaymybro ($100 in chips) 
gudrozd: posts small blind $0.50
BenCampbel10: posts big blind $1
InteRRio: sits out 
*** HOLE CARDS ***
joner74: folds 
Nicedaymybro: folds 
kingkonk123: folds 
gudrozd: folds 
Uncalled bet ($0.50) returned to BenCampbel10
BenCampbel10 collected $1 from pot
BenCampbel10: doesn't show hand 
*** SUMMARY ***
Total pot $1 | Rake $0 
Seat 5: InteRRio
Seat 1: kingkonk123 (button) folded before Flop (didn't bet)
Seat 2: gudrozd (small blind) folded before Flop
Seat 3: BenCampbel10 (big blind) collected ($1)
Seat 4: joner74 folded before Flop (didn't bet)
Seat 6: Nicedaymybro folded before Flop (didn't bet)



PokerStars Hand #254228164891:  Hold'em No Limit ($0.50/$1.00 USD) - 2025/01/06 14:59:06 WET [2025/01/06 9:59:06 ET]
Table 'Theobalda II' 6-max Seat #2 is the button
Seat 5: InteRRio ($115.78 in chips) is sitting out
Seat 1: kingkonk123 ($100 in chips) 
Seat 2: gudrozd ($100 in chips) 
Seat 3: BenCampbel10 ($113.01 in chips) 
Seat 4: joner74 ($145.70 in chips) 
Seat 6: Nicedaymybro ($100 in chips) 
BenCampbel10: posts small blind $0.50
joner74: posts big blind $1
InteRRio: sits out 
*** HOLE CARDS ***
Nicedaymybro: raises $1.50 to $2.50
kingkonk123: folds 
gudrozd: folds 
BenCampbel10: folds 
joner74: folds 
Uncalled bet ($1.50) returned to Nicedaymybro
Nicedaymybro collected $2.50 from pot
Nicedaymybro: doesn't show hand 
*** SUMMARY ***
Total pot $2.50 | Rake $0 
Seat 5: InteRRio
Seat 1: kingkonk123 folded before Flop (didn't bet)
Seat 2: gudrozd (button) folded before Flop (didn't bet)
Seat 3: BenCampbel10 (small blind) folded before Flop
Seat 4: joner74 (big blind) folded before Flop
Seat 6: Nicedaymybro collected ($2.50)



PokerStars Hand #254228166785:  Hold'em No Limit ($0.50/$1.00 USD) - 2025/01/06 14:59:17 WET [2025/01/06 9:59:17 ET]
Table 'Theobalda II' 6-max Seat #3 is the button
Seat 1: kingkonk123 ($100 in chips) 
Seat 2: gudrozd ($100 in chips) 
Seat 3: BenCampbel10 ($112.51 in chips) 
Seat 4: joner74 ($144.70 in chips) 
Seat 5: InteRRio ($115.78 in chips) 
Seat 6: Nicedaymybro ($101.50 in chips) 
joner74: posts small blind $0.50
InteRRio: posts big blind $1
*** HOLE CARDS ***
Nicedaymybro: raises $1.50 to $2.50
kingkonk123: folds 
gudrozd: folds 
BenCampbel10: folds 
joner74: folds 
InteRRio: folds 
Uncalled bet ($1.50) returned to Nicedaymybro
Nicedaymybro collected $2.50 from pot
Nicedaymybro: doesn't show hand 
*** SUMMARY ***
Total pot $2.50 | Rake $0 
Seat 1: kingkonk123 folded before Flop (didn't bet)
Seat 2: gudrozd folded before Flop (didn't bet)
Seat 3: BenCampbel10 (button) folded before Flop (didn't bet)
Seat 4: joner74 (small blind) folded before Flop
Seat 5: InteRRio (big blind) folded before Flop
Seat 6: Nicedaymybro collected ($2.50)



PokerStars Hand #254228168909:  Hold'em No Limit ($0.50/$1.00 USD) - 2025/01/06 14:59:29 WET [2025/01/06 9:59:29 ET]
Table 'Theobalda II' 6-max Seat #4 is the button
Seat 6: Nicedaymybro ($103 in chips) is sitting out
Seat 1: kingkonk123 ($100 in chips) 
Seat 2: gudrozd ($100 in chips) 
Seat 3: BenCampbel10 ($112.51 in chips) 
Seat 4: joner74 ($144.20 in chips) 
Seat 5: InteRRio ($114.78 in chips) 
InteRRio: posts small blind $0.50
Nicedaymybro: is sitting out 
kingkonk123: posts big blind $1
*** HOLE CARDS ***
Nicedaymybro leaves the table
gudrozd: folds 
BenCampbel10: folds 
joner74: folds 
InteRRio: raises $2 to $3
kingkonk123: folds 
Uncalled bet ($2) returned to InteRRio
InteRRio collected $2 from pot
InteRRio: doesn't show hand 
*** SUMMARY ***
Total pot $2 | Rake $0 
Seat 6: Nicedaymybro
Seat 1: kingkonk123 (big blind) folded before Flop
Seat 2: gudrozd folded before Flop (didn't bet)
Seat 3: BenCampbel10 folded before Flop (didn't bet)
Seat 4: joner74 (button) folded before Flop (didn't bet)
Seat 5: InteRRio (small blind) collected ($2)



PokerStars Hand #254228171171:  Hold'em No Limit ($0.50/$1.00 USD) - 2025/01/06 14:59:42 WET [2025/01/06 9:59:42 ET]
Table 'Theobalda II' 6-max Seat #5 is the button
Seat 1: kingkonk123 ($100 in chips) 
Seat 2: gudrozd ($100 in chips) 
Seat 3: BenCampbel10 ($112.51 in chips) 
Seat 4: joner74 ($144.20 in chips) 
Seat 5: InteRRio ($115.78 in chips) 
kingkonk123: posts small blind $0.50
gudrozd: posts big blind $1
*** HOLE CARDS ***
BenCampbel10: folds 
joner74: folds 
InteRRio: folds 
kingkonk123: folds 
Uncalled bet ($0.50) returned to gudrozd
gudrozd collected $1 from pot
gudrozd: doesn't show hand 
*** SUMMARY ***
Total pot $1 | Rake $0 
Seat 1: kingkonk123 (small blind) folded before Flop
Seat 2: gudrozd (big blind) collected ($1)
Seat 3: BenCampbel10 folded before Flop (didn't bet)
Seat 4: joner74 folded before Flop (didn't bet)
Seat 5: InteRRio (button) folded before Flop (didn't bet)



PokerStars Hand #254228173288:  Hold'em No Limit ($0.50/$1.00 USD) - 2025/01/06 14:59:54 WET [2025/01/06 9:59:54 ET]
Table 'Theobalda II' 6-max Seat #1 is the button
Seat 1: kingkonk123 ($100 in chips) 
Seat 2: gudrozd ($100.50 in chips) 
Seat 3: BenCampbel10 ($112.51 in chips) 
Seat 4: joner74 ($144.20 in chips) 
Seat 5: InteRRio ($115.78 in chips) 
gudrozd: posts small blind $0.50
BenCampbel10: posts big blind $1
*** HOLE CARDS ***
joner74: folds 
InteRRio: folds 
kingkonk123: folds 
gudrozd: folds 
Uncalled bet ($0.50) returned to BenCampbel10
BenCampbel10 collected $1 from pot
*** SUMMARY ***
Total pot $1 | Rake $0 
Seat 1: kingkonk123 (button) folded before Flop (didn't bet)
Seat 2: gudrozd (small blind) folded before Flop
Seat 3: BenCampbel10 (big blind) collected ($1)
Seat 4: joner74 folded before Flop (didn't bet)
Seat 5: InteRRio folded before Flop (didn't bet)



PokerStars Hand #254228175049:  Hold'em No Limit ($0.50/$1.00 USD) - 2025/01/06 15:00:04 WET [2025/01/06 10:00:04 ET]
Table 'Theobalda II' 6-max Seat #2 is the button
Seat 1: kingkonk123 ($100 in chips) 
Seat 2: gudrozd ($100 in chips) 
Seat 3: BenCampbel10 ($113.01 in chips) 
Seat 4: joner74 ($144.20 in chips) 
Seat 5: InteRRio ($115.78 in chips) 
BenCampbel10: posts small blind $0.50
joner74: posts big blind $1
*** HOLE CARDS ***
InteRRio: folds 
kingkonk123: raises $1.50 to $2.50
gudrozd: folds 
BenCampbel10: folds 
joner74: calls $1.50
*** FLOP *** [Qs 6c Tc]
joner74: checks 
kingkonk123: bets $6.26
poker_soul11 joins the table at seat #6 
joner74: folds 
Uncalled bet ($6.26) returned to kingkonk123
kingkonk123 collected $5.22 from pot
kingkonk123: doesn't show hand 
*** SUMMARY ***
Total pot $5.50 | Rake $0.28 
Board [Qs 6c Tc]
Seat 1: kingkonk123 collected ($5.22)
Seat 2: gudrozd (button) folded before Flop (didn't bet)
Seat 3: BenCampbel10 (small blind) folded before Flop
Seat 4: joner74 (big blind) folded on the Flop
Seat 5: InteRRio folded before Flop (didn't bet)



PokerStars Hand #254228179149:  Hold'em No Limit ($0.50/$1.00 USD) - 2025/01/06 15:00:27 WET [2025/01/06 10:00:27 ET]
Table 'Theobalda II' 6-max Seat #3 is the button
Seat 5: InteRRio ($115.78 in chips) is sitting out
Seat 1: kingkonk123 ($102.72 in chips) 
Seat 2: gudrozd ($100 in chips) 
Seat 3: BenCampbel10 ($112.51 in chips) 
Seat 4: joner74 ($141.70 in chips) 
Seat 6: poker_soul11 ($195.63 in chips) 
joner74: posts small blind $0.50
InteRRio: is sitting out 
poker_soul11: posts big blind $1
*** HOLE CARDS ***
kingkonk123: folds 
gudrozd: raises $1.50 to $2.50
BenCampbel10: raises $5 to $7.50
joner74: folds 
poker_soul11: folds 
gudrozd: raises $13.50 to $21
BenCampbel10: calls $13.50
*** FLOP *** [2h 4c 9h]
gudrozd: checks 
BenCampbel10: checks 
*** TURN *** [2h 4c 9h] [7c]
gudrozd: bets $18
BenCampbel10: calls $18
*** RIVER *** [2h 4c 9h 7c] [5c]
gudrozd: bets $61 and is all-in
InteRRio leaves the table
BenCampbel10: folds 
Uncalled bet ($61) returned to gudrozd
gudrozd collected $77 from pot
gudrozd: doesn't show hand 
*** SUMMARY ***
Total pot $79.50 | Rake $2.50 
Board [2h 4c 9h 7c 5c]
Seat 5: InteRRio
Seat 1: kingkonk123 folded before Flop (didn't bet)
Seat 2: gudrozd collected ($77)
Seat 3: BenCampbel10 (button) folded on the River
Seat 4: joner74 (small blind) folded before Flop
Seat 6: poker_soul11 (big blind) folded before Flop



PokerStars Hand #254228202866:  Hold'em No Limit ($0.50/$1.00 USD) - 2025/01/06 15:02:26 WET [2025/01/06 10:02:26 ET]
Table 'Theobalda II' 6-max Seat #4 is the button
Seat 1: kingkonk123 ($102.72 in chips) 
Seat 2: gudrozd ($138 in chips) 
Seat 3: BenCampbel10 ($100 in chips) 
Seat 4: joner74 ($141.20 in chips) 
Seat 6: poker_soul11 ($194.63 in chips) 
poker_soul11: posts small blind $0.50
kingkonk123: posts big blind $1
*** HOLE CARDS ***
gudrozd: folds 
BenCampbel10: raises $1 to $2
joner74: calls $2
poker_soul11: folds 
kingkonk123: folds 
*** FLOP *** [9h 8h Js]
BenCampbel10: checks 
joner74: checks 
*** TURN *** [9h 8h Js] [Kc]
BenCampbel10: checks 
joner74: checks 
*** RIVER *** [9h 8h Js Kc] [4s]
janarr5 joins the table at seat #5 
BenCampbel10: checks 
joner74: bets $5.22
BenCampbel10: folds 
Uncalled bet ($5.22) returned to joner74
joner74 collected $5.22 from pot
joner74: doesn't show hand 
*** SUMMARY ***
Total pot $5.50 | Rake $0.28 
Board [9h 8h Js Kc 4s]
Seat 1: kingkonk123 (big blind) folded before Flop
Seat 2: gudrozd folded before Flop (didn't bet)
Seat 3: BenCampbel10 folded on the River
Seat 4: joner74 (button) collected ($5.22)
Seat 6: poker_soul11 (small blind) folded before Flop



PokerStars Hand #254228218860:  Hold'em No Limit ($0.50/$1.00 USD) - 2025/01/06 15:03:41 WET [2025/01/06 10:03:41 ET]
Table 'Theobalda II' 6-max Seat #6 is the button
Seat 2: gudrozd ($138 in chips) is sitting out
Seat 5: janarr5 ($100 in chips) is sitting out
Seat 1: kingkonk123 ($101.72 in chips) 
Seat 3: BenCampbel10 ($100 in chips) 
Seat 4: joner74 ($144.42 in chips) 
Seat 6: poker_soul11 ($194.13 in chips) 
kingkonk123: posts small blind $0.50
gudrozd: is sitting out 
BenCampbel10: posts big blind $1
janarr5: sits out 
*** HOLE CARDS ***
joner74: folds 
gudrozd leaves the table
poker_soul11: raises $1.20 to $2.20
kingkonk123: folds 
BenCampbel10: folds 
Uncalled bet ($1.20) returned to poker_soul11
poker_soul11 collected $2.50 from pot
poker_soul11: doesn't show hand 
*** SUMMARY ***
Total pot $2.50 | Rake $0 
Seat 2: gudrozd
Seat 5: janarr5
Seat 1: kingkonk123 (small blind) folded before Flop
Seat 3: BenCampbel10 (big blind) folded before Flop
Seat 4: joner74 folded before Flop (didn't bet)
Seat 6: poker_soul11 (button) collected ($2.50)



PokerStars Hand #254228221740:  Hold'em No Limit ($0.50/$1.00 USD) - 2025/01/06 15:03:54 WET [2025/01/06 10:03:54 ET]
Table 'Theobalda II' 6-max Seat #1 is the button
Seat 5: janarr5 ($100 in chips) is sitting out
Seat 1: kingkonk123 ($101.22 in chips) 
Seat 3: BenCampbel10 ($100 in chips) 
Seat 4: joner74 ($144.42 in chips) 
Seat 6: poker_soul11 ($195.63 in chips) 
BenCampbel10: posts small blind $0.50
joner74: posts big blind $1
janarr5: sits out 
*** HOLE CARDS ***
poker_soul11: folds 
kingkonk123: folds 
BenCampbel10: folds 
Uncalled bet ($0.50) returned to joner74
joner74 collected $1 from pot
joner74: doesn't show hand 
*** SUMMARY ***
Total pot $1 | Rake $0 
Seat 5: janarr5
Seat 1: kingkonk123 (button) folded before Flop (didn't bet)
Seat 3: BenCampbel10 (small blind) folded before Flop
Seat 4: joner74 (big blind) collected ($1)
Seat 6: poker_soul11 folded before Flop (didn't bet)



PokerStars Hand #254228224566:  Hold'em No Limit ($0.50/$1.00 USD) - 2025/01/06 15:04:07 WET [2025/01/06 10:04:07 ET]
Table 'Theobalda II' 6-max Seat #3 is the button
Seat 1: kingkonk123 ($101.22 in chips) 
Seat 3: BenCampbel10 ($100 in chips) 
Seat 4: joner74 ($144.92 in chips) 
Seat 5: janarr5 ($100 in chips) 
Seat 6: poker_soul11 ($195.63 in chips) 
joner74: posts small blind $0.50
janarr5: posts big blind $1
*** HOLE CARDS ***
poker_soul11: folds 
kingkonk123: folds 
BenCampbel10: raises $1 to $2
joner74: folds 
janarr5: folds 
Uncalled bet ($1) returned to BenCampbel10
BenCampbel10 collected $2.50 from pot
BenCampbel10: doesn't show hand 
*** SUMMARY ***
Total pot $2.50 | Rake $0 
Seat 1: kingkonk123 folded before Flop (didn't bet)
Seat 3: BenCampbel10 (button) collected ($2.50)
Seat 4: joner74 (small blind) folded before Flop
Seat 5: janarr5 (big blind) folded before Flop
Seat 6: poker_soul11 folded before Flop (didn't bet)



PokerStars Hand #254228226878:  Hold'em No Limit ($0.50/$1.00 USD) - 2025/01/06 15:04:18 WET [2025/01/06 10:04:18 ET]
Table 'Theobalda II' 6-max Seat #4 is the button
Seat 1: kingkonk123 ($101.22 in chips) 
Seat 3: BenCampbel10 ($101.50 in chips) 
Seat 4: joner74 ($144.42 in chips) 
Seat 5: janarr5 ($100 in chips) 
Seat 6: poker_soul11 ($195.63 in chips) 
janarr5: posts small blind $0.50
poker_soul11: posts big blind $1
*** HOLE CARDS ***
kingkonk123: folds 
BenCampbel10: folds 
joner74: folds 
janarr5: folds 
Uncalled bet ($0.50) returned to poker_soul11
poker_soul11 collected $1 from pot
poker_soul11: doesn't show hand 
*** SUMMARY ***
Total pot $1 | Rake $0 
Seat 1: kingkonk123 folded before Flop (didn't bet)
Seat 3: BenCampbel10 folded before Flop (didn't bet)
Seat 4: joner74 (button) folded before Flop (didn't bet)
Seat 5: janarr5 (small blind) folded before Flop
Seat 6: poker_soul11 (big blind) collected ($1)



PokerStars Hand #254228229223:  Hold'em No Limit ($0.50/$1.00 USD) - 2025/01/06 15:04:29 WET [2025/01/06 10:04:29 ET]
Table 'Theobalda II' 6-max Seat #5 is the button
Seat 1: kingkonk123 ($101.22 in chips) 
Seat 3: BenCampbel10 ($101.50 in chips) 
Seat 4: joner74 ($144.42 in chips) 
Seat 5: janarr5 ($100 in chips) 
Seat 6: poker_soul11 ($196.13 in chips) 
poker_soul11: posts small blind $0.50
kingkonk123: posts big blind $1
*** HOLE CARDS ***
BenCampbel10: folds 
joner74: folds 
janarr5: folds 
poker_soul11: folds 
Uncalled bet ($0.50) returned to kingkonk123
kingkonk123 collected $1 from pot
kingkonk123: doesn't show hand 
*** SUMMARY ***
Total pot $1 | Rake $0 
Seat 1: kingkonk123 (big blind) collected ($1)
Seat 3: BenCampbel10 folded before Flop (didn't bet)
Seat 4: joner74 folded before Flop (didn't bet)
Seat 5: janarr5 (button) folded before Flop (didn't bet)
Seat 6: poker_soul11 (small blind) folded before Flop



PokerStars Hand #254228231529:  Hold'em No Limit ($0.50/$1.00 USD) - 2025/01/06 15:04:39 WET [2025/01/06 10:04:39 ET]
Table 'Theobalda II' 6-max Seat #6 is the button
Seat 1: kingkonk123 ($101.72 in chips) 
Seat 3: BenCampbel10 ($101.50 in chips) 
Seat 4: joner74 ($144.42 in chips) 
Seat 5: janarr5 ($100 in chips) 
Seat 6: poker_soul11 ($195.63 in chips) 
kingkonk123: posts small blind $0.50
BenCampbel10: posts big blind $1
*** HOLE CARDS ***
joner74: folds 
janarr5: folds 
whitecillar3 joins the table at seat #2 
poker_soul11: raises $1.20 to $2.20
kingkonk123: folds 
BenCampbel10: folds 
Uncalled bet ($1.20) returned to poker_soul11
poker_soul11 collected $2.50 from pot
poker_soul11: doesn't show hand 
*** SUMMARY ***
Total pot $2.50 | Rake $0 
Seat 1: kingkonk123 (small blind) folded before Flop
Seat 3: BenCampbel10 (big blind) folded before Flop
Seat 4: joner74 folded before Flop (didn't bet)
Seat 5: janarr5 folded before Flop (didn't bet)
Seat 6: poker_soul11 (button) collected ($2.50)



PokerStars Hand #254228234553:  Hold'em No Limit ($0.50/$1.00 USD) - 2025/01/06 15:04:53 WET [2025/01/06 10:04:53 ET]
Table 'Theobalda II' 6-max Seat #1 is the button
Seat 2: whitecillar3 ($100 in chips) is sitting out
Seat 1: kingkonk123 ($101.22 in chips) 
Seat 3: BenCampbel10 ($100.50 in chips) 
Seat 4: joner74 ($144.42 in chips) 
Seat 5: janarr5 ($100 in chips) 
Seat 6: poker_soul11 ($197.13 in chips) 
BenCampbel10: posts small blind $0.50
joner74: posts big blind $1
*** HOLE CARDS ***
janarr5: folds 
poker_soul11: raises $1.20 to $2.20
kingkonk123: folds 
BenCampbel10: folds 
joner74: calls $1.20
*** FLOP *** [5c 2h Ac]
joner74: checks 
poker_soul11: checks 
*** TURN *** [5c 2h Ac] [8c]
joner74: checks 
poker_soul11: checks 
*** RIVER *** [5c 2h Ac 8c] [Tc]
joner74: checks 
poker_soul11: bets $3.50
joner74: folds 
Uncalled bet ($3.50) returned to poker_soul11
poker_soul11 collected $4.66 from pot
poker_soul11: doesn't show hand 
*** SUMMARY ***
Total pot $4.90 | Rake $0.24 
Board [5c 2h Ac 8c Tc]
Seat 2: whitecillar3
Seat 1: kingkonk123 (button) folded before Flop (didn't bet)
Seat 3: BenCampbel10 (small blind) folded before Flop
Seat 4: joner74 (big blind) folded on the River
Seat 5: janarr5 folded before Flop (didn't bet)
Seat 6: poker_soul11 collected ($4.66)



PokerStars Hand #254228245026:  Hold'em No Limit ($0.50/$1.00 USD) - 2025/01/06 15:05:41 WET [2025/01/06 10:05:41 ET]
Table 'Theobalda II' 6-max Seat #3 is the button
Seat 2: whitecillar3 ($100 in chips) is sitting out
Seat 1: kingkonk123 ($101.22 in chips) 
Seat 3: BenCampbel10 ($100 in chips) 
Seat 4: joner74 ($142.22 in chips) 
Seat 5: janarr5 ($100 in chips) 
Seat 6: poker_soul11 ($199.59 in chips) 
joner74: posts small blind $0.50
janarr5: posts big blind $1
whitecillar3: sits out 
*** HOLE CARDS ***
poker_soul11: raises $1.20 to $2.20
kingkonk123: folds 
BenCampbel10: folds 
joner74: folds 
janarr5: calls $1.20
*** FLOP *** [Qd Kh As]
janarr5: checks 
poker_soul11: bets $1.54
janarr5: calls $1.54
*** TURN *** [Qd Kh As] [Ks]
janarr5: checks 
poker_soul11: bets $2.50
janarr5: folds 
Uncalled bet ($2.50) returned to poker_soul11
janarr5 leaves the table
poker_soul11 collected $7.58 from pot
poker_soul11: doesn't show hand 
*** SUMMARY ***
Total pot $7.98 | Rake $0.40 
Board [Qd Kh As Ks]
Seat 2: whitecillar3
Seat 1: kingkonk123 folded before Flop (didn't bet)
Seat 3: BenCampbel10 (button) folded before Flop (didn't bet)
Seat 4: joner74 (small blind) folded before Flop
Seat 5: janarr5 (big blind) folded on the Turn
Seat 6: poker_soul11 collected ($7.58)



PokerStars Hand #254228255134:  Hold'em No Limit ($0.50/$1.00 USD) - 2025/01/06 15:06:27 WET [2025/01/06 10:06:27 ET]
Table 'Theobalda II' 6-max Seat #4 is the button
Seat 2: whitecillar3 ($100 in chips) is sitting out
Seat 1: kingkonk123 ($101.22 in chips) 
Seat 3: BenCampbel10 ($100 in chips) 
Seat 4: joner74 ($141.72 in chips) 
Seat 6: poker_soul11 ($203.43 in chips) 
poker_soul11: posts small blind $0.50
kingkonk123: posts big blind $1
whitecillar3: sits out 
*** HOLE CARDS ***
BenCampbel10: folds 
joner74: folds 
poker_soul11: folds 
Uncalled bet ($0.50) returned to kingkonk123
kingkonk123 collected $1 from pot
kingkonk123: doesn't show hand 
*** SUMMARY ***
Total pot $1 | Rake $0 
Seat 2: whitecillar3
Seat 1: kingkonk123 (big blind) collected ($1)
Seat 3: BenCampbel10 folded before Flop (didn't bet)
Seat 4: joner74 (button) folded before Flop (didn't bet)
Seat 6: poker_soul11 (small blind) folded before Flop



PokerStars Hand #254228257691:  Hold'em No Limit ($0.50/$1.00 USD) - 2025/01/06 15:06:38 WET [2025/01/06 10:06:38 ET]
Table 'Theobalda II' 6-max Seat #6 is the button
Seat 1: kingkonk123 ($101.72 in chips) 
Seat 2: whitecillar3 ($100 in chips) 
Seat 3: BenCampbel10 ($100 in chips) 
Seat 4: joner74 ($141.72 in chips) 
Seat 6: poker_soul11 ($202.93 in chips) 
kingkonk123: posts small blind $0.50
whitecillar3: posts big blind $1
*** HOLE CARDS ***
BenCampbel10: folds 
joner74: raises $1.43 to $2.43
poker_soul11: folds 
kingkonk123: folds 
whitecillar3: folds 
Uncalled bet ($1.43) returned to joner74
joner74 collected $2.50 from pot
joner74: doesn't show hand 
*** SUMMARY ***
Total pot $2.50 | Rake $0 
Seat 1: kingkonk123 (small blind) folded before Flop
Seat 2: whitecillar3 (big blind) folded before Flop
Seat 3: BenCampbel10 folded before Flop (didn't bet)
Seat 4: joner74 collected ($2.50)
Seat 6: poker_soul11 (button) folded before Flop (didn't bet)



PokerStars Hand #254228260427:  Hold'em No Limit ($0.50/$1.00 USD) - 2025/01/06 15:06:50 WET [2025/01/06 10:06:50 ET]
Table 'Theobalda II' 6-max Seat #1 is the button
Seat 1: kingkonk123 ($101.22 in chips) 
Seat 2: whitecillar3 ($99 in chips) 
Seat 3: BenCampbel10 ($100 in chips) 
Seat 4: joner74 ($143.22 in chips) 
Seat 6: poker_soul11 ($202.93 in chips) 
whitecillar3: posts small blind $0.50
BenCampbel10: posts big blind $1
*** HOLE CARDS ***
emanuelv92 joins the table at seat #5 
joner74: folds 
poker_soul11: folds 
kingkonk123: raises $1.50 to $2.50
whitecillar3: folds 
BenCampbel10: raises $9 to $11.50
kingkonk123: folds 
Uncalled bet ($9) returned to BenCampbel10
BenCampbel10 collected $5.50 from pot
*** SUMMARY ***
Total pot $5.50 | Rake $0 
Seat 1: kingkonk123 (button) folded before Flop
Seat 2: whitecillar3 (small blind) folded before Flop
Seat 3: BenCampbel10 (big blind) collected ($5.50)
Seat 4: joner74 folded before Flop (didn't bet)
Seat 6: poker_soul11 folded before Flop (didn't bet)



PokerStars Hand #254228265393:  Hold'em No Limit ($0.50/$1.00 USD) - 2025/01/06 15:07:13 WET [2025/01/06 10:07:13 ET]
Table 'Theobalda II' 6-max Seat #2 is the button
Seat 1: kingkonk123 ($100 in chips) 
Seat 2: whitecillar3 ($98.50 in chips) 
Seat 3: BenCampbel10 ($103 in chips) 
Seat 4: joner74 ($143.22 in chips) 
Seat 5: emanuelv92 ($40 in chips) 
Seat 6: poker_soul11 ($202.93 in chips) 
BenCampbel10: posts small blind $0.50
joner74: posts big blind $1
emanuelv92: posts big blind $1
*** HOLE CARDS ***
emanuelv92: checks 
poker_soul11: raises $3 to $4
kingkonk123: folds 
whitecillar3: folds 
BenCampbel10: folds 
joner74: folds 
emanuelv92: calls $3
*** FLOP *** [9s 5s Jh]
emanuelv92: checks 
poker_soul11: checks 
*** TURN *** [9s 5s Jh] [7d]
emanuelv92: checks 
poker_soul11: checks 
*** RIVER *** [9s 5s Jh 7d] [7s]
kingkonk123 leaves the table
whlzor joins the table at seat #1 
emanuelv92: bets $3
poker_soul11: calls $3
*** SHOW DOWN ***
emanuelv92: shows [6c 9c] (two pair, Nines and Sevens)
poker_soul11: mucks hand 
emanuelv92 collected $14.72 from pot
*** SUMMARY ***
Total pot $15.50 | Rake $0.78 
Board [9s 5s Jh 7d 7s]
Seat 1: kingkonk123 folded before Flop (didn't bet)
Seat 2: whitecillar3 (button) folded before Flop (didn't bet)
Seat 3: BenCampbel10 (small blind) folded before Flop
Seat 4: joner74 (big blind) folded before Flop
Seat 5: emanuelv92 showed [6c 9c] and won ($14.72) with two pair, Nines and Sevens
Seat 6: poker_soul11 mucked



PokerStars Hand #254228278972:  Hold'em No Limit ($0.50/$1.00 USD) - 2025/01/06 15:08:14 WET [2025/01/06 10:08:14 ET]
Table 'Theobalda II' 6-max Seat #3 is the button
Seat 1: whlzor ($100 in chips) is sitting out
Seat 2: whitecillar3 ($98.50 in chips) 
Seat 3: BenCampbel10 ($102.50 in chips) 
Seat 4: joner74 ($142.22 in chips) 
Seat 5: emanuelv92 ($47.72 in chips) 
Seat 6: poker_soul11 ($195.93 in chips) 
joner74: posts small blind $0.50
emanuelv92: posts big blind $1
whlzor: sits out 
*** HOLE CARDS ***
poker_soul11: folds 
whitecillar3: folds 
BenCampbel10: raises $1 to $2
joner74: calls $1.50
emanuelv92: calls $1
*** FLOP *** [4s 7s 6s]
joner74: checks 
emanuelv92: bets $1
BenCampbel10: folds 
joner74: calls $1
*** TURN *** [4s 7s 6s] [Jh]
joner74: checks 
emanuelv92: bets $2.50
joner74: folds 
Uncalled bet ($2.50) returned to emanuelv92
emanuelv92 collected $7.60 from pot
emanuelv92: doesn't show hand 
*** SUMMARY ***
Total pot $8 | Rake $0.40 
Board [4s 7s 6s Jh]
Seat 1: whlzor
Seat 2: whitecillar3 folded before Flop (didn't bet)
Seat 3: BenCampbel10 (button) folded on the Flop
Seat 4: joner74 (small blind) folded on the Turn
Seat 5: emanuelv92 (big blind) collected ($7.60)
Seat 6: poker_soul11 folded before Flop (didn't bet)



PokerStars Hand #254228293035:  Hold'em No Limit ($0.50/$1.00 USD) - 2025/01/06 15:09:20 WET [2025/01/06 10:09:20 ET]
Table 'Theobalda II' 6-max Seat #4 is the button
Seat 1: whlzor ($100 in chips) is sitting out
Seat 2: whitecillar3 ($98.50 in chips) 
Seat 3: BenCampbel10 ($100.50 in chips) 
Seat 4: joner74 ($139.22 in chips) 
Seat 5: emanuelv92 ($52.32 in chips) 
Seat 6: poker_soul11 ($195.93 in chips) 
emanuelv92: posts small blind $0.50
poker_soul11: posts big blind $1
whlzor: sits out 
*** HOLE CARDS ***
whitecillar3: raises $1.50 to $2.50
BenCampbel10: folds 
joner74: folds 
emanuelv92: folds 
poker_soul11: folds 
Uncalled bet ($1.50) returned to whitecillar3
whitecillar3 collected $2.50 from pot
*** SUMMARY ***
Total pot $2.50 | Rake $0 
Seat 1: whlzor
Seat 2: whitecillar3 collected ($2.50)
Seat 3: BenCampbel10 folded before Flop (didn't bet)
Seat 4: joner74 (button) folded before Flop (didn't bet)
Seat 5: emanuelv92 (small blind) folded before Flop
Seat 6: poker_soul11 (big blind) folded before Flop



PokerStars Hand #254228296084:  Hold'em No Limit ($0.50/$1.00 USD) - 2025/01/06 15:09:34 WET [2025/01/06 10:09:34 ET]
Table 'Theobalda II' 6-max Seat #5 is the button
Seat 1: whlzor ($100 in chips) 
Seat 2: whitecillar3 ($100 in chips) 
Seat 3: BenCampbel10 ($100.50 in chips) 
Seat 4: joner74 ($139.22 in chips) 
Seat 5: emanuelv92 ($51.82 in chips) 
Seat 6: poker_soul11 ($194.93 in chips) 
poker_soul11: posts small blind $0.50
whlzor: posts big blind $1
*** HOLE CARDS ***
whitecillar3: raises $1 to $2
BenCampbel10: folds 
joner74: folds 
emanuelv92: folds 
poker_soul11: folds 
whlzor: folds 
Uncalled bet ($1) returned to whitecillar3
whitecillar3 collected $2.50 from pot
*** SUMMARY ***
Total pot $2.50 | Rake $0 
Seat 1: whlzor (big blind) folded before Flop
Seat 2: whitecillar3 collected ($2.50)
Seat 3: BenCampbel10 folded before Flop (didn't bet)
Seat 4: joner74 folded before Flop (didn't bet)
Seat 5: emanuelv92 (button) folded before Flop (didn't bet)
Seat 6: poker_soul11 (small blind) folded before Flop



PokerStars Hand #254228299719:  Hold'em No Limit ($0.50/$1.00 USD) - 2025/01/06 15:09:50 WET [2025/01/06 10:09:50 ET]
Table 'Theobalda II' 6-max Seat #6 is the button
Seat 1: whlzor ($100 in chips) 
Seat 2: whitecillar3 ($101.50 in chips) 
Seat 3: BenCampbel10 ($100.50 in chips) 
Seat 4: joner74 ($139.22 in chips) 
Seat 5: emanuelv92 ($51.82 in chips) 
Seat 6: poker_soul11 ($194.43 in chips) 
whlzor: posts small blind $0.50
whitecillar3: posts big blind $1
*** HOLE CARDS ***
BenCampbel10: folds 
joner74: raises $1.29 to $2.29
emanuelv92: folds 
poker_soul11: folds 
whlzor: folds 
whitecillar3: calls $1.29
*** FLOP *** [Kd 7h 9s]
whitecillar3: checks 
joner74: bets $2.42
whitecillar3: folds 
Uncalled bet ($2.42) returned to joner74
joner74 collected $4.83 from pot
joner74: doesn't show hand 
*** SUMMARY ***
Total pot $5.08 | Rake $0.25 
Board [Kd 7h 9s]
Seat 1: whlzor (small blind) folded before Flop
Seat 2: whitecillar3 (big blind) folded on the Flop
Seat 3: BenCampbel10 folded before Flop (didn't bet)
Seat 4: joner74 collected ($4.83)
Seat 5: emanuelv92 folded before Flop (didn't bet)
Seat 6: poker_soul11 (button) folded before Flop (didn't bet)



PokerStars Hand #254228307185:  Hold'em No Limit ($0.50/$1.00 USD) - 2025/01/06 15:10:25 WET [2025/01/06 10:10:25 ET]
Table 'Theobalda II' 6-max Seat #1 is the button
Seat 1: whlzor ($100 in chips) 
Seat 2: whitecillar3 ($99.21 in chips) 
Seat 3: BenCampbel10 ($100.50 in chips) 
Seat 4: joner74 ($141.76 in chips) 
Seat 5: emanuelv92 ($51.82 in chips) 
Seat 6: poker_soul11 ($194.43 in chips) 
whitecillar3: posts small blind $0.50
BenCampbel10: posts big blind $1
*** HOLE CARDS ***
joner74: raises $1.33 to $2.33
emanuelv92: folds 
poker_soul11: folds 
whlzor: raises $6.67 to $9
whitecillar3: folds 
BenCampbel10: folds 
joner74: calls $6.67
*** FLOP *** [3d 9d 6d]
joner74: checks 
whlzor: bets $6.11
joner74: raises $15.37 to $21.48
whlzor: calls $15.37
*** TURN *** [3d 9d 6d] [Qs]
joner74: checks 
whlzor: checks 
*** RIVER *** [3d 9d 6d Qs] [Jc]
joner74: bets $29.98
whlzor: calls $29.98
*** SHOW DOWN ***
joner74: shows [9h 9c] (three of a kind, Nines)
whlzor: mucks hand 
joner74 collected $119.92 from pot
*** SUMMARY ***
Total pot $122.42 | Rake $2.50 
Board [3d 9d 6d Qs Jc]
Seat 1: whlzor (button) mucked
Seat 2: whitecillar3 (small blind) folded before Flop
Seat 3: BenCampbel10 (big blind) folded before Flop
Seat 4: joner74 showed [9h 9c] and won ($119.92) with three of a kind, Nines
Seat 5: emanuelv92 folded before Flop (didn't bet)
Seat 6: poker_soul11 folded before Flop (didn't bet)



PokerStars Hand #254228327812:  Hold'em No Limit ($0.50/$1.00 USD) - 2025/01/06 15:11:57 WET [2025/01/06 10:11:57 ET]
Table 'Theobalda II' 6-max Seat #2 is the button
Seat 1: whlzor ($100 in chips) 
Seat 2: whitecillar3 ($98.71 in chips) 
Seat 3: BenCampbel10 ($100 in chips) 
Seat 4: joner74 ($201.22 in chips) 
Seat 5: emanuelv92 ($51.82 in chips) 
Seat 6: poker_soul11 ($194.43 in chips) 
BenCampbel10: posts small blind $0.50
joner74: posts big blind $1
*** HOLE CARDS ***
emanuelv92: folds 
poker_soul11: folds 
whlzor: folds 
whitecillar3: raises $1.50 to $2.50
BenCampbel10: folds 
joner74: raises $5.50 to $8
whitecillar3: folds 
Uncalled bet ($5.50) returned to joner74
joner74 collected $5.50 from pot
joner74: doesn't show hand 
*** SUMMARY ***
Total pot $5.50 | Rake $0 
Seat 1: whlzor folded before Flop (didn't bet)
Seat 2: whitecillar3 (button) folded before Flop
Seat 3: BenCampbel10 (small blind) folded before Flop
Seat 4: joner74 (big blind) collected ($5.50)
Seat 5: emanuelv92 folded before Flop (didn't bet)
Seat 6: poker_soul11 folded before Flop (didn't bet)



PokerStars Hand #254228332958:  Hold'em No Limit ($0.50/$1.00 USD) - 2025/01/06 15:12:21 WET [2025/01/06 10:12:21 ET]
Table 'Theobalda II' 6-max Seat #3 is the button
Seat 1: whlzor ($100 in chips) 
Seat 2: whitecillar3 ($100 in chips) 
Seat 3: BenCampbel10 ($100 in chips) 
Seat 4: joner74 ($204.22 in chips) 
Seat 5: emanuelv92 ($51.82 in chips) 
Seat 6: poker_soul11 ($194.43 in chips) 
joner74: posts small blind $0.50
emanuelv92: posts big blind $1
*** HOLE CARDS ***
poker_soul11: raises $1.20 to $2.20
whlzor: folds 
whitecillar3: folds 
BenCampbel10: folds 
joner74: calls $1.70
emanuelv92: calls $1.20
*** FLOP *** [Qh 7c 7s]
joner74: checks 
emanuelv92: checks 
poker_soul11: bets $1.57
joner74: calls $1.57
emanuelv92: folds 
*** TURN *** [Qh 7c 7s] [6d]
joner74: checks 
poker_soul11: bets $6.94
joner74: calls $6.94
*** RIVER *** [Qh 7c 7s 6d] [9d]
joner74: checks 
poker_soul11: checks 
*** SHOW DOWN ***
joner74: shows [Jd Qd] (two pair, Queens and Sevens)
poker_soul11: mucks hand 
joner74 collected $22.44 from pot
*** SUMMARY ***
Total pot $23.62 | Rake $1.18 
Board [Qh 7c 7s 6d 9d]
Seat 1: whlzor folded before Flop (didn't bet)
Seat 2: whitecillar3 folded before Flop (didn't bet)
Seat 3: BenCampbel10 (button) folded before Flop (didn't bet)
Seat 4: joner74 (small blind) showed [Jd Qd] and won ($22.44) with two pair, Queens and Sevens
Seat 5: emanuelv92 (big blind) folded on the Flop
Seat 6: poker_soul11 mucked



PokerStars Hand #254228342994:  Hold'em No Limit ($0.50/$1.00 USD) - 2025/01/06 15:13:06 WET [2025/01/06 10:13:06 ET]
Table 'Theobalda II' 6-max Seat #4 is the button
Seat 1: whlzor ($100 in chips) 
Seat 2: whitecillar3 ($100 in chips) 
Seat 3: BenCampbel10 ($100 in chips) 
Seat 4: joner74 ($215.95 in chips) 
Seat 5: emanuelv92 ($49.62 in chips) 
Seat 6: poker_soul11 ($183.72 in chips) 
emanuelv92: posts small blind $0.50
poker_soul11: posts big blind $1
*** HOLE CARDS ***
whlzor: folds 
whitecillar3: folds 
BenCampbel10: raises $1 to $2
joner74: folds 
emanuelv92: calls $1.50
poker_soul11: folds 
*** FLOP *** [Kh Tc 9c]
emanuelv92: checks 
BenCampbel10: bets $1.20
emanuelv92: folds [7s]
Uncalled bet ($1.20) returned to BenCampbel10
BenCampbel10 collected $4.75 from pot
BenCampbel10: shows [Js Ah] (high card Ace)
*** SUMMARY ***
Total pot $5 | Rake $0.25 
Board [Kh Tc 9c]
Seat 1: whlzor folded before Flop (didn't bet)
Seat 2: whitecillar3 folded before Flop (didn't bet)
Seat 3: BenCampbel10 collected ($4.75)
Seat 4: joner74 (button) folded before Flop (didn't bet)
Seat 5: emanuelv92 (small blind) folded on the Flop
Seat 6: poker_soul11 (big blind) folded before Flop



PokerStars Hand #254228351529:  Hold'em No Limit ($0.50/$1.00 USD) - 2025/01/06 15:13:44 WET [2025/01/06 10:13:44 ET]
Table 'Theobalda II' 6-max Seat #5 is the button
Seat 1: whlzor ($100 in chips) 
Seat 2: whitecillar3 ($100 in chips) 
Seat 3: BenCampbel10 ($102.75 in chips) 
Seat 4: joner74 ($215.95 in chips) 
Seat 5: emanuelv92 ($47.62 in chips) 
Seat 6: poker_soul11 ($182.72 in chips) 
poker_soul11: posts small blind $0.50
whlzor: posts big blind $1
*** HOLE CARDS ***
whitecillar3: folds 
BenCampbel10: raises $1 to $2
joner74: folds 
emanuelv92: folds 
poker_soul11: folds 
whlzor: folds 
Uncalled bet ($1) returned to BenCampbel10
BenCampbel10 collected $2.50 from pot
BenCampbel10: doesn't show hand 
*** SUMMARY ***
Total pot $2.50 | Rake $0 
Seat 1: whlzor (big blind) folded before Flop
Seat 2: whitecillar3 folded before Flop (didn't bet)
Seat 3: BenCampbel10 collected ($2.50)
Seat 4: joner74 folded before Flop (didn't bet)
Seat 5: emanuelv92 (button) folded before Flop (didn't bet)
Seat 6: poker_soul11 (small blind) folded before Flop



PokerStars Hand #254228402669:  Hold'em No Limit ($0.50/$1.00 USD) - 2025/01/06 15:17:24 WET [2025/01/06 10:17:24 ET]
Table 'Theobalda II' 6-max Seat #1 is the button
Seat 1: whlzor ($100 in chips) 
Seat 2: whitecillar3 ($113.53 in chips) 
Seat 3: Nazareno1999 ($100 in chips) 
Seat 4: joner74 ($215.95 in chips) 
Seat 5: emanuelv92 ($40.12 in chips) 
Seat 6: poker_soul11 ($177.01 in chips) 
whitecillar3: posts small blind $0.50
Nazareno1999: posts big blind $1
*** HOLE CARDS ***
joner74: folds 
emanuelv92: folds 
poker_soul11: folds 
whlzor: folds 
whitecillar3: raises $2 to $3
Nazareno1999: calls $2
*** FLOP *** [7d 4d Ah]
whitecillar3: bets $2
Nazareno1999: folds 
Uncalled bet ($2) returned to whitecillar3
whitecillar3 collected $5.70 from pot
*** SUMMARY ***
Total pot $6 | Rake $0.30 
Board [7d 4d Ah]
Seat 1: whlzor (button) folded before Flop (didn't bet)
Seat 2: whitecillar3 (small blind) collected ($5.70)
Seat 3: Nazareno1999 (big blind) folded on the Flop
Seat 4: joner74 folded before Flop (didn't bet)
Seat 5: emanuelv92 folded before Flop (didn't bet)
Seat 6: poker_soul11 folded before Flop (didn't bet)



PokerStars Hand #254228409970:  Hold'em No Limit ($0.50/$1.00 USD) - 2025/01/06 15:17:55 WET [2025/01/06 10:17:55 ET]
Table 'Theobalda II' 6-max Seat #2 is the button
Seat 1: whlzor ($100 in chips) 
Seat 2: whitecillar3 ($116.23 in chips) 
Seat 3: Nazareno1999 ($100 in chips) 
Seat 4: joner74 ($215.95 in chips) 
Seat 5: emanuelv92 ($40.12 in chips) 
Seat 6: poker_soul11 ($177.01 in chips) 
Nazareno1999: posts small blind $0.50
joner74: posts big blind $1
*** HOLE CARDS ***
emanuelv92: folds 
poker_soul11: folds 
whlzor: folds 
whitecillar3: folds 
Nazareno1999: folds 
Uncalled bet ($0.50) returned to joner74
joner74 collected $1 from pot
joner74: doesn't show hand 
*** SUMMARY ***
Total pot $1 | Rake $0 
Seat 1: whlzor folded before Flop (didn't bet)
Seat 2: whitecillar3 (button) folded before Flop (didn't bet)
Seat 3: Nazareno1999 (small blind) folded before Flop
Seat 4: joner74 (big blind) collected ($1)
Seat 5: emanuelv92 folded before Flop (didn't bet)
Seat 6: poker_soul11 folded before Flop (didn't bet)



PokerStars Hand #254228414368:  Hold'em No Limit ($0.50/$1.00 USD) - 2025/01/06 15:18:14 WET [2025/01/06 10:18:14 ET]
Table 'Theobalda II' 6-max Seat #3 is the button
Seat 1: whlzor ($100 in chips) 
Seat 2: whitecillar3 ($116.23 in chips) 
Seat 3: Nazareno1999 ($100 in chips) 
Seat 4: joner74 ($216.45 in chips) 
Seat 5: emanuelv92 ($40.12 in chips) 
Seat 6: poker_soul11 ($177.01 in chips) 
joner74: posts small blind $0.50
emanuelv92: posts big blind $1
*** HOLE CARDS ***
poker_soul11: folds 
whlzor: raises $1.50 to $2.50
whitecillar3: folds 
Nazareno1999: folds 
joner74: folds 
emanuelv92: calls $1.50
*** FLOP *** [4c 9d Tc]
emanuelv92: bets $3
whlzor: raises $11.70 to $14.70
emanuelv92: calls $11.70
*** TURN *** [4c 9d Tc] [4s]
emanuelv92: bets $12
whlzor: raises $16 to $28
emanuelv92: calls $10.92 and is all-in
Uncalled bet ($5.08) returned to whlzor
*** RIVER *** [4c 9d Tc 4s] [Ah]
*** SHOW DOWN ***
emanuelv92: shows [Kc 9c] (two pair, Nines and Fours)
whlzor: shows [As Ts] (two pair, Aces and Tens)
whlzor collected $78.24 from pot
*** SUMMARY ***
Total pot $80.74 | Rake $2.50 
Board [4c 9d Tc 4s Ah]
Seat 1: whlzor showed [As Ts] and won ($78.24) with two pair, Aces and Tens
Seat 2: whitecillar3 folded before Flop (didn't bet)
Seat 3: Nazareno1999 (button) folded before Flop (didn't bet)
Seat 4: joner74 (small blind) folded before Flop
Seat 5: emanuelv92 (big blind) showed [Kc 9c] and lost with two pair, Nines and Fours
Seat 6: poker_soul11 folded before Flop (didn't bet)



PokerStars Hand #254228430138:  Hold'em No Limit ($0.50/$1.00 USD) - 2025/01/06 15:19:20 WET [2025/01/06 10:19:20 ET]
Table 'Theobalda II' 6-max Seat #4 is the button
Seat 5: emanuelv92 ($0 in chips) is sitting out
Seat 1: whlzor ($138.12 in chips) 
Seat 2: whitecillar3 ($116.23 in chips) 
Seat 3: Nazareno1999 ($100 in chips) 
Seat 4: joner74 ($215.95 in chips) 
Seat 6: poker_soul11 ($177.01 in chips) 
poker_soul11: posts small blind $0.50
whlzor: posts big blind $1
*** HOLE CARDS ***
whitecillar3: raises $1 to $2
Nazareno1999: folds 
joner74: folds 
emanuelv92 leaves the table
poker_soul11: folds 
whlzor: folds 
Uncalled bet ($1) returned to whitecillar3
whitecillar3 collected $2.50 from pot
*** SUMMARY ***
Total pot $2.50 | Rake $0 
Seat 5: emanuelv92
Seat 1: whlzor (big blind) folded before Flop
Seat 2: whitecillar3 collected ($2.50)
Seat 3: Nazareno1999 folded before Flop (didn't bet)
Seat 4: joner74 (button) folded before Flop (didn't bet)
Seat 6: poker_soul11 (small blind) folded before Flop



PokerStars Hand #254228433396:  Hold'em No Limit ($0.50/$1.00 USD) - 2025/01/06 15:19:34 WET [2025/01/06 10:19:34 ET]
Table 'Theobalda II' 6-max Seat #6 is the button
Seat 1: whlzor ($137.12 in chips) 
Seat 2: whitecillar3 ($117.73 in chips) 
Seat 3: Nazareno1999 ($100 in chips) 
Seat 4: joner74 ($215.95 in chips) 
Seat 6: poker_soul11 ($176.51 in chips) 
whlzor: posts small blind $0.50
whitecillar3: posts big blind $1
*** HOLE CARDS ***
Nazareno1999: folds 
joner74: folds 
poker_soul11: raises $1.20 to $2.20
whlzor: folds 
whitecillar3: folds 
Uncalled bet ($1.20) returned to poker_soul11
poker_soul11 collected $2.50 from pot
poker_soul11: doesn't show hand 
*** SUMMARY ***
Total pot $2.50 | Rake $0 
Seat 1: whlzor (small blind) folded before Flop
Seat 2: whitecillar3 (big blind) folded before Flop
Seat 3: Nazareno1999 folded before Flop (didn't bet)
Seat 4: joner74 folded before Flop (didn't bet)
Seat 6: poker_soul11 (button) collected ($2.50)



PokerStars Hand #254228437650:  Hold'em No Limit ($0.50/$1.00 USD) - 2025/01/06 15:19:52 WET [2025/01/06 10:19:52 ET]
Table 'Theobalda II' 6-max Seat #1 is the button
Seat 1: whlzor ($136.62 in chips) 
Seat 2: whitecillar3 ($116.73 in chips) 
Seat 3: Nazareno1999 ($100 in chips) 
Seat 4: joner74 ($215.95 in chips) 
Seat 6: poker_soul11 ($178.01 in chips) 
whitecillar3: posts small blind $0.50
Nazareno1999: posts big blind $1
*** HOLE CARDS ***
joner74: raises $1.50 to $2.50
poker_soul11: folds 
whlzor: folds 
whitecillar3: folds 
Nazareno1999: folds 
Uncalled bet ($1.50) returned to joner74
joner74 collected $2.50 from pot
joner74: doesn't show hand 
*** SUMMARY ***
Total pot $2.50 | Rake $0 
Seat 1: whlzor (button) folded before Flop (didn't bet)
Seat 2: whitecillar3 (small blind) folded before Flop
Seat 3: Nazareno1999 (big blind) folded before Flop
Seat 4: joner74 collected ($2.50)
Seat 6: poker_soul11 folded before Flop (didn't bet)



PokerStars Hand #254228441852:  Hold'em No Limit ($0.50/$1.00 USD) - 2025/01/06 15:20:10 WET [2025/01/06 10:20:10 ET]
Table 'Theobalda II' 6-max Seat #2 is the button
Seat 1: whlzor ($136.62 in chips) 
Seat 2: whitecillar3 ($116.23 in chips) 
Seat 3: Nazareno1999 ($100 in chips) 
Seat 4: joner74 ($217.45 in chips) 
Seat 6: poker_soul11 ($178.01 in chips) 
Nazareno1999: posts small blind $0.50
joner74: posts big blind $1
*** HOLE CARDS ***
poker_soul11: folds 
whlzor: folds 
whitecillar3: raises $1.50 to $2.50
Nazareno1999: folds 
joner74: folds 
Uncalled bet ($1.50) returned to whitecillar3
whitecillar3 collected $2.50 from pot
*** SUMMARY ***
Total pot $2.50 | Rake $0 
Seat 1: whlzor folded before Flop (didn't bet)
Seat 2: whitecillar3 (button) collected ($2.50)
Seat 3: Nazareno1999 (small blind) folded before Flop
Seat 4: joner74 (big blind) folded before Flop
Seat 6: poker_soul11 folded before Flop (didn't bet)



PokerStars Hand #254228444679:  Hold'em No Limit ($0.50/$1.00 USD) - 2025/01/06 15:20:22 WET [2025/01/06 10:20:22 ET]
Table 'Theobalda II' 6-max Seat #3 is the button
Seat 1: whlzor ($136.62 in chips) 
Seat 2: whitecillar3 ($117.73 in chips) 
Seat 3: Nazareno1999 ($100 in chips) 
Seat 4: joner74 ($216.45 in chips) 
Seat 6: poker_soul11 ($178.01 in chips) 
joner74: posts small blind $0.50
poker_soul11: posts big blind $1
*** HOLE CARDS ***
whlzor: folds 
whitecillar3: folds 
Nazareno1999: raises $1.20 to $2.20
joner74: calls $1.70
poker_soul11: raises $11.80 to $14
Nazareno1999: folds 
joner74: folds 
Uncalled bet ($11.80) returned to poker_soul11
poker_soul11 collected $6.60 from pot
poker_soul11: doesn't show hand 
*** SUMMARY ***
Total pot $6.60 | Rake $0 
Seat 1: whlzor folded before Flop (didn't bet)
Seat 2: whitecillar3 folded before Flop (didn't bet)
Seat 3: Nazareno1999 (button) folded before Flop
Seat 4: joner74 (small blind) folded before Flop
Seat 6: poker_soul11 (big blind) collected ($6.60)



PokerStars Hand #254228449111:  Hold'em No Limit ($0.50/$1.00 USD) - 2025/01/06 15:20:41 WET [2025/01/06 10:20:41 ET]
Table 'Theobalda II' 6-max Seat #4 is the button
Seat 1: whlzor ($136.62 in chips) is sitting out
Seat 2: whitecillar3 ($117.73 in chips) 
Seat 3: Nazareno1999 ($100 in chips) 
Seat 4: joner74 ($214.25 in chips) 
Seat 6: poker_soul11 ($182.41 in chips) 
poker_soul11: posts small blind $0.50
whlzor: is sitting out 
whitecillar3: posts big blind $1
*** HOLE CARDS ***
whlzor leaves the table
Nazareno1999: raises $1.20 to $2.20
joner74: folds 
JACEKH1208 joins the table at seat #1 
poker_soul11: folds 
whitecillar3: folds 
Uncalled bet ($1.20) returned to Nazareno1999
Nazareno1999 collected $2.50 from pot
Nazareno1999: doesn't show hand 
whlzor joins the table at seat #5 
*** SUMMARY ***
Total pot $2.50 | Rake $0 
Seat 1: whlzor
Seat 2: whitecillar3 (big blind) folded before Flop
Seat 3: Nazareno1999 collected ($2.50)
Seat 4: joner74 (button) folded before Flop (didn't bet)
Seat 6: poker_soul11 (small blind) folded before Flop



PokerStars Hand #254228454693:  Hold'em No Limit ($0.50/$1.00 USD) - 2025/01/06 15:21:04 WET [2025/01/06 10:21:04 ET]
Table 'Theobalda II' 6-max Seat #6 is the button
Seat 1: JACEKH1208 ($80 in chips) is sitting out
Seat 3: Nazareno1999 ($101.50 in chips) is sitting out
Seat 5: whlzor ($136.62 in chips) is sitting out
Seat 2: whitecillar3 ($116.73 in chips) 
Seat 4: joner74 ($214.25 in chips) 
Seat 6: poker_soul11 ($181.91 in chips) 
whitecillar3: posts small blind $0.50
Nazareno1999: is sitting out 
joner74: posts big blind $1
whlzor: sits out 
*** HOLE CARDS ***
poker_soul11: folds 
whitecillar3: folds 
Uncalled bet ($0.50) returned to joner74
joner74 collected $1 from pot
joner74: doesn't show hand 
*** SUMMARY ***
Total pot $1 | Rake $0 
Seat 1: JACEKH1208
Seat 3: Nazareno1999
Seat 5: whlzor
Seat 2: whitecillar3 (small blind) folded before Flop
Seat 4: joner74 (big blind) collected ($1)
Seat 6: poker_soul11 (button) folded before Flop (didn't bet)



PokerStars Hand #254228458685:  Hold'em No Limit ($0.50/$1.00 USD) - 2025/01/06 15:21:21 WET [2025/01/06 10:21:21 ET]
Table 'Theobalda II' 6-max Seat #2 is the button
Seat 3: Nazareno1999 ($101.50 in chips) is sitting out
Seat 1: JACEKH1208 ($80 in chips) 
Seat 2: whitecillar3 ($116.23 in chips) 
Seat 4: joner74 ($214.75 in chips) 
Seat 5: whlzor ($136.62 in chips) 
Seat 6: poker_soul11 ($181.91 in chips) 
joner74: posts small blind $0.50
whlzor: posts big blind $1
JACEKH1208: posts big blind $1
*** HOLE CARDS ***
poker_soul11: folds 
JACEKH1208: checks 
whitecillar3 has timed out
whitecillar3: folds 
joner74: folds 
whlzor: checks 
*** FLOP *** [3d 8h 7c]
whlzor: checks 
JACEKH1208: checks 
*** TURN *** [3d 8h 7c] [2d]
whlzor: bets $1.57
JACEKH1208: calls $1.57
*** RIVER *** [3d 8h 7c 2d] [Ah]
whlzor: bets $2.68
JACEKH1208: folds 
Uncalled bet ($2.68) returned to whlzor
whlzor collected $5.36 from pot
whlzor: doesn't show hand 
*** SUMMARY ***
Total pot $5.64 | Rake $0.28 
Board [3d 8h 7c 2d Ah]
Seat 3: Nazareno1999
Seat 1: JACEKH1208 folded on the River
Seat 2: whitecillar3 (button) folded before Flop (didn't bet)
Seat 4: joner74 (small blind) folded before Flop
Seat 5: whlzor (big blind) collected ($5.36)
Seat 6: poker_soul11 folded before Flop (didn't bet)



PokerStars Hand #254228471537:  Hold'em No Limit ($0.50/$1.00 USD) - 2025/01/06 15:22:15 WET [2025/01/06 10:22:15 ET]
Table 'Theobalda II' 6-max Seat #4 is the button
Seat 3: Nazareno1999 ($101.50 in chips) is sitting out
Seat 1: JACEKH1208 ($77.43 in chips) 
Seat 2: whitecillar3 ($116.23 in chips) 
Seat 4: joner74 ($214.25 in chips) 
Seat 5: whlzor ($139.41 in chips) 
Seat 6: poker_soul11 ($181.91 in chips) 
whlzor: posts small blind $0.50
poker_soul11: posts big blind $1
Nazareno1999: sits out 
*** HOLE CARDS ***
JACEKH1208: calls $1
whitecillar3: folds 
joner74: folds 
whlzor: raises $4 to $5
poker_soul11: folds 
JACEKH1208: calls $4
*** FLOP *** [7h Jc 5s]
whlzor: bets $5.23
JACEKH1208: calls $5.23
*** TURN *** [7h Jc 5s] [Kd]
whlzor: checks 
JACEKH1208: checks 
*** RIVER *** [7h Jc 5s Kd] [7s]
whlzor: checks 
JACEKH1208: checks 
*** SHOW DOWN ***
whlzor: shows [Ad 9c] (a pair of Sevens)
JACEKH1208: mucks hand 
whlzor collected $20.39 from pot
*** SUMMARY ***
Total pot $21.46 | Rake $1.07 
Board [7h Jc 5s Kd 7s]
Seat 3: Nazareno1999
Seat 1: JACEKH1208 mucked
Seat 2: whitecillar3 folded before Flop (didn't bet)
Seat 4: joner74 (button) folded before Flop (didn't bet)
Seat 5: whlzor (small blind) showed [Ad 9c] and won ($20.39) with a pair of Sevens
Seat 6: poker_soul11 (big blind) folded before Flop



PokerStars Hand #254228480205:  Hold'em No Limit ($0.50/$1.00 USD) - 2025/01/06 15:22:51 WET [2025/01/06 10:22:51 ET]
Table 'Theobalda II' 6-max Seat #5 is the button
Seat 3: Nazareno1999 ($101.50 in chips) is sitting out
Seat 1: JACEKH1208 ($67.20 in chips) 
Seat 2: whitecillar3 ($116.23 in chips) 
Seat 4: joner74 ($214.25 in chips) 
Seat 5: whlzor ($149.57 in chips) 
Seat 6: poker_soul11 ($180.91 in chips) 
poker_soul11: posts small blind $0.50
JACEKH1208: posts big blind $1
Nazareno1999: sits out 
*** HOLE CARDS ***
whitecillar3: folds 
joner74: folds 
whlzor: raises $2 to $3
poker_soul11: folds 
JACEKH1208: calls $2
*** FLOP *** [3d Qs 8h]
JACEKH1208: checks 
whlzor: bets $2.04
JACEKH1208: raises $10.26 to $12.30
whlzor: folds 
Uncalled bet ($10.26) returned to JACEKH1208
JACEKH1208 collected $10.05 from pot
JACEKH1208: doesn't show hand 
*** SUMMARY ***
Total pot $10.58 | Rake $0.53 
Board [3d Qs 8h]
Seat 3: Nazareno1999
Seat 1: JACEKH1208 (big blind) collected ($10.05)
Seat 2: whitecillar3 folded before Flop (didn't bet)
Seat 4: joner74 folded before Flop (didn't bet)
Seat 5: whlzor (button) folded on the Flop
Seat 6: poker_soul11 (small blind) folded before Flop



PokerStars Hand #254228490327:  Hold'em No Limit ($0.50/$1.00 USD) - 2025/01/06 15:23:34 WET [2025/01/06 10:23:34 ET]
Table 'Theobalda II' 6-max Seat #6 is the button
Seat 3: Nazareno1999 ($101.50 in chips) is sitting out
Seat 1: JACEKH1208 ($72.21 in chips) 
Seat 2: whitecillar3 ($116.23 in chips) 
Seat 4: joner74 ($214.25 in chips) 
Seat 5: whlzor ($144.53 in chips) 
Seat 6: poker_soul11 ($180.41 in chips) 
JACEKH1208: posts small blind $0.50
whitecillar3: posts big blind $1
Nazareno1999: sits out 
*** HOLE CARDS ***
joner74: raises $1.50 to $2.50
whlzor: folds 
poker_soul11: raises $5 to $7.50
JACEKH1208: calls $7
whitecillar3: folds 
joner74: calls $5
*** FLOP *** [Kh 8c 3c]
JACEKH1208: checks 
joner74: checks 
poker_soul11: bets $7.37
JACEKH1208: folds 
joner74: folds 
Uncalled bet ($7.37) returned to poker_soul11
poker_soul11 collected $22.32 from pot
poker_soul11: doesn't show hand 
*** SUMMARY ***
Total pot $23.50 | Rake $1.18 
Board [Kh 8c 3c]
Seat 3: Nazareno1999
Seat 1: JACEKH1208 (small blind) folded on the Flop
Seat 2: whitecillar3 (big blind) folded before Flop
Seat 4: joner74 folded on the Flop
Seat 5: whlzor folded before Flop (didn't bet)
Seat 6: poker_soul11 (button) collected ($22.32)



PokerStars Hand #254228498932:  Hold'em No Limit ($0.50/$1.00 USD) - 2025/01/06 15:24:09 WET [2025/01/06 10:24:09 ET]
Table 'Theobalda II' 6-max Seat #1 is the button
Seat 4: joner74 ($206.75 in chips) is sitting out
Seat 1: JACEKH1208 ($64.71 in chips) 
Seat 2: whitecillar3 ($115.23 in chips) 
Seat 3: Nazareno1999 ($101.50 in chips) 
Seat 5: whlzor ($144.53 in chips) 
Seat 6: poker_soul11 ($195.23 in chips) 
whitecillar3: posts small blind $0.50
Nazareno1999: posts big blind $1
*** HOLE CARDS ***
whlzor: folds 
joner74 leaves the table
poker_soul11: folds 
JACEKH1208: calls $1
whitecillar3: folds 
Nazareno1999: checks 
*** FLOP *** [Ah Qs Tc]
Nazareno1999: checks 
JACEKH1208: checks 
*** TURN *** [Ah Qs Tc] [As]
Nazareno1999: checks 
JACEKH1208: checks 
*** RIVER *** [Ah Qs Tc As] [9d]
Nazareno1999: checks 
YeeesMan joins the table at seat #4 
JACEKH1208: checks 
*** SHOW DOWN ***
Nazareno1999: shows [8d 3s] (a pair of Aces)
JACEKH1208: shows [8c Kd] (a pair of Aces - King kicker)
JACEKH1208 collected $2.38 from pot
*** SUMMARY ***
Total pot $2.50 | Rake $0.12 
Board [Ah Qs Tc As 9d]
Seat 4: joner74
Seat 1: JACEKH1208 (button) showed [8c Kd] and won ($2.38) with a pair of Aces
Seat 2: whitecillar3 (small blind) folded before Flop
Seat 3: Nazareno1999 (big blind) showed [8d 3s] and lost with a pair of Aces
Seat 5: whlzor folded before Flop (didn't bet)
Seat 6: poker_soul11 folded before Flop (didn't bet)



PokerStars Hand #254228505547:  Hold'em No Limit ($0.50/$1.00 USD) - 2025/01/06 15:24:37 WET [2025/01/06 10:24:37 ET]
Table 'Theobalda II' 6-max Seat #2 is the button
Seat 1: JACEKH1208 ($66.09 in chips) 
Seat 2: whitecillar3 ($114.73 in chips) 
Seat 3: Nazareno1999 ($100.50 in chips) 
Seat 4: YeeesMan ($100 in chips) 
Seat 5: whlzor ($144.53 in chips) 
Seat 6: poker_soul11 ($195.23 in chips) 
Nazareno1999: posts small blind $0.50
YeeesMan: posts big blind $1
*** HOLE CARDS ***
whlzor: folds 
poker_soul11: folds 
JACEKH1208: folds 
whitecillar3: folds 
Nazareno1999: raises $1.50 to $2.50
YeeesMan: folds 
Uncalled bet ($1.50) returned to Nazareno1999
Nazareno1999 collected $2 from pot
Nazareno1999: doesn't show hand 
*** SUMMARY ***
Total pot $2 | Rake $0 
Seat 1: JACEKH1208 folded before Flop (didn't bet)
Seat 2: whitecillar3 (button) folded before Flop (didn't bet)
Seat 3: Nazareno1999 (small blind) collected ($2)
Seat 4: YeeesMan (big blind) folded before Flop
Seat 5: whlzor folded before Flop (didn't bet)
Seat 6: poker_soul11 folded before Flop (didn't bet)



PokerStars Hand #254228509305:  Hold'em No Limit ($0.50/$1.00 USD) - 2025/01/06 15:24:53 WET [2025/01/06 10:24:53 ET]
Table 'Theobalda II' 6-max Seat #3 is the button
Seat 1: JACEKH1208 ($66.09 in chips) 
Seat 2: whitecillar3 ($114.73 in chips) 
Seat 3: Nazareno1999 ($101.50 in chips) 
Seat 4: YeeesMan ($100 in chips) 
Seat 5: whlzor ($144.53 in chips) 
Seat 6: poker_soul11 ($195.23 in chips) 
YeeesMan: posts small blind $0.50
whlzor: posts big blind $1
*** HOLE CARDS ***
poker_soul11: folds 
JACEKH1208: raises $1 to $2
whitecillar3: folds 
Nazareno1999: folds 
YeeesMan: folds 
whlzor: folds 
Uncalled bet ($1) returned to JACEKH1208
JACEKH1208 collected $2.50 from pot
JACEKH1208: doesn't show hand 
*** SUMMARY ***
Total pot $2.50 | Rake $0 
Seat 1: JACEKH1208 collected ($2.50)
Seat 2: whitecillar3 folded before Flop (didn't bet)
Seat 3: Nazareno1999 (button) folded before Flop (didn't bet)
Seat 4: YeeesMan (small blind) folded before Flop
Seat 5: whlzor (big blind) folded before Flop
Seat 6: poker_soul11 folded before Flop (didn't bet)



PokerStars Hand #254228513674:  Hold'em No Limit ($0.50/$1.00 USD) - 2025/01/06 15:25:11 WET [2025/01/06 10:25:11 ET]
Table 'Theobalda II' 6-max Seat #4 is the button
Seat 1: JACEKH1208 ($67.59 in chips) 
Seat 2: whitecillar3 ($114.73 in chips) 
Seat 3: Nazareno1999 ($101.50 in chips) 
Seat 4: YeeesMan ($100 in chips) 
Seat 5: whlzor ($143.53 in chips) 
Seat 6: poker_soul11 ($195.23 in chips) 
whlzor: posts small blind $0.50
poker_soul11: posts big blind $1
*** HOLE CARDS ***
JACEKH1208: raises $1 to $2
whitecillar3: folds 
Nazareno1999: folds 
YeeesMan: folds 
whlzor: folds 
poker_soul11: folds 
Uncalled bet ($1) returned to JACEKH1208
JACEKH1208 collected $2.50 from pot
JACEKH1208: doesn't show hand 
*** SUMMARY ***
Total pot $2.50 | Rake $0 
Seat 1: JACEKH1208 collected ($2.50)
Seat 2: whitecillar3 folded before Flop (didn't bet)
Seat 3: Nazareno1999 folded before Flop (didn't bet)
Seat 4: YeeesMan (button) folded before Flop (didn't bet)
Seat 5: whlzor (small blind) folded before Flop
Seat 6: poker_soul11 (big blind) folded before Flop



PokerStars Hand #254228517291:  Hold'em No Limit ($0.50/$1.00 USD) - 2025/01/06 15:25:27 WET [2025/01/06 10:25:27 ET]
Table 'Theobalda II' 6-max Seat #5 is the button
Seat 1: JACEKH1208 ($69.09 in chips) 
Seat 2: whitecillar3 ($114.73 in chips) 
Seat 3: Nazareno1999 ($101.50 in chips) 
Seat 4: YeeesMan ($100 in chips) 
Seat 5: whlzor ($143.03 in chips) 
Seat 6: poker_soul11 ($194.23 in chips) 
poker_soul11: posts small blind $0.50
JACEKH1208: posts big blind $1
*** HOLE CARDS ***
whitecillar3: raises $1 to $2
Nazareno1999: folds 
YeeesMan: folds 
whlzor: folds 
poker_soul11: folds 
JACEKH1208: calls $1
*** FLOP *** [2c Ah 9c]
JACEKH1208: checks 
whitecillar3: checks 
*** TURN *** [2c Ah 9c] [6s]
JACEKH1208: checks 
whitecillar3: checks 
*** RIVER *** [2c Ah 9c 6s] [8s]
JACEKH1208: bets $4.28
whitecillar3: folds 
Uncalled bet ($4.28) returned to JACEKH1208
JACEKH1208 collected $4.28 from pot
JACEKH1208: doesn't show hand 
*** SUMMARY ***
Total pot $4.50 | Rake $0.22 
Board [2c Ah 9c 6s 8s]
Seat 1: JACEKH1208 (big blind) collected ($4.28)
Seat 2: whitecillar3 folded on the River
Seat 3: Nazareno1999 folded before Flop (didn't bet)
Seat 4: YeeesMan folded before Flop (didn't bet)
Seat 5: whlzor (button) folded before Flop (didn't bet)
Seat 6: poker_soul11 (small blind) folded before Flop



PokerStars Hand #254228527871:  Hold'em No Limit ($0.50/$1.00 USD) - 2025/01/06 15:26:11 WET [2025/01/06 10:26:11 ET]
Table 'Theobalda II' 6-max Seat #6 is the button
Seat 1: JACEKH1208 ($71.37 in chips) 
Seat 2: whitecillar3 ($112.73 in chips) 
Seat 3: Nazareno1999 ($101.50 in chips) 
Seat 4: YeeesMan ($100 in chips) 
Seat 5: whlzor ($143.03 in chips) 
Seat 6: poker_soul11 ($193.73 in chips) 
JACEKH1208: posts small blind $0.50
whitecillar3: posts big blind $1
*** HOLE CARDS ***
Nazareno1999: folds 
YeeesMan: folds 
whlzor: raises $2 to $3
poker_soul11: folds 
JACEKH1208: calls $2.50
whitecillar3: raises $10 to $13
whlzor: raises $16.40 to $29.40
JACEKH1208: folds 
whitecillar3: folds 
Uncalled bet ($16.40) returned to whlzor
whlzor collected $29 from pot
whlzor: doesn't show hand 
*** SUMMARY ***
Total pot $29 | Rake $0 
Seat 1: JACEKH1208 (small blind) folded before Flop
Seat 2: whitecillar3 (big blind) folded before Flop
Seat 3: Nazareno1999 folded before Flop (didn't bet)
Seat 4: YeeesMan folded before Flop (didn't bet)
Seat 5: whlzor collected ($29)
Seat 6: poker_soul11 (button) folded before Flop (didn't bet)



PokerStars Hand #254228537667:  Hold'em No Limit ($0.50/$1.00 USD) - 2025/01/06 15:26:53 WET [2025/01/06 10:26:53 ET]
Table 'Theobalda II' 6-max Seat #1 is the button
Seat 1: JACEKH1208 ($68.37 in chips) 
Seat 2: whitecillar3 ($99.73 in chips) 
Seat 3: Nazareno1999 ($101.50 in chips) 
Seat 4: YeeesMan ($100 in chips) 
Seat 5: whlzor ($159.03 in chips) 
Seat 6: poker_soul11 ($193.73 in chips) 
whitecillar3: posts small blind $0.50
Nazareno1999: posts big blind $1
*** HOLE CARDS ***
YeeesMan: folds 
whlzor: folds 
poker_soul11: raises $1.20 to $2.20
JACEKH1208: calls $2.20
whitecillar3: folds 
Nazareno1999: calls $1.20
*** FLOP *** [Qd 3d 6c]
Nazareno1999: checks 
poker_soul11: checks 
JACEKH1208: checks 
*** TURN *** [Qd 3d 6c] [5c]
Nazareno1999: checks 
poker_soul11: bets $5.06
JACEKH1208: folds 
Nazareno1999: calls $5.06
*** RIVER *** [Qd 3d 6c 5c] [Th]
Nazareno1999: checks 
poker_soul11: checks 
*** SHOW DOWN ***
Nazareno1999: shows [Ts 5s] (two pair, Tens and Fives)
poker_soul11: mucks hand 
Nazareno1999 collected $16.36 from pot
*** SUMMARY ***
Total pot $17.22 | Rake $0.86 
Board [Qd 3d 6c 5c Th]
Seat 1: JACEKH1208 (button) folded on the Turn
Seat 2: whitecillar3 (small blind) folded before Flop
Seat 3: Nazareno1999 (big blind) showed [Ts 5s] and won ($16.36) with two pair, Tens and Fives
Seat 4: YeeesMan folded before Flop (didn't bet)
Seat 5: whlzor folded before Flop (didn't bet)
Seat 6: poker_soul11 mucked



PokerStars Hand #254228551286:  Hold'em No Limit ($0.50/$1.00 USD) - 2025/01/06 15:27:51 WET [2025/01/06 10:27:51 ET]
Table 'Theobalda II' 6-max Seat #2 is the button
Seat 1: JACEKH1208 ($66.17 in chips) 
Seat 2: whitecillar3 ($99.23 in chips) 
Seat 3: Nazareno1999 ($110.60 in chips) 
Seat 4: YeeesMan ($100 in chips) 
Seat 5: whlzor ($159.03 in chips) 
Seat 6: poker_soul11 ($186.47 in chips) 
Nazareno1999: posts small blind $0.50
YeeesMan: posts big blind $1
*** HOLE CARDS ***
whlzor: folds 
poker_soul11: raises $1.20 to $2.20
JACEKH1208: folds 
whitecillar3: folds 
JACEKH1208 leaves the table
Nazareno1999: folds 
YeeesMan: calls $1.20
*** FLOP *** [7s 2h 3h]
YeeesMan: checks 
poker_soul11: checks 
*** TURN *** [7s 2h 3h] [2d]
YeeesMan: bets $1.54
poker_soul11: folds 
Uncalled bet ($1.54) returned to YeeesMan
YeeesMan collected $4.66 from pot
YeeesMan: doesn't show hand 
*** SUMMARY ***
Total pot $4.90 | Rake $0.24 
Board [7s 2h 3h 2d]
Seat 1: JACEKH1208 folded before Flop (didn't bet)
Seat 2: whitecillar3 (button) folded before Flop (didn't bet)
Seat 3: Nazareno1999 (small blind) folded before Flop
Seat 4: YeeesMan (big blind) collected ($4.66)
Seat 5: whlzor folded before Flop (didn't bet)
Seat 6: poker_soul11 folded on the Turn



PokerStars Hand #254228564353:  Hold'em No Limit ($0.50/$1.00 USD) - 2025/01/06 15:28:45 WET [2025/01/06 10:28:45 ET]
Table 'Theobalda II' 6-max Seat #3 is the button
Seat 4: YeeesMan ($102.46 in chips) is sitting out
Seat 2: whitecillar3 ($99.23 in chips) 
Seat 3: Nazareno1999 ($110.10 in chips) 
Seat 5: whlzor ($159.03 in chips) 
Seat 6: poker_soul11 ($184.27 in chips) 
whlzor: posts small blind $0.50
poker_soul11: posts big blind $1
*** HOLE CARDS ***
whitecillar3: folds 
Nazareno1999: folds 
whlzor: raises $2 to $3
poker_soul11: raises $7 to $10
YeeesMan leaves the table
whlzor: calls $7
*** FLOP *** [6s Ks 3d]
whlzor: checks 
poker_soul11: bets $6.27
whlzor: folds 
Uncalled bet ($6.27) returned to poker_soul11
poker_soul11 collected $19 from pot
poker_soul11: doesn't show hand 
*** SUMMARY ***
Total pot $20 | Rake $1 
Board [6s Ks 3d]
Seat 4: YeeesMan
Seat 2: whitecillar3 folded before Flop (didn't bet)
Seat 3: Nazareno1999 (button) folded before Flop (didn't bet)
Seat 5: whlzor (small blind) folded on the Flop
Seat 6: poker_soul11 (big blind) collected ($19)



PokerStars Hand #254228573521:  Hold'em No Limit ($0.50/$1.00 USD) - 2025/01/06 15:29:24 WET [2025/01/06 10:29:24 ET]
Table 'Theobalda II' 6-max Seat #5 is the button
Seat 2: whitecillar3 ($99.23 in chips) 
Seat 3: Nazareno1999 ($110.10 in chips) 
Seat 5: whlzor ($149.03 in chips) 
Seat 6: poker_soul11 ($193.27 in chips) 
poker_soul11: posts small blind $0.50
whitecillar3: posts big blind $1
*** HOLE CARDS ***
Nazareno1999: folds 
whlzor: raises $1.50 to $2.50
poker_soul11: folds 
whitecillar3: calls $1.50
*** FLOP *** [5s Jd 5d]
whitecillar3: checks 
whlzor: bets $1.72
whitecillar3: raises $3.28 to $5
kritonasd joins the table at seat #4 
kritonasd is disconnected 
yzuk joins the table at seat #1 
whlzor: folds 
Uncalled bet ($3.28) returned to whitecillar3
whitecillar3 collected $8.49 from pot
*** SUMMARY ***
Total pot $8.94 | Rake $0.45 
Board [5s Jd 5d]
Seat 2: whitecillar3 (big blind) collected ($8.49)
Seat 3: Nazareno1999 folded before Flop (didn't bet)
Seat 5: whlzor (button) folded on the Flop
Seat 6: poker_soul11 (small blind) folded before Flop



PokerStars Hand #254228583671:  Hold'em No Limit ($0.50/$1.00 USD) - 2025/01/06 15:30:06 WET [2025/01/06 10:30:06 ET]
Table 'Theobalda II' 6-max Seat #6 is the button
Seat 1: yzuk ($100 in chips) is sitting out
Seat 2: whitecillar3 ($103.50 in chips) 
Seat 3: Nazareno1999 ($110.10 in chips) 
Seat 4: kritonasd ($80 in chips) 
Seat 5: whlzor ($144.81 in chips) 
Seat 6: poker_soul11 ($192.77 in chips) 
whitecillar3: posts small blind $0.50
Nazareno1999: posts big blind $1
kritonasd: posts big blind $1
*** HOLE CARDS ***
kritonasd: raises $1 to $2
whlzor: folds 
poker_soul11: folds 
whitecillar3: folds 
Nazareno1999: folds 
Uncalled bet ($1) returned to kritonasd
kritonasd collected $2.50 from pot
*** SUMMARY ***
Total pot $2.50 | Rake $0 
Seat 1: yzuk
Seat 2: whitecillar3 (small blind) folded before Flop
Seat 3: Nazareno1999 (big blind) folded before Flop
Seat 4: kritonasd collected ($2.50)
Seat 5: whlzor folded before Flop (didn't bet)
Seat 6: poker_soul11 (button) folded before Flop (didn't bet)



PokerStars Hand #254228585986:  Hold'em No Limit ($0.50/$1.00 USD) - 2025/01/06 15:30:15 WET [2025/01/06 10:30:15 ET]
Table 'Theobalda II' 6-max Seat #2 is the button
Seat 1: yzuk ($100 in chips) is sitting out
Seat 2: whitecillar3 ($103 in chips) 
Seat 3: Nazareno1999 ($109.10 in chips) 
Seat 4: kritonasd ($81.50 in chips) 
Seat 5: whlzor ($144.81 in chips) 
Seat 6: poker_soul11 ($192.77 in chips) 
Nazareno1999: posts small blind $0.50
kritonasd: posts big blind $1
yzuk: sits out 
*** HOLE CARDS ***
whlzor: folds 
poker_soul11: folds 
whitecillar3: folds 
Nazareno1999: raises $3.50 to $4.50
kritonasd: folds 
Uncalled bet ($3.50) returned to Nazareno1999
Nazareno1999 collected $2 from pot
Nazareno1999: doesn't show hand 
*** SUMMARY ***
Total pot $2 | Rake $0 
Seat 1: yzuk
Seat 2: whitecillar3 (button) folded before Flop (didn't bet)
Seat 3: Nazareno1999 (small blind) collected ($2)
Seat 4: kritonasd (big blind) folded before Flop
Seat 5: whlzor folded before Flop (didn't bet)
Seat 6: poker_soul11 folded before Flop (didn't bet)



PokerStars Hand #254228590170:  Hold'em No Limit ($0.50/$1.00 USD) - 2025/01/06 15:30:33 WET [2025/01/06 10:30:33 ET]
Table 'Theobalda II' 6-max Seat #3 is the button
Seat 1: yzuk ($100 in chips) is sitting out
Seat 5: whlzor ($144.81 in chips) is sitting out
Seat 2: whitecillar3 ($103 in chips) 
Seat 3: Nazareno1999 ($110.10 in chips) 
Seat 4: kritonasd ($80.50 in chips) 
Seat 6: poker_soul11 ($192.77 in chips) 
kritonasd: posts small blind $0.50
whlzor: is sitting out 
poker_soul11: posts big blind $1
yzuk: sits out 
*** HOLE CARDS ***
whitecillar3: folds 
Nazareno1999: folds 
kritonasd: raises $1 to $2
poker_soul11: folds 
Uncalled bet ($1) returned to kritonasd
kritonasd collected $2 from pot
*** SUMMARY ***
Total pot $2 | Rake $0 
Seat 1: yzuk
Seat 5: whlzor
Seat 2: whitecillar3 folded before Flop (didn't bet)
Seat 3: Nazareno1999 (button) folded before Flop (didn't bet)
Seat 4: kritonasd (small blind) collected ($2)
Seat 6: poker_soul11 (big blind) folded before Flop



PokerStars Hand #254228593465:  Hold'em No Limit ($0.50/$1.00 USD) - 2025/01/06 15:30:46 WET [2025/01/06 10:30:46 ET]
Table 'Theobalda II' 6-max Seat #4 is the button
Seat 5: whlzor ($144.81 in chips) is sitting out
Seat 1: yzuk ($100 in chips) 
Seat 2: whitecillar3 ($103 in chips) 
Seat 3: Nazareno1999 ($110.10 in chips) 
Seat 4: kritonasd ($81.50 in chips) 
Seat 6: poker_soul11 ($191.77 in chips) 
poker_soul11: posts small blind $0.50
yzuk: posts big blind $1
*** HOLE CARDS ***
whitecillar3: folds 
Nazareno1999: folds 
kritonasd: raises $1 to $2
poker_soul11: folds 
yzuk: folds 
Uncalled bet ($1) returned to kritonasd
kritonasd collected $2.50 from pot
*** SUMMARY ***
Total pot $2.50 | Rake $0 
Seat 5: whlzor
Seat 1: yzuk (big blind) folded before Flop
Seat 2: whitecillar3 folded before Flop (didn't bet)
Seat 3: Nazareno1999 folded before Flop (didn't bet)
Seat 4: kritonasd (button) collected ($2.50)
Seat 6: poker_soul11 (small blind) folded before Flop



PokerStars Hand #254228596900:  Hold'em No Limit ($0.50/$1.00 USD) - 2025/01/06 15:31:00 WET [2025/01/06 10:31:00 ET]
Table 'Theobalda II' 6-max Seat #6 is the button
Seat 5: whlzor ($144.81 in chips) is sitting out
Seat 1: yzuk ($100 in chips) 
Seat 2: whitecillar3 ($103 in chips) 
Seat 3: Nazareno1999 ($110.10 in chips) 
Seat 4: kritonasd ($83 in chips) 
Seat 6: poker_soul11 ($191.27 in chips) 
yzuk: posts small blind $0.50
whitecillar3: posts big blind $1
whlzor: sits out 
*** HOLE CARDS ***
Nazareno1999: raises $1.20 to $2.20
kritonasd: folds 
poker_soul11: folds 
yzuk: folds 
whitecillar3: folds 
Uncalled bet ($1.20) returned to Nazareno1999
Nazareno1999 collected $2.50 from pot
Nazareno1999: doesn't show hand 
*** SUMMARY ***
Total pot $2.50 | Rake $0 
Seat 5: whlzor
Seat 1: yzuk (small blind) folded before Flop
Seat 2: whitecillar3 (big blind) folded before Flop
Seat 3: Nazareno1999 collected ($2.50)
Seat 4: kritonasd folded before Flop (didn't bet)
Seat 6: poker_soul11 (button) folded before Flop (didn't bet)



PokerStars Hand #254228600189:  Hold'em No Limit ($0.50/$1.00 USD) - 2025/01/06 15:31:14 WET [2025/01/06 10:31:14 ET]
Table 'Theobalda II' 6-max Seat #1 is the button
Seat 5: whlzor ($144.81 in chips) is sitting out
Seat 1: yzuk ($100 in chips) 
Seat 2: whitecillar3 ($102 in chips) 
Seat 3: Nazareno1999 ($111.60 in chips) 
Seat 4: kritonasd ($83 in chips) 
Seat 6: poker_soul11 ($191.27 in chips) 
whitecillar3: posts small blind $0.50
Nazareno1999: posts big blind $1
whlzor: sits out 
*** HOLE CARDS ***
kritonasd: folds 
poker_soul11: folds 
yzuk: folds 
whitecillar3: raises $2 to $3
Nazareno1999: raises $6 to $9
whitecillar3: folds 
Uncalled bet ($6) returned to Nazareno1999
Nazareno1999 collected $6 from pot
Nazareno1999: doesn't show hand 
*** SUMMARY ***
Total pot $6 | Rake $0 
Seat 5: whlzor
Seat 1: yzuk (button) folded before Flop (didn't bet)
Seat 2: whitecillar3 (small blind) folded before Flop
Seat 3: Nazareno1999 (big blind) collected ($6)
Seat 4: kritonasd folded before Flop (didn't bet)
Seat 6: poker_soul11 folded before Flop (didn't bet)



PokerStars Hand #254228604129:  Hold'em No Limit ($0.50/$1.00 USD) - 2025/01/06 15:31:30 WET [2025/01/06 10:31:30 ET]
Table 'Theobalda II' 6-max Seat #2 is the button
Seat 4: kritonasd ($83 in chips) is sitting out
Seat 1: yzuk ($100 in chips) 
Seat 2: whitecillar3 ($99 in chips) 
Seat 3: Nazareno1999 ($114.60 in chips) 
Seat 5: whlzor ($144.81 in chips) 
Seat 6: poker_soul11 ($191.27 in chips) 
Nazareno1999: posts small blind $0.50
whlzor: posts big blind $1
*** HOLE CARDS ***
poker_soul11: folds 
yzuk: raises $1.50 to $2.50
whitecillar3: folds 
Nazareno1999: folds 
whlzor: folds 
Uncalled bet ($1.50) returned to yzuk
yzuk collected $2.50 from pot
yzuk: doesn't show hand 
*** SUMMARY ***
Total pot $2.50 | Rake $0 
Seat 4: kritonasd
Seat 1: yzuk collected ($2.50)
Seat 2: whitecillar3 (button) folded before Flop (didn't bet)
Seat 3: Nazareno1999 (small blind) folded before Flop
Seat 5: whlzor (big blind) folded before Flop
Seat 6: poker_soul11 folded before Flop (didn't bet)



PokerStars Hand #254228609526:  Hold'em No Limit ($0.50/$1.00 USD) - 2025/01/06 15:31:52 WET [2025/01/06 10:31:52 ET]
Table 'Theobalda II' 6-max Seat #3 is the button
Seat 4: kritonasd ($83 in chips) is sitting out
Seat 1: yzuk ($101.50 in chips) 
Seat 2: whitecillar3 ($99 in chips) 
Seat 3: Nazareno1999 ($114.10 in chips) 
Seat 5: whlzor ($143.81 in chips) 
Seat 6: poker_soul11 ($191.27 in chips) 
whlzor: posts small blind $0.50
poker_soul11: posts big blind $1
*** HOLE CARDS ***
yzuk: folds 
whitecillar3: folds 
Nazareno1999: raises $1.20 to $2.20
whlzor: folds 
poker_soul11: folds 
Uncalled bet ($1.20) returned to Nazareno1999
Nazareno1999 collected $2.50 from pot
Nazareno1999: doesn't show hand 
*** SUMMARY ***
Total pot $2.50 | Rake $0 
Seat 4: kritonasd
Seat 1: yzuk folded before Flop (didn't bet)
Seat 2: whitecillar3 folded before Flop (didn't bet)
Seat 3: Nazareno1999 (button) collected ($2.50)
Seat 5: whlzor (small blind) folded before Flop
Seat 6: poker_soul11 (big blind) folded before Flop



PokerStars Hand #254228613289:  Hold'em No Limit ($0.50/$1.00 USD) - 2025/01/06 15:32:08 WET [2025/01/06 10:32:08 ET]
Table 'Theobalda II' 6-max Seat #5 is the button
Seat 4: kritonasd ($83 in chips) is sitting out
Seat 1: yzuk ($101.50 in chips) 
Seat 2: whitecillar3 ($99 in chips) 
Seat 3: Nazareno1999 ($115.60 in chips) 
Seat 5: whlzor ($143.31 in chips) 
Seat 6: poker_soul11 ($190.27 in chips) 
poker_soul11: posts small blind $0.50
yzuk: posts big blind $1
*** HOLE CARDS ***
whitecillar3: folds 
Nazareno1999: raises $1.20 to $2.20
whlzor: folds 
poker_soul11: folds 
yzuk: folds 
Uncalled bet ($1.20) returned to Nazareno1999
Nazareno1999 collected $2.50 from pot
Nazareno1999: doesn't show hand 
*** SUMMARY ***
Total pot $2.50 | Rake $0 
Seat 4: kritonasd
Seat 1: yzuk (big blind) folded before Flop
Seat 2: whitecillar3 folded before Flop (didn't bet)
Seat 3: Nazareno1999 collected ($2.50)
Seat 5: whlzor (button) folded before Flop (didn't bet)
Seat 6: poker_soul11 (small blind) folded before Flop



PokerStars Hand #254228616521:  Hold'em No Limit ($0.50/$1.00 USD) - 2025/01/06 15:32:21 WET [2025/01/06 10:32:21 ET]
Table 'Theobalda II' 6-max Seat #6 is the button
Seat 4: kritonasd ($83 in chips) is sitting out
Seat 1: yzuk ($100.50 in chips) 
Seat 2: whitecillar3 ($99 in chips) 
Seat 3: Nazareno1999 ($117.10 in chips) 
Seat 5: whlzor ($143.31 in chips) 
Seat 6: poker_soul11 ($189.77 in chips) 
yzuk: posts small blind $0.50
whitecillar3: posts big blind $1
*** HOLE CARDS ***
Nazareno1999: folds 
whlzor: raises $2 to $3
poker_soul11: folds 
yzuk: folds 
whitecillar3: raises $9 to $12
whlzor: calls $9
*** FLOP *** [6h As 7h]
whitecillar3: checks 
whlzor: checks 
*** TURN *** [6h As 7h] [2s]
whitecillar3: checks 
whlzor: bets $11.64
whitecillar3: calls $11.64
*** RIVER *** [6h As 7h 2s] [9c]
whitecillar3: checks 
whlzor: checks 
*** SHOW DOWN ***
whitecillar3: shows [3c Ac] (a pair of Aces)
whlzor: mucks hand 
whitecillar3 collected $45.39 from pot
*** SUMMARY ***
Total pot $47.78 | Rake $2.39 
Board [6h As 7h 2s 9c]
Seat 4: kritonasd
Seat 1: yzuk (small blind) folded before Flop
Seat 2: whitecillar3 (big blind) showed [3c Ac] and won ($45.39) with a pair of Aces
Seat 3: Nazareno1999 folded before Flop (didn't bet)
Seat 5: whlzor mucked
Seat 6: poker_soul11 (button) folded before Flop (didn't bet)



PokerStars Hand #254228639141:  Hold'em No Limit ($0.50/$1.00 USD) - 2025/01/06 15:33:55 WET [2025/01/06 10:33:55 ET]
Table 'Theobalda II' 6-max Seat #1 is the button
Seat 1: yzuk ($100 in chips) 
Seat 2: whitecillar3 ($120.75 in chips) 
Seat 3: Nazareno1999 ($117.10 in chips) 
Seat 4: kritonasd ($83 in chips) 
Seat 5: whlzor ($119.67 in chips) 
Seat 6: poker_soul11 ($189.77 in chips) 
whitecillar3: posts small blind $0.50
Nazareno1999: posts big blind $1
kritonasd: posts small & big blinds $1.50
*** HOLE CARDS ***
kritonasd: checks 
whlzor: folds 
poker_soul11: folds 
yzuk: folds 
whitecillar3: folds 
Nazareno1999: checks 
*** FLOP *** [8d Qh Ks]
Nazareno1999: checks 
kritonasd: bets $1.43
Nazareno1999: folds 
Uncalled bet ($1.43) returned to kritonasd
kritonasd collected $2.85 from pot
*** SUMMARY ***
Total pot $3 | Rake $0.15 
Board [8d Qh Ks]
Seat 1: yzuk (button) folded before Flop (didn't bet)
Seat 2: whitecillar3 (small blind) folded before Flop
Seat 3: Nazareno1999 (big blind) folded on the Flop
Seat 4: kritonasd collected ($2.85)
Seat 5: whlzor folded before Flop (didn't bet)
Seat 6: poker_soul11 folded before Flop (didn't bet)



PokerStars Hand #254228644610:  Hold'em No Limit ($0.50/$1.00 USD) - 2025/01/06 15:34:17 WET [2025/01/06 10:34:17 ET]
Table 'Theobalda II' 6-max Seat #2 is the button
Seat 1: yzuk ($100 in chips) 
Seat 2: whitecillar3 ($120.25 in chips) 
Seat 3: Nazareno1999 ($116.10 in chips) 
Seat 4: kritonasd ($84.35 in chips) 
Seat 5: whlzor ($119.67 in chips) 
Seat 6: poker_soul11 ($189.77 in chips) 
Nazareno1999: posts small blind $0.50
kritonasd: posts big blind $1
*** HOLE CARDS ***
whlzor: raises $1.50 to $2.50
poker_soul11: folds 
yzuk: folds 
whitecillar3: folds 
Nazareno1999: folds 
kritonasd: calls $1.50
*** FLOP *** [3d 7s 7d]
kritonasd: checks 
whlzor: checks 
*** TURN *** [3d 7s 7d] [Kd]
kritonasd: checks 
whlzor: bets $2.61
kritonasd: calls $2.61
*** RIVER *** [3d 7s 7d Kd] [Jd]
kritonasd: checks 
whlzor: bets $7.69
kritonasd: raises $12.78 to $20.47
whlzor: raises $94.09 to $114.56 and is all-in
kritonasd: calls $58.77 and is all-in
Uncalled bet ($35.32) returned to whlzor
*** SHOW DOWN ***
whlzor: shows [Ad 2d] (a flush, Ace high)
kritonasd: shows [7c Ks] (a full house, Sevens full of Kings)
kritonasd collected $166.70 from pot
*** SUMMARY ***
Total pot $169.20 | Rake $2.50 
Board [3d 7s 7d Kd Jd]
Seat 1: yzuk folded before Flop (didn't bet)
Seat 2: whitecillar3 (button) folded before Flop (didn't bet)
Seat 3: Nazareno1999 (small blind) folded before Flop
Seat 4: kritonasd (big blind) showed [7c Ks] and won ($166.70) with a full house, Sevens full of Kings
Seat 5: whlzor showed [Ad 2d] and lost with a flush, Ace high
Seat 6: poker_soul11 folded before Flop (didn't bet)



PokerStars Hand #254228661526:  Hold'em No Limit ($0.50/$1.00 USD) - 2025/01/06 15:35:27 WET [2025/01/06 10:35:27 ET]
Table 'Theobalda II' 6-max Seat #3 is the button
Seat 1: yzuk ($100 in chips) 
Seat 2: whitecillar3 ($120.25 in chips) 
Seat 3: Nazareno1999 ($115.60 in chips) 
Seat 4: kritonasd ($166.70 in chips) 
Seat 5: whlzor ($100 in chips) 
Seat 6: poker_soul11 ($189.77 in chips) 
kritonasd: posts small blind $0.50
whlzor: posts big blind $1
*** HOLE CARDS ***
poker_soul11: folds 
yzuk: folds 
whitecillar3: folds 
Nazareno1999: raises $1.20 to $2.20
kritonasd: folds 
whlzor: folds 
Uncalled bet ($1.20) returned to Nazareno1999
Nazareno1999 collected $2.50 from pot
Nazareno1999: doesn't show hand 
*** SUMMARY ***
Total pot $2.50 | Rake $0 
Seat 1: yzuk folded before Flop (didn't bet)
Seat 2: whitecillar3 folded before Flop (didn't bet)
Seat 3: Nazareno1999 (button) collected ($2.50)
Seat 4: kritonasd (small blind) folded before Flop
Seat 5: whlzor (big blind) folded before Flop
Seat 6: poker_soul11 folded before Flop (didn't bet)



PokerStars Hand #254228665188:  Hold'em No Limit ($0.50/$1.00 USD) - 2025/01/06 15:35:43 WET [2025/01/06 10:35:43 ET]
Table 'Theobalda II' 6-max Seat #4 is the button
Seat 1: yzuk ($100 in chips) 
Seat 2: whitecillar3 ($120.25 in chips) 
Seat 3: Nazareno1999 ($117.10 in chips) 
Seat 4: kritonasd ($166.20 in chips) 
Seat 5: whlzor ($100 in chips) 
Seat 6: poker_soul11 ($189.77 in chips) 
whlzor: posts small blind $0.50
poker_soul11: posts big blind $1
*** HOLE CARDS ***
yzuk: raises $1.50 to $2.50
whitecillar3: folds 
Nazareno1999: raises $5 to $7.50
kritonasd: folds 
whlzor: folds 
poker_soul11: folds 
yzuk: calls $5
*** FLOP *** [8s 5d 5h]
yzuk: checks 
Nazareno1999: bets $7.84
yzuk: raises $7.84 to $15.68
Nazareno1999: calls $7.84
*** TURN *** [8s 5d 5h] [Kd]
yzuk: checks 
Nazareno1999: checks 
*** RIVER *** [8s 5d 5h Kd] [6s]
yzuk: checks 
Nazareno1999: bets $15.01
yzuk: folds 
Uncalled bet ($15.01) returned to Nazareno1999
Nazareno1999 collected $45.47 from pot
Nazareno1999: doesn't show hand 
*** SUMMARY ***
Total pot $47.86 | Rake $2.39 
Board [8s 5d 5h Kd 6s]
Seat 1: yzuk folded on the River
Seat 2: whitecillar3 folded before Flop (didn't bet)
Seat 3: Nazareno1999 collected ($45.47)
Seat 4: kritonasd (button) folded before Flop (didn't bet)
Seat 5: whlzor (small blind) folded before Flop
Seat 6: poker_soul11 (big blind) folded before Flop



PokerStars Hand #254228686718:  Hold'em No Limit ($0.50/$1.00 USD) - 2025/01/06 15:37:12 WET [2025/01/06 10:37:12 ET]
Table 'Theobalda II' 6-max Seat #5 is the button
Seat 1: yzuk ($100 in chips) 
Seat 2: whitecillar3 ($120.25 in chips) 
Seat 3: Nazareno1999 ($139.39 in chips) 
Seat 4: kritonasd ($166.20 in chips) 
Seat 5: whlzor ($100 in chips) 
Seat 6: poker_soul11 ($188.77 in chips) 
poker_soul11: posts small blind $0.50
yzuk: posts big blind $1
*** HOLE CARDS ***
whitecillar3: folds 
Nazareno1999: folds 
kritonasd: folds 
whlzor: folds 
poker_soul11: folds 
Uncalled bet ($0.50) returned to yzuk
yzuk collected $1 from pot
yzuk: doesn't show hand 
*** SUMMARY ***
Total pot $1 | Rake $0 
Seat 1: yzuk (big blind) collected ($1)
Seat 2: whitecillar3 folded before Flop (didn't bet)
Seat 3: Nazareno1999 folded before Flop (didn't bet)
Seat 4: kritonasd folded before Flop (didn't bet)
Seat 5: whlzor (button) folded before Flop (didn't bet)
Seat 6: poker_soul11 (small blind) folded before Flop



PokerStars Hand #254228701413:  Hold'em No Limit ($0.50/$1.00 USD) - 2025/01/06 15:38:13 WET [2025/01/06 10:38:13 ET]
Table 'Theobalda II' 6-max Seat #1 is the button
Seat 1: yzuk ($100 in chips) 
Seat 2: whitecillar3 ($119.25 in chips) 
Seat 3: Nazareno1999 ($139.39 in chips) 
Seat 4: kritonasd ($171.22 in chips) 
Seat 5: whlzor ($100 in chips) 
Seat 6: poker_soul11 ($184.27 in chips) 
whitecillar3: posts small blind $0.50
Nazareno1999: posts big blind $1
*** HOLE CARDS ***
kritonasd: folds 
whlzor: folds 
poker_soul11: raises $1.20 to $2.20
yzuk: folds 
whitecillar3: folds 
Nazareno1999: folds 
Uncalled bet ($1.20) returned to poker_soul11
poker_soul11 collected $2.50 from pot
poker_soul11: doesn't show hand 
*** SUMMARY ***
Total pot $2.50 | Rake $0 
Seat 1: yzuk (button) folded before Flop (didn't bet)
Seat 2: whitecillar3 (small blind) folded before Flop
Seat 3: Nazareno1999 (big blind) folded before Flop
Seat 4: kritonasd folded before Flop (didn't bet)
Seat 5: whlzor folded before Flop (didn't bet)
Seat 6: poker_soul11 collected ($2.50)



PokerStars Hand #254228705127:  Hold'em No Limit ($0.50/$1.00 USD) - 2025/01/06 15:38:29 WET [2025/01/06 10:38:29 ET]
Table 'Theobalda II' 6-max Seat #2 is the button
Seat 1: yzuk ($100 in chips) 
Seat 2: whitecillar3 ($118.75 in chips) 
Seat 3: Nazareno1999 ($138.39 in chips) 
Seat 4: kritonasd ($171.22 in chips) 
Seat 5: whlzor ($100 in chips) 
Seat 6: poker_soul11 ($185.77 in chips) 
Nazareno1999: posts small blind $0.50
kritonasd: posts big blind $1
*** HOLE CARDS ***
whlzor: folds 
whlzor leaves the table
poker_soul11: folds 
yzuk: raises $1.50 to $2.50
whitecillar3: folds 
Pippa83 joins the table at seat #5 
Nazareno1999: folds 
kritonasd: calls $1.50
*** FLOP *** [As 3c Jh]
kritonasd: checks 
yzuk: bets $1.77
kritonasd: calls $1.77
*** TURN *** [As 3c Jh] [4h]
kritonasd: checks 
yzuk: bets $12.88
kritonasd: folds 
Uncalled bet ($12.88) returned to yzuk
yzuk collected $8.59 from pot
yzuk: doesn't show hand 
*** SUMMARY ***
Total pot $9.04 | Rake $0.45 
Board [As 3c Jh 4h]
Seat 1: yzuk collected ($8.59)
Seat 2: whitecillar3 (button) folded before Flop (didn't bet)
Seat 3: Nazareno1999 (small blind) folded before Flop
Seat 4: kritonasd (big blind) folded on the Turn
Seat 5: whlzor folded before Flop (didn't bet)
Seat 6: poker_soul11 folded before Flop (didn't bet)



PokerStars Hand #254228713503:  Hold'em No Limit ($0.50/$1.00 USD) - 2025/01/06 15:39:03 WET [2025/01/06 10:39:03 ET]
Table 'Theobalda II' 6-max Seat #3 is the button
Seat 1: yzuk ($104.32 in chips) 
Seat 2: whitecillar3 ($118.75 in chips) 
Seat 3: Nazareno1999 ($137.89 in chips) 
Seat 4: kritonasd ($166.95 in chips) 
Seat 5: Pippa83 ($100 in chips) 
Seat 6: poker_soul11 ($185.77 in chips) 
kritonasd: posts small blind $0.50
Pippa83: posts big blind $1
*** HOLE CARDS ***
poker_soul11: folds 
yzuk: folds 
whitecillar3: folds 
Nazareno1999: folds 
kritonasd: folds 
Uncalled bet ($0.50) returned to Pippa83
Pippa83 collected $1 from pot
Pippa83: doesn't show hand 
*** SUMMARY ***
Total pot $1 | Rake $0 
Seat 1: yzuk folded before Flop (didn't bet)
Seat 2: whitecillar3 folded before Flop (didn't bet)
Seat 3: Nazareno1999 (button) folded before Flop (didn't bet)
Seat 4: kritonasd (small blind) folded before Flop
Seat 5: Pippa83 (big blind) collected ($1)
Seat 6: poker_soul11 folded before Flop (didn't bet)



PokerStars Hand #254228716607:  Hold'em No Limit ($0.50/$1.00 USD) - 2025/01/06 15:39:16 WET [2025/01/06 10:39:16 ET]
Table 'Theobalda II' 6-max Seat #4 is the button
Seat 1: yzuk ($104.32 in chips) 
Seat 2: whitecillar3 ($118.75 in chips) 
Seat 3: Nazareno1999 ($137.89 in chips) 
Seat 4: kritonasd ($166.45 in chips) 
Seat 5: Pippa83 ($100.50 in chips) 
Seat 6: poker_soul11 ($185.77 in chips) 
Pippa83: posts small blind $0.50
poker_soul11: posts big blind $1
*** HOLE CARDS ***
yzuk: folds 
whitecillar3: folds 
Nazareno1999: folds 
kritonasd: folds 
Pippa83: raises $2 to $3
poker_soul11: calls $2
*** FLOP *** [5h Th 2d]
Pippa83: bets $1.88
poker_soul11: folds 
Uncalled bet ($1.88) returned to Pippa83
Pippa83 collected $5.70 from pot
Pippa83: doesn't show hand 
*** SUMMARY ***
Total pot $6 | Rake $0.30 
Board [5h Th 2d]
Seat 1: yzuk folded before Flop (didn't bet)
Seat 2: whitecillar3 folded before Flop (didn't bet)
Seat 3: Nazareno1999 folded before Flop (didn't bet)
Seat 4: kritonasd (button) folded before Flop (didn't bet)
Seat 5: Pippa83 (small blind) collected ($5.70)
Seat 6: poker_soul11 (big blind) folded on the Flop



PokerStars Hand #254228723143:  Hold'em No Limit ($0.50/$1.00 USD) - 2025/01/06 15:39:43 WET [2025/01/06 10:39:43 ET]
Table 'Theobalda II' 6-max Seat #5 is the button
Seat 1: yzuk ($104.32 in chips) 
Seat 2: whitecillar3 ($118.75 in chips) 
Seat 3: Nazareno1999 ($137.89 in chips) 
Seat 4: kritonasd ($166.45 in chips) 
Seat 5: Pippa83 ($103.20 in chips) 
Seat 6: poker_soul11 ($182.77 in chips) 
poker_soul11: posts small blind $0.50
yzuk: posts big blind $1
*** HOLE CARDS ***
whitecillar3: folds 
Nazareno1999: folds 
kritonasd: calls $1
Pippa83: raises $2.50 to $3.50
poker_soul11: folds 
yzuk: folds 
kritonasd: calls $2.50
*** FLOP *** [2h Qd 2c]
kritonasd: checks 
Pippa83: bets $1.62
kritonasd: calls $1.62
*** TURN *** [2h Qd 2c] [5s]
kritonasd: checks 
Pippa83: checks 
*** RIVER *** [2h Qd 2c 5s] [2s]
kritonasd: bets $3.58
Pippa83: calls $3.58
*** SHOW DOWN ***
kritonasd: shows [7s 7h] (a full house, Deuces full of Sevens)
Pippa83: mucks hand 
kritonasd collected $17.96 from pot
*** SUMMARY ***
Total pot $18.90 | Rake $0.94 
Board [2h Qd 2c 5s 2s]
Seat 1: yzuk (big blind) folded before Flop
Seat 2: whitecillar3 folded before Flop (didn't bet)
Seat 3: Nazareno1999 folded before Flop (didn't bet)
Seat 4: kritonasd showed [7s 7h] and won ($17.96) with a full house, Deuces full of Sevens
Seat 5: Pippa83 (button) mucked
Seat 6: poker_soul11 (small blind) folded before Flop



PokerStars Hand #254228733062:  Hold'em No Limit ($0.50/$1.00 USD) - 2025/01/06 15:40:24 WET [2025/01/06 10:40:24 ET]
Table 'Theobalda II' 6-max Seat #6 is the button
Seat 1: yzuk ($103.32 in chips) 
Seat 2: whitecillar3 ($118.75 in chips) 
Seat 3: Nazareno1999 ($137.89 in chips) 
Seat 4: kritonasd ($175.71 in chips) 
Seat 5: Pippa83 ($100 in chips) 
Seat 6: poker_soul11 ($182.27 in chips) 
yzuk: posts small blind $0.50
whitecillar3: posts big blind $1
*** HOLE CARDS ***
Nazareno1999: folds 
kritonasd: calls $1
Pippa83: folds 
poker_soul11: folds 
yzuk: raises $2.50 to $3.50
whitecillar3: folds 
kritonasd: calls $2.50
*** FLOP *** [Ac 3c 6c]
yzuk: checks 
kritonasd: checks 
*** TURN *** [Ac 3c 6c] [Ad]
yzuk: bets $1.98
kritonasd: folds 
Uncalled bet ($1.98) returned to yzuk
yzuk collected $7.60 from pot
yzuk: doesn't show hand 
*** SUMMARY ***
Total pot $8 | Rake $0.40 
Board [Ac 3c 6c Ad]
Seat 1: yzuk (small blind) collected ($7.60)
Seat 2: whitecillar3 (big blind) folded before Flop
Seat 3: Nazareno1999 folded before Flop (didn't bet)
Seat 4: kritonasd folded on the Turn
Seat 5: Pippa83 folded before Flop (didn't bet)
Seat 6: poker_soul11 (button) folded before Flop (didn't bet)



PokerStars Hand #254228739885:  Hold'em No Limit ($0.50/$1.00 USD) - 2025/01/06 15:40:53 WET [2025/01/06 10:40:53 ET]
Table 'Theobalda II' 6-max Seat #1 is the button
Seat 1: yzuk ($107.42 in chips) 
Seat 2: whitecillar3 ($117.75 in chips) 
Seat 3: Nazareno1999 ($137.89 in chips) 
Seat 4: kritonasd ($172.21 in chips) 
Seat 5: Pippa83 ($100 in chips) 
Seat 6: poker_soul11 ($182.27 in chips) 
whitecillar3: posts small blind $0.50
Nazareno1999: posts big blind $1
*** HOLE CARDS ***
kritonasd: folds 
Pippa83: folds 
poker_soul11: raises $1.20 to $2.20
yzuk: folds 
whitecillar3: raises $8.80 to $11
Nazareno1999: folds 
poker_soul11: folds 
Uncalled bet ($8.80) returned to whitecillar3
whitecillar3 collected $5.40 from pot
*** SUMMARY ***
Total pot $5.40 | Rake $0 
Seat 1: yzuk (button) folded before Flop (didn't bet)
Seat 2: whitecillar3 (small blind) collected ($5.40)
Seat 3: Nazareno1999 (big blind) folded before Flop
Seat 4: kritonasd folded before Flop (didn't bet)
Seat 5: Pippa83 folded before Flop (didn't bet)
Seat 6: poker_soul11 folded before Flop



PokerStars Hand #254228745620:  Hold'em No Limit ($0.50/$1.00 USD) - 2025/01/06 15:41:17 WET [2025/01/06 10:41:17 ET]
Table 'Theobalda II' 6-max Seat #2 is the button
Seat 1: yzuk ($107.42 in chips) 
Seat 2: whitecillar3 ($120.95 in chips) 
Seat 3: Nazareno1999 ($136.89 in chips) 
Seat 4: kritonasd ($172.21 in chips) 
Seat 5: Pippa83 ($100 in chips) 
Seat 6: poker_soul11 ($180.07 in chips) 
Nazareno1999: posts small blind $0.50
kritonasd: posts big blind $1
*** HOLE CARDS ***
Pippa83: folds 
poker_soul11: folds 
yzuk: raises $1.50 to $2.50
whitecillar3: folds 
Nazareno1999: raises $9 to $11.50
kritonasd: folds 
yzuk: calls $9
*** FLOP *** [5s 4h 7h]
Nazareno1999: checks 
yzuk: checks 
*** TURN *** [5s 4h 7h] [Kh]
Nazareno1999: bets $16.50
yzuk: calls $16.50
*** RIVER *** [5s 4h 7h Kh] [4s]
Nazareno1999: bets $108.89 and is all-in
yzuk: calls $79.42 and is all-in
Uncalled bet ($29.47) returned to Nazareno1999
*** SHOW DOWN ***
Nazareno1999: shows [Ah Kd] (two pair, Kings and Fours)
yzuk: shows [7c 7s] (a full house, Sevens full of Fours)
yzuk collected $213.34 from pot
*** SUMMARY ***
Total pot $215.84 | Rake $2.50 
Board [5s 4h 7h Kh 4s]
Seat 1: yzuk showed [7c 7s] and won ($213.34) with a full house, Sevens full of Fours
Seat 2: whitecillar3 (button) folded before Flop (didn't bet)
Seat 3: Nazareno1999 (small blind) showed [Ah Kd] and lost with two pair, Kings and Fours
Seat 4: kritonasd (big blind) folded before Flop
Seat 5: Pippa83 folded before Flop (didn't bet)
Seat 6: poker_soul11 folded before Flop (didn't bet)



PokerStars Hand #254228766031:  Hold'em No Limit ($0.50/$1.00 USD) - 2025/01/06 15:42:42 WET [2025/01/06 10:42:42 ET]
Table 'Theobalda II' 6-max Seat #3 is the button
Seat 1: yzuk ($213.34 in chips) 
Seat 2: whitecillar3 ($120.95 in chips) 
Seat 3: Nazareno1999 ($100 in chips) 
Seat 4: kritonasd ($171.21 in chips) 
Seat 5: Pippa83 ($100 in chips) 
Seat 6: poker_soul11 ($180.07 in chips) 
kritonasd: posts small blind $0.50
Pippa83: posts big blind $1
*** HOLE CARDS ***
poker_soul11: raises $1.20 to $2.20
yzuk: folds 
whitecillar3: folds 
Nazareno1999: folds 
kritonasd: calls $1.70
Pippa83: folds 
*** FLOP *** [Tc 2c 9s]
kritonasd: checks 
poker_soul11: checks 
*** TURN *** [Tc 2c 9s] [5c]
kritonasd: checks 
poker_soul11: checks 
*** RIVER *** [Tc 2c 9s 5c] [As]
kritonasd: checks 
poker_soul11: checks 
*** SHOW DOWN ***
kritonasd: shows [4h 9d] (a pair of Nines)
poker_soul11: mucks hand 
kritonasd collected $5.13 from pot
*** SUMMARY ***
Total pot $5.40 | Rake $0.27 
Board [Tc 2c 9s 5c As]
Seat 1: yzuk folded before Flop (didn't bet)
Seat 2: whitecillar3 folded before Flop (didn't bet)
Seat 3: Nazareno1999 (button) folded before Flop (didn't bet)
Seat 4: kritonasd (small blind) showed [4h 9d] and won ($5.13) with a pair of Nines
Seat 5: Pippa83 (big blind) folded before Flop
Seat 6: poker_soul11 mucked



PokerStars Hand #254228776713:  Hold'em No Limit ($0.50/$1.00 USD) - 2025/01/06 15:43:27 WET [2025/01/06 10:43:27 ET]
Table 'Theobalda II' 6-max Seat #4 is the button
Seat 1: yzuk ($213.34 in chips) 
Seat 2: whitecillar3 ($120.95 in chips) 
Seat 3: Nazareno1999 ($100 in chips) 
Seat 4: kritonasd ($174.14 in chips) 
Seat 5: Pippa83 ($100 in chips) 
Seat 6: poker_soul11 ($177.87 in chips) 
Pippa83: posts small blind $0.50
poker_soul11: posts big blind $1
*** HOLE CARDS ***
yzuk: folds 
whitecillar3: folds 
Nazareno1999: folds 
kritonasd: calls $1
Pippa83: raises $4.50 to $5.50
poker_soul11: folds 
kritonasd: folds 
Uncalled bet ($4.50) returned to Pippa83
Pippa83 collected $3 from pot
Pippa83: doesn't show hand 
*** SUMMARY ***
Total pot $3 | Rake $0 
Seat 1: yzuk folded before Flop (didn't bet)
Seat 2: whitecillar3 folded before Flop (didn't bet)
Seat 3: Nazareno1999 folded before Flop (didn't bet)
Seat 4: kritonasd (button) folded before Flop
Seat 5: Pippa83 (small blind) collected ($3)
Seat 6: poker_soul11 (big blind) folded before Flop



PokerStars Hand #254228781389:  Hold'em No Limit ($0.50/$1.00 USD) - 2025/01/06 15:43:46 WET [2025/01/06 10:43:46 ET]
Table 'Theobalda II' 6-max Seat #5 is the button
Seat 1: yzuk ($213.34 in chips) 
Seat 2: whitecillar3 ($120.95 in chips) 
Seat 3: Nazareno1999 ($100 in chips) 
Seat 4: kritonasd ($173.14 in chips) 
Seat 5: Pippa83 ($102 in chips) 
Seat 6: poker_soul11 ($176.87 in chips) 
poker_soul11: posts small blind $0.50
yzuk: posts big blind $1
*** HOLE CARDS ***
whitecillar3: folds 
Nazareno1999: folds 
kritonasd: folds 
Pippa83: raises $1.50 to $2.50
poker_soul11: folds 
yzuk: folds 
Uncalled bet ($1.50) returned to Pippa83
Pippa83 collected $2.50 from pot
Pippa83: doesn't show hand 
*** SUMMARY ***
Total pot $2.50 | Rake $0 
Seat 1: yzuk (big blind) folded before Flop
Seat 2: whitecillar3 folded before Flop (didn't bet)
Seat 3: Nazareno1999 folded before Flop (didn't bet)
Seat 4: kritonasd folded before Flop (didn't bet)
Seat 5: Pippa83 (button) collected ($2.50)
Seat 6: poker_soul11 (small blind) folded before Flop



PokerStars Hand #254228784436:  Hold'em No Limit ($0.50/$1.00 USD) - 2025/01/06 15:43:59 WET [2025/01/06 10:43:59 ET]
Table 'Theobalda II' 6-max Seat #6 is the button
Seat 1: yzuk ($212.34 in chips) 
Seat 2: whitecillar3 ($120.95 in chips) 
Seat 3: Nazareno1999 ($100 in chips) 
Seat 4: kritonasd ($173.14 in chips) 
Seat 5: Pippa83 ($103.50 in chips) 
Seat 6: poker_soul11 ($176.37 in chips) 
yzuk: posts small blind $0.50
whitecillar3: posts big blind $1
*** HOLE CARDS ***
Nazareno1999: folds 
kritonasd: calls $1
Pippa83: folds 
poker_soul11: folds 
yzuk: raises $3 to $4
whitecillar3: folds 
kritonasd: calls $3
*** FLOP *** [7c 7s 7d]
yzuk: checks 
kritonasd: checks 
*** TURN *** [7c 7s 7d] [8h]
yzuk: checks 
kritonasd: checks 
*** RIVER *** [7c 7s 7d 8h] [2s]
yzuk: checks 
kritonasd: bets $8.55
yzuk: folds 
Uncalled bet ($8.55) returned to kritonasd
kritonasd collected $8.55 from pot
*** SUMMARY ***
Total pot $9 | Rake $0.45 
Board [7c 7s 7d 8h 2s]
Seat 1: yzuk (small blind) folded on the River
Seat 2: whitecillar3 (big blind) folded before Flop
Seat 3: Nazareno1999 folded before Flop (didn't bet)
Seat 4: kritonasd collected ($8.55)
Seat 5: Pippa83 folded before Flop (didn't bet)
Seat 6: poker_soul11 (button) folded before Flop (didn't bet)



PokerStars Hand #254228796335:  Hold'em No Limit ($0.50/$1.00 USD) - 2025/01/06 15:44:48 WET [2025/01/06 10:44:48 ET]
Table 'Theobalda II' 6-max Seat #1 is the button
Seat 1: yzuk ($208.34 in chips) 
Seat 2: whitecillar3 ($119.95 in chips) 
Seat 3: Nazareno1999 ($100 in chips) 
Seat 4: kritonasd ($177.69 in chips) 
Seat 5: Pippa83 ($103.50 in chips) 
Seat 6: poker_soul11 ($176.37 in chips) 
whitecillar3: posts small blind $0.50
Nazareno1999: posts big blind $1
*** HOLE CARDS ***
kritonasd: calls $1
Pippa83: raises $2.50 to $3.50
poker_soul11: folds 
yzuk: folds 
whitecillar3: folds 
Nazareno1999: folds 
kritonasd: calls $2.50
*** FLOP *** [7d 8h Ah]
kritonasd: checks 
Pippa83: bets $1.50
kritonasd: calls $1.50
*** TURN *** [7d 8h Ah] [Tc]
kritonasd: checks 
Pippa83: checks 
*** RIVER *** [7d 8h Ah Tc] [3d]
kritonasd: checks 
Pippa83: checks 
*** SHOW DOWN ***
kritonasd: shows [Ts 9s] (a pair of Tens)
Pippa83: shows [Qs Td] (a pair of Tens - Ace+Queen kicker)
Pippa83 collected $10.92 from pot
*** SUMMARY ***
Total pot $11.50 | Rake $0.58 
Board [7d 8h Ah Tc 3d]
Seat 1: yzuk (button) folded before Flop (didn't bet)
Seat 2: whitecillar3 (small blind) folded before Flop
Seat 3: Nazareno1999 (big blind) folded before Flop
Seat 4: kritonasd showed [Ts 9s] and lost with a pair of Tens
Seat 5: Pippa83 showed [Qs Td] and won ($10.92) with a pair of Tens
Seat 6: poker_soul11 folded before Flop (didn't bet)



PokerStars Hand #254228806228:  Hold'em No Limit ($0.50/$1.00 USD) - 2025/01/06 15:45:29 WET [2025/01/06 10:45:29 ET]
Table 'Theobalda II' 6-max Seat #2 is the button
Seat 1: yzuk ($208.34 in chips) 
Seat 2: whitecillar3 ($119.45 in chips) 
Seat 3: Nazareno1999 ($100 in chips) 
Seat 4: kritonasd ($172.69 in chips) 
Seat 5: Pippa83 ($109.42 in chips) 
Seat 6: poker_soul11 ($176.37 in chips) 
Nazareno1999: posts small blind $0.50
kritonasd: posts big blind $1
*** HOLE CARDS ***
Pippa83: folds 
poker_soul11: folds 
yzuk: folds 
whitecillar3: raises $1.50 to $2.50
Nazareno1999: folds 
kritonasd: calls $1.50
*** FLOP *** [7h 2s 7d]
kritonasd: checks 
whitecillar3: bets $1.62
kritonasd: calls $1.62
*** TURN *** [7h 2s 7d] [As]
kritonasd: checks 
whitecillar3: bets $6.31
kritonasd: calls $6.31
*** RIVER *** [7h 2s 7d As] [9s]
kritonasd: checks 
whitecillar3: checks 
*** SHOW DOWN ***
kritonasd: shows [7s 3h] (three of a kind, Sevens)
whitecillar3: mucks hand 
kritonasd collected $20.29 from pot
*** SUMMARY ***
Total pot $21.36 | Rake $1.07 
Board [7h 2s 7d As 9s]
Seat 1: yzuk folded before Flop (didn't bet)
Seat 2: whitecillar3 (button) mucked
Seat 3: Nazareno1999 (small blind) folded before Flop
Seat 4: kritonasd (big blind) showed [7s 3h] and won ($20.29) with three of a kind, Sevens
Seat 5: Pippa83 folded before Flop (didn't bet)
Seat 6: poker_soul11 folded before Flop (didn't bet)



PokerStars Hand #254228815650:  Hold'em No Limit ($0.50/$1.00 USD) - 2025/01/06 15:46:08 WET [2025/01/06 10:46:08 ET]
Table 'Theobalda II' 6-max Seat #3 is the button
Seat 1: yzuk ($208.34 in chips) 
Seat 2: whitecillar3 ($109.02 in chips) 
Seat 3: Nazareno1999 ($100 in chips) 
Seat 4: kritonasd ($182.55 in chips) 
Seat 5: Pippa83 ($109.42 in chips) 
Seat 6: poker_soul11 ($176.37 in chips) 
kritonasd: posts small blind $0.50
Pippa83: posts big blind $1
*** HOLE CARDS ***
poker_soul11: folds 
yzuk: folds 
whitecillar3: folds 
Nazareno1999: raises $1.20 to $2.20
kritonasd: folds 
Pippa83: calls $1.20
*** FLOP *** [8c Tc 8h]
Pippa83: checks 
Nazareno1999: bets $2.33
Pippa83: folds 
Uncalled bet ($2.33) returned to Nazareno1999
Nazareno1999 collected $4.66 from pot
Nazareno1999: doesn't show hand 
*** SUMMARY ***
Total pot $4.90 | Rake $0.24 
Board [8c Tc 8h]
Seat 1: yzuk folded before Flop (didn't bet)
Seat 2: whitecillar3 folded before Flop (didn't bet)
Seat 3: Nazareno1999 (button) collected ($4.66)
Seat 4: kritonasd (small blind) folded before Flop
Seat 5: Pippa83 (big blind) folded on the Flop
Seat 6: poker_soul11 folded before Flop (didn't bet)



PokerStars Hand #254228823686:  Hold'em No Limit ($0.50/$1.00 USD) - 2025/01/06 15:46:41 WET [2025/01/06 10:46:41 ET]
Table 'Theobalda II' 6-max Seat #4 is the button
Seat 1: yzuk ($208.34 in chips) 
Seat 2: whitecillar3 ($109.02 in chips) 
Seat 3: Nazareno1999 ($102.46 in chips) 
Seat 4: kritonasd ($182.05 in chips) 
Seat 5: Pippa83 ($107.22 in chips) 
Seat 6: poker_soul11 ($176.37 in chips) 
Pippa83: posts small blind $0.50
poker_soul11: posts big blind $1
*** HOLE CARDS ***
yzuk: folds 
whitecillar3: folds 
Nazareno1999: folds 
kritonasd: folds 
Pippa83: folds 
Uncalled bet ($0.50) returned to poker_soul11
poker_soul11 collected $1 from pot
poker_soul11: doesn't show hand 
*** SUMMARY ***
Total pot $1 | Rake $0 
Seat 1: yzuk folded before Flop (didn't bet)
Seat 2: whitecillar3 folded before Flop (didn't bet)
Seat 3: Nazareno1999 folded before Flop (didn't bet)
Seat 4: kritonasd (button) folded before Flop (didn't bet)
Seat 5: Pippa83 (small blind) folded before Flop
Seat 6: poker_soul11 (big blind) collected ($1)



PokerStars Hand #254228826853:  Hold'em No Limit ($0.50/$1.00 USD) - 2025/01/06 15:46:54 WET [2025/01/06 10:46:54 ET]
Table 'Theobalda II' 6-max Seat #5 is the button
Seat 1: yzuk ($208.34 in chips) 
Seat 2: whitecillar3 ($109.02 in chips) 
Seat 3: Nazareno1999 ($102.46 in chips) 
Seat 4: kritonasd ($182.05 in chips) 
Seat 5: Pippa83 ($106.72 in chips) 
Seat 6: poker_soul11 ($176.87 in chips) 
poker_soul11: posts small blind $0.50
yzuk: posts big blind $1
*** HOLE CARDS ***
whitecillar3: folds 
Nazareno1999: folds 
kritonasd: folds 
Pippa83: folds 
poker_soul11: folds 
Uncalled bet ($0.50) returned to yzuk
yzuk collected $1 from pot
yzuk: doesn't show hand 
*** SUMMARY ***
Total pot $1 | Rake $0 
Seat 1: yzuk (big blind) collected ($1)
Seat 2: whitecillar3 folded before Flop (didn't bet)
Seat 3: Nazareno1999 folded before Flop (didn't bet)
Seat 4: kritonasd folded before Flop (didn't bet)
Seat 5: Pippa83 (button) folded before Flop (didn't bet)
Seat 6: poker_soul11 (small blind) folded before Flop



PokerStars Hand #254228829964:  Hold'em No Limit ($0.50/$1.00 USD) - 2025/01/06 15:47:07 WET [2025/01/06 10:47:07 ET]
Table 'Theobalda II' 6-max Seat #6 is the button
Seat 1: yzuk ($208.84 in chips) 
Seat 2: whitecillar3 ($109.02 in chips) 
Seat 3: Nazareno1999 ($102.46 in chips) 
Seat 4: kritonasd ($182.05 in chips) 
Seat 5: Pippa83 ($106.72 in chips) 
Seat 6: poker_soul11 ($176.37 in chips) 
yzuk: posts small blind $0.50
whitecillar3: posts big blind $1
*** HOLE CARDS ***
Nazareno1999: folds 
kritonasd: folds 
Pippa83: folds 
poker_soul11: folds 
yzuk: folds 
Uncalled bet ($0.50) returned to whitecillar3
whitecillar3 collected $1 from pot
*** SUMMARY ***
Total pot $1 | Rake $0 
Seat 1: yzuk (small blind) folded before Flop
Seat 2: whitecillar3 (big blind) collected ($1)
Seat 3: Nazareno1999 folded before Flop (didn't bet)
Seat 4: kritonasd folded before Flop (didn't bet)
Seat 5: Pippa83 folded before Flop (didn't bet)
Seat 6: poker_soul11 (button) folded before Flop (didn't bet)



PokerStars Hand #254228832589:  Hold'em No Limit ($0.50/$1.00 USD) - 2025/01/06 15:47:18 WET [2025/01/06 10:47:18 ET]
Table 'Theobalda II' 6-max Seat #1 is the button
Seat 1: yzuk ($208.34 in chips) 
Seat 2: whitecillar3 ($109.52 in chips) 
Seat 3: Nazareno1999 ($102.46 in chips) 
Seat 4: kritonasd ($182.05 in chips) 
Seat 5: Pippa83 ($106.72 in chips) 
Seat 6: poker_soul11 ($176.37 in chips) 
whitecillar3: posts small blind $0.50
Nazareno1999: posts big blind $1
*** HOLE CARDS ***
kritonasd: folds 
Pippa83: folds 
poker_soul11: folds 
yzuk: raises $1.50 to $2.50
whitecillar3: folds 
Nazareno1999: folds 
Uncalled bet ($1.50) returned to yzuk
yzuk collected $2.50 from pot
yzuk: doesn't show hand 
*** SUMMARY ***
Total pot $2.50 | Rake $0 
Seat 1: yzuk (button) collected ($2.50)
Seat 2: whitecillar3 (small blind) folded before Flop
Seat 3: Nazareno1999 (big blind) folded before Flop
Seat 4: kritonasd folded before Flop (didn't bet)
Seat 5: Pippa83 folded before Flop (didn't bet)
Seat 6: poker_soul11 folded before Flop (didn't bet)



PokerStars Hand #254228835836:  Hold'em No Limit ($0.50/$1.00 USD) - 2025/01/06 15:47:31 WET [2025/01/06 10:47:31 ET]
Table 'Theobalda II' 6-max Seat #2 is the button
Seat 1: yzuk ($209.84 in chips) 
Seat 2: whitecillar3 ($109.02 in chips) 
Seat 3: Nazareno1999 ($101.46 in chips) 
Seat 4: kritonasd ($182.05 in chips) 
Seat 5: Pippa83 ($106.72 in chips) 
Seat 6: poker_soul11 ($176.37 in chips) 
Nazareno1999: posts small blind $0.50
kritonasd: posts big blind $1
*** HOLE CARDS ***
Pippa83: raises $1.20 to $2.20
poker_soul11: folds 
yzuk: raises $5.30 to $7.50
whitecillar3: folds 
Nazareno1999: folds 
kritonasd: folds 
Pippa83: folds 
Uncalled bet ($5.30) returned to yzuk
yzuk collected $5.90 from pot
yzuk: doesn't show hand 
*** SUMMARY ***
Total pot $5.90 | Rake $0 
Seat 1: yzuk collected ($5.90)
Seat 2: whitecillar3 (button) folded before Flop (didn't bet)
Seat 3: Nazareno1999 (small blind) folded before Flop
Seat 4: kritonasd (big blind) folded before Flop
Seat 5: Pippa83 folded before Flop
Seat 6: poker_soul11 folded before Flop (didn't bet)



PokerStars Hand #254228845007:  Hold'em No Limit ($0.50/$1.00 USD) - 2025/01/06 15:48:10 WET [2025/01/06 10:48:10 ET]
Table 'Theobalda II' 6-max Seat #3 is the button
Seat 1: yzuk ($213.54 in chips) 
Seat 2: whitecillar3 ($109.02 in chips) 
Seat 3: Nazareno1999 ($100.96 in chips) 
Seat 4: kritonasd ($181.05 in chips) 
Seat 5: Pippa83 ($104.52 in chips) 
Seat 6: poker_soul11 ($176.37 in chips) 
kritonasd: posts small blind $0.50
Pippa83: posts big blind $1
*** HOLE CARDS ***
poker_soul11: folds 
yzuk: folds 
whitecillar3: folds 
Nazareno1999: folds 
kritonasd: calls $0.50
Pippa83: raises $2.50 to $3.50
kritonasd: calls $2.50
*** FLOP *** [9s Qd 7c]
kritonasd: checks 
Pippa83: bets $4.99
kritonasd: folds 
Uncalled bet ($4.99) returned to Pippa83
Pippa83 collected $6.65 from pot
Pippa83: doesn't show hand 
*** SUMMARY ***
Total pot $7 | Rake $0.35 
Board [9s Qd 7c]
Seat 1: yzuk folded before Flop (didn't bet)
Seat 2: whitecillar3 folded before Flop (didn't bet)
Seat 3: Nazareno1999 (button) folded before Flop (didn't bet)
Seat 4: kritonasd (small blind) folded on the Flop
Seat 5: Pippa83 (big blind) collected ($6.65)
Seat 6: poker_soul11 folded before Flop (didn't bet)



PokerStars Hand #254228853690:  Hold'em No Limit ($0.50/$1.00 USD) - 2025/01/06 15:48:46 WET [2025/01/06 10:48:46 ET]
Table 'Theobalda II' 6-max Seat #4 is the button
Seat 1: yzuk ($213.54 in chips) 
Seat 2: whitecillar3 ($109.02 in chips) 
Seat 3: Nazareno1999 ($100.96 in chips) 
Seat 4: kritonasd ($177.55 in chips) 
Seat 5: Pippa83 ($107.67 in chips) 
Seat 6: poker_soul11 ($176.37 in chips) 
Pippa83: posts small blind $0.50
poker_soul11: posts big blind $1
*** HOLE CARDS ***
yzuk: folds 
whitecillar3: raises $1.50 to $2.50
Nazareno1999: folds 
kritonasd: folds 
Pippa83: folds 
poker_soul11: calls $1.50
*** FLOP *** [Tc Jh 5c]
poker_soul11: checks 
whitecillar3: checks 
*** TURN *** [Tc Jh 5c] [Js]
poker_soul11: bets $2.61
whitecillar3: calls $2.61
*** RIVER *** [Tc Jh 5c Js] [2h]
poker_soul11: bets $3.36
whitecillar3: folds 
Uncalled bet ($3.36) returned to poker_soul11
poker_soul11 collected $10.18 from pot
poker_soul11: doesn't show hand 
*** SUMMARY ***
Total pot $10.72 | Rake $0.54 
Board [Tc Jh 5c Js 2h]
Seat 1: yzuk folded before Flop (didn't bet)
Seat 2: whitecillar3 folded on the River
Seat 3: Nazareno1999 folded before Flop (didn't bet)
Seat 4: kritonasd (button) folded before Flop (didn't bet)
Seat 5: Pippa83 (small blind) folded before Flop
Seat 6: poker_soul11 (big blind) collected ($10.18)



PokerStars Hand #254228871516:  Hold'em No Limit ($0.50/$1.00 USD) - 2025/01/06 15:50:00 WET [2025/01/06 10:50:00 ET]
Table 'Theobalda II' 6-max Seat #5 is the button
Seat 1: yzuk ($213.54 in chips) 
Seat 2: whitecillar3 ($103.91 in chips) 
Seat 3: Nazareno1999 ($100.96 in chips) 
Seat 4: kritonasd ($177.55 in chips) 
Seat 5: Pippa83 ($107.17 in chips) 
Seat 6: poker_soul11 ($181.44 in chips) 
poker_soul11: posts small blind $0.50
yzuk: posts big blind $1
*** HOLE CARDS ***
whitecillar3: folds 
Nazareno1999: folds 
kritonasd: folds 
Pippa83: folds 
poker_soul11: raises $2 to $3
yzuk: folds 
Uncalled bet ($2) returned to poker_soul11
poker_soul11 collected $2 from pot
poker_soul11: doesn't show hand 
*** SUMMARY ***
Total pot $2 | Rake $0 
Seat 1: yzuk (big blind) folded before Flop
Seat 2: whitecillar3 folded before Flop (didn't bet)
Seat 3: Nazareno1999 folded before Flop (didn't bet)
Seat 4: kritonasd folded before Flop (didn't bet)
Seat 5: Pippa83 (button) folded before Flop (didn't bet)
Seat 6: poker_soul11 (small blind) collected ($2)



PokerStars Hand #254228874607:  Hold'em No Limit ($0.50/$1.00 USD) - 2025/01/06 15:50:13 WET [2025/01/06 10:50:13 ET]
Table 'Theobalda II' 6-max Seat #6 is the button
Seat 1: yzuk ($212.54 in chips) 
Seat 2: whitecillar3 ($103.91 in chips) 
Seat 3: Nazareno1999 ($100.96 in chips) 
Seat 4: kritonasd ($177.55 in chips) 
Seat 5: Pippa83 ($107.17 in chips) 
Seat 6: poker_soul11 ($182.44 in chips) 
yzuk: posts small blind $0.50
whitecillar3: posts big blind $1
*** HOLE CARDS ***
Nazareno1999: folds 
kritonasd: folds 
Pippa83: folds 
poker_soul11: folds 
yzuk: folds 
Uncalled bet ($0.50) returned to whitecillar3
whitecillar3 collected $1 from pot
*** SUMMARY ***
Total pot $1 | Rake $0 
Seat 1: yzuk (small blind) folded before Flop
Seat 2: whitecillar3 (big blind) collected ($1)
Seat 3: Nazareno1999 folded before Flop (didn't bet)
Seat 4: kritonasd folded before Flop (didn't bet)
Seat 5: Pippa83 folded before Flop (didn't bet)
Seat 6: poker_soul11 (button) folded before Flop (didn't bet)



PokerStars Hand #254228878384:  Hold'em No Limit ($0.50/$1.00 USD) - 2025/01/06 15:50:28 WET [2025/01/06 10:50:28 ET]
Table 'Theobalda II' 6-max Seat #1 is the button
Seat 1: yzuk ($212.04 in chips) 
Seat 2: whitecillar3 ($104.41 in chips) 
Seat 3: Nazareno1999 ($100.96 in chips) 
Seat 4: kritonasd ($177.55 in chips) 
Seat 5: Pippa83 ($107.17 in chips) 
Seat 6: poker_soul11 ($182.44 in chips) 
whitecillar3: posts small blind $0.50
Nazareno1999: posts big blind $1
*** HOLE CARDS ***
kritonasd: folds 
Pippa83: folds 
poker_soul11: folds 
yzuk: folds 
whitecillar3: folds 
Uncalled bet ($0.50) returned to Nazareno1999
Nazareno1999 collected $1 from pot
Nazareno1999: doesn't show hand 
*** SUMMARY ***
Total pot $1 | Rake $0 
Seat 1: yzuk (button) folded before Flop (didn't bet)
Seat 2: whitecillar3 (small blind) folded before Flop
Seat 3: Nazareno1999 (big blind) collected ($1)
Seat 4: kritonasd folded before Flop (didn't bet)
Seat 5: Pippa83 folded before Flop (didn't bet)
Seat 6: poker_soul11 folded before Flop (didn't bet)



PokerStars Hand #254228881695:  Hold'em No Limit ($0.50/$1.00 USD) - 2025/01/06 15:50:42 WET [2025/01/06 10:50:42 ET]
Table 'Theobalda II' 6-max Seat #2 is the button
Seat 1: yzuk ($212.04 in chips) 
Seat 2: whitecillar3 ($103.91 in chips) 
Seat 3: Nazareno1999 ($101.46 in chips) 
Seat 4: kritonasd ($177.55 in chips) 
Seat 5: Pippa83 ($107.17 in chips) 
Seat 6: poker_soul11 ($182.44 in chips) 
Nazareno1999: posts small blind $0.50
kritonasd: posts big blind $1
*** HOLE CARDS ***
Pippa83: folds 
poker_soul11: folds 
yzuk: folds 
whitecillar3: folds 
Nazareno1999: folds 
Uncalled bet ($0.50) returned to kritonasd
kritonasd collected $1 from pot
*** SUMMARY ***
Total pot $1 | Rake $0 
Seat 1: yzuk folded before Flop (didn't bet)
Seat 2: whitecillar3 (button) folded before Flop (didn't bet)
Seat 3: Nazareno1999 (small blind) folded before Flop
Seat 4: kritonasd (big blind) collected ($1)
Seat 5: Pippa83 folded before Flop (didn't bet)
Seat 6: poker_soul11 folded before Flop (didn't bet)



PokerStars Hand #254228884263:  Hold'em No Limit ($0.50/$1.00 USD) - 2025/01/06 15:50:53 WET [2025/01/06 10:50:53 ET]
Table 'Theobalda II' 6-max Seat #3 is the button
Seat 1: yzuk ($212.04 in chips) 
Seat 2: whitecillar3 ($103.91 in chips) 
Seat 3: Nazareno1999 ($100.96 in chips) 
Seat 4: kritonasd ($178.05 in chips) 
Seat 5: Pippa83 ($107.17 in chips) 
Seat 6: poker_soul11 ($182.44 in chips) 
kritonasd: posts small blind $0.50
Pippa83: posts big blind $1
*** HOLE CARDS ***
poker_soul11: folds 
yzuk: folds 
whitecillar3: raises $1.50 to $2.50
Nazareno1999: folds 
kritonasd: folds 
Pippa83: folds 
Uncalled bet ($1.50) returned to whitecillar3
whitecillar3 collected $2.50 from pot
*** SUMMARY ***
Total pot $2.50 | Rake $0 
Seat 1: yzuk folded before Flop (didn't bet)
Seat 2: whitecillar3 collected ($2.50)
Seat 3: Nazareno1999 (button) folded before Flop (didn't bet)
Seat 4: kritonasd (small blind) folded before Flop
Seat 5: Pippa83 (big blind) folded before Flop
Seat 6: poker_soul11 folded before Flop (didn't bet)



PokerStars Hand #254228889532:  Hold'em No Limit ($0.50/$1.00 USD) - 2025/01/06 15:51:15 WET [2025/01/06 10:51:15 ET]
Table 'Theobalda II' 6-max Seat #4 is the button
Seat 1: yzuk ($212.04 in chips) 
Seat 2: whitecillar3 ($105.41 in chips) 
Seat 3: Nazareno1999 ($100.96 in chips) 
Seat 4: kritonasd ($177.55 in chips) 
Seat 5: Pippa83 ($106.17 in chips) 
Seat 6: poker_soul11 ($182.44 in chips) 
Pippa83: posts small blind $0.50
poker_soul11: posts big blind $1
*** HOLE CARDS ***
yzuk: folds 
whitecillar3: raises $1 to $2
Nazareno1999: folds 
kritonasd: calls $2
Pippa83: calls $1.50
poker_soul11: raises $13 to $15
whitecillar3: folds 
kritonasd: folds 
Pippa83: folds 
Uncalled bet ($13) returned to poker_soul11
poker_soul11 collected $8 from pot
poker_soul11: doesn't show hand 
*** SUMMARY ***
Total pot $8 | Rake $0 
Seat 1: yzuk folded before Flop (didn't bet)
Seat 2: whitecillar3 folded before Flop
Seat 3: Nazareno1999 folded before Flop (didn't bet)
Seat 4: kritonasd (button) folded before Flop
Seat 5: Pippa83 (small blind) folded before Flop
Seat 6: poker_soul11 (big blind) collected ($8)



PokerStars Hand #254228897836:  Hold'em No Limit ($0.50/$1.00 USD) - 2025/01/06 15:51:49 WET [2025/01/06 10:51:49 ET]
Table 'Theobalda II' 6-max Seat #5 is the button
Seat 1: yzuk ($212.04 in chips) 
Seat 2: whitecillar3 ($103.41 in chips) 
Seat 3: Nazareno1999 ($100.96 in chips) 
Seat 4: kritonasd ($175.55 in chips) 
Seat 5: Pippa83 ($104.17 in chips) 
Seat 6: poker_soul11 ($188.44 in chips) 
poker_soul11: posts small blind $0.50
yzuk: posts big blind $1
*** HOLE CARDS ***
whitecillar3: folds 
Nazareno1999: folds 
kritonasd: raises $1 to $2
Pippa83: folds 
poker_soul11: folds 
yzuk: folds 
Uncalled bet ($1) returned to kritonasd
kritonasd collected $2.50 from pot
*** SUMMARY ***
Total pot $2.50 | Rake $0 
Seat 1: yzuk (big blind) folded before Flop
Seat 2: whitecillar3 folded before Flop (didn't bet)
Seat 3: Nazareno1999 folded before Flop (didn't bet)
Seat 4: kritonasd collected ($2.50)
Seat 5: Pippa83 (button) folded before Flop (didn't bet)
Seat 6: poker_soul11 (small blind) folded before Flop



PokerStars Hand #254228901738:  Hold'em No Limit ($0.50/$1.00 USD) - 2025/01/06 15:52:05 WET [2025/01/06 10:52:05 ET]
Table 'Theobalda II' 6-max Seat #6 is the button
Seat 1: yzuk ($211.04 in chips) 
Seat 2: whitecillar3 ($103.41 in chips) 
Seat 3: Nazareno1999 ($100.96 in chips) 
Seat 4: kritonasd ($177.05 in chips) 
Seat 5: Pippa83 ($104.17 in chips) 
Seat 6: poker_soul11 ($187.94 in chips) 
yzuk: posts small blind $0.50
whitecillar3: posts big blind $1
*** HOLE CARDS ***
Nazareno1999: folds 
kritonasd: folds 
Pippa83: folds 
poker_soul11: folds 
yzuk: raises $2 to $3
whitecillar3: folds 
Uncalled bet ($2) returned to yzuk
yzuk collected $2 from pot
yzuk: doesn't show hand 
*** SUMMARY ***
Total pot $2 | Rake $0 
Seat 1: yzuk (small blind) collected ($2)
Seat 2: whitecillar3 (big blind) folded before Flop
Seat 3: Nazareno1999 folded before Flop (didn't bet)
Seat 4: kritonasd folded before Flop (didn't bet)
Seat 5: Pippa83 folded before Flop (didn't bet)
Seat 6: poker_soul11 (button) folded before Flop (didn't bet)



PokerStars Hand #254228906558:  Hold'em No Limit ($0.50/$1.00 USD) - 2025/01/06 15:52:25 WET [2025/01/06 10:52:25 ET]
Table 'Theobalda II' 6-max Seat #1 is the button
Seat 1: yzuk ($212.04 in chips) 
Seat 2: whitecillar3 ($102.41 in chips) 
Seat 3: Nazareno1999 ($100.96 in chips) 
Seat 4: kritonasd ($177.05 in chips) 
Seat 5: Pippa83 ($104.17 in chips) 
Seat 6: poker_soul11 ($187.94 in chips) 
whitecillar3: posts small blind $0.50
Nazareno1999: posts big blind $1
*** HOLE CARDS ***
kritonasd: raises $1 to $2
Pippa83: folds 
poker_soul11: folds 
yzuk: folds 
whitecillar3: folds 
Nazareno1999: calls $1
*** FLOP *** [Ac Ad 2s]
Nazareno1999: checks 
kritonasd: bets $2.14
Nazareno1999: calls $2.14
*** TURN *** [Ac Ad 2s] [4c]
Nazareno1999: checks 
kritonasd: checks 
*** RIVER *** [Ac Ad 2s 4c] [Tc]
Nazareno1999: checks 
kritonasd: checks 
*** SHOW DOWN ***
Nazareno1999: shows [2h 4h] (two pair, Aces and Fours)
kritonasd: mucks hand 
Nazareno1999 collected $8.34 from pot
*** SUMMARY ***
Total pot $8.78 | Rake $0.44 
Board [Ac Ad 2s 4c Tc]
Seat 1: yzuk (button) folded before Flop (didn't bet)
Seat 2: whitecillar3 (small blind) folded before Flop
Seat 3: Nazareno1999 (big blind) showed [2h 4h] and won ($8.34) with two pair, Aces and Fours
Seat 4: kritonasd mucked
Seat 5: Pippa83 folded before Flop (didn't bet)
Seat 6: poker_soul11 folded before Flop (didn't bet)



PokerStars Hand #254228913984:  Hold'em No Limit ($0.50/$1.00 USD) - 2025/01/06 15:52:56 WET [2025/01/06 10:52:56 ET]
Table 'Theobalda II' 6-max Seat #2 is the button
Seat 1: yzuk ($212.04 in chips) 
Seat 2: whitecillar3 ($101.91 in chips) 
Seat 3: Nazareno1999 ($105.16 in chips) 
Seat 4: kritonasd ($172.91 in chips) 
Seat 5: Pippa83 ($104.17 in chips) 
Seat 6: poker_soul11 ($187.94 in chips) 
Nazareno1999: posts small blind $0.50
kritonasd: posts big blind $1
*** HOLE CARDS ***
Pippa83: folds 
poker_soul11: raises $1.20 to $2.20
yzuk: folds 
whitecillar3: folds 
Nazareno1999: folds 
kritonasd: calls $1.20
*** FLOP *** [Tc Kc 8d]
kritonasd: checks 
poker_soul11: bets $5.83
kritonasd: folds 
Uncalled bet ($5.83) returned to poker_soul11
poker_soul11 collected $4.66 from pot
poker_soul11: doesn't show hand 
*** SUMMARY ***
Total pot $4.90 | Rake $0.24 
Board [Tc Kc 8d]
Seat 1: yzuk folded before Flop (didn't bet)
Seat 2: whitecillar3 (button) folded before Flop (didn't bet)
Seat 3: Nazareno1999 (small blind) folded before Flop
Seat 4: kritonasd (big blind) folded on the Flop
Seat 5: Pippa83 folded before Flop (didn't bet)
Seat 6: poker_soul11 collected ($4.66)



PokerStars Hand #254228922121:  Hold'em No Limit ($0.50/$1.00 USD) - 2025/01/06 15:53:30 WET [2025/01/06 10:53:30 ET]
Table 'Theobalda II' 6-max Seat #3 is the button
Seat 1: yzuk ($212.04 in chips) 
Seat 2: whitecillar3 ($101.91 in chips) 
Seat 3: Nazareno1999 ($104.66 in chips) 
Seat 4: kritonasd ($170.71 in chips) 
Seat 5: Pippa83 ($104.17 in chips) 
Seat 6: poker_soul11 ($190.40 in chips) 
kritonasd: posts small blind $0.50
Pippa83: posts big blind $1
*** HOLE CARDS ***
poker_soul11: folds 
yzuk: folds 
whitecillar3: folds 
Nazareno1999: raises $1.20 to $2.20
kritonasd: calls $1.70
Pippa83: folds 
*** FLOP *** [Kh 3s 5s]
kritonasd: checks 
Nazareno1999: bets $1.69
kritonasd: calls $1.69
*** TURN *** [Kh 3s 5s] [4s]
kritonasd: checks 
Nazareno1999: bets $6.26
kritonasd: folds 
Uncalled bet ($6.26) returned to Nazareno1999
Nazareno1999 collected $8.34 from pot
Nazareno1999: doesn't show hand 
*** SUMMARY ***
Total pot $8.78 | Rake $0.44 
Board [Kh 3s 5s 4s]
Seat 1: yzuk folded before Flop (didn't bet)
Seat 2: whitecillar3 folded before Flop (didn't bet)
Seat 3: Nazareno1999 (button) collected ($8.34)
Seat 4: kritonasd (small blind) folded on the Turn
Seat 5: Pippa83 (big blind) folded before Flop
Seat 6: poker_soul11 folded before Flop (didn't bet)



PokerStars Hand #254228929760:  Hold'em No Limit ($0.50/$1.00 USD) - 2025/01/06 15:54:02 WET [2025/01/06 10:54:02 ET]
Table 'Theobalda II' 6-max Seat #4 is the button
Seat 1: yzuk ($212.04 in chips) 
Seat 2: whitecillar3 ($101.91 in chips) 
Seat 3: Nazareno1999 ($109.11 in chips) 
Seat 4: kritonasd ($166.82 in chips) 
Seat 5: Pippa83 ($103.17 in chips) 
Seat 6: poker_soul11 ($190.40 in chips) 
Pippa83: posts small blind $0.50
poker_soul11: posts big blind $1
*** HOLE CARDS ***
yzuk: folds 
whitecillar3: folds 
Nazareno1999: raises $1.20 to $2.20
kritonasd: folds 
Pippa83: folds 
poker_soul11: folds 
Uncalled bet ($1.20) returned to Nazareno1999
Nazareno1999 collected $2.50 from pot
Nazareno1999: doesn't show hand 
*** SUMMARY ***
Total pot $2.50 | Rake $0 
Seat 1: yzuk folded before Flop (didn't bet)
Seat 2: whitecillar3 folded before Flop (didn't bet)
Seat 3: Nazareno1999 collected ($2.50)
Seat 4: kritonasd (button) folded before Flop (didn't bet)
Seat 5: Pippa83 (small blind) folded before Flop
Seat 6: poker_soul11 (big blind) folded before Flop



PokerStars Hand #254228933075:  Hold'em No Limit ($0.50/$1.00 USD) - 2025/01/06 15:54:16 WET [2025/01/06 10:54:16 ET]
Table 'Theobalda II' 6-max Seat #5 is the button
Seat 1: yzuk ($212.04 in chips) 
Seat 2: whitecillar3 ($101.91 in chips) 
Seat 3: Nazareno1999 ($110.61 in chips) 
Seat 4: kritonasd ($166.82 in chips) 
Seat 5: Pippa83 ($102.67 in chips) 
Seat 6: poker_soul11 ($189.40 in chips) 
poker_soul11: posts small blind $0.50
yzuk: posts big blind $1
*** HOLE CARDS ***
whitecillar3: folds 
Nazareno1999: folds 
kritonasd: calls $1
Pippa83: raises $2.50 to $3.50
poker_soul11: folds 
yzuk: folds 
kritonasd: calls $2.50
*** FLOP *** [Ts 3c Qc]
kritonasd: checks 
Pippa83: bets $1.62
kritonasd: folds 
Uncalled bet ($1.62) returned to Pippa83
Pippa83 collected $8.08 from pot
Pippa83: doesn't show hand 
*** SUMMARY ***
Total pot $8.50 | Rake $0.42 
Board [Ts 3c Qc]
Seat 1: yzuk (big blind) folded before Flop
Seat 2: whitecillar3 folded before Flop (didn't bet)
Seat 3: Nazareno1999 folded before Flop (didn't bet)
Seat 4: kritonasd folded on the Flop
Seat 5: Pippa83 (button) collected ($8.08)
Seat 6: poker_soul11 (small blind) folded before Flop



PokerStars Hand #254228940620:  Hold'em No Limit ($0.50/$1.00 USD) - 2025/01/06 15:54:47 WET [2025/01/06 10:54:47 ET]
Table 'Theobalda II' 6-max Seat #6 is the button
Seat 1: yzuk ($211.04 in chips) 
Seat 2: whitecillar3 ($101.91 in chips) 
Seat 3: Nazareno1999 ($110.61 in chips) 
Seat 4: kritonasd ($163.32 in chips) 
Seat 5: Pippa83 ($107.25 in chips) 
Seat 6: poker_soul11 ($188.90 in chips) 
yzuk: posts small blind $0.50
whitecillar3: posts big blind $1
*** HOLE CARDS ***
Nazareno1999: folds 
kritonasd: calls $1
Pippa83: raises $2.50 to $3.50
poker_soul11: folds 
yzuk: folds 
whitecillar3: folds 
kritonasd: calls $2.50
*** FLOP *** [3s 9s 5s]
kritonasd: checks 
Pippa83: bets $1.62
kritonasd: folds 
Uncalled bet ($1.62) returned to Pippa83
Pippa83 collected $8.08 from pot
Pippa83: doesn't show hand 
*** SUMMARY ***
Total pot $8.50 | Rake $0.42 
Board [3s 9s 5s]
Seat 1: yzuk (small blind) folded before Flop
Seat 2: whitecillar3 (big blind) folded before Flop
Seat 3: Nazareno1999 folded before Flop (didn't bet)
Seat 4: kritonasd folded on the Flop
Seat 5: Pippa83 collected ($8.08)
Seat 6: poker_soul11 (button) folded before Flop (didn't bet)



PokerStars Hand #254228947577:  Hold'em No Limit ($0.50/$1.00 USD) - 2025/01/06 15:55:17 WET [2025/01/06 10:55:17 ET]
Table 'Theobalda II' 6-max Seat #1 is the button
Seat 1: yzuk ($210.54 in chips) 
Seat 2: whitecillar3 ($100.91 in chips) 
Seat 3: Nazareno1999 ($110.61 in chips) 
Seat 4: kritonasd ($159.82 in chips) 
Seat 5: Pippa83 ($111.83 in chips) 
Seat 6: poker_soul11 ($188.90 in chips) 
whitecillar3: posts small blind $0.50
Nazareno1999: posts big blind $1
*** HOLE CARDS ***
kritonasd: folds 
Pippa83: folds 
poker_soul11: folds 
yzuk: folds 
whitecillar3: raises $2 to $3
Nazareno1999: calls $2
*** FLOP *** [5h Td 9s]
whitecillar3: checks 
Nazareno1999: checks 
*** TURN *** [5h Td 9s] [Ah]
whitecillar3: checks 
Nazareno1999: checks 
*** RIVER *** [5h Td 9s Ah] [Qs]
whitecillar3: checks 
Nazareno1999: checks 
*** SHOW DOWN ***
whitecillar3: shows [Kd Tc] (a pair of Tens)
Nazareno1999: mucks hand 
whitecillar3 collected $5.70 from pot
*** SUMMARY ***
Total pot $6 | Rake $0.30 
Board [5h Td 9s Ah Qs]
Seat 1: yzuk (button) folded before Flop (didn't bet)
Seat 2: whitecillar3 (small blind) showed [Kd Tc] and won ($5.70) with a pair of Tens
Seat 3: Nazareno1999 (big blind) mucked
Seat 4: kritonasd folded before Flop (didn't bet)
Seat 5: Pippa83 folded before Flop (didn't bet)
Seat 6: poker_soul11 folded before Flop (didn't bet)



PokerStars Hand #254228954608:  Hold'em No Limit ($0.50/$1.00 USD) - 2025/01/06 15:55:55 WET [2025/01/06 10:55:55 ET]
Table 'Theobalda II' 6-max Seat #2 is the button
Seat 1: yzuk ($210.54 in chips) 
Seat 2: whitecillar3 ($103.61 in chips) 
Seat 3: Nazareno1999 ($107.61 in chips) 
Seat 4: kritonasd ($159.82 in chips) 
Seat 5: Pippa83 ($111.83 in chips) 
Seat 6: poker_soul11 ($188.90 in chips) 
Nazareno1999: posts small blind $0.50
kritonasd: posts big blind $1
*** HOLE CARDS ***
Pippa83: folds 
poker_soul11: folds 
yzuk: folds 
whitecillar3: folds 
Nazareno1999: raises $2.50 to $3.50
kritonasd: calls $2.50
*** FLOP *** [As 8c 5s]
Nazareno1999: bets $2.19
kritonasd: calls $2.19
*** TURN *** [As 8c 5s] [Ah]
Nazareno1999: checks 
kritonasd: checks 
*** RIVER *** [As 8c 5s Ah] [3s]
Nazareno1999: checks 
kritonasd: checks 
*** SHOW DOWN ***
Nazareno1999: shows [9d Kd] (a pair of Aces)
kritonasd: shows [Jh Js] (two pair, Aces and Jacks)
kritonasd collected $10.81 from pot
*** SUMMARY ***
Total pot $11.38 | Rake $0.57 
Board [As 8c 5s Ah 3s]
Seat 1: yzuk folded before Flop (didn't bet)
Seat 2: whitecillar3 (button) folded before Flop (didn't bet)
Seat 3: Nazareno1999 (small blind) showed [9d Kd] and lost with a pair of Aces
Seat 4: kritonasd (big blind) showed [Jh Js] and won ($10.81) with two pair, Aces and Jacks
Seat 5: Pippa83 folded before Flop (didn't bet)
Seat 6: poker_soul11 folded before Flop (didn't bet)



PokerStars Hand #254228961290:  Hold'em No Limit ($0.50/$1.00 USD) - 2025/01/06 15:56:30 WET [2025/01/06 10:56:30 ET]
Table 'Theobalda II' 6-max Seat #3 is the button
Seat 1: yzuk ($210.54 in chips) 
Seat 2: whitecillar3 ($103.61 in chips) 
Seat 3: Nazareno1999 ($101.92 in chips) 
Seat 4: kritonasd ($164.94 in chips) 
Seat 5: Pippa83 ($111.83 in chips) 
Seat 6: poker_soul11 ($188.90 in chips) 
kritonasd: posts small blind $0.50
Pippa83: posts big blind $1
*** HOLE CARDS ***
poker_soul11: folds 
yzuk: folds 
whitecillar3: raises $1.50 to $2.50
Nazareno1999: folds 
kritonasd: calls $2
Pippa83: calls $1.50
*** FLOP *** [5h 6h 7s]
kritonasd: checks 
Pippa83: bets $2.35
whitecillar3: folds 
kritonasd: folds 
Uncalled bet ($2.35) returned to Pippa83
Pippa83 collected $7.12 from pot
Pippa83: doesn't show hand 
*** SUMMARY ***
Total pot $7.50 | Rake $0.38 
Board [5h 6h 7s]
Seat 1: yzuk folded before Flop (didn't bet)
Seat 2: whitecillar3 folded on the Flop
Seat 3: Nazareno1999 (button) folded before Flop (didn't bet)
Seat 4: kritonasd (small blind) folded on the Flop
Seat 5: Pippa83 (big blind) collected ($7.12)
Seat 6: poker_soul11 folded before Flop (didn't bet)



PokerStars Hand #254228968185:  Hold'em No Limit ($0.50/$1.00 USD) - 2025/01/06 15:57:07 WET [2025/01/06 10:57:07 ET]
Table 'Theobalda II' 6-max Seat #4 is the button
Seat 1: yzuk ($210.54 in chips) 
Seat 2: whitecillar3 ($101.11 in chips) 
Seat 3: Nazareno1999 ($101.92 in chips) 
Seat 4: kritonasd ($162.44 in chips) 
Seat 5: Pippa83 ($116.45 in chips) 
Seat 6: poker_soul11 ($188.90 in chips) 
Pippa83: posts small blind $0.50
poker_soul11: posts big blind $1
*** HOLE CARDS ***
yzuk: folds 
whitecillar3: folds 
Nazareno1999: raises $1.20 to $2.20
kritonasd: folds 
Pippa83: folds 
poker_soul11: folds 
Uncalled bet ($1.20) returned to Nazareno1999
Nazareno1999 collected $2.50 from pot
Nazareno1999: doesn't show hand 
*** SUMMARY ***
Total pot $2.50 | Rake $0 
Seat 1: yzuk folded before Flop (didn't bet)
Seat 2: whitecillar3 folded before Flop (didn't bet)
Seat 3: Nazareno1999 collected ($2.50)
Seat 4: kritonasd (button) folded before Flop (didn't bet)
Seat 5: Pippa83 (small blind) folded before Flop
Seat 6: poker_soul11 (big blind) folded before Flop



PokerStars Hand #254228972059:  Hold'em No Limit ($0.50/$1.00 USD) - 2025/01/06 15:57:27 WET [2025/01/06 10:57:27 ET]
Table 'Theobalda II' 6-max Seat #5 is the button
Seat 1: yzuk ($210.54 in chips) 
Seat 2: whitecillar3 ($101.11 in chips) 
Seat 3: Nazareno1999 ($103.42 in chips) 
Seat 4: kritonasd ($162.44 in chips) 
Seat 5: Pippa83 ($115.95 in chips) 
Seat 6: poker_soul11 ($187.90 in chips) 
poker_soul11: posts small blind $0.50
yzuk: posts big blind $1
*** HOLE CARDS ***
whitecillar3: folds 
Nazareno1999: folds 
kritonasd: calls $1
Pippa83: folds 
poker_soul11: folds 
yzuk: checks 
*** FLOP *** [8h As Kc]
yzuk: checks 
kritonasd: checks 
*** TURN *** [8h As Kc] [Jd]
yzuk: checks 
kritonasd: checks 
*** RIVER *** [8h As Kc Jd] [8s]
yzuk: bets $1.21
kritonasd: calls $1.21
*** SHOW DOWN ***
yzuk: shows [7s 2d] (a pair of Eights)
kritonasd: shows [5d 5c] (two pair, Eights and Fives)
kritonasd collected $4.67 from pot
*** SUMMARY ***
Total pot $4.92 | Rake $0.25 
Board [8h As Kc Jd 8s]
Seat 1: yzuk (big blind) showed [7s 2d] and lost with a pair of Eights
Seat 2: whitecillar3 folded before Flop (didn't bet)
Seat 3: Nazareno1999 folded before Flop (didn't bet)
Seat 4: kritonasd showed [5d 5c] and won ($4.67) with two pair, Eights and Fives
Seat 5: Pippa83 (button) folded before Flop (didn't bet)
Seat 6: poker_soul11 (small blind) folded before Flop



PokerStars Hand #254228977868:  Hold'em No Limit ($0.50/$1.00 USD) - 2025/01/06 15:57:58 WET [2025/01/06 10:57:58 ET]
Table 'Theobalda II' 6-max Seat #6 is the button
Seat 1: yzuk ($208.33 in chips) 
Seat 2: whitecillar3 ($101.11 in chips) 
Seat 3: Nazareno1999 ($103.42 in chips) 
Seat 4: kritonasd ($164.90 in chips) 
Seat 5: Pippa83 ($115.95 in chips) 
Seat 6: poker_soul11 ($187.40 in chips) 
yzuk: posts small blind $0.50
whitecillar3: posts big blind $1
*** HOLE CARDS ***
Nazareno1999: folds 
kritonasd: folds 
Pippa83: folds 
poker_soul11: folds 
yzuk: raises $2 to $3
whitecillar3: folds 
Uncalled bet ($2) returned to yzuk
yzuk collected $2 from pot
yzuk: doesn't show hand 
*** SUMMARY ***
Total pot $2 | Rake $0 
Seat 1: yzuk (small blind) collected ($2)
Seat 2: whitecillar3 (big blind) folded before Flop
Seat 3: Nazareno1999 folded before Flop (didn't bet)
Seat 4: kritonasd folded before Flop (didn't bet)
Seat 5: Pippa83 folded before Flop (didn't bet)
Seat 6: poker_soul11 (button) folded before Flop (didn't bet)



PokerStars Hand #254228982450:  Hold'em No Limit ($0.50/$1.00 USD) - 2025/01/06 15:58:22 WET [2025/01/06 10:58:22 ET]
Table 'Theobalda II' 6-max Seat #1 is the button
Seat 1: yzuk ($209.33 in chips) 
Seat 2: whitecillar3 ($100.11 in chips) 
Seat 3: Nazareno1999 ($103.42 in chips) 
Seat 4: kritonasd ($164.90 in chips) 
Seat 5: Pippa83 ($115.95 in chips) 
Seat 6: poker_soul11 ($187.40 in chips) 
whitecillar3: posts small blind $0.50
Nazareno1999: posts big blind $1
*** HOLE CARDS ***
kritonasd: folds 
Pippa83: folds 
poker_soul11: folds 
yzuk: raises $1.50 to $2.50
whitecillar3: raises $9.50 to $12
Nazareno1999: folds 
yzuk: raises $14 to $26
whitecillar3: folds 
Uncalled bet ($14) returned to yzuk
yzuk collected $25 from pot
yzuk: doesn't show hand 
*** SUMMARY ***
Total pot $25 | Rake $0 
Seat 1: yzuk (button) collected ($25)
Seat 2: whitecillar3 (small blind) folded before Flop
Seat 3: Nazareno1999 (big blind) folded before Flop
Seat 4: kritonasd folded before Flop (didn't bet)
Seat 5: Pippa83 folded before Flop (didn't bet)
Seat 6: poker_soul11 folded before Flop (didn't bet)



PokerStars Hand #254229083666:  Hold'em No Limit ($0.50/$1.00 USD) - 2025/01/06 16:05:48 WET [2025/01/06 11:05:48 ET]
Table 'Theobalda II' 6-max Seat #5 is the button
Seat 1: yzuk ($228.95 in chips) 
Seat 2: whitecillar3 ($107.90 in chips) 
Seat 3: Nazareno1999 ($102.32 in chips) 
Seat 4: kritonasd ($153.94 in chips) 
Seat 5: Pippa83 ($112.29 in chips) 
Seat 6: poker_soul11 ($184.90 in chips) 
poker_soul11: posts small blind $0.50
yzuk: posts big blind $1
*** HOLE CARDS ***
whitecillar3: folds 
Nazareno1999: folds 
kritonasd: raises $1 to $2
Pippa83: calls $2
poker_soul11: folds 
yzuk: calls $1
*** FLOP *** [3s 4d 7h]
yzuk: bets $2.10
kritonasd: calls $2.10
Pippa83: folds 
*** TURN *** [3s 4d 7h] [Ts]
yzuk: bets $12
kritonasd: calls $12
*** RIVER *** [3s 4d 7h Ts] [4s]
yzuk: bets $212.85 and is all-in
kritonasd: folds 
Uncalled bet ($212.85) returned to yzuk
yzuk collected $32.96 from pot
yzuk: doesn't show hand 
*** SUMMARY ***
Total pot $34.70 | Rake $1.74 
Board [3s 4d 7h Ts 4s]
Seat 1: yzuk (big blind) collected ($32.96)
Seat 2: whitecillar3 folded before Flop (didn't bet)
Seat 3: Nazareno1999 folded before Flop (didn't bet)
Seat 4: kritonasd folded on the River
Seat 5: Pippa83 (button) folded on the Flop
Seat 6: poker_soul11 (small blind) folded before Flop



PokerStars Hand #254229107283:  Hold'em No Limit ($0.50/$1.00 USD) - 2025/01/06 16:07:25 WET [2025/01/06 11:07:25 ET]
Table 'Theobalda II' 6-max Seat #6 is the button
Seat 1: yzuk ($245.81 in chips) 
Seat 2: whitecillar3 ($107.90 in chips) 
Seat 3: Nazareno1999 ($102.32 in chips) 
Seat 4: kritonasd ($137.84 in chips) 
Seat 5: Pippa83 ($110.29 in chips) 
Seat 6: poker_soul11 ($184.40 in chips) 
yzuk: posts small blind $0.50
whitecillar3: posts big blind $1
*** HOLE CARDS ***
Nazareno1999: folds 
kritonasd: raises $2 to $3
Pippa83: folds 
poker_soul11: raises $6 to $9
yzuk: folds 
whitecillar3: folds 
kritonasd: calls $6
*** FLOP *** [3s 8s Jd]
kritonasd: checks 
poker_soul11: bets $13.89
kritonasd: folds 
Uncalled bet ($13.89) returned to poker_soul11
poker_soul11 collected $18.52 from pot
poker_soul11: doesn't show hand 
*** SUMMARY ***
Total pot $19.50 | Rake $0.98 
Board [3s 8s Jd]
Seat 1: yzuk (small blind) folded before Flop
Seat 2: whitecillar3 (big blind) folded before Flop
Seat 3: Nazareno1999 folded before Flop (didn't bet)
Seat 4: kritonasd folded on the Flop
Seat 5: Pippa83 folded before Flop (didn't bet)
Seat 6: poker_soul11 (button) collected ($18.52)



PokerStars Hand #254229115067:  Hold'em No Limit ($0.50/$1.00 USD) - 2025/01/06 16:07:57 WET [2025/01/06 11:07:57 ET]
Table 'Theobalda II' 6-max Seat #1 is the button
Seat 1: yzuk ($245.31 in chips) 
Seat 2: whitecillar3 ($106.90 in chips) 
Seat 3: Nazareno1999 ($102.32 in chips) 
Seat 4: kritonasd ($128.84 in chips) 
Seat 5: Pippa83 ($110.29 in chips) 
Seat 6: poker_soul11 ($193.92 in chips) 
whitecillar3: posts small blind $0.50
Nazareno1999: posts big blind $1
*** HOLE CARDS ***
kritonasd: folds 
kritonasd leaves the table
Pippa83: folds 
Pippa83 leaves the table
poker_soul11: raises $1.20 to $2.20
yzuk: folds 
whitecillar3: folds 
Nazareno1999: folds 
Uncalled bet ($1.20) returned to poker_soul11
poker_soul11 collected $2.50 from pot
poker_soul11: doesn't show hand 
*** SUMMARY ***
Total pot $2.50 | Rake $0 
Seat 1: yzuk (button) folded before Flop (didn't bet)
Seat 2: whitecillar3 (small blind) folded before Flop
Seat 3: Nazareno1999 (big blind) folded before Flop
Seat 4: kritonasd folded before Flop (didn't bet)
Seat 5: Pippa83 folded before Flop (didn't bet)
Seat 6: poker_soul11 collected ($2.50)



PokerStars Hand #254229121706:  Hold'em No Limit ($0.50/$1.00 USD) - 2025/01/06 16:08:24 WET [2025/01/06 11:08:24 ET]
Table 'Theobalda II' 6-max Seat #2 is the button
Seat 1: yzuk ($245.31 in chips) 
Seat 2: whitecillar3 ($106.40 in chips) 
Seat 3: Nazareno1999 ($101.32 in chips) 
Seat 6: poker_soul11 ($195.42 in chips) 
Nazareno1999: posts small blind $0.50
poker_soul11: posts big blind $1
*** HOLE CARDS ***
yzuk: folds 
whitecillar3: folds 
Nazareno1999: folds 
Uncalled bet ($0.50) returned to poker_soul11
poker_soul11 collected $1 from pot
poker_soul11: doesn't show hand 
Nazareno1999 leaves the table
yzuk leaves the table
*** SUMMARY ***
Total pot $1 | Rake $0 
Seat 1: yzuk folded before Flop (didn't bet)
Seat 2: whitecillar3 (button) folded before Flop (didn't bet)
Seat 3: Nazareno1999 (small blind) folded before Flop
Seat 6: poker_soul11 (big blind) collected ($1)



