PokerStars Hand #254228148750:  Hold'em No Limit ($0.50/$1.00 USD) - 2025/01/06 14:57:34 WET [2025/01/06 9:57:34 ET]
Table 'Hyperborea II' 6-max Seat #2 is the button
Seat 3: kingkonk123 ($100 in chips) is sitting out
Seat 4: gudrozd ($100 in chips) is sitting out
Seat 1: steepfell ($100 in chips) 
Seat 2: M1k_DP ($100 in chips) 
Seat 5: kel3vr4_23 ($12.30 in chips) 
Seat 6: yzuk ($101.50 in chips) 
kel3vr4_23: posts small blind $0.50
yzuk: posts big blind $1
*** HOLE CARDS ***
steepfell: folds 
M1k_DP: folds 
kel3vr4_23: calls $0.50
yzuk: checks 
*** FLOP *** [3s 6h Qc]
kel3vr4_23: checks 
yzuk: bets $1
kel3vr4_23: folds 
Uncalled bet ($1) returned to yzuk
yzuk collected $1.90 from pot
yzuk: doesn't show hand 
*** SUMMARY ***
Total pot $2 | Rake $0.10 
Board [3s 6h Qc]
Seat 3: kingkonk123
Seat 4: gudrozd
Seat 1: steepfell folded before Flop (didn't bet)
Seat 2: M1k_DP (button) folded before Flop (didn't bet)
Seat 5: kel3vr4_23 (small blind) folded on the Flop
Seat 6: yzuk (big blind) collected ($1.90)



PokerStars Hand #254228154577:  Hold'em No Limit ($0.50/$1.00 USD) - 2025/01/06 14:58:08 WET [2025/01/06 9:58:08 ET]
Table 'Hyperborea II' 6-max Seat #5 is the button
Seat 3: kingkonk123 ($100 in chips) is sitting out
Seat 4: gudrozd ($100 in chips) is sitting out
Seat 1: steepfell ($100 in chips) 
Seat 2: M1k_DP ($100 in chips) 
Seat 5: kel3vr4_23 ($11.30 in chips) 
Seat 6: yzuk ($102.40 in chips) 
yzuk: posts small blind $0.50
steepfell: posts big blind $1
kingkonk123: sits out 
gudrozd: sits out 
*** HOLE CARDS ***
M1k_DP: folds 
kel3vr4_23: folds 
yzuk: raises $2 to $3
steepfell: raises $6 to $9
yzuk: folds 
Uncalled bet ($6) returned to steepfell
steepfell collected $6 from pot
steepfell: doesn't show hand 
*** SUMMARY ***
Total pot $6 | Rake $0 
Seat 3: kingkonk123
Seat 4: gudrozd
Seat 1: steepfell (big blind) collected ($6)
Seat 2: M1k_DP folded before Flop (didn't bet)
Seat 5: kel3vr4_23 (button) folded before Flop (didn't bet)
Seat 6: yzuk (small blind) folded before Flop



PokerStars Hand #254228161340:  Hold'em No Limit ($0.50/$1.00 USD) - 2025/01/06 14:58:46 WET [2025/01/06 9:58:46 ET]
Table 'Hyperborea II' 6-max Seat #6 is the button
Seat 3: kingkonk123 ($100 in chips) is sitting out
Seat 4: gudrozd ($100 in chips) is sitting out
Seat 1: steepfell ($103 in chips) 
Seat 2: M1k_DP ($100 in chips) 
Seat 5: kel3vr4_23 ($11.30 in chips) 
Seat 6: yzuk ($100 in chips) 
steepfell: posts small blind $0.50
M1k_DP: posts big blind $1
kingkonk123: sits out 
gudrozd: sits out 
*** HOLE CARDS ***
kel3vr4_23: folds 
yzuk: folds 
steepfell: folds 
Uncalled bet ($0.50) returned to M1k_DP
M1k_DP collected $1 from pot
M1k_DP: doesn't show hand 
*** SUMMARY ***
Total pot $1 | Rake $0 
Seat 3: kingkonk123
Seat 4: gudrozd
Seat 1: steepfell (small blind) folded before Flop
Seat 2: M1k_DP (big blind) collected ($1)
Seat 5: kel3vr4_23 folded before Flop (didn't bet)
Seat 6: yzuk (button) folded before Flop (didn't bet)



PokerStars Hand #254228163114:  Hold'em No Limit ($0.50/$1.00 USD) - 2025/01/06 14:58:57 WET [2025/01/06 9:58:57 ET]
Table 'Hyperborea II' 6-max Seat #1 is the button
Seat 4: gudrozd ($100 in chips) is sitting out
Seat 1: steepfell ($102.50 in chips) 
Seat 2: M1k_DP ($100.50 in chips) 
Seat 3: kingkonk123 ($100 in chips) 
Seat 5: kel3vr4_23 ($11.30 in chips) 
Seat 6: yzuk ($100 in chips) 
M1k_DP: posts small blind $0.50
kingkonk123: posts big blind $1
gudrozd: sits out 
*** HOLE CARDS ***
kel3vr4_23: folds 
yzuk: folds 
steepfell: raises $1.50 to $2.50
M1k_DP: folds 
kingkonk123: folds 
Uncalled bet ($1.50) returned to steepfell
steepfell collected $2.50 from pot
steepfell: doesn't show hand 
*** SUMMARY ***
Total pot $2.50 | Rake $0 
Seat 4: gudrozd
Seat 1: steepfell (button) collected ($2.50)
Seat 2: M1k_DP (small blind) folded before Flop
Seat 3: kingkonk123 (big blind) folded before Flop
Seat 5: kel3vr4_23 folded before Flop (didn't bet)
Seat 6: yzuk folded before Flop (didn't bet)



PokerStars Hand #254228167708:  Hold'em No Limit ($0.50/$1.00 USD) - 2025/01/06 14:59:23 WET [2025/01/06 9:59:23 ET]
Table 'Hyperborea II' 6-max Seat #2 is the button
Seat 1: steepfell ($104 in chips) 
Seat 2: M1k_DP ($100 in chips) 
Seat 3: kingkonk123 ($100 in chips) 
Seat 4: gudrozd ($100 in chips) 
Seat 5: kel3vr4_23 ($11.30 in chips) 
Seat 6: yzuk ($100 in chips) 
kingkonk123: posts small blind $0.50
gudrozd: posts big blind $1
*** HOLE CARDS ***
kel3vr4_23: folds 
yzuk: folds 
steepfell: folds 
M1k_DP: folds 
kingkonk123: raises $2 to $3
gudrozd: folds 
Uncalled bet ($2) returned to kingkonk123
kingkonk123 collected $2 from pot
kingkonk123: doesn't show hand 
*** SUMMARY ***
Total pot $2 | Rake $0 
Seat 1: steepfell folded before Flop (didn't bet)
Seat 2: M1k_DP (button) folded before Flop (didn't bet)
Seat 3: kingkonk123 (small blind) collected ($2)
Seat 4: gudrozd (big blind) folded before Flop
Seat 5: kel3vr4_23 folded before Flop (didn't bet)
Seat 6: yzuk folded before Flop (didn't bet)



PokerStars Hand #254228173047:  Hold'em No Limit ($0.50/$1.00 USD) - 2025/01/06 14:59:53 WET [2025/01/06 9:59:53 ET]
Table 'Hyperborea II' 6-max Seat #3 is the button
Seat 1: steepfell ($104 in chips) 
Seat 2: M1k_DP ($100 in chips) 
Seat 3: kingkonk123 ($101 in chips) 
Seat 4: gudrozd ($100 in chips) 
Seat 5: kel3vr4_23 ($11.30 in chips) 
Seat 6: yzuk ($100 in chips) 
gudrozd: posts small blind $0.50
kel3vr4_23: posts big blind $1
*** HOLE CARDS ***
yzuk: folds 
steepfell: raises $1.50 to $2.50
M1k_DP: folds 
kingkonk123: folds 
gudrozd: folds 
kel3vr4_23: raises $8.80 to $11.30 and is all-in
steepfell: calls $8.80
*** FLOP *** [Qh Th 7d]
*** TURN *** [Qh Th 7d] [5c]
*** RIVER *** [Qh Th 7d 5c] [4s]
*** SHOW DOWN ***
kel3vr4_23: shows [Ts Ks] (a pair of Tens)
steepfell: shows [9s 9c] (a pair of Nines)
kel3vr4_23 cashed out the hand for $10.14 | Cash Out Fee $0.21
*** SUMMARY ***
Total pot $23.10 | Rake $1.16 
Board [Qh Th 7d 5c 4s]
Seat 1: steepfell showed [9s 9c] and lost with a pair of Nines
Seat 2: M1k_DP folded before Flop (didn't bet)
Seat 3: kingkonk123 (button) folded before Flop (didn't bet)
Seat 4: gudrozd (small blind) folded before Flop
Seat 5: kel3vr4_23 (big blind) showed [Ts Ks] and won ($21.94) with a pair of Tens (pot not awarded as player cashed out)
Seat 6: yzuk folded before Flop (didn't bet)



PokerStars Hand #254228177568:  Hold'em No Limit ($0.50/$1.00 USD) - 2025/01/06 15:00:19 WET [2025/01/06 10:00:19 ET]
Table 'Hyperborea II' 6-max Seat #4 is the button
Seat 1: steepfell ($100 in chips) 
Seat 2: M1k_DP ($100 in chips) 
Seat 3: kingkonk123 ($101 in chips) 
Seat 4: gudrozd ($100 in chips) 
Seat 5: kel3vr4_23 ($10.14 in chips) 
Seat 6: yzuk ($100 in chips) 
kel3vr4_23: posts small blind $0.50
yzuk: posts big blind $1
*** HOLE CARDS ***
steepfell: folds 
M1k_DP: folds 
kingkonk123: folds 
gudrozd: folds 
kel3vr4_23: folds 
Uncalled bet ($0.50) returned to yzuk
yzuk collected $1 from pot
yzuk: doesn't show hand 
*** SUMMARY ***
Total pot $1 | Rake $0 
Seat 1: steepfell folded before Flop (didn't bet)
Seat 2: M1k_DP folded before Flop (didn't bet)
Seat 3: kingkonk123 folded before Flop (didn't bet)
Seat 4: gudrozd (button) folded before Flop (didn't bet)
Seat 5: kel3vr4_23 (small blind) folded before Flop
Seat 6: yzuk (big blind) collected ($1)



PokerStars Hand #254228179426:  Hold'em No Limit ($0.50/$1.00 USD) - 2025/01/06 15:00:29 WET [2025/01/06 10:00:29 ET]
Table 'Hyperborea II' 6-max Seat #5 is the button
Seat 1: steepfell ($100 in chips) 
Seat 2: M1k_DP ($100 in chips) 
Seat 3: kingkonk123 ($101 in chips) 
Seat 4: gudrozd ($100 in chips) 
Seat 5: kel3vr4_23 ($9.64 in chips) 
Seat 6: yzuk ($100.50 in chips) 
yzuk: posts small blind $0.50
steepfell: posts big blind $1
*** HOLE CARDS ***
M1k_DP: folds 
kingkonk123: folds 
gudrozd: folds 
kel3vr4_23: folds 
yzuk: folds 
Uncalled bet ($0.50) returned to steepfell
steepfell collected $1 from pot
steepfell: doesn't show hand 
*** SUMMARY ***
Total pot $1 | Rake $0 
Seat 1: steepfell (big blind) collected ($1)
Seat 2: M1k_DP folded before Flop (didn't bet)
Seat 3: kingkonk123 folded before Flop (didn't bet)
Seat 4: gudrozd folded before Flop (didn't bet)
Seat 5: kel3vr4_23 (button) folded before Flop (didn't bet)
Seat 6: yzuk (small blind) folded before Flop



PokerStars Hand #254228182117:  Hold'em No Limit ($0.50/$1.00 USD) - 2025/01/06 15:00:43 WET [2025/01/06 10:00:43 ET]
Table 'Hyperborea II' 6-max Seat #6 is the button
Seat 2: M1k_DP ($100 in chips) is sitting out
Seat 1: steepfell ($100.50 in chips) 
Seat 3: kingkonk123 ($101 in chips) 
Seat 4: gudrozd ($100 in chips) 
Seat 5: kel3vr4_23 ($9.64 in chips) 
Seat 6: yzuk ($100 in chips) 
steepfell: posts small blind $0.50
M1k_DP: is sitting out 
kingkonk123: posts big blind $1
*** HOLE CARDS ***
M1k_DP leaves the table
gudrozd: raises $1.50 to $2.50
kel3vr4_23: raises $7.14 to $9.64 and is all-in
yzuk: folds 
gig.gyty joins the table at seat #2 
steepfell: folds 
kingkonk123: folds 
gudrozd: calls $7.14
*** FLOP *** [9h 8s 2h]
*** TURN *** [9h 8s 2h] [Jc]
*** RIVER *** [9h 8s 2h Jc] [7c]
*** SHOW DOWN ***
gudrozd: shows [7h Kh] (a pair of Sevens)
kel3vr4_23: shows [Ad Qd] (high card Ace)
gudrozd collected $19.74 from pot
*** SUMMARY ***
Total pot $20.78 | Rake $1.04 
Board [9h 8s 2h Jc 7c]
Seat 2: M1k_DP
Seat 1: steepfell (small blind) folded before Flop
Seat 3: kingkonk123 (big blind) folded before Flop
Seat 4: gudrozd showed [7h Kh] and won ($19.74) with a pair of Sevens
Seat 5: kel3vr4_23 showed [Ad Qd] and lost with high card Ace
Seat 6: yzuk (button) folded before Flop (didn't bet)



PokerStars Hand #254228189103:  Hold'em No Limit ($0.50/$1.00 USD) - 2025/01/06 15:01:19 WET [2025/01/06 10:01:19 ET]
Table 'Hyperborea II' 6-max Seat #1 is the button
Seat 2: gig.gyty ($100 in chips) is sitting out
Seat 5: kel3vr4_23 ($0 in chips) is sitting out
Seat 1: steepfell ($100 in chips) 
Seat 3: kingkonk123 ($100 in chips) 
Seat 4: gudrozd ($110.10 in chips) 
Seat 6: yzuk ($100 in chips) 
kingkonk123: posts small blind $0.50
gudrozd: posts big blind $1
*** HOLE CARDS ***
yzuk: raises $1.50 to $2.50
steepfell: folds 
kingkonk123: folds 
gudrozd: folds 
Uncalled bet ($1.50) returned to yzuk
yzuk collected $2.50 from pot
yzuk: doesn't show hand 
*** SUMMARY ***
Total pot $2.50 | Rake $0 
Seat 2: gig.gyty
Seat 5: kel3vr4_23
Seat 1: steepfell (button) folded before Flop (didn't bet)
Seat 3: kingkonk123 (small blind) folded before Flop
Seat 4: gudrozd (big blind) folded before Flop
Seat 6: yzuk collected ($2.50)



PokerStars Hand #254228193235:  Hold'em No Limit ($0.50/$1.00 USD) - 2025/01/06 15:01:39 WET [2025/01/06 10:01:39 ET]
Table 'Hyperborea II' 6-max Seat #3 is the button
Seat 2: gig.gyty ($100 in chips) is sitting out
Seat 5: kel3vr4_23 ($0 in chips) is sitting out
Seat 1: steepfell ($100 in chips) 
Seat 3: kingkonk123 ($100 in chips) 
Seat 4: gudrozd ($109.10 in chips) 
Seat 6: yzuk ($101.50 in chips) 
gudrozd: posts small blind $0.50
yzuk: posts big blind $1
gig.gyty: sits out 
*** HOLE CARDS ***
steepfell: folds 
kingkonk123: folds 
gudrozd: folds 
Uncalled bet ($0.50) returned to yzuk
yzuk collected $1 from pot
yzuk: doesn't show hand 
*** SUMMARY ***
Total pot $1 | Rake $0 
Seat 2: gig.gyty
Seat 5: kel3vr4_23
Seat 1: steepfell folded before Flop (didn't bet)
Seat 3: kingkonk123 (button) folded before Flop (didn't bet)
Seat 4: gudrozd (small blind) folded before Flop
Seat 6: yzuk (big blind) collected ($1)



PokerStars Hand #254228194749:  Hold'em No Limit ($0.50/$1.00 USD) - 2025/01/06 15:01:47 WET [2025/01/06 10:01:47 ET]
Table 'Hyperborea II' 6-max Seat #4 is the button
Seat 1: steepfell ($100 in chips) is sitting out
Seat 5: kel3vr4_23 ($0 in chips) is sitting out
Seat 2: gig.gyty ($100 in chips) 
Seat 3: kingkonk123 ($100 in chips) 
Seat 4: gudrozd ($108.60 in chips) 
Seat 6: yzuk ($102 in chips) 
yzuk: posts small blind $0.50
steepfell: is sitting out 
gig.gyty: posts big blind $1
*** HOLE CARDS ***
steepfell leaves the table
kingkonk123: folds 
gudrozd: folds 
yzuk: raises $2 to $3
gig.gyty: folds 
Uncalled bet ($2) returned to yzuk
kel3vr4_23 leaves the table
yzuk collected $2 from pot
yzuk: doesn't show hand 
*** SUMMARY ***
Total pot $2 | Rake $0 
Seat 1: steepfell
Seat 5: kel3vr4_23
Seat 2: gig.gyty (big blind) folded before Flop
Seat 3: kingkonk123 folded before Flop (didn't bet)
Seat 4: gudrozd (button) folded before Flop (didn't bet)
Seat 6: yzuk (small blind) collected ($2)



PokerStars Hand #254228198278:  Hold'em No Limit ($0.50/$1.00 USD) - 2025/01/06 15:02:05 WET [2025/01/06 10:02:05 ET]
Table 'Hyperborea II' 6-max Seat #6 is the button
Seat 2: gig.gyty ($100 in chips) 
Seat 3: kingkonk123 ($100 in chips) 
Seat 4: gudrozd ($108.60 in chips) 
Seat 6: yzuk ($103 in chips) 
gig.gyty: posts small blind $0.50
kingkonk123: posts big blind $1
*** HOLE CARDS ***
gudrozd: raises $1.50 to $2.50
yzuk: folds 
gig.gyty: folds 
kingkonk123: folds 
Uncalled bet ($1.50) returned to gudrozd
gudrozd collected $2.50 from pot
gudrozd: doesn't show hand 
*** SUMMARY ***
Total pot $2.50 | Rake $0 
Seat 2: gig.gyty (small blind) folded before Flop
Seat 3: kingkonk123 (big blind) folded before Flop
Seat 4: gudrozd collected ($2.50)
Seat 6: yzuk (button) folded before Flop (didn't bet)



PokerStars Hand #254228200590:  Hold'em No Limit ($0.50/$1.00 USD) - 2025/01/06 15:02:15 WET [2025/01/06 10:02:15 ET]
Table 'Hyperborea II' 6-max Seat #3 is the button
Seat 4: gudrozd ($110.10 in chips) is sitting out
Seat 6: yzuk ($103 in chips) is sitting out
Seat 2: gig.gyty ($100 in chips) 
Seat 3: kingkonk123 ($100 in chips) 
kingkonk123: posts small blind $0.50
gudrozd: is sitting out 
yzuk: is sitting out 
gig.gyty: posts big blind $1
*** HOLE CARDS ***
kingkonk123: folds 
Uncalled bet ($0.50) returned to gig.gyty
yzuk leaves the table
gig.gyty collected $1 from pot
gig.gyty: doesn't show hand 
*** SUMMARY ***
Total pot $1 | Rake $0 
Seat 4: gudrozd
Seat 6: yzuk
Seat 2: gig.gyty (big blind) collected ($1)
Seat 3: kingkonk123 (button) (small blind) folded before Flop



PokerStars Hand #254228201772:  Hold'em No Limit ($0.50/$1.00 USD) - 2025/01/06 15:02:21 WET [2025/01/06 10:02:21 ET]
Table 'Hyperborea II' 6-max Seat #2 is the button
Seat 4: gudrozd ($110.10 in chips) is sitting out
Seat 2: gig.gyty ($100.50 in chips) 
Seat 3: kingkonk123 ($100 in chips) 
gig.gyty: posts small blind $0.50
kingkonk123: posts big blind $1
*** HOLE CARDS ***
gudrozd leaves the table
gig.gyty: raises $2 to $3
kingkonk123: calls $2
*** FLOP *** [9s 6d Jc]
kingkonk123: checks 
gig.gyty: bets $1.88
Steve18212627 joins the table at seat #5 
Steve18212627 is disconnected 
lovely1966 joins the table at seat #6 
kingkonk123: raises $3.31 to $5.19
gig.gyty: calls $3.31
*** TURN *** [9s 6d Jc] [7d]
kingkonk123: bets $10.89
gig.gyty: calls $10.89
*** RIVER *** [9s 6d Jc 7d] [7h]
Rysiff joins the table at seat #4 
tuxedoko joins the table at seat #1 
tuxedoko is disconnected 
kingkonk123: bets $26.01
gig.gyty: folds 
Uncalled bet ($26.01) returned to kingkonk123
kingkonk123 collected $37.16 from pot
kingkonk123: doesn't show hand 
*** SUMMARY ***
Total pot $38.16 | Rake $1 
Board [9s 6d Jc 7d 7h]
Seat 4: gudrozd
Seat 2: gig.gyty (button) (small blind) folded on the River
Seat 3: kingkonk123 (big blind) collected ($37.16)



PokerStars Hand #254228223897:  Hold'em No Limit ($0.50/$1.00 USD) - 2025/01/06 15:04:04 WET [2025/01/06 10:04:04 ET]
Table 'Hyperborea II' 6-max Seat #2 is the button
Seat 1: tuxedoko ($100 in chips) is sitting out
Seat 5: Steve18212627 ($100 in chips) is sitting out
Seat 2: gig.gyty ($100 in chips) 
Seat 3: kingkonk123 ($118.08 in chips) 
Seat 4: Rysiff ($100 in chips) 
Seat 6: lovely1966 ($10 in chips) 
kingkonk123: posts small blind $0.50
Rysiff: posts big blind $1
Steve18212627: sits out 
lovely1966: posts big blind $1
tuxedoko: sits out 
*** HOLE CARDS ***
lovely1966: checks 
gig.gyty: raises $2.50 to $3.50
kingkonk123: folds 
Rysiff: folds 
lovely1966: folds 
Uncalled bet ($2.50) returned to gig.gyty
gig.gyty collected $3.50 from pot
gig.gyty: doesn't show hand 
*** SUMMARY ***
Total pot $3.50 | Rake $0 
Seat 1: tuxedoko
Seat 5: Steve18212627
Seat 2: gig.gyty (button) collected ($3.50)
Seat 3: kingkonk123 (small blind) folded before Flop
Seat 4: Rysiff (big blind) folded before Flop
Seat 6: lovely1966 folded before Flop (didn't bet)



PokerStars Hand #254228226757:  Hold'em No Limit ($0.50/$1.00 USD) - 2025/01/06 15:04:18 WET [2025/01/06 10:04:18 ET]
Table 'Hyperborea II' 6-max Seat #3 is the button
Seat 1: tuxedoko ($100 in chips) is sitting out
Seat 2: gig.gyty ($102.50 in chips) 
Seat 3: kingkonk123 ($117.58 in chips) 
Seat 4: Rysiff ($100 in chips) 
Seat 5: Steve18212627 ($100 in chips) 
Seat 6: lovely1966 ($9 in chips) 
Rysiff: posts small blind $0.50
Steve18212627: posts big blind $1
tuxedoko: sits out 
*** HOLE CARDS ***
lovely1966: folds 
gig.gyty: raises $1.25 to $2.25
kingkonk123: folds 
Rysiff: folds 
Steve18212627: calls $1.25
*** FLOP *** [8h 3s 6d]
Steve18212627: checks 
gig.gyty: checks 
*** TURN *** [8h 3s 6d] [8d]
Steve18212627: bets $2.38
gig.gyty: folds 
Uncalled bet ($2.38) returned to Steve18212627
Steve18212627 collected $4.75 from pot
*** SUMMARY ***
Total pot $5 | Rake $0.25 
Board [8h 3s 6d 8d]
Seat 1: tuxedoko
Seat 2: gig.gyty folded on the Turn
Seat 3: kingkonk123 (button) folded before Flop (didn't bet)
Seat 4: Rysiff (small blind) folded before Flop
Seat 5: Steve18212627 (big blind) collected ($4.75)
Seat 6: lovely1966 folded before Flop (didn't bet)



PokerStars Hand #254228238536:  Hold'em No Limit ($0.50/$1.00 USD) - 2025/01/06 15:05:11 WET [2025/01/06 10:05:11 ET]
Table 'Hyperborea II' 6-max Seat #4 is the button
Seat 1: tuxedoko ($100 in chips) is sitting out
Seat 2: gig.gyty ($100.25 in chips) 
Seat 3: kingkonk123 ($117.58 in chips) 
Seat 4: Rysiff ($100 in chips) 
Seat 5: Steve18212627 ($102.50 in chips) 
Seat 6: lovely1966 ($9 in chips) 
Steve18212627: posts small blind $0.50
lovely1966: posts big blind $1
tuxedoko: sits out 
*** HOLE CARDS ***
gig.gyty: folds 
kingkonk123: folds 
Rysiff: raises $1.50 to $2.50
Steve18212627: calls $2
lovely1966: folds 
*** FLOP *** [9d 3h Ac]
Steve18212627: checks 
Rysiff: bets $1.88
Steve18212627: folds 
Uncalled bet ($1.88) returned to Rysiff
Rysiff collected $5.70 from pot
Rysiff: doesn't show hand 
*** SUMMARY ***
Total pot $6 | Rake $0.30 
Board [9d 3h Ac]
Seat 1: tuxedoko
Seat 2: gig.gyty folded before Flop (didn't bet)
Seat 3: kingkonk123 folded before Flop (didn't bet)
Seat 4: Rysiff (button) collected ($5.70)
Seat 5: Steve18212627 (small blind) folded on the Flop
Seat 6: lovely1966 (big blind) folded before Flop



PokerStars Hand #254228246444:  Hold'em No Limit ($0.50/$1.00 USD) - 2025/01/06 15:05:47 WET [2025/01/06 10:05:47 ET]
Table 'Hyperborea II' 6-max Seat #5 is the button
Seat 1: tuxedoko ($100 in chips) 
Seat 2: gig.gyty ($100.25 in chips) 
Seat 3: kingkonk123 ($117.58 in chips) 
Seat 4: Rysiff ($103.20 in chips) 
Seat 5: Steve18212627 ($100 in chips) 
Seat 6: lovely1966 ($8 in chips) 
lovely1966: posts small blind $0.50
tuxedoko: posts big blind $1
*** HOLE CARDS ***
gig.gyty: folds 
kingkonk123: folds 
Rysiff: folds 
Steve18212627: folds 
lovely1966: calls $0.50
Rysiff leaves the table
tuxedoko: raises $1 to $2
lovely1966: calls $1
*** FLOP *** [Qd 7c Qc]
lovely1966: checks 
tuxedoko: bets $1
lovely1966: raises $1 to $2
franbasualdo10 joins the table at seat #4 
franbasualdo10 is disconnected 
tuxedoko: calls $1
*** TURN *** [Qd 7c Qc] [2d]
lovely1966: checks 
tuxedoko: bets $2
lovely1966: folds 
Uncalled bet ($2) returned to tuxedoko
tuxedoko collected $7.60 from pot
*** SUMMARY ***
Total pot $8 | Rake $0.40 
Board [Qd 7c Qc 2d]
Seat 1: tuxedoko (big blind) collected ($7.60)
Seat 2: gig.gyty folded before Flop (didn't bet)
Seat 3: kingkonk123 folded before Flop (didn't bet)
Seat 4: Rysiff folded before Flop (didn't bet)
Seat 5: Steve18212627 (button) folded before Flop (didn't bet)
Seat 6: lovely1966 (small blind) folded on the Turn



PokerStars Hand #254228261459:  Hold'em No Limit ($0.50/$1.00 USD) - 2025/01/06 15:06:55 WET [2025/01/06 10:06:55 ET]
Table 'Hyperborea II' 6-max Seat #6 is the button
Seat 1: tuxedoko ($103.60 in chips) 
Seat 2: gig.gyty ($100.25 in chips) 
Seat 3: kingkonk123 ($117.58 in chips) 
Seat 4: franbasualdo10 ($32.22 in chips) 
Seat 5: Steve18212627 ($100 in chips) 
Seat 6: lovely1966 ($13.60 in chips) 
tuxedoko: posts small blind $0.50
gig.gyty: posts big blind $1
franbasualdo10: posts big blind $1
*** HOLE CARDS ***
kingkonk123: folds 
franbasualdo10: checks 
Steve18212627: raises $2 to $3
lovely1966: folds 
tuxedoko: folds 
gig.gyty: folds 
franbasualdo10: folds 
Uncalled bet ($2) returned to Steve18212627
Steve18212627 collected $3.50 from pot
*** SUMMARY ***
Total pot $3.50 | Rake $0 
Seat 1: tuxedoko (small blind) folded before Flop
Seat 2: gig.gyty (big blind) folded before Flop
Seat 3: kingkonk123 folded before Flop (didn't bet)
Seat 4: franbasualdo10 folded before Flop (didn't bet)
Seat 5: Steve18212627 collected ($3.50)
Seat 6: lovely1966 (button) folded before Flop (didn't bet)



PokerStars Hand #254228271102:  Hold'em No Limit ($0.50/$1.00 USD) - 2025/01/06 15:07:38 WET [2025/01/06 10:07:38 ET]
Table 'Hyperborea II' 6-max Seat #1 is the button
Seat 1: tuxedoko ($103.10 in chips) 
Seat 2: gig.gyty ($100 in chips) 
Seat 3: kingkonk123 ($117.58 in chips) 
Seat 4: franbasualdo10 ($31.22 in chips) 
Seat 5: Steve18212627 ($102.50 in chips) 
Seat 6: lovely1966 ($13.60 in chips) 
gig.gyty: posts small blind $0.50
kingkonk123: posts big blind $1
*** HOLE CARDS ***
franbasualdo10: folds 
Steve18212627: raises $2 to $3
lovely1966: folds 
tuxedoko: raises $5.50 to $8.50
gig.gyty: folds 
kingkonk123: folds 
Steve18212627: raises $18.50 to $27
tuxedoko: raises $76.10 to $103.10 and is all-in
Steve18212627: calls $75.50 and is all-in
Uncalled bet ($0.60) returned to tuxedoko
kingkonk123 leaves the table
*** FLOP *** [9c 2s Jd]
*** TURN *** [9c 2s Jd] [3c]
*** RIVER *** [9c 2s Jd 3c] [6d]
*** SHOW DOWN ***
Steve18212627: shows [Kd Ks] (a pair of Kings)
tuxedoko: shows [As Ad] (a pair of Aces)
tuxedoko collected $204 from pot
BGS013 joins the table at seat #3 
*** SUMMARY ***
Total pot $206.50 | Rake $2.50 
Board [9c 2s Jd 3c 6d]
Seat 1: tuxedoko (button) showed [As Ad] and won ($204) with a pair of Aces
Seat 2: gig.gyty (small blind) folded before Flop
Seat 3: kingkonk123 (big blind) folded before Flop
Seat 4: franbasualdo10 folded before Flop (didn't bet)
Seat 5: Steve18212627 showed [Kd Ks] and lost with a pair of Kings
Seat 6: lovely1966 folded before Flop (didn't bet)



PokerStars Hand #254228284402:  Hold'em No Limit ($0.50/$1.00 USD) - 2025/01/06 15:08:40 WET [2025/01/06 10:08:40 ET]
Table 'Hyperborea II' 6-max Seat #2 is the button
Seat 3: BGS013 ($100 in chips) is sitting out
Seat 1: tuxedoko ($204.60 in chips) 
Seat 2: gig.gyty ($100 in chips) 
Seat 4: franbasualdo10 ($31.22 in chips) 
Seat 5: Steve18212627 ($100 in chips) 
Seat 6: lovely1966 ($13.60 in chips) 
franbasualdo10: posts small blind $0.50
Steve18212627: posts big blind $1
*** HOLE CARDS ***
lovely1966: calls $1
tuxedoko: folds 
gig.gyty: folds 
franbasualdo10: folds 
Steve18212627: checks 
*** FLOP *** [6h 7c 6d]
Steve18212627: checks 
lovely1966: checks 
*** TURN *** [6h 7c 6d] [Qc]
Steve18212627: checks 
lovely1966: checks 
*** RIVER *** [6h 7c 6d Qc] [Ah]
Steve18212627: checks 
lovely1966: checks 
*** SHOW DOWN ***
Steve18212627: shows [5s Td] (a pair of Sixes)
lovely1966: shows [Kc Js] (a pair of Sixes - Ace+King kicker)
lovely1966 collected $2.38 from pot
*** SUMMARY ***
Total pot $2.50 | Rake $0.12 
Board [6h 7c 6d Qc Ah]
Seat 3: BGS013
Seat 1: tuxedoko folded before Flop (didn't bet)
Seat 2: gig.gyty (button) folded before Flop (didn't bet)
Seat 4: franbasualdo10 (small blind) folded before Flop
Seat 5: Steve18212627 (big blind) showed [5s Td] and lost with a pair of Sixes
Seat 6: lovely1966 showed [Kc Js] and won ($2.38) with a pair of Sixes



PokerStars Hand #254228301963:  Hold'em No Limit ($0.50/$1.00 USD) - 2025/01/06 15:10:01 WET [2025/01/06 10:10:01 ET]
Table 'Hyperborea II' 6-max Seat #4 is the button
Seat 3: BGS013 ($100 in chips) is sitting out
Seat 1: tuxedoko ($204.60 in chips) 
Seat 2: gig.gyty ($100 in chips) 
Seat 4: franbasualdo10 ($30.72 in chips) 
Seat 5: Steve18212627 ($100 in chips) 
Seat 6: lovely1966 ($14.98 in chips) 
Steve18212627: posts small blind $0.50
lovely1966: posts big blind $1
BGS013: sits out 
*** HOLE CARDS ***
tuxedoko: folds 
gig.gyty: folds 
franbasualdo10: raises $2 to $3
Steve18212627: folds 
lovely1966: folds 
Uncalled bet ($2) returned to franbasualdo10
franbasualdo10 collected $2.50 from pot
*** SUMMARY ***
Total pot $2.50 | Rake $0 
Seat 3: BGS013
Seat 1: tuxedoko folded before Flop (didn't bet)
Seat 2: gig.gyty folded before Flop (didn't bet)
Seat 4: franbasualdo10 (button) collected ($2.50)
Seat 5: Steve18212627 (small blind) folded before Flop
Seat 6: lovely1966 (big blind) folded before Flop



PokerStars Hand #254228305441:  Hold'em No Limit ($0.50/$1.00 USD) - 2025/01/06 15:10:17 WET [2025/01/06 10:10:17 ET]
Table 'Hyperborea II' 6-max Seat #5 is the button
Seat 3: BGS013 ($100 in chips) is sitting out
Seat 1: tuxedoko ($204.60 in chips) 
Seat 2: gig.gyty ($100 in chips) 
Seat 4: franbasualdo10 ($32.22 in chips) 
Seat 5: Steve18212627 ($100 in chips) 
Seat 6: lovely1966 ($13.98 in chips) 
lovely1966: posts small blind $0.50
tuxedoko: posts big blind $1
BGS013: sits out 
*** HOLE CARDS ***
gig.gyty: folds 
franbasualdo10: folds 
Steve18212627: folds 
lovely1966: folds 
Uncalled bet ($0.50) returned to tuxedoko
tuxedoko collected $1 from pot
*** SUMMARY ***
Total pot $1 | Rake $0 
Seat 3: BGS013
Seat 1: tuxedoko (big blind) collected ($1)
Seat 2: gig.gyty folded before Flop (didn't bet)
Seat 4: franbasualdo10 folded before Flop (didn't bet)
Seat 5: Steve18212627 (button) folded before Flop (didn't bet)
Seat 6: lovely1966 (small blind) folded before Flop



PokerStars Hand #254228308397:  Hold'em No Limit ($0.50/$1.00 USD) - 2025/01/06 15:10:30 WET [2025/01/06 10:10:30 ET]
Table 'Hyperborea II' 6-max Seat #6 is the button
Seat 3: BGS013 ($100 in chips) is sitting out
Seat 1: tuxedoko ($205.10 in chips) 
Seat 2: gig.gyty ($100 in chips) 
Seat 4: franbasualdo10 ($32.22 in chips) 
Seat 5: Steve18212627 ($100 in chips) 
Seat 6: lovely1966 ($13.48 in chips) 
tuxedoko: posts small blind $0.50
gig.gyty: posts big blind $1
BGS013: sits out 
*** HOLE CARDS ***
franbasualdo10: calls $1
Steve18212627: folds 
lovely1966: folds 
tuxedoko: raises $2 to $3
gig.gyty: folds 
franbasualdo10: calls $2
*** FLOP *** [4h 2s 3s]
tuxedoko: bets $4.33
franbasualdo10: folds 
Uncalled bet ($4.33) returned to tuxedoko
tuxedoko collected $6.65 from pot
*** SUMMARY ***
Total pot $7 | Rake $0.35 
Board [4h 2s 3s]
Seat 3: BGS013
Seat 1: tuxedoko (small blind) collected ($6.65)
Seat 2: gig.gyty (big blind) folded before Flop
Seat 4: franbasualdo10 folded on the Flop
Seat 5: Steve18212627 folded before Flop (didn't bet)
Seat 6: lovely1966 (button) folded before Flop (didn't bet)



PokerStars Hand #254228320967:  Hold'em No Limit ($0.50/$1.00 USD) - 2025/01/06 15:11:26 WET [2025/01/06 10:11:26 ET]
Table 'Hyperborea II' 6-max Seat #1 is the button
Seat 1: tuxedoko ($208.75 in chips) 
Seat 2: gig.gyty ($100 in chips) 
Seat 3: BGS013 ($100 in chips) 
Seat 4: franbasualdo10 ($29.22 in chips) 
Seat 5: Steve18212627 ($100 in chips) 
Seat 6: lovely1966 ($13.48 in chips) 
gig.gyty: posts small blind $0.50
BGS013: posts big blind $1
*** HOLE CARDS ***
franbasualdo10: folds 
Steve18212627: folds 
lovely1966: folds 
tuxedoko: raises $2 to $3
gig.gyty: raises $9 to $12
BGS013: folds 
tuxedoko: folds 
Uncalled bet ($9) returned to gig.gyty
gig.gyty collected $7 from pot
gig.gyty: doesn't show hand 
*** SUMMARY ***
Total pot $7 | Rake $0 
Seat 1: tuxedoko (button) folded before Flop
Seat 2: gig.gyty (small blind) collected ($7)
Seat 3: BGS013 (big blind) folded before Flop
Seat 4: franbasualdo10 folded before Flop (didn't bet)
Seat 5: Steve18212627 folded before Flop (didn't bet)
Seat 6: lovely1966 folded before Flop (didn't bet)



PokerStars Hand #254228328668:  Hold'em No Limit ($0.50/$1.00 USD) - 2025/01/06 15:12:01 WET [2025/01/06 10:12:01 ET]
Table 'Hyperborea II' 6-max Seat #2 is the button
Seat 1: tuxedoko ($205.75 in chips) 
Seat 2: gig.gyty ($104 in chips) 
Seat 3: BGS013 ($100 in chips) 
Seat 4: franbasualdo10 ($29.22 in chips) 
Seat 5: Steve18212627 ($100 in chips) 
Seat 6: lovely1966 ($13.48 in chips) 
BGS013: posts small blind $0.50
franbasualdo10: posts big blind $1
*** HOLE CARDS ***
Steve18212627: raises $2 to $3
lovely1966: calls $3
tuxedoko: folds 
gig.gyty: raises $9 to $12
BGS013: folds 
franbasualdo10: folds 
Steve18212627: calls $9
lovely1966: folds 
*** FLOP *** [7d 7c 8h]
Steve18212627: checks 
gig.gyty: bets $8.94
Steve18212627: calls $8.94
*** TURN *** [7d 7c 8h] [Jh]
Steve18212627: checks 
gig.gyty: bets $22.03
Steve18212627: folds 
Uncalled bet ($22.03) returned to gig.gyty
gig.gyty collected $44.06 from pot
gig.gyty: doesn't show hand 
*** SUMMARY ***
Total pot $46.38 | Rake $2.32 
Board [7d 7c 8h Jh]
Seat 1: tuxedoko folded before Flop (didn't bet)
Seat 2: gig.gyty (button) collected ($44.06)
Seat 3: BGS013 (small blind) folded before Flop
Seat 4: franbasualdo10 (big blind) folded before Flop
Seat 5: Steve18212627 folded on the Turn
Seat 6: lovely1966 folded before Flop



PokerStars Hand #254228410116:  Hold'em No Limit ($0.50/$1.00 USD) - 2025/01/06 15:17:56 WET [2025/01/06 10:17:56 ET]
Table 'Hyperborea II' 6-max Seat #4 is the button
Seat 2: Diamondplaces ($76.95 in chips) is sitting out
Seat 1: tuxedoko ($201.72 in chips) 
Seat 3: BGS013 ($110.41 in chips) 
Seat 4: franbasualdo10 ($29.87 in chips) 
Seat 5: Steve18212627 ($100 in chips) 
Seat 6: lovely1966 ($7.60 in chips) 
Steve18212627: posts small blind $0.50
lovely1966: posts big blind $1
Diamondplaces: sits out 
*** HOLE CARDS ***
tuxedoko: folds 
BGS013: raises $1.50 to $2.50
franbasualdo10: calls $2.50
Steve18212627: calls $2
lovely1966: folds 
*** FLOP *** [As 5s 5h]
Steve18212627: checks 
BGS013: checks 
franbasualdo10: checks 
*** TURN *** [As 5s 5h] [Jd]
Steve18212627: checks 
BGS013: checks 
franbasualdo10: bets $3
Steve18212627: calls $3
BGS013: folds 
*** RIVER *** [As 5s 5h Jd] [Th]
Steve18212627: checks 
franbasualdo10: checks 
*** SHOW DOWN ***
Steve18212627: shows [4s 3s] (a pair of Fives)
franbasualdo10: shows [Kd Jc] (two pair, Jacks and Fives)
franbasualdo10 collected $13.78 from pot
*** SUMMARY ***
Total pot $14.50 | Rake $0.72 
Board [As 5s 5h Jd Th]
Seat 2: Diamondplaces
Seat 1: tuxedoko folded before Flop (didn't bet)
Seat 3: BGS013 folded on the Turn
Seat 4: franbasualdo10 (button) showed [Kd Jc] and won ($13.78) with two pair, Jacks and Fives
Seat 5: Steve18212627 (small blind) showed [4s 3s] and lost with a pair of Fives
Seat 6: lovely1966 (big blind) folded before Flop



PokerStars Hand #254228427660:  Hold'em No Limit ($0.50/$1.00 USD) - 2025/01/06 15:19:10 WET [2025/01/06 10:19:10 ET]
Table 'Hyperborea II' 6-max Seat #5 is the button
Seat 2: Diamondplaces ($76.95 in chips) is sitting out
Seat 1: tuxedoko ($201.72 in chips) 
Seat 3: BGS013 ($107.91 in chips) 
Seat 4: franbasualdo10 ($38.15 in chips) 
Seat 5: Steve18212627 ($100 in chips) 
Seat 6: lovely1966 ($6.60 in chips) 
lovely1966: posts small blind $0.50
tuxedoko: posts big blind $1
Diamondplaces: sits out 
*** HOLE CARDS ***
BGS013: folds 
franbasualdo10: folds 
Steve18212627: raises $2 to $3
lovely1966: folds 
tuxedoko: folds 
Uncalled bet ($2) returned to Steve18212627
Steve18212627 collected $2.50 from pot
*** SUMMARY ***
Total pot $2.50 | Rake $0 
Seat 2: Diamondplaces
Seat 1: tuxedoko (big blind) folded before Flop
Seat 3: BGS013 folded before Flop (didn't bet)
Seat 4: franbasualdo10 folded before Flop (didn't bet)
Seat 5: Steve18212627 (button) collected ($2.50)
Seat 6: lovely1966 (small blind) folded before Flop



PokerStars Hand #254228434309:  Hold'em No Limit ($0.50/$1.00 USD) - 2025/01/06 15:19:38 WET [2025/01/06 10:19:38 ET]
Table 'Hyperborea II' 6-max Seat #6 is the button
Seat 1: tuxedoko ($200.72 in chips) 
Seat 2: Diamondplaces ($76.95 in chips) 
Seat 3: BGS013 ($107.91 in chips) 
Seat 4: franbasualdo10 ($38.15 in chips) 
Seat 5: Steve18212627 ($101.50 in chips) 
Seat 6: lovely1966 ($6.10 in chips) 
tuxedoko: posts small blind $0.50
Diamondplaces: posts big blind $1
*** HOLE CARDS ***
BGS013: folds 
franbasualdo10: folds 
Steve18212627: folds 
lovely1966: folds 
tuxedoko: folds 
Uncalled bet ($0.50) returned to Diamondplaces
Diamondplaces collected $1 from pot
*** SUMMARY ***
Total pot $1 | Rake $0 
Seat 1: tuxedoko (small blind) folded before Flop
Seat 2: Diamondplaces (big blind) collected ($1)
Seat 3: BGS013 folded before Flop (didn't bet)
Seat 4: franbasualdo10 folded before Flop (didn't bet)
Seat 5: Steve18212627 folded before Flop (didn't bet)
Seat 6: lovely1966 (button) folded before Flop (didn't bet)



PokerStars Hand #254228438215:  Hold'em No Limit ($0.50/$1.00 USD) - 2025/01/06 15:19:55 WET [2025/01/06 10:19:55 ET]
Table 'Hyperborea II' 6-max Seat #1 is the button
Seat 1: tuxedoko ($200.22 in chips) 
Seat 2: Diamondplaces ($77.45 in chips) 
Seat 3: BGS013 ($107.91 in chips) 
Seat 4: franbasualdo10 ($38.15 in chips) 
Seat 5: Steve18212627 ($101.50 in chips) 
Seat 6: lovely1966 ($6.10 in chips) 
Diamondplaces: posts small blind $0.50
BGS013: posts big blind $1
*** HOLE CARDS ***
franbasualdo10: folds 
Steve18212627: folds 
lovely1966: folds 
tuxedoko: folds 
Diamondplaces: folds 
Uncalled bet ($0.50) returned to BGS013
BGS013 collected $1 from pot
BGS013: doesn't show hand 
*** SUMMARY ***
Total pot $1 | Rake $0 
Seat 1: tuxedoko (button) folded before Flop (didn't bet)
Seat 2: Diamondplaces (small blind) folded before Flop
Seat 3: BGS013 (big blind) collected ($1)
Seat 4: franbasualdo10 folded before Flop (didn't bet)
Seat 5: Steve18212627 folded before Flop (didn't bet)
Seat 6: lovely1966 folded before Flop (didn't bet)



PokerStars Hand #254228441700:  Hold'em No Limit ($0.50/$1.00 USD) - 2025/01/06 15:20:09 WET [2025/01/06 10:20:09 ET]
Table 'Hyperborea II' 6-max Seat #2 is the button
Seat 1: tuxedoko ($200.22 in chips) 
Seat 2: Diamondplaces ($76.95 in chips) 
Seat 3: BGS013 ($108.41 in chips) 
Seat 4: franbasualdo10 ($38.15 in chips) 
Seat 5: Steve18212627 ($101.50 in chips) 
Seat 6: lovely1966 ($6.10 in chips) 
BGS013: posts small blind $0.50
franbasualdo10: posts big blind $1
*** HOLE CARDS ***
Steve18212627: folds 
lovely1966: calls $1
tuxedoko: raises $3.50 to $4.50
Diamondplaces: calls $4.50
BGS013: folds 
franbasualdo10: folds 
lovely1966: folds 
*** FLOP *** [Kc 6d 3s]
lovely1966 leaves the table
tuxedoko: bets $3.46
Diamondplaces: raises $3.46 to $6.92
tuxedoko: calls $3.46
*** TURN *** [Kc 6d 3s] [9d]
tuxedoko: checks 
Diamondplaces: checks 
*** RIVER *** [Kc 6d 3s 9d] [4h]
ChuckNorrisQ joins the table at seat #6 
tuxedoko: bets $15.04
Diamondplaces: calls $15.04
*** SHOW DOWN ***
tuxedoko: shows [Th Ks] (a pair of Kings)
Diamondplaces: shows [Qc Kh] (a pair of Kings - Queen kicker)
Diamondplaces collected $52.92 from pot
*** SUMMARY ***
Total pot $55.42 | Rake $2.50 
Board [Kc 6d 3s 9d 4h]
Seat 1: tuxedoko showed [Th Ks] and lost with a pair of Kings
Seat 2: Diamondplaces (button) showed [Qc Kh] and won ($52.92) with a pair of Kings
Seat 3: BGS013 (small blind) folded before Flop
Seat 4: franbasualdo10 (big blind) folded before Flop
Seat 5: Steve18212627 folded before Flop (didn't bet)
Seat 6: lovely1966 folded before Flop



PokerStars Hand #254228461681:  Hold'em No Limit ($0.50/$1.00 USD) - 2025/01/06 15:21:33 WET [2025/01/06 10:21:33 ET]
Table 'Hyperborea II' 6-max Seat #3 is the button
Seat 6: ChuckNorrisQ ($100 in chips) is sitting out
Seat 1: tuxedoko ($173.76 in chips) 
Seat 2: Diamondplaces ($103.41 in chips) 
Seat 3: BGS013 ($107.91 in chips) 
Seat 4: franbasualdo10 ($37.15 in chips) 
Seat 5: Steve18212627 ($101.50 in chips) 
franbasualdo10: posts small blind $0.50
Steve18212627: posts big blind $1
ChuckNorrisQ: sits out 
*** HOLE CARDS ***
tuxedoko: folds 
Diamondplaces: folds 
Diamondplaces leaves the table
BGS013: folds 
franbasualdo10: folds 
Uncalled bet ($0.50) returned to Steve18212627
Steve18212627 collected $1 from pot
*** SUMMARY ***
Total pot $1 | Rake $0 
Seat 6: ChuckNorrisQ
Seat 1: tuxedoko folded before Flop (didn't bet)
Seat 2: Diamondplaces folded before Flop (didn't bet)
Seat 3: BGS013 (button) folded before Flop (didn't bet)
Seat 4: franbasualdo10 (small blind) folded before Flop
Seat 5: Steve18212627 (big blind) collected ($1)



PokerStars Hand #254228470003:  Hold'em No Limit ($0.50/$1.00 USD) - 2025/01/06 15:22:08 WET [2025/01/06 10:22:08 ET]
Table 'Hyperborea II' 6-max Seat #4 is the button
Seat 1: tuxedoko ($173.76 in chips) 
Seat 3: BGS013 ($107.91 in chips) 
Seat 4: franbasualdo10 ($36.65 in chips) 
Seat 5: Steve18212627 ($102 in chips) 
Seat 6: ChuckNorrisQ ($100 in chips) 
Steve18212627: posts small blind $0.50
ChuckNorrisQ: posts big blind $1
*** HOLE CARDS ***
tuxedoko: folds 
BGS013: raises $1.50 to $2.50
franbasualdo10: folds 
Steve18212627: folds 
camilinho UC joins the table at seat #2 
camilinho UC is disconnected 
ChuckNorrisQ: raises $9.50 to $12
BGS013: calls $9.50
*** FLOP *** [Ad Jd Qs]
ChuckNorrisQ: bets $7.68
BGS013: folds 
Uncalled bet ($7.68) returned to ChuckNorrisQ
ChuckNorrisQ collected $23.28 from pot
ChuckNorrisQ: doesn't show hand 
*** SUMMARY ***
Total pot $24.50 | Rake $1.22 
Board [Ad Jd Qs]
Seat 1: tuxedoko folded before Flop (didn't bet)
Seat 3: BGS013 folded on the Flop
Seat 4: franbasualdo10 (button) folded before Flop (didn't bet)
Seat 5: Steve18212627 (small blind) folded before Flop
Seat 6: ChuckNorrisQ (big blind) collected ($23.28)



PokerStars Hand #254228481743:  Hold'em No Limit ($0.50/$1.00 USD) - 2025/01/06 15:22:57 WET [2025/01/06 10:22:57 ET]
Table 'Hyperborea II' 6-max Seat #5 is the button
Seat 2: camilinho UC ($15.98 in chips) is sitting out
Seat 1: tuxedoko ($173.76 in chips) 
Seat 3: BGS013 ($100 in chips) 
Seat 4: franbasualdo10 ($36.65 in chips) 
Seat 5: Steve18212627 ($101.50 in chips) 
Seat 6: ChuckNorrisQ ($111.28 in chips) 
ChuckNorrisQ: posts small blind $0.50
tuxedoko: posts big blind $1
camilinho UC: sits out 
*** HOLE CARDS ***
BGS013: folds 
franbasualdo10: folds 
Steve18212627: folds 
ChuckNorrisQ: folds 
Uncalled bet ($0.50) returned to tuxedoko
camilinho UC leaves the table
tuxedoko collected $1 from pot
*** SUMMARY ***
Total pot $1 | Rake $0 
Seat 2: camilinho UC
Seat 1: tuxedoko (big blind) collected ($1)
Seat 3: BGS013 folded before Flop (didn't bet)
Seat 4: franbasualdo10 folded before Flop (didn't bet)
Seat 5: Steve18212627 (button) folded before Flop (didn't bet)
Seat 6: ChuckNorrisQ (small blind) folded before Flop



PokerStars Hand #254228486298:  Hold'em No Limit ($0.50/$1.00 USD) - 2025/01/06 15:23:16 WET [2025/01/06 10:23:16 ET]
Table 'Hyperborea II' 6-max Seat #6 is the button
Seat 1: tuxedoko ($174.26 in chips) 
Seat 3: BGS013 ($100 in chips) 
Seat 4: franbasualdo10 ($36.65 in chips) 
Seat 5: Steve18212627 ($101.50 in chips) 
Seat 6: ChuckNorrisQ ($110.78 in chips) 
tuxedoko: posts small blind $0.50
BGS013: posts big blind $1
*** HOLE CARDS ***
franbasualdo10: calls $1
Steve18212627: raises $2 to $3
ChuckNorrisQ: calls $3
tuxedoko: folds 
BGS013: folds 
franbasualdo10: calls $2
*** FLOP *** [7h Jd 6d]
franbasualdo10: checks 
Steve18212627: bets $4.99
ChuckNorrisQ: folds 
franbasualdo10: calls $4.99
*** TURN *** [7h Jd 6d] [Jh]
franbasualdo10: checks 
Steve18212627: bets $9.73
franbasualdo10: calls $9.73
*** RIVER *** [7h Jd 6d Jh] [6c]
franbasualdo10: bets $18.93 and is all-in
IcanDodgeYou joins the table at seat #2 
IcanDodgeYou is disconnected 
Steve18212627 has timed out
Steve18212627: folds 
Uncalled bet ($18.93) returned to franbasualdo10
franbasualdo10 collected $37.94 from pot
*** SUMMARY ***
Total pot $39.94 | Rake $2 
Board [7h Jd 6d Jh 6c]
Seat 1: tuxedoko (small blind) folded before Flop
Seat 3: BGS013 (big blind) folded before Flop
Seat 4: franbasualdo10 collected ($37.94)
Seat 5: Steve18212627 folded on the River
Seat 6: ChuckNorrisQ (button) folded on the Flop



PokerStars Hand #254228523169:  Hold'em No Limit ($0.50/$1.00 USD) - 2025/01/06 15:25:51 WET [2025/01/06 10:25:51 ET]
Table 'Hyperborea II' 6-max Seat #1 is the button
Seat 2: IcanDodgeYou ($21 in chips) is sitting out
Seat 5: Steve18212627 ($100 in chips) is sitting out
Seat 1: tuxedoko ($173.76 in chips) 
Seat 3: BGS013 ($100 in chips) 
Seat 4: franbasualdo10 ($56.87 in chips) 
Seat 6: ChuckNorrisQ ($107.78 in chips) 
BGS013: posts small blind $0.50
franbasualdo10: posts big blind $1
*** HOLE CARDS ***
ChuckNorrisQ: folds 
tuxedoko: raises $2 to $3
BGS013: folds 
franbasualdo10: raises $2 to $5
tuxedoko: calls $2
*** FLOP *** [2s Qs 8d]
franbasualdo10: bets $5
tuxedoko: calls $5
*** TURN *** [2s Qs 8d] [3h]
franbasualdo10: bets $5
tuxedoko: calls $5
*** RIVER *** [2s Qs 8d 3h] [Ts]
franbasualdo10: bets $7
tuxedoko: folds 
Uncalled bet ($7) returned to franbasualdo10
franbasualdo10 collected $29.50 from pot
*** SUMMARY ***
Total pot $30.50 | Rake $1 
Board [2s Qs 8d 3h Ts]
Seat 2: IcanDodgeYou
Seat 5: Steve18212627
Seat 1: tuxedoko (button) folded on the River
Seat 3: BGS013 (small blind) folded before Flop
Seat 4: franbasualdo10 (big blind) collected ($29.50)
Seat 6: ChuckNorrisQ folded before Flop (didn't bet)



PokerStars Hand #254228541526:  Hold'em No Limit ($0.50/$1.00 USD) - 2025/01/06 15:27:09 WET [2025/01/06 10:27:09 ET]
Table 'Hyperborea II' 6-max Seat #3 is the button
Seat 1: tuxedoko ($158.76 in chips) 
Seat 2: IcanDodgeYou ($21 in chips) 
Seat 3: BGS013 ($100 in chips) 
Seat 4: franbasualdo10 ($71.37 in chips) 
Seat 5: Steve18212627 ($100 in chips) 
Seat 6: ChuckNorrisQ ($107.78 in chips) 
franbasualdo10: posts small blind $0.50
Steve18212627: posts big blind $1
IcanDodgeYou: posts big blind $1
*** HOLE CARDS ***
ChuckNorrisQ: raises $2 to $3
tuxedoko: calls $3
IcanDodgeYou: calls $2
BGS013: folds 
franbasualdo10: folds 
Steve18212627: folds 
*** FLOP *** [4h Kd Qh]
ChuckNorrisQ: checks 
tuxedoko: checks 
IcanDodgeYou: checks 
*** TURN *** [4h Kd Qh] [Ts]
ChuckNorrisQ: checks 
tuxedoko: checks 
IcanDodgeYou: checks 
*** RIVER *** [4h Kd Qh Ts] [Td]
ChuckNorrisQ: bets $3.29
tuxedoko: folds 
IcanDodgeYou: folds 
Uncalled bet ($3.29) returned to ChuckNorrisQ
ChuckNorrisQ collected $9.98 from pot
ChuckNorrisQ: doesn't show hand 
*** SUMMARY ***
Total pot $10.50 | Rake $0.52 
Board [4h Kd Qh Ts Td]
Seat 1: tuxedoko folded on the River
Seat 2: IcanDodgeYou folded on the River
Seat 3: BGS013 (button) folded before Flop (didn't bet)
Seat 4: franbasualdo10 (small blind) folded before Flop
Seat 5: Steve18212627 (big blind) folded before Flop
Seat 6: ChuckNorrisQ collected ($9.98)



PokerStars Hand #254228551931:  Hold'em No Limit ($0.50/$1.00 USD) - 2025/01/06 15:27:53 WET [2025/01/06 10:27:53 ET]
Table 'Hyperborea II' 6-max Seat #4 is the button
Seat 1: tuxedoko ($155.76 in chips) 
Seat 2: IcanDodgeYou ($18 in chips) 
Seat 3: BGS013 ($100 in chips) 
Seat 4: franbasualdo10 ($70.87 in chips) 
Seat 5: Steve18212627 ($100 in chips) 
Seat 6: ChuckNorrisQ ($114.76 in chips) 
Steve18212627: posts small blind $0.50
ChuckNorrisQ: posts big blind $1
*** HOLE CARDS ***
tuxedoko has timed out
tuxedoko: folds 
IcanDodgeYou: folds 
BGS013: folds 
franbasualdo10: folds 
Steve18212627: raises $2 to $3
ChuckNorrisQ: calls $2
*** FLOP *** [8h Qh Kh]
tuxedoko is disconnected 
Steve18212627: bets $5.70
ChuckNorrisQ: folds 
Uncalled bet ($5.70) returned to Steve18212627
Steve18212627 collected $5.70 from pot
*** SUMMARY ***
Total pot $6 | Rake $0.30 
Board [8h Qh Kh]
Seat 1: tuxedoko folded before Flop (didn't bet)
Seat 2: IcanDodgeYou folded before Flop (didn't bet)
Seat 3: BGS013 folded before Flop (didn't bet)
Seat 4: franbasualdo10 (button) folded before Flop (didn't bet)
Seat 5: Steve18212627 (small blind) collected ($5.70)
Seat 6: ChuckNorrisQ (big blind) folded on the Flop



PokerStars Hand #254228563597:  Hold'em No Limit ($0.50/$1.00 USD) - 2025/01/06 15:28:42 WET [2025/01/06 10:28:42 ET]
Table 'Hyperborea II' 6-max Seat #5 is the button
Seat 1: tuxedoko ($155.76 in chips) is sitting out
Seat 2: IcanDodgeYou ($18 in chips) 
Seat 3: BGS013 ($100 in chips) 
Seat 4: franbasualdo10 ($70.87 in chips) 
Seat 5: Steve18212627 ($102.70 in chips) 
Seat 6: ChuckNorrisQ ($111.76 in chips) 
ChuckNorrisQ: posts small blind $0.50
IcanDodgeYou: posts big blind $1
*** HOLE CARDS ***
BGS013: folds 
franbasualdo10: raises $3 to $4
Steve18212627: folds 
ChuckNorrisQ: folds 
IcanDodgeYou: folds 
Uncalled bet ($3) returned to franbasualdo10
franbasualdo10 collected $2.50 from pot
*** SUMMARY ***
Total pot $2.50 | Rake $0 
Seat 1: tuxedoko
Seat 2: IcanDodgeYou (big blind) folded before Flop
Seat 3: BGS013 folded before Flop (didn't bet)
Seat 4: franbasualdo10 collected ($2.50)
Seat 5: Steve18212627 (button) folded before Flop (didn't bet)
Seat 6: ChuckNorrisQ (small blind) folded before Flop



PokerStars Hand #254228567774:  Hold'em No Limit ($0.50/$1.00 USD) - 2025/01/06 15:28:59 WET [2025/01/06 10:28:59 ET]
Table 'Hyperborea II' 6-max Seat #6 is the button
Seat 1: tuxedoko ($155.76 in chips) is sitting out
Seat 2: IcanDodgeYou ($17 in chips) 
Seat 3: BGS013 ($100 in chips) 
Seat 4: franbasualdo10 ($72.37 in chips) 
Seat 5: Steve18212627 ($102.70 in chips) 
Seat 6: ChuckNorrisQ ($111.26 in chips) 
IcanDodgeYou: posts small blind $0.50
BGS013: posts big blind $1
*** HOLE CARDS ***
franbasualdo10: folds 
Steve18212627: raises $2 to $3
ChuckNorrisQ: folds 
IcanDodgeYou: calls $2.50
BGS013: folds 
*** FLOP *** [3s 6c 6d]
IcanDodgeYou: checks 
Steve18212627: checks 
*** TURN *** [3s 6c 6d] [7d]
IcanDodgeYou: bets $2
Steve18212627: calls $2
*** RIVER *** [3s 6c 6d 7d] [Qc]
IcanDodgeYou: bets $2
Steve18212627: folds 
Uncalled bet ($2) returned to IcanDodgeYou
IcanDodgeYou collected $10.45 from pot
IcanDodgeYou: doesn't show hand 
*** SUMMARY ***
Total pot $11 | Rake $0.55 
Board [3s 6c 6d 7d Qc]
Seat 1: tuxedoko
Seat 2: IcanDodgeYou (small blind) collected ($10.45)
Seat 3: BGS013 (big blind) folded before Flop
Seat 4: franbasualdo10 folded before Flop (didn't bet)
Seat 5: Steve18212627 folded on the River
Seat 6: ChuckNorrisQ (button) folded before Flop (didn't bet)



PokerStars Hand #254228581015:  Hold'em No Limit ($0.50/$1.00 USD) - 2025/01/06 15:29:55 WET [2025/01/06 10:29:55 ET]
Table 'Hyperborea II' 6-max Seat #2 is the button
Seat 4: franbasualdo10 ($72.37 in chips) is sitting out
Seat 1: tuxedoko ($155.76 in chips) 
Seat 2: IcanDodgeYou ($22.45 in chips) 
Seat 3: BGS013 ($100 in chips) 
Seat 5: Steve18212627 ($100 in chips) 
Seat 6: ChuckNorrisQ ($111.26 in chips) 
BGS013: posts small blind $0.50
Steve18212627: posts big blind $1
tuxedoko: posts small & big blinds $1.50
*** HOLE CARDS ***
ChuckNorrisQ: folds 
tuxedoko: checks 
IcanDodgeYou: folds 
BGS013: folds 
Steve18212627: raises $3 to $4
tuxedoko: folds 
Uncalled bet ($3) returned to Steve18212627
Steve18212627 collected $3 from pot
*** SUMMARY ***
Total pot $3 | Rake $0 
Seat 4: franbasualdo10
Seat 1: tuxedoko folded before Flop (didn't bet)
Seat 2: IcanDodgeYou (button) folded before Flop (didn't bet)
Seat 3: BGS013 (small blind) folded before Flop
Seat 5: Steve18212627 (big blind) collected ($3)
Seat 6: ChuckNorrisQ folded before Flop (didn't bet)



PokerStars Hand #254228588498:  Hold'em No Limit ($0.50/$1.00 USD) - 2025/01/06 15:30:26 WET [2025/01/06 10:30:26 ET]
Table 'Hyperborea II' 6-max Seat #3 is the button
Seat 4: franbasualdo10 ($72.37 in chips) is sitting out
Seat 1: tuxedoko ($154.26 in chips) 
Seat 2: IcanDodgeYou ($22.45 in chips) 
Seat 3: BGS013 ($100 in chips) 
Seat 5: Steve18212627 ($102 in chips) 
Seat 6: ChuckNorrisQ ($111.26 in chips) 
Steve18212627: posts small blind $0.50
ChuckNorrisQ: posts big blind $1
*** HOLE CARDS ***
tuxedoko: folds 
IcanDodgeYou: raises $1 to $2
BGS013: folds 
Steve18212627: folds 
ChuckNorrisQ: calls $1
*** FLOP *** [6d 6h 5h]
ChuckNorrisQ: checks 
IcanDodgeYou: checks 
*** TURN *** [6d 6h 5h] [7d]
ChuckNorrisQ: bets $2
IcanDodgeYou: calls $2
*** RIVER *** [6d 6h 5h 7d] [7c]
ChuckNorrisQ: bets $107.26 and is all-in
IcanDodgeYou: folds 
Uncalled bet ($107.26) returned to ChuckNorrisQ
ChuckNorrisQ collected $8.08 from pot
ChuckNorrisQ: doesn't show hand 
*** SUMMARY ***
Total pot $8.50 | Rake $0.42 
Board [6d 6h 5h 7d 7c]
Seat 4: franbasualdo10
Seat 1: tuxedoko folded before Flop (didn't bet)
Seat 2: IcanDodgeYou folded on the River
Seat 3: BGS013 (button) folded before Flop (didn't bet)
Seat 5: Steve18212627 (small blind) folded before Flop
Seat 6: ChuckNorrisQ (big blind) collected ($8.08)



PokerStars Hand #254228599666:  Hold'em No Limit ($0.50/$1.00 USD) - 2025/01/06 15:31:12 WET [2025/01/06 10:31:12 ET]
Table 'Hyperborea II' 6-max Seat #5 is the button
Seat 1: tuxedoko ($154.26 in chips) is sitting out
Seat 4: franbasualdo10 ($72.37 in chips) is sitting out
Seat 2: IcanDodgeYou ($18.45 in chips) 
Seat 3: BGS013 ($100 in chips) 
Seat 5: Steve18212627 ($101.50 in chips) 
Seat 6: ChuckNorrisQ ($115.34 in chips) 
ChuckNorrisQ: posts small blind $0.50
tuxedoko has timed out
tuxedoko: is sitting out 
IcanDodgeYou: posts big blind $1
*** HOLE CARDS ***
BGS013: folds 
Steve18212627: folds 
ChuckNorrisQ: calls $0.50
IcanDodgeYou: checks 
*** FLOP *** [8s Jh 4c]
tuxedoko is disconnected 
ChuckNorrisQ: bets $1
IcanDodgeYou: folds 
Uncalled bet ($1) returned to ChuckNorrisQ
ChuckNorrisQ collected $1.90 from pot
ChuckNorrisQ: doesn't show hand 
*** SUMMARY ***
Total pot $2 | Rake $0.10 
Board [8s Jh 4c]
Seat 1: tuxedoko
Seat 4: franbasualdo10
Seat 2: IcanDodgeYou (big blind) folded on the Flop
Seat 3: BGS013 folded before Flop (didn't bet)
Seat 5: Steve18212627 (button) folded before Flop (didn't bet)
Seat 6: ChuckNorrisQ (small blind) collected ($1.90)



PokerStars Hand #254228606541:  Hold'em No Limit ($0.50/$1.00 USD) - 2025/01/06 15:31:40 WET [2025/01/06 10:31:40 ET]
Table 'Hyperborea II' 6-max Seat #6 is the button
Seat 1: tuxedoko ($154.26 in chips) is sitting out
Seat 4: franbasualdo10 ($72.37 in chips) is sitting out
Seat 2: IcanDodgeYou ($17.45 in chips) 
Seat 3: BGS013 ($100 in chips) 
Seat 5: Steve18212627 ($101.50 in chips) 
Seat 6: ChuckNorrisQ ($116.24 in chips) 
IcanDodgeYou: posts small blind $0.50
BGS013: posts big blind $1
*** HOLE CARDS ***
Steve18212627: folds 
ChuckNorrisQ: folds 
IcanDodgeYou: calls $0.50
BGS013: checks 
*** FLOP *** [8d 5d 2s]
IcanDodgeYou: checks 
BGS013: bets $1
IcanDodgeYou: calls $1
*** TURN *** [8d 5d 2s] [Qh]
IcanDodgeYou: checks 
BGS013: checks 
*** RIVER *** [8d 5d 2s Qh] [As]
IcanDodgeYou: bets $2
BGS013: folds 
Uncalled bet ($2) returned to IcanDodgeYou
IcanDodgeYou collected $3.80 from pot
IcanDodgeYou: doesn't show hand 
*** SUMMARY ***
Total pot $4 | Rake $0.20 
Board [8d 5d 2s Qh As]
Seat 1: tuxedoko
Seat 4: franbasualdo10
Seat 2: IcanDodgeYou (small blind) collected ($3.80)
Seat 3: BGS013 (big blind) folded on the River
Seat 5: Steve18212627 folded before Flop (didn't bet)
Seat 6: ChuckNorrisQ (button) folded before Flop (didn't bet)



PokerStars Hand #254228615111:  Hold'em No Limit ($0.50/$1.00 USD) - 2025/01/06 15:32:16 WET [2025/01/06 10:32:16 ET]
Table 'Hyperborea II' 6-max Seat #2 is the button
Seat 1: tuxedoko ($154.26 in chips) is sitting out
Seat 2: IcanDodgeYou ($19.25 in chips) 
Seat 3: BGS013 ($100 in chips) 
Seat 4: franbasualdo10 ($72.37 in chips) 
Seat 5: Steve18212627 ($101.50 in chips) 
Seat 6: ChuckNorrisQ ($116.24 in chips) 
BGS013: posts small blind $0.50
franbasualdo10: posts big blind $1
*** HOLE CARDS ***
Steve18212627: folds 
ChuckNorrisQ: folds 
IcanDodgeYou: folds 
BGS013: folds 
Uncalled bet ($0.50) returned to franbasualdo10
franbasualdo10 collected $1 from pot
*** SUMMARY ***
Total pot $1 | Rake $0 
Seat 1: tuxedoko
Seat 2: IcanDodgeYou (button) folded before Flop (didn't bet)
Seat 3: BGS013 (small blind) folded before Flop
Seat 4: franbasualdo10 (big blind) collected ($1)
Seat 5: Steve18212627 folded before Flop (didn't bet)
Seat 6: ChuckNorrisQ folded before Flop (didn't bet)



PokerStars Hand #254228619389:  Hold'em No Limit ($0.50/$1.00 USD) - 2025/01/06 15:32:33 WET [2025/01/06 10:32:33 ET]
Table 'Hyperborea II' 6-max Seat #3 is the button
Seat 1: tuxedoko ($154.26 in chips) is sitting out
Seat 2: IcanDodgeYou ($19.25 in chips) 
Seat 3: BGS013 ($100 in chips) 
Seat 4: franbasualdo10 ($72.87 in chips) 
Seat 5: Steve18212627 ($101.50 in chips) 
Seat 6: ChuckNorrisQ ($116.24 in chips) 
franbasualdo10: posts small blind $0.50
Steve18212627: posts big blind $1
*** HOLE CARDS ***
ChuckNorrisQ: raises $1 to $2
IcanDodgeYou: calls $2
BGS013: calls $2
franbasualdo10: folds 
Steve18212627: calls $1
*** FLOP *** [Td 8c Kd]
Steve18212627: checks 
ChuckNorrisQ: checks 
IcanDodgeYou: checks 
BGS013: checks 
*** TURN *** [Td 8c Kd] [Jd]
Steve18212627: checks 
ChuckNorrisQ: checks 
IcanDodgeYou: bets $4.04
BGS013: folds 
Steve18212627: folds 
ChuckNorrisQ: calls $4.04
*** RIVER *** [Td 8c Kd Jd] [Qc]
ChuckNorrisQ: checks 
IcanDodgeYou: bets $13.21 and is all-in
ChuckNorrisQ: folds 
Uncalled bet ($13.21) returned to IcanDodgeYou
IcanDodgeYou collected $15.75 from pot
IcanDodgeYou: doesn't show hand 
*** SUMMARY ***
Total pot $16.58 | Rake $0.83 
Board [Td 8c Kd Jd Qc]
Seat 1: tuxedoko
Seat 2: IcanDodgeYou collected ($15.75)
Seat 3: BGS013 (button) folded on the Turn
Seat 4: franbasualdo10 (small blind) folded before Flop
Seat 5: Steve18212627 (big blind) folded on the Turn
Seat 6: ChuckNorrisQ folded on the River



PokerStars Hand #254228634961:  Hold'em No Limit ($0.50/$1.00 USD) - 2025/01/06 15:33:38 WET [2025/01/06 10:33:38 ET]
Table 'Hyperborea II' 6-max Seat #4 is the button
Seat 1: tuxedoko ($154.26 in chips) is sitting out
Seat 2: IcanDodgeYou ($28.96 in chips) 
Seat 3: BGS013 ($100 in chips) 
Seat 4: franbasualdo10 ($72.37 in chips) 
Seat 5: Steve18212627 ($100 in chips) 
Seat 6: ChuckNorrisQ ($110.20 in chips) 
Steve18212627: posts small blind $0.50
ChuckNorrisQ: posts big blind $1
tuxedoko: sits out 
*** HOLE CARDS ***
IcanDodgeYou: folds 
BGS013: folds 
franbasualdo10: raises $1 to $2
Steve18212627: folds 
ChuckNorrisQ: calls $1
*** FLOP *** [5h 6c Th]
ChuckNorrisQ: checks 
franbasualdo10: checks 
*** TURN *** [5h 6c Th] [8h]
ChuckNorrisQ: checks 
franbasualdo10: checks 
*** RIVER *** [5h 6c Th 8h] [Ac]
ChuckNorrisQ: checks 
franbasualdo10: checks 
*** SHOW DOWN ***
ChuckNorrisQ: shows [7s 7d] (a pair of Sevens)
franbasualdo10: mucks hand 
ChuckNorrisQ collected $4.28 from pot
*** SUMMARY ***
Total pot $4.50 | Rake $0.22 
Board [5h 6c Th 8h Ac]
Seat 1: tuxedoko
Seat 2: IcanDodgeYou folded before Flop (didn't bet)
Seat 3: BGS013 folded before Flop (didn't bet)
Seat 4: franbasualdo10 (button) mucked
Seat 5: Steve18212627 (small blind) folded before Flop
Seat 6: ChuckNorrisQ (big blind) showed [7s 7d] and won ($4.28) with a pair of Sevens



PokerStars Hand #254228642259:  Hold'em No Limit ($0.50/$1.00 USD) - 2025/01/06 15:34:08 WET [2025/01/06 10:34:08 ET]
Table 'Hyperborea II' 6-max Seat #5 is the button
Seat 1: tuxedoko ($154.26 in chips) 
Seat 2: IcanDodgeYou ($28.96 in chips) 
Seat 3: BGS013 ($100 in chips) 
Seat 4: franbasualdo10 ($70.37 in chips) 
Seat 5: Steve18212627 ($100 in chips) 
Seat 6: ChuckNorrisQ ($112.48 in chips) 
ChuckNorrisQ: posts small blind $0.50
tuxedoko: posts big blind $1
*** HOLE CARDS ***
IcanDodgeYou: folds 
BGS013: raises $1 to $2
franbasualdo10: folds 
Steve18212627: folds 
ChuckNorrisQ: folds 
tuxedoko: folds 
Uncalled bet ($1) returned to BGS013
BGS013 collected $2.50 from pot
BGS013: doesn't show hand 
*** SUMMARY ***
Total pot $2.50 | Rake $0 
Seat 1: tuxedoko (big blind) folded before Flop
Seat 2: IcanDodgeYou folded before Flop (didn't bet)
Seat 3: BGS013 collected ($2.50)
Seat 4: franbasualdo10 folded before Flop (didn't bet)
Seat 5: Steve18212627 (button) folded before Flop (didn't bet)
Seat 6: ChuckNorrisQ (small blind) folded before Flop



PokerStars Hand #254228650382:  Hold'em No Limit ($0.50/$1.00 USD) - 2025/01/06 15:34:41 WET [2025/01/06 10:34:41 ET]
Table 'Hyperborea II' 6-max Seat #6 is the button
Seat 1: tuxedoko ($153.26 in chips) 
Seat 2: IcanDodgeYou ($28.96 in chips) 
Seat 3: BGS013 ($101.50 in chips) 
Seat 4: franbasualdo10 ($70.37 in chips) 
Seat 5: Steve18212627 ($100 in chips) 
Seat 6: ChuckNorrisQ ($111.98 in chips) 
tuxedoko: posts small blind $0.50
IcanDodgeYou: posts big blind $1
*** HOLE CARDS ***
BGS013: folds 
franbasualdo10: folds 
Steve18212627: raises $2 to $3
ChuckNorrisQ: raises $6 to $9
tuxedoko: folds 
IcanDodgeYou: folds 
Steve18212627: calls $6
*** FLOP *** [5h Ah 4c]
Steve18212627: checks 
ChuckNorrisQ: bets $6.11
Steve18212627: calls $6.11
*** TURN *** [5h Ah 4c] [Jh]
Steve18212627: checks 
ChuckNorrisQ: bets $9.94
Steve18212627: calls $9.94
*** RIVER *** [5h Ah 4c Jh] [2c]
Steve18212627: bets $26.55
ChuckNorrisQ: calls $26.55
*** SHOW DOWN ***
Steve18212627: shows [8h 4h] (a flush, Ace high)
ChuckNorrisQ: mucks hand 
Steve18212627 collected $102.20 from pot
*** SUMMARY ***
Total pot $104.70 | Rake $2.50 
Board [5h Ah 4c Jh 2c]
Seat 1: tuxedoko (small blind) folded before Flop
Seat 2: IcanDodgeYou (big blind) folded before Flop
Seat 3: BGS013 folded before Flop (didn't bet)
Seat 4: franbasualdo10 folded before Flop (didn't bet)
Seat 5: Steve18212627 showed [8h 4h] and won ($102.20) with a flush, Ace high
Seat 6: ChuckNorrisQ (button) mucked



PokerStars Hand #254228675859:  Hold'em No Limit ($0.50/$1.00 USD) - 2025/01/06 15:36:27 WET [2025/01/06 10:36:27 ET]
Table 'Hyperborea II' 6-max Seat #1 is the button
Seat 1: tuxedoko ($152.76 in chips) 
Seat 2: IcanDodgeYou ($27.96 in chips) 
Seat 3: BGS013 ($101.50 in chips) 
Seat 4: franbasualdo10 ($70.37 in chips) 
Seat 5: Steve18212627 ($150.60 in chips) 
Seat 6: ChuckNorrisQ ($100 in chips) 
IcanDodgeYou: posts small blind $0.50
BGS013: posts big blind $1
*** HOLE CARDS ***
franbasualdo10: folds 
Steve18212627: folds 
ChuckNorrisQ: folds 
tuxedoko: raises $1 to $2
IcanDodgeYou: calls $1.50
BGS013: folds 
*** FLOP *** [8h Ad Qd]
IcanDodgeYou: checks 
tuxedoko: bets $2.38
IcanDodgeYou: calls $2.38
*** TURN *** [8h Ad Qd] [9d]
IcanDodgeYou: checks 
franbasualdo10 leaves the table
tuxedoko: checks 
*** RIVER *** [8h Ad Qd 9d] [6d]
IcanDodgeYou: bets $5.64
tuxedoko: calls $5.64
*** SHOW DOWN ***
IcanDodgeYou: shows [Js Kh] (high card Ace)
tuxedoko: shows [Ks Td] (a flush, Ace high)
tuxedoko collected $19.99 from pot
*** SUMMARY ***
Total pot $21.04 | Rake $1.05 
Board [8h Ad Qd 9d 6d]
Seat 1: tuxedoko (button) showed [Ks Td] and won ($19.99) with a flush, Ace high
Seat 2: IcanDodgeYou (small blind) showed [Js Kh] and lost with high card Ace
Seat 3: BGS013 (big blind) folded before Flop
Seat 4: franbasualdo10 folded before Flop (didn't bet)
Seat 5: Steve18212627 folded before Flop (didn't bet)
Seat 6: ChuckNorrisQ folded before Flop (didn't bet)



PokerStars Hand #254228691752:  Hold'em No Limit ($0.50/$1.00 USD) - 2025/01/06 15:37:33 WET [2025/01/06 10:37:33 ET]
Table 'Hyperborea II' 6-max Seat #2 is the button
Seat 1: tuxedoko ($162.73 in chips) 
Seat 2: IcanDodgeYou ($17.94 in chips) 
Seat 3: BGS013 ($100.50 in chips) 
Seat 5: Steve18212627 ($150.60 in chips) 
Seat 6: ChuckNorrisQ ($100 in chips) 
BGS013: posts small blind $0.50
Steve18212627: posts big blind $1
*** HOLE CARDS ***
ChuckNorrisQ: folds 
tuxedoko: raises $2 to $3
BoyLoc0 joins the table at seat #4 
IcanDodgeYou: folds 
BGS013: folds 
Steve18212627: folds 
Uncalled bet ($2) returned to tuxedoko
tuxedoko collected $2.50 from pot
*** SUMMARY ***
Total pot $2.50 | Rake $0 
Seat 1: tuxedoko collected ($2.50)
Seat 2: IcanDodgeYou (button) folded before Flop (didn't bet)
Seat 3: BGS013 (small blind) folded before Flop
Seat 5: Steve18212627 (big blind) folded before Flop
Seat 6: ChuckNorrisQ folded before Flop (didn't bet)



PokerStars Hand #254228698585:  Hold'em No Limit ($0.50/$1.00 USD) - 2025/01/06 15:38:01 WET [2025/01/06 10:38:01 ET]
Table 'Hyperborea II' 6-max Seat #3 is the button
Seat 4: BoyLoc0 ($100 in chips) is sitting out
Seat 1: tuxedoko ($164.23 in chips) 
Seat 2: IcanDodgeYou ($17.94 in chips) 
Seat 3: BGS013 ($100 in chips) 
Seat 5: Steve18212627 ($149.60 in chips) 
Seat 6: ChuckNorrisQ ($100 in chips) 
Steve18212627: posts small blind $0.50
ChuckNorrisQ: posts big blind $1
*** HOLE CARDS ***
tuxedoko: raises $2 to $3
IcanDodgeYou: folds 
BGS013: folds 
Steve18212627: folds 
ChuckNorrisQ: folds 
Uncalled bet ($2) returned to tuxedoko
tuxedoko collected $2.50 from pot
*** SUMMARY ***
Total pot $2.50 | Rake $0 
Seat 4: BoyLoc0
Seat 1: tuxedoko collected ($2.50)
Seat 2: IcanDodgeYou folded before Flop (didn't bet)
Seat 3: BGS013 (button) folded before Flop (didn't bet)
Seat 5: Steve18212627 (small blind) folded before Flop
Seat 6: ChuckNorrisQ (big blind) folded before Flop



PokerStars Hand #254228702752:  Hold'em No Limit ($0.50/$1.00 USD) - 2025/01/06 15:38:19 WET [2025/01/06 10:38:19 ET]
Table 'Hyperborea II' 6-max Seat #5 is the button
Seat 4: BoyLoc0 ($100 in chips) is sitting out
Seat 1: tuxedoko ($165.73 in chips) 
Seat 2: IcanDodgeYou ($17.94 in chips) 
Seat 3: BGS013 ($100 in chips) 
Seat 5: Steve18212627 ($149.10 in chips) 
Seat 6: ChuckNorrisQ ($100 in chips) 
ChuckNorrisQ: posts small blind $0.50
tuxedoko: posts big blind $1
BoyLoc0: sits out 
*** HOLE CARDS ***
IcanDodgeYou: raises $1 to $2
BGS013: folds 
Steve18212627: folds 
ChuckNorrisQ: folds 
tuxedoko: calls $1
*** FLOP *** [3c Ah 5c]
tuxedoko: checks 
IcanDodgeYou: bets $15.94 and is all-in
tuxedoko: folds 
Uncalled bet ($15.94) returned to IcanDodgeYou
IcanDodgeYou collected $4.28 from pot
IcanDodgeYou: doesn't show hand 
*** SUMMARY ***
Total pot $4.50 | Rake $0.22 
Board [3c Ah 5c]
Seat 4: BoyLoc0
Seat 1: tuxedoko (big blind) folded on the Flop
Seat 2: IcanDodgeYou collected ($4.28)
Seat 3: BGS013 folded before Flop (didn't bet)
Seat 5: Steve18212627 (button) folded before Flop (didn't bet)
Seat 6: ChuckNorrisQ (small blind) folded before Flop



PokerStars Hand #254228710925:  Hold'em No Limit ($0.50/$1.00 USD) - 2025/01/06 15:38:53 WET [2025/01/06 10:38:53 ET]
Table 'Hyperborea II' 6-max Seat #6 is the button
Seat 4: BoyLoc0 ($100 in chips) is sitting out
Seat 1: tuxedoko ($163.73 in chips) 
Seat 2: IcanDodgeYou ($20.22 in chips) 
Seat 3: BGS013 ($100 in chips) 
Seat 5: Steve18212627 ($149.10 in chips) 
Seat 6: ChuckNorrisQ ($100 in chips) 
tuxedoko: posts small blind $0.50
IcanDodgeYou: posts big blind $1
BoyLoc0: sits out 
*** HOLE CARDS ***
BGS013: folds 
Steve18212627: raises $2 to $3
ChuckNorrisQ: folds 
BoyLoc0 leaves the table
tuxedoko: calls $2.50
IcanDodgeYou: raises $17.22 to $20.22 and is all-in
erpaye joins the table at seat #4 
Steve18212627: folds 
tuxedoko is connected 
tuxedoko: folds 
Uncalled bet ($17.22) returned to IcanDodgeYou
IcanDodgeYou collected $9 from pot
IcanDodgeYou: doesn't show hand 
*** SUMMARY ***
Total pot $9 | Rake $0 
Seat 4: BoyLoc0
Seat 1: tuxedoko (small blind) folded before Flop
Seat 2: IcanDodgeYou (big blind) collected ($9)
Seat 3: BGS013 folded before Flop (didn't bet)
Seat 5: Steve18212627 folded before Flop
Seat 6: ChuckNorrisQ (button) folded before Flop (didn't bet)



PokerStars Hand #254228725907:  Hold'em No Limit ($0.50/$1.00 USD) - 2025/01/06 15:39:55 WET [2025/01/06 10:39:55 ET]
Table 'Hyperborea II' 6-max Seat #1 is the button
Seat 4: erpaye ($100 in chips) is sitting out
Seat 1: tuxedoko ($160.73 in chips) 
Seat 2: IcanDodgeYou ($26.22 in chips) 
Seat 3: BGS013 ($100 in chips) 
Seat 5: Steve18212627 ($146.10 in chips) 
Seat 6: ChuckNorrisQ ($100 in chips) 
IcanDodgeYou: posts small blind $0.50
BGS013: posts big blind $1
erpaye: sits out 
*** HOLE CARDS ***
Steve18212627: folds 
ChuckNorrisQ: folds 
tuxedoko: raises $2 to $3
IcanDodgeYou: calls $2.50
BGS013: calls $2
*** FLOP *** [7d Kh Jd]
tuxedoko is disconnected 
IcanDodgeYou: checks 
BGS013: checks 
tuxedoko: checks 
*** TURN *** [7d Kh Jd] [6d]
IcanDodgeYou: bets $4.28
BGS013: folds 
tuxedoko: folds 
Uncalled bet ($4.28) returned to IcanDodgeYou
IcanDodgeYou collected $8.55 from pot
IcanDodgeYou: doesn't show hand 
*** SUMMARY ***
Total pot $9 | Rake $0.45 
Board [7d Kh Jd 6d]
Seat 4: erpaye
Seat 1: tuxedoko (button) folded on the Turn
Seat 2: IcanDodgeYou (small blind) collected ($8.55)
Seat 3: BGS013 (big blind) folded on the Turn
Seat 5: Steve18212627 folded before Flop (didn't bet)
Seat 6: ChuckNorrisQ folded before Flop (didn't bet)



PokerStars Hand #254228738383:  Hold'em No Limit ($0.50/$1.00 USD) - 2025/01/06 15:40:46 WET [2025/01/06 10:40:46 ET]
Table 'Hyperborea II' 6-max Seat #2 is the button
Seat 1: tuxedoko ($157.73 in chips) 
Seat 2: IcanDodgeYou ($31.77 in chips) 
Seat 3: BGS013 ($100 in chips) 
Seat 4: erpaye ($100 in chips) 
Seat 5: Steve18212627 ($146.10 in chips) 
Seat 6: ChuckNorrisQ ($100 in chips) 
BGS013: posts small blind $0.50
erpaye: posts big blind $1
*** HOLE CARDS ***
Steve18212627: folds 
ChuckNorrisQ: raises $1 to $2
tuxedoko: folds 
IcanDodgeYou: calls $2
BGS013: folds 
erpaye: calls $1
*** FLOP *** [Th 9c 8s]
erpaye: checks 
ChuckNorrisQ: bets $2.04
IcanDodgeYou: calls $2.04
erpaye: calls $2.04
*** TURN *** [Th 9c 8s] [Ac]
erpaye: checks 
ChuckNorrisQ: bets $5
IcanDodgeYou: calls $5
erpaye: folds 
*** RIVER *** [Th 9c 8s Ac] [6h]
ChuckNorrisQ: bets $90.96 and is all-in
IcanDodgeYou: folds 
Uncalled bet ($90.96) returned to ChuckNorrisQ
ChuckNorrisQ collected $21.49 from pot
ChuckNorrisQ: doesn't show hand 
*** SUMMARY ***
Total pot $22.62 | Rake $1.13 
Board [Th 9c 8s Ac 6h]
Seat 1: tuxedoko folded before Flop (didn't bet)
Seat 2: IcanDodgeYou (button) folded on the River
Seat 3: BGS013 (small blind) folded before Flop
Seat 4: erpaye (big blind) folded on the Turn
Seat 5: Steve18212627 folded before Flop (didn't bet)
Seat 6: ChuckNorrisQ collected ($21.49)



PokerStars Hand #254228756076:  Hold'em No Limit ($0.50/$1.00 USD) - 2025/01/06 15:42:01 WET [2025/01/06 10:42:01 ET]
Table 'Hyperborea II' 6-max Seat #3 is the button
Seat 1: tuxedoko ($157.73 in chips) 
Seat 2: IcanDodgeYou ($22.73 in chips) 
Seat 3: BGS013 ($100 in chips) 
Seat 4: erpaye ($100 in chips) 
Seat 5: Steve18212627 ($146.10 in chips) 
Seat 6: ChuckNorrisQ ($112.45 in chips) 
erpaye: posts small blind $0.50
Steve18212627: posts big blind $1
*** HOLE CARDS ***
ChuckNorrisQ: folds 
tuxedoko: raises $1 to $2
IcanDodgeYou: folds 
BGS013: raises $5 to $7
erpaye: folds 
Steve18212627: folds 
tuxedoko: calls $5
*** FLOP *** [Ts Th Ad]
tuxedoko: checks 
BGS013: bets $3.83
tuxedoko: calls $3.83
*** TURN *** [Ts Th Ad] [3h]
tuxedoko: checks 
BGS013: bets $15
tuxedoko: raises $26 to $41
BGS013: folds 
Uncalled bet ($26) returned to tuxedoko
tuxedoko collected $50.66 from pot
*** SUMMARY ***
Total pot $53.16 | Rake $2.50 
Board [Ts Th Ad 3h]
Seat 1: tuxedoko collected ($50.66)
Seat 2: IcanDodgeYou folded before Flop (didn't bet)
Seat 3: BGS013 (button) folded on the Turn
Seat 4: erpaye (small blind) folded before Flop
Seat 5: Steve18212627 (big blind) folded before Flop
Seat 6: ChuckNorrisQ folded before Flop (didn't bet)



PokerStars Hand #254228772820:  Hold'em No Limit ($0.50/$1.00 USD) - 2025/01/06 15:43:10 WET [2025/01/06 10:43:10 ET]
Table 'Hyperborea II' 6-max Seat #4 is the button
Seat 6: ChuckNorrisQ ($112.45 in chips) is sitting out
Seat 1: tuxedoko ($182.56 in chips) 
Seat 2: IcanDodgeYou ($22.73 in chips) 
Seat 3: BGS013 ($100 in chips) 
Seat 4: erpaye ($100 in chips) 
Seat 5: Steve18212627 ($145.10 in chips) 
Steve18212627: posts small blind $0.50
ChuckNorrisQ: is sitting out 
tuxedoko: posts big blind $1
*** HOLE CARDS ***
IcanDodgeYou: folds 
BGS013: raises $1.50 to $2.50
erpaye: folds 
Steve18212627: calls $2
tuxedoko: calls $1.50
*** FLOP *** [3d 5h Kh]
Steve18212627: checks 
ChuckNorrisQ leaves the table
tuxedoko: bets $3.56
BGS013: raises $8.94 to $12.50
Steve18212627: folds 
tuxedoko: folds 
Uncalled bet ($8.94) returned to BGS013
BGS013 collected $13.89 from pot
BGS013: doesn't show hand 
*** SUMMARY ***
Total pot $14.62 | Rake $0.73 
Board [3d 5h Kh]
Seat 6: ChuckNorrisQ
Seat 1: tuxedoko (big blind) folded on the Flop
Seat 2: IcanDodgeYou folded before Flop (didn't bet)
Seat 3: BGS013 collected ($13.89)
Seat 4: erpaye (button) folded before Flop (didn't bet)
Seat 5: Steve18212627 (small blind) folded on the Flop



PokerStars Hand #254228791576:  Hold'em No Limit ($0.50/$1.00 USD) - 2025/01/06 15:44:28 WET [2025/01/06 10:44:28 ET]
Table 'Hyperborea II' 6-max Seat #5 is the button
Seat 1: tuxedoko ($176.50 in chips) 
Seat 2: IcanDodgeYou ($22.73 in chips) 
Seat 3: BGS013 ($107.83 in chips) 
Seat 4: erpaye ($100 in chips) 
Seat 5: Steve18212627 ($142.60 in chips) 
tuxedoko: posts small blind $0.50
IcanDodgeYou: posts big blind $1
*** HOLE CARDS ***
BGS013: raises $1 to $2
erpaye: folds 
Steve18212627: calls $2
tuxedoko: calls $1.50
IcanDodgeYou: calls $1
*** FLOP *** [Kd 9s 7h]
tuxedoko: checks 
IcanDodgeYou: checks 
BGS013: checks 
Steve18212627: bets $3.80
tuxedoko: folds 
IcanDodgeYou: folds 
BGS013: folds 
Uncalled bet ($3.80) returned to Steve18212627
Steve18212627 collected $7.60 from pot
*** SUMMARY ***
Total pot $8 | Rake $0.40 
Board [Kd 9s 7h]
Seat 1: tuxedoko (small blind) folded on the Flop
Seat 2: IcanDodgeYou (big blind) folded on the Flop
Seat 3: BGS013 folded on the Flop
Seat 4: erpaye folded before Flop (didn't bet)
Seat 5: Steve18212627 (button) collected ($7.60)



PokerStars Hand #254228804148:  Hold'em No Limit ($0.50/$1.00 USD) - 2025/01/06 15:45:20 WET [2025/01/06 10:45:20 ET]
Table 'Hyperborea II' 6-max Seat #1 is the button
Seat 1: tuxedoko ($174.50 in chips) 
Seat 2: IcanDodgeYou ($20.73 in chips) 
Seat 3: BGS013 ($105.83 in chips) 
Seat 4: erpaye ($100 in chips) 
Seat 5: Steve18212627 ($148.20 in chips) 
IcanDodgeYou: posts small blind $0.50
BGS013: posts big blind $1
*** HOLE CARDS ***
erpaye: folds 
Steve18212627: folds 
tuxedoko: raises $1 to $2
IcanDodgeYou: raises $18.73 to $20.73 and is all-in
BGS013: folds 
tuxedoko: folds 
Uncalled bet ($18.73) returned to IcanDodgeYou
IcanDodgeYou collected $5 from pot
IcanDodgeYou: doesn't show hand 
*** SUMMARY ***
Total pot $5 | Rake $0 
Seat 1: tuxedoko (button) folded before Flop
Seat 2: IcanDodgeYou (small blind) collected ($5)
Seat 3: BGS013 (big blind) folded before Flop
Seat 4: erpaye folded before Flop (didn't bet)
Seat 5: Steve18212627 folded before Flop (didn't bet)



PokerStars Hand #254228808855:  Hold'em No Limit ($0.50/$1.00 USD) - 2025/01/06 15:45:40 WET [2025/01/06 10:45:40 ET]
Table 'Hyperborea II' 6-max Seat #2 is the button
Seat 1: tuxedoko ($172.50 in chips) 
Seat 2: IcanDodgeYou ($23.73 in chips) 
Seat 3: BGS013 ($104.83 in chips) 
Seat 4: erpaye ($100 in chips) 
Seat 5: Steve18212627 ($148.20 in chips) 
BGS013: posts small blind $0.50
erpaye: posts big blind $1
*** HOLE CARDS ***
Steve18212627: folds 
tuxedoko: folds 
IcanDodgeYou: folds 
BGS013: raises $2 to $3
erpaye: calls $2
*** FLOP *** [Jd 9h Ks]
BGS013: checks 
erpaye: checks 
*** TURN *** [Jd 9h Ks] [4d]
BGS013: checks 
erpaye: checks 
*** RIVER *** [Jd 9h Ks 4d] [Jh]
BGS013: checks 
erpaye: bets $2.28
BGS013: folds 
Uncalled bet ($2.28) returned to erpaye
erpaye collected $5.70 from pot
erpaye: doesn't show hand 
*** SUMMARY ***
Total pot $6 | Rake $0.30 
Board [Jd 9h Ks 4d Jh]
Seat 1: tuxedoko folded before Flop (didn't bet)
Seat 2: IcanDodgeYou (button) folded before Flop (didn't bet)
Seat 3: BGS013 (small blind) folded on the River
Seat 4: erpaye (big blind) collected ($5.70)
Seat 5: Steve18212627 folded before Flop (didn't bet)



PokerStars Hand #254228822353:  Hold'em No Limit ($0.50/$1.00 USD) - 2025/01/06 15:46:35 WET [2025/01/06 10:46:35 ET]
Table 'Hyperborea II' 6-max Seat #3 is the button
Seat 1: tuxedoko ($172.50 in chips) 
Seat 2: IcanDodgeYou ($23.73 in chips) 
Seat 3: BGS013 ($101.83 in chips) 
Seat 4: erpaye ($102.70 in chips) 
Seat 5: Steve18212627 ($148.20 in chips) 
erpaye: posts small blind $0.50
Steve18212627: posts big blind $1
*** HOLE CARDS ***
tuxedoko: raises $1 to $2
IcanDodgeYou: calls $2
NoonTime1991 joins the table at seat #6 
BGS013: calls $2
erpaye: calls $1.50
Steve18212627: calls $1
*** FLOP *** [Jd 2d 7d]
erpaye: checks 
Steve18212627: checks 
tuxedoko: checks 
IcanDodgeYou: checks 
BGS013: checks 
*** TURN *** [Jd 2d 7d] [As]
erpaye: checks 
Steve18212627: checks 
tuxedoko: checks 
IcanDodgeYou: checks 
BGS013: checks 
*** RIVER *** [Jd 2d 7d As] [3d]
erpaye: checks 
Steve18212627: checks 
tuxedoko: checks 
IcanDodgeYou: checks 
BGS013: checks 
*** SHOW DOWN ***
erpaye: shows [6s 5s] (high card Ace)
Steve18212627: shows [Qc Ts] (high card Ace - Queen kicker)
tuxedoko: mucks hand 
IcanDodgeYou: shows [Ks 4s] (high card Ace - King kicker)
BGS013: shows [3h 3c] (three of a kind, Threes)
BGS013 collected $9.50 from pot
*** SUMMARY ***
Total pot $10 | Rake $0.50 
Board [Jd 2d 7d As 3d]
Seat 1: tuxedoko mucked
Seat 2: IcanDodgeYou showed [Ks 4s] and lost with high card Ace
Seat 3: BGS013 (button) showed [3h 3c] and won ($9.50) with three of a kind, Threes
Seat 4: erpaye (small blind) showed [6s 5s] and lost with high card Ace
Seat 5: Steve18212627 (big blind) showed [Qc Ts] and lost with high card Ace



PokerStars Hand #254228850276:  Hold'em No Limit ($0.50/$1.00 USD) - 2025/01/06 15:48:31 WET [2025/01/06 10:48:31 ET]
Table 'Hyperborea II' 6-max Seat #4 is the button
Seat 1: tuxedoko ($170.50 in chips) 
Seat 2: IcanDodgeYou ($21.73 in chips) 
Seat 3: BGS013 ($109.33 in chips) 
Seat 4: erpaye ($100.70 in chips) 
Seat 5: Steve18212627 ($146.20 in chips) 
Seat 6: NoonTime1991 ($100 in chips) 
Steve18212627: posts small blind $0.50
NoonTime1991: posts big blind $1
*** HOLE CARDS ***
tuxedoko: raises $1 to $2
IcanDodgeYou: calls $2
BGS013: folds 
erpaye: folds 
Steve18212627: folds 
NoonTime1991: folds 
*** FLOP *** [2d 2h 2s]
tuxedoko: bets $4.61
IcanDodgeYou: folds 
Uncalled bet ($4.61) returned to tuxedoko
tuxedoko collected $5.22 from pot
*** SUMMARY ***
Total pot $5.50 | Rake $0.28 
Board [2d 2h 2s]
Seat 1: tuxedoko collected ($5.22)
Seat 2: IcanDodgeYou folded on the Flop
Seat 3: BGS013 folded before Flop (didn't bet)
Seat 4: erpaye (button) folded before Flop (didn't bet)
Seat 5: Steve18212627 (small blind) folded before Flop
Seat 6: NoonTime1991 (big blind) folded before Flop



PokerStars Hand #254228866131:  Hold'em No Limit ($0.50/$1.00 USD) - 2025/01/06 15:49:37 WET [2025/01/06 10:49:37 ET]
Table 'Hyperborea II' 6-max Seat #5 is the button
Seat 1: tuxedoko ($173.72 in chips) 
Seat 2: IcanDodgeYou ($19.73 in chips) 
Seat 3: BGS013 ($109.33 in chips) 
Seat 4: erpaye ($100.70 in chips) 
Seat 5: Steve18212627 ($145.70 in chips) 
Seat 6: NoonTime1991 ($100 in chips) 
NoonTime1991: posts small blind $0.50
tuxedoko: posts big blind $1
*** HOLE CARDS ***
IcanDodgeYou: folds 
BGS013: folds 
erpaye: folds 
Steve18212627: folds 
NoonTime1991: raises $2 to $3
tuxedoko: folds 
Uncalled bet ($2) returned to NoonTime1991
NoonTime1991 collected $2 from pot
NoonTime1991: doesn't show hand 
*** SUMMARY ***
Total pot $2 | Rake $0 
Seat 1: tuxedoko (big blind) folded before Flop
Seat 2: IcanDodgeYou folded before Flop (didn't bet)
Seat 3: BGS013 folded before Flop (didn't bet)
Seat 4: erpaye folded before Flop (didn't bet)
Seat 5: Steve18212627 (button) folded before Flop (didn't bet)
Seat 6: NoonTime1991 (small blind) collected ($2)



PokerStars Hand #254228870438:  Hold'em No Limit ($0.50/$1.00 USD) - 2025/01/06 15:49:55 WET [2025/01/06 10:49:55 ET]
Table 'Hyperborea II' 6-max Seat #6 is the button
Seat 1: tuxedoko ($172.72 in chips) 
Seat 2: IcanDodgeYou ($19.73 in chips) 
Seat 3: BGS013 ($109.33 in chips) 
Seat 4: erpaye ($100.70 in chips) 
Seat 5: Steve18212627 ($145.70 in chips) 
Seat 6: NoonTime1991 ($101 in chips) 
tuxedoko: posts small blind $0.50
IcanDodgeYou: posts big blind $1
*** HOLE CARDS ***
BGS013: folds 
erpaye: folds 
Steve18212627: raises $2 to $3
NoonTime1991: folds 
tuxedoko: folds 
IcanDodgeYou: folds 
Uncalled bet ($2) returned to Steve18212627
Steve18212627 collected $2.50 from pot
*** SUMMARY ***
Total pot $2.50 | Rake $0 
Seat 1: tuxedoko (small blind) folded before Flop
Seat 2: IcanDodgeYou (big blind) folded before Flop
Seat 3: BGS013 folded before Flop (didn't bet)
Seat 4: erpaye folded before Flop (didn't bet)
Seat 5: Steve18212627 collected ($2.50)
Seat 6: NoonTime1991 (button) folded before Flop (didn't bet)



PokerStars Hand #254228875248:  Hold'em No Limit ($0.50/$1.00 USD) - 2025/01/06 15:50:15 WET [2025/01/06 10:50:15 ET]
Table 'Hyperborea II' 6-max Seat #1 is the button
Seat 1: tuxedoko ($172.22 in chips) 
Seat 2: IcanDodgeYou ($18.73 in chips) 
Seat 3: BGS013 ($109.33 in chips) 
Seat 4: erpaye ($100.70 in chips) 
Seat 5: Steve18212627 ($147.20 in chips) 
Seat 6: NoonTime1991 ($101 in chips) 
IcanDodgeYou: posts small blind $0.50
BGS013: posts big blind $1
*** HOLE CARDS ***
erpaye: raises $1.10 to $2.10
Steve18212627: folds 
NoonTime1991: folds 
tuxedoko: folds 
IcanDodgeYou: calls $1.60
BGS013: folds 
*** FLOP *** [7c Ts Ad]
IcanDodgeYou: checks 
erpaye: bets $1.24
IcanDodgeYou: calls $1.24
*** TURN *** [7c Ts Ad] [7s]
IcanDodgeYou: checks 
erpaye: bets $5.47
IcanDodgeYou: calls $5.47
*** RIVER *** [7c Ts Ad 7s] [As]
IcanDodgeYou: checks 
erpaye: bets $26.54
IcanDodgeYou: calls $9.92 and is all-in
Uncalled bet ($16.62) returned to erpaye
*** SHOW DOWN ***
erpaye: shows [Th Ac] (a full house, Aces full of Tens)
IcanDodgeYou: shows [Qs Ks] (a flush, Ace high)
erpaye collected $36.54 from pot
*** SUMMARY ***
Total pot $38.46 | Rake $1.92 
Board [7c Ts Ad 7s As]
Seat 1: tuxedoko (button) folded before Flop (didn't bet)
Seat 2: IcanDodgeYou (small blind) showed [Qs Ks] and lost with a flush, Ace high
Seat 3: BGS013 (big blind) folded before Flop
Seat 4: erpaye showed [Th Ac] and won ($36.54) with a full house, Aces full of Tens
Seat 5: Steve18212627 folded before Flop (didn't bet)
Seat 6: NoonTime1991 folded before Flop (didn't bet)



PokerStars Hand #254228892127:  Hold'em No Limit ($0.50/$1.00 USD) - 2025/01/06 15:51:25 WET [2025/01/06 10:51:25 ET]
Table 'Hyperborea II' 6-max Seat #3 is the button
Seat 2: IcanDodgeYou ($0 in chips) is sitting out
Seat 1: tuxedoko ($172.22 in chips) 
Seat 3: BGS013 ($108.33 in chips) 
Seat 4: erpaye ($118.51 in chips) 
Seat 5: Steve18212627 ($147.20 in chips) 
Seat 6: NoonTime1991 ($101 in chips) 
erpaye: posts small blind $0.50
Steve18212627: posts big blind $1
*** HOLE CARDS ***
NoonTime1991: folds 
IcanDodgeYou is disconnected 
tuxedoko: raises $2 to $3
BGS013: calls $3
erpaye: folds 
Steve18212627: calls $2
*** FLOP *** [Qh 5s Td]
Steve18212627: checks 
tuxedoko: checks 
BGS013: checks 
*** TURN *** [Qh 5s Td] [Jh]
Steve18212627: checks 
tuxedoko: checks 
BGS013: checks 
*** RIVER *** [Qh 5s Td Jh] [3s]
Steve18212627: checks 
tuxedoko: checks 
BGS013: checks 
*** SHOW DOWN ***
Steve18212627: shows [7d Ks] (high card King)
tuxedoko: shows [6d 6h] (a pair of Sixes)
BGS013: mucks hand 
tuxedoko collected $9.02 from pot
*** SUMMARY ***
Total pot $9.50 | Rake $0.48 
Board [Qh 5s Td Jh 3s]
Seat 2: IcanDodgeYou
Seat 1: tuxedoko showed [6d 6h] and won ($9.02) with a pair of Sixes
Seat 3: BGS013 (button) mucked
Seat 4: erpaye (small blind) folded before Flop
Seat 5: Steve18212627 (big blind) showed [7d Ks] and lost with high card King
Seat 6: NoonTime1991 folded before Flop (didn't bet)



PokerStars Hand #254228911060:  Hold'em No Limit ($0.50/$1.00 USD) - 2025/01/06 15:52:44 WET [2025/01/06 10:52:44 ET]
Table 'Hyperborea II' 6-max Seat #4 is the button
Seat 2: IcanDodgeYou ($0 in chips) is sitting out
Seat 1: tuxedoko ($178.24 in chips) 
Seat 3: BGS013 ($105.33 in chips) 
Seat 4: erpaye ($118.01 in chips) 
Seat 5: Steve18212627 ($144.20 in chips) 
Seat 6: NoonTime1991 ($101 in chips) 
Steve18212627: posts small blind $0.50
NoonTime1991: posts big blind $1
*** HOLE CARDS ***
tuxedoko: folds 
BGS013: folds 
erpaye: folds 
Steve18212627: raises $2 to $3
NoonTime1991: calls $2
*** FLOP *** [3d 8s 2c]
Steve18212627: checks 
NoonTime1991: bets $2.85
Steve18212627: folds 
Uncalled bet ($2.85) returned to NoonTime1991
NoonTime1991 collected $5.70 from pot
NoonTime1991: doesn't show hand 
*** SUMMARY ***
Total pot $6 | Rake $0.30 
Board [3d 8s 2c]
Seat 2: IcanDodgeYou
Seat 1: tuxedoko folded before Flop (didn't bet)
Seat 3: BGS013 folded before Flop (didn't bet)
Seat 4: erpaye (button) folded before Flop (didn't bet)
Seat 5: Steve18212627 (small blind) folded on the Flop
Seat 6: NoonTime1991 (big blind) collected ($5.70)



PokerStars Hand #254228926517:  Hold'em No Limit ($0.50/$1.00 USD) - 2025/01/06 15:53:48 WET [2025/01/06 10:53:48 ET]
Table 'Hyperborea II' 6-max Seat #5 is the button
Seat 2: IcanDodgeYou ($0 in chips) is sitting out
Seat 1: tuxedoko ($178.24 in chips) 
Seat 3: BGS013 ($105.33 in chips) 
Seat 4: erpaye ($118.01 in chips) 
Seat 5: Steve18212627 ($141.20 in chips) 
Seat 6: NoonTime1991 ($103.70 in chips) 
NoonTime1991: posts small blind $0.50
tuxedoko: posts big blind $1
*** HOLE CARDS ***
BGS013: raises $1 to $2
erpaye: folds 
Steve18212627: folds 
NoonTime1991: folds 
tuxedoko: calls $1
*** FLOP *** [Td 2h 7h]
tuxedoko: checks 
BGS013: bets $3.34
tuxedoko: folds 
Uncalled bet ($3.34) returned to BGS013
BGS013 collected $4.28 from pot
BGS013: doesn't show hand 
*** SUMMARY ***
Total pot $4.50 | Rake $0.22 
Board [Td 2h 7h]
Seat 2: IcanDodgeYou
Seat 1: tuxedoko (big blind) folded on the Flop
Seat 3: BGS013 collected ($4.28)
Seat 4: erpaye folded before Flop (didn't bet)
Seat 5: Steve18212627 (button) folded before Flop (didn't bet)
Seat 6: NoonTime1991 (small blind) folded before Flop



PokerStars Hand #254228938712:  Hold'em No Limit ($0.50/$1.00 USD) - 2025/01/06 15:54:39 WET [2025/01/06 10:54:39 ET]
Table 'Hyperborea II' 6-max Seat #6 is the button
Seat 2: IcanDodgeYou ($0 in chips) is sitting out
Seat 1: tuxedoko ($176.24 in chips) 
Seat 3: BGS013 ($107.61 in chips) 
Seat 4: erpaye ($118.01 in chips) 
Seat 5: Steve18212627 ($141.20 in chips) 
Seat 6: NoonTime1991 ($103.20 in chips) 
tuxedoko: posts small blind $0.50
BGS013: posts big blind $1
*** HOLE CARDS ***
erpaye: folds 
Steve18212627: folds 
NoonTime1991: folds 
tuxedoko: folds 
Uncalled bet ($0.50) returned to BGS013
BGS013 collected $1 from pot
BGS013: doesn't show hand 
*** SUMMARY ***
Total pot $1 | Rake $0 
Seat 2: IcanDodgeYou
Seat 1: tuxedoko (small blind) folded before Flop
Seat 3: BGS013 (big blind) collected ($1)
Seat 4: erpaye folded before Flop (didn't bet)
Seat 5: Steve18212627 folded before Flop (didn't bet)
Seat 6: NoonTime1991 (button) folded before Flop (didn't bet)



PokerStars Hand #254228942464:  Hold'em No Limit ($0.50/$1.00 USD) - 2025/01/06 15:54:55 WET [2025/01/06 10:54:55 ET]
Table 'Hyperborea II' 6-max Seat #1 is the button
Seat 2: IcanDodgeYou ($0 in chips) is sitting out
Seat 1: tuxedoko ($175.74 in chips) 
Seat 3: BGS013 ($108.11 in chips) 
Seat 4: erpaye ($118.01 in chips) 
Seat 5: Steve18212627 ($141.20 in chips) 
Seat 6: NoonTime1991 ($103.20 in chips) 
BGS013: posts small blind $0.50
erpaye: posts big blind $1
*** HOLE CARDS ***
Steve18212627: folds 
NoonTime1991: raises $1 to $2
tuxedoko: raises $4.50 to $6.50
BGS013: folds 
erpaye: folds 
NoonTime1991: raises $12.50 to $19
tuxedoko: calls $12.50
*** FLOP *** [6h Ts 8h]
NoonTime1991: bets $9.38
tuxedoko: folds 
Uncalled bet ($9.38) returned to NoonTime1991
NoonTime1991 collected $37.52 from pot
NoonTime1991: doesn't show hand 
*** SUMMARY ***
Total pot $39.50 | Rake $1.98 
Board [6h Ts 8h]
Seat 2: IcanDodgeYou
Seat 1: tuxedoko (button) folded on the Flop
Seat 3: BGS013 (small blind) folded before Flop
Seat 4: erpaye (big blind) folded before Flop
Seat 5: Steve18212627 folded before Flop (didn't bet)
Seat 6: NoonTime1991 collected ($37.52)



PokerStars Hand #254228958909:  Hold'em No Limit ($0.50/$1.00 USD) - 2025/01/06 15:56:17 WET [2025/01/06 10:56:17 ET]
Table 'Hyperborea II' 6-max Seat #3 is the button
Seat 2: IcanDodgeYou ($0 in chips) is sitting out
Seat 1: tuxedoko ($156.74 in chips) 
Seat 3: BGS013 ($107.61 in chips) 
Seat 4: erpaye ($117.01 in chips) 
Seat 5: Steve18212627 ($141.20 in chips) 
Seat 6: NoonTime1991 ($121.72 in chips) 
erpaye: posts small blind $0.50
Steve18212627: posts big blind $1
*** HOLE CARDS ***
NoonTime1991: raises $1 to $2
tuxedoko: folds 
BGS013: folds 
erpaye: calls $1.50
Steve18212627: calls $1
*** FLOP *** [8h Ac 6s]
erpaye: checks 
Steve18212627: checks 
NoonTime1991: bets $1.88
erpaye: calls $1.88
Steve18212627: calls $1.88
*** TURN *** [8h Ac 6s] [Kd]
erpaye: checks 
Steve18212627: checks 
NoonTime1991: bets $7.30
erpaye: folds 
Steve18212627: folds 
Uncalled bet ($7.30) returned to NoonTime1991
NoonTime1991 collected $11.06 from pot
NoonTime1991: doesn't show hand 
*** SUMMARY ***
Total pot $11.64 | Rake $0.58 
Board [8h Ac 6s Kd]
Seat 2: IcanDodgeYou
Seat 1: tuxedoko folded before Flop (didn't bet)
Seat 3: BGS013 (button) folded before Flop (didn't bet)
Seat 4: erpaye (small blind) folded on the Turn
Seat 5: Steve18212627 (big blind) folded on the Turn
Seat 6: NoonTime1991 collected ($11.06)



PokerStars Hand #254229103095:  Hold'em No Limit ($0.50/$1.00 USD) - 2025/01/06 16:07:08 WET [2025/01/06 11:07:08 ET]
Table 'Hyperborea II' 6-max Seat #5 is the button
Seat 1: tuxedoko ($158.62 in chips) is sitting out
Seat 2: xcinaz ($100 in chips) is sitting out
Seat 3: BGS013 ($103.61 in chips) 
Seat 4: erpaye ($235.86 in chips) 
Seat 5: Steve18212627 ($100 in chips) 
BGS013: posts small blind $0.50
erpaye: posts big blind $1
*** HOLE CARDS ***
Steve18212627 has timed out
Steve18212627: folds 
BGS013: folds 
Uncalled bet ($0.50) returned to erpaye
erpaye collected $1 from pot
erpaye: doesn't show hand 
*** SUMMARY ***
Total pot $1 | Rake $0 
Seat 1: tuxedoko
Seat 2: xcinaz
Seat 3: BGS013 (small blind) folded before Flop
Seat 4: erpaye (big blind) collected ($1)
Seat 5: Steve18212627 (button) folded before Flop (didn't bet)



PokerStars Hand #254229107989:  Hold'em No Limit ($0.50/$1.00 USD) - 2025/01/06 16:07:28 WET [2025/01/06 11:07:28 ET]
Table 'Hyperborea II' 6-max Seat #3 is the button
Seat 1: tuxedoko ($158.62 in chips) is sitting out
Seat 5: Steve18212627 ($100 in chips) is sitting out
Seat 2: xcinaz ($100 in chips) 
Seat 3: BGS013 ($103.11 in chips) 
BGS013: posts small blind $0.50
xcinaz: posts big blind $1
*** HOLE CARDS ***
BGS013: raises $1.50 to $2.50
xcinaz: folds 
Uncalled bet ($1.50) returned to BGS013
BGS013 collected $2 from pot
BGS013: doesn't show hand 
*** SUMMARY ***
Total pot $2 | Rake $0 
Seat 1: tuxedoko
Seat 5: Steve18212627
Seat 2: xcinaz (big blind) folded before Flop
Seat 3: BGS013 (button) (small blind) collected ($2)



PokerStars Hand #254229110250:  Hold'em No Limit ($0.50/$1.00 USD) - 2025/01/06 16:07:37 WET [2025/01/06 11:07:37 ET]
Table 'Hyperborea II' 6-max Seat #2 is the button
Seat 1: tuxedoko ($158.62 in chips) is sitting out
Seat 5: Steve18212627 ($100 in chips) is sitting out
Seat 2: xcinaz ($100 in chips) 
Seat 3: BGS013 ($104.11 in chips) 
xcinaz: posts small blind $0.50
BGS013: posts big blind $1
*** HOLE CARDS ***
xcinaz: raises $1.50 to $2.50
BGS013: calls $1.50
*** FLOP *** [As Jh 9h]
BGS013: checks 
xcinaz: bets $1.19
BGS013: folds 
Uncalled bet ($1.19) returned to xcinaz
xcinaz collected $4.75 from pot
xcinaz: doesn't show hand 
*** SUMMARY ***
Total pot $5 | Rake $0.25 
Board [As Jh 9h]
Seat 1: tuxedoko
Seat 5: Steve18212627
Seat 2: xcinaz (button) (small blind) collected ($4.75)
Seat 3: BGS013 (big blind) folded on the Flop



PokerStars Hand #254229114619:  Hold'em No Limit ($0.50/$1.00 USD) - 2025/01/06 16:07:55 WET [2025/01/06 11:07:55 ET]
Table 'Hyperborea II' 6-max Seat #3 is the button
Seat 1: tuxedoko ($158.62 in chips) is sitting out
Seat 5: Steve18212627 ($100 in chips) is sitting out
Seat 2: xcinaz ($102.25 in chips) 
Seat 3: BGS013 ($101.61 in chips) 
BGS013: posts small blind $0.50
xcinaz: posts big blind $1
*** HOLE CARDS ***
BGS013: folds 
Uncalled bet ($0.50) returned to xcinaz
xcinaz collected $1 from pot
xcinaz: doesn't show hand 
*** SUMMARY ***
Total pot $1 | Rake $0 
Seat 1: tuxedoko
Seat 5: Steve18212627
Seat 2: xcinaz (big blind) collected ($1)
Seat 3: BGS013 (button) (small blind) folded before Flop



PokerStars Hand #254229116434:  Hold'em No Limit ($0.50/$1.00 USD) - 2025/01/06 16:08:02 WET [2025/01/06 11:08:02 ET]
Table 'Hyperborea II' 6-max Seat #2 is the button
Seat 1: tuxedoko ($158.62 in chips) is sitting out
Seat 5: Steve18212627 ($100 in chips) is sitting out
Seat 2: xcinaz ($102.75 in chips) 
Seat 3: BGS013 ($101.11 in chips) 
xcinaz: posts small blind $0.50
BGS013: posts big blind $1
*** HOLE CARDS ***
xcinaz: raises $1.50 to $2.50
BGS013: calls $1.50
*** FLOP *** [3s 2c Kc]
BGS013: checks 
xcinaz: checks 
*** TURN *** [3s 2c Kc] [6s]
BGS013: checks 
xcinaz: checks 
*** RIVER *** [3s 2c Kc 6s] [6d]
BGS013: bets $6.50
xcinaz: folds 
Uncalled bet ($6.50) returned to BGS013
BGS013 collected $4.75 from pot
BGS013: doesn't show hand 
*** SUMMARY ***
Total pot $5 | Rake $0.25 
Board [3s 2c Kc 6s 6d]
Seat 1: tuxedoko
Seat 5: Steve18212627
Seat 2: xcinaz (button) (small blind) folded on the River
Seat 3: BGS013 (big blind) collected ($4.75)



PokerStars Hand #254229127060:  Hold'em No Limit ($0.50/$1.00 USD) - 2025/01/06 16:08:45 WET [2025/01/06 11:08:45 ET]
Table 'Hyperborea II' 6-max Seat #3 is the button
Seat 1: tuxedoko ($158.62 in chips) is sitting out
Seat 5: Steve18212627 ($100 in chips) is sitting out
Seat 2: xcinaz ($100.25 in chips) 
Seat 3: BGS013 ($103.36 in chips) 
BGS013: posts small blind $0.50
xcinaz: posts big blind $1
*** HOLE CARDS ***
BGS013: folds 
Uncalled bet ($0.50) returned to xcinaz
xcinaz collected $1 from pot
xcinaz: doesn't show hand 
*** SUMMARY ***
Total pot $1 | Rake $0 
Seat 1: tuxedoko
Seat 5: Steve18212627
Seat 2: xcinaz (big blind) collected ($1)
Seat 3: BGS013 (button) (small blind) folded before Flop



PokerStars Hand #254229138927:  Hold'em No Limit ($0.50/$1.00 USD) - 2025/01/06 16:09:34 WET [2025/01/06 11:09:34 ET]
Table 'Hyperborea II' 6-max Seat #6 is the button
Seat 5: Steve18212627 ($100 in chips) is sitting out
Seat 1: blistein ($100 in chips) 
Seat 2: nastja336 ($100 in chips) 
Seat 6: Pippa83 ($100 in chips) 
blistein: posts small blind $0.50
nastja336: posts big blind $1
*** HOLE CARDS ***
Pippa83: folds 
blistein: raises $2 to $3
nastja336: folds 
Uncalled bet ($2) returned to blistein
blistein collected $2 from pot
blistein: doesn't show hand 
*** SUMMARY ***
Total pot $2 | Rake $0 
Seat 5: Steve18212627
Seat 1: blistein (small blind) collected ($2)
Seat 2: nastja336 (big blind) folded before Flop
Seat 6: Pippa83 (button) folded before Flop (didn't bet)



PokerStars Hand #254229141953:  Hold'em No Limit ($0.50/$1.00 USD) - 2025/01/06 16:09:46 WET [2025/01/06 11:09:46 ET]
Table 'Hyperborea II' 6-max Seat #1 is the button
Seat 5: Steve18212627 ($100 in chips) is sitting out
Seat 1: blistein ($101 in chips) 
Seat 2: nastja336 ($100 in chips) 
Seat 6: Pippa83 ($100 in chips) 
nastja336: posts small blind $0.50
Pippa83: posts big blind $1
*** HOLE CARDS ***
blistein: folds 
nastja336: folds 
Uncalled bet ($0.50) returned to Pippa83
Pippa83 collected $1 from pot
Pippa83: doesn't show hand 
*** SUMMARY ***
Total pot $1 | Rake $0 
Seat 5: Steve18212627
Seat 1: blistein (button) folded before Flop (didn't bet)
Seat 2: nastja336 (small blind) folded before Flop
Seat 6: Pippa83 (big blind) collected ($1)



PokerStars Hand #254229146557:  Hold'em No Limit ($0.50/$1.00 USD) - 2025/01/06 16:10:05 WET [2025/01/06 11:10:05 ET]
Table 'Hyperborea II' 6-max Seat #2 is the button
Seat 5: Steve18212627 ($100 in chips) is sitting out
Seat 1: blistein ($101 in chips) 
Seat 2: nastja336 ($100 in chips) 
Seat 6: Pippa83 ($100.50 in chips) 
Pippa83: posts small blind $0.50
blistein: posts big blind $1
*** HOLE CARDS ***
nastja336: folds 
Pippa83: raises $2 to $3
blistein: calls $2
*** FLOP *** [Qc Qd Kh]
Pippa83: checks 
blistein: checks 
*** TURN *** [Qc Qd Kh] [9c]
Pippa83: bets $1.88
Dr. Fvinagre joins the table at seat #3 
Dr. Fvinagre is disconnected 
blistein: calls $1.88
*** RIVER *** [Qc Qd Kh 9c] [8s]
imhungarian8 joins the table at seat #4 
Pippa83: bets $5
blistein: raises $9 to $14
Pippa83: folds 
Uncalled bet ($9) returned to blistein
blistein collected $18.77 from pot
blistein: doesn't show hand 
*** SUMMARY ***
Total pot $19.76 | Rake $0.99 
Board [Qc Qd Kh 9c 8s]
Seat 5: Steve18212627
Seat 1: blistein (big blind) collected ($18.77)
Seat 2: nastja336 (button) folded before Flop (didn't bet)
Seat 6: Pippa83 (small blind) folded on the River



PokerStars Hand #254229166291:  Hold'em No Limit ($0.50/$1.00 USD) - 2025/01/06 16:11:25 WET [2025/01/06 11:11:25 ET]
Table 'Hyperborea II' 6-max Seat #6 is the button
Seat 2: nastja336 ($100 in chips) is sitting out
Seat 4: imhungarian8 ($100 in chips) is sitting out
Seat 5: Steve18212627 ($100 in chips) is sitting out
Seat 1: blistein ($109.89 in chips) 
Seat 3: Dr. Fvinagre ($10 in chips) 
Seat 6: Pippa83 ($100 in chips) 
blistein: posts small blind $0.50
nastja336: is sitting out 
Dr. Fvinagre: posts big blind $1
imhungarian8: sits out 
*** HOLE CARDS ***
Pippa83: folds 
nastja336 leaves the table
blistein: folds 
Uncalled bet ($0.50) returned to Dr. Fvinagre
Dr. Fvinagre collected $1 from pot
*** SUMMARY ***
Total pot $1 | Rake $0 
Seat 2: nastja336
Seat 4: imhungarian8
Seat 5: Steve18212627
Seat 1: blistein (small blind) folded before Flop
Seat 3: Dr. Fvinagre (big blind) collected ($1)
Seat 6: Pippa83 (button) folded before Flop (didn't bet)



PokerStars Hand #254229167916:  Hold'em No Limit ($0.50/$1.00 USD) - 2025/01/06 16:11:31 WET [2025/01/06 11:11:31 ET]
Table 'Hyperborea II' 6-max Seat #1 is the button
Seat 5: Steve18212627 ($100 in chips) is sitting out
Seat 1: blistein ($109.39 in chips) 
Seat 3: Dr. Fvinagre ($10.50 in chips) 
Seat 4: imhungarian8 ($100 in chips) 
Seat 6: Pippa83 ($100 in chips) 
Dr. Fvinagre: posts small blind $0.50
imhungarian8: posts big blind $1
*** HOLE CARDS ***
Pippa83: folds 
blistein: folds 
Dr. Fvinagre: folds 
Uncalled bet ($0.50) returned to imhungarian8
imhungarian8 collected $1 from pot
imhungarian8: doesn't show hand 
*** SUMMARY ***
Total pot $1 | Rake $0 
Seat 5: Steve18212627
Seat 1: blistein (button) folded before Flop (didn't bet)
Seat 3: Dr. Fvinagre (small blind) folded before Flop
Seat 4: imhungarian8 (big blind) collected ($1)
Seat 6: Pippa83 folded before Flop (didn't bet)



PokerStars Hand #254229170792:  Hold'em No Limit ($0.50/$1.00 USD) - 2025/01/06 16:11:43 WET [2025/01/06 11:11:43 ET]
Table 'Hyperborea II' 6-max Seat #3 is the button
Seat 5: Steve18212627 ($100 in chips) is sitting out
Seat 1: blistein ($109.39 in chips) 
Seat 3: Dr. Fvinagre ($10 in chips) 
Seat 4: imhungarian8 ($100.50 in chips) 
Seat 6: Pippa83 ($100 in chips) 
imhungarian8: posts small blind $0.50
Pippa83: posts big blind $1
*** HOLE CARDS ***
blistein: folds 
Philbill87 joins the table at seat #2 
Philbill87 is disconnected 
Dr. Fvinagre: folds 
imhungarian8: folds 
Uncalled bet ($0.50) returned to Pippa83
Pippa83 collected $1 from pot
Pippa83: doesn't show hand 
*** SUMMARY ***
Total pot $1 | Rake $0 
Seat 5: Steve18212627
Seat 1: blistein folded before Flop (didn't bet)
Seat 3: Dr. Fvinagre (button) folded before Flop (didn't bet)
Seat 4: imhungarian8 (small blind) folded before Flop
Seat 6: Pippa83 (big blind) collected ($1)



PokerStars Hand #254229172886:  Hold'em No Limit ($0.50/$1.00 USD) - 2025/01/06 16:11:51 WET [2025/01/06 11:11:51 ET]
Table 'Hyperborea II' 6-max Seat #4 is the button
Seat 5: Steve18212627 ($100 in chips) is sitting out
Seat 1: blistein ($109.39 in chips) 
Seat 2: Philbill87 ($20.11 in chips) 
Seat 3: Dr. Fvinagre ($10 in chips) 
Seat 4: imhungarian8 ($100 in chips) 
Seat 6: Pippa83 ($100.50 in chips) 
Pippa83: posts small blind $0.50
blistein: posts big blind $1
Philbill87: posts big blind $1
*** HOLE CARDS ***
Philbill87: checks 
Dr. Fvinagre: folds 
imhungarian8: folds 
Pippa83: calls $0.50
blistein: checks 
*** FLOP *** [8s 3d 6d]
Pippa83: bets $1
blistein: folds 
Philbill87: folds 
Uncalled bet ($1) returned to Pippa83
Pippa83 collected $2.85 from pot
Pippa83: doesn't show hand 
*** SUMMARY ***
Total pot $3 | Rake $0.15 
Board [8s 3d 6d]
Seat 5: Steve18212627
Seat 1: blistein (big blind) folded on the Flop
Seat 2: Philbill87 folded on the Flop (didn't bet)
Seat 3: Dr. Fvinagre folded before Flop (didn't bet)
Seat 4: imhungarian8 (button) folded before Flop (didn't bet)
Seat 6: Pippa83 (small blind) collected ($2.85)



PokerStars Hand #254229179982:  Hold'em No Limit ($0.50/$1.00 USD) - 2025/01/06 16:12:20 WET [2025/01/06 11:12:20 ET]
Table 'Hyperborea II' 6-max Seat #6 is the button
Seat 5: Steve18212627 ($100 in chips) is sitting out
Seat 1: blistein ($108.39 in chips) 
Seat 2: Philbill87 ($19.11 in chips) 
Seat 3: Dr. Fvinagre ($10 in chips) 
Seat 4: imhungarian8 ($100 in chips) 
Seat 6: Pippa83 ($102.35 in chips) 
blistein: posts small blind $0.50
Philbill87: posts big blind $1
*** HOLE CARDS ***
Dr. Fvinagre: raises $9 to $10 and is all-in
imhungarian8: folds 
Pippa83: folds 
blistein: raises $32 to $42
Philbill87: folds 
Uncalled bet ($32) returned to blistein
*** FLOP *** [2c 3s 7h]
*** TURN *** [2c 3s 7h] [6d]
*** RIVER *** [2c 3s 7h 6d] [5c]
*** SHOW DOWN ***
blistein: shows [Ac Ks] (high card Ace)
Dr. Fvinagre: shows [Ah 8h] (high card Ace - lower kicker)
blistein collected $19.95 from pot
*** SUMMARY ***
Total pot $21 | Rake $1.05 
Board [2c 3s 7h 6d 5c]
Seat 5: Steve18212627
Seat 1: blistein (small blind) showed [Ac Ks] and won ($19.95) with high card Ace
Seat 2: Philbill87 (big blind) folded before Flop
Seat 3: Dr. Fvinagre showed [Ah 8h] and lost with high card Ace
Seat 4: imhungarian8 folded before Flop (didn't bet)
Seat 6: Pippa83 (button) folded before Flop (didn't bet)



PokerStars Hand #254229188023:  Hold'em No Limit ($0.50/$1.00 USD) - 2025/01/06 16:12:52 WET [2025/01/06 11:12:52 ET]
Table 'Hyperborea II' 6-max Seat #1 is the button
Seat 3: Dr. Fvinagre ($0 in chips) is sitting out
Seat 5: Steve18212627 ($100 in chips) is sitting out
Seat 1: blistein ($118.34 in chips) 
Seat 2: Philbill87 ($18.11 in chips) 
Seat 4: imhungarian8 ($100 in chips) 
Seat 6: Pippa83 ($102.35 in chips) 
Philbill87: posts small blind $0.50
imhungarian8: posts big blind $1
*** HOLE CARDS ***
Pippa83: folds 
blistein: folds 
Philbill87: calls $0.50
imhungarian8: checks 
*** FLOP *** [8c 2h Ks]
Philbill87: checks 
imhungarian8: checks 
*** TURN *** [8c 2h Ks] [4d]
Philbill87: checks 
imhungarian8: checks 
*** RIVER *** [8c 2h Ks 4d] [9s]
Philbill87: checks 
imhungarian8: bets $3.33
Philbill87: folds 
Uncalled bet ($3.33) returned to imhungarian8
imhungarian8 collected $1.90 from pot
imhungarian8: doesn't show hand 
*** SUMMARY ***
Total pot $2 | Rake $0.10 
Board [8c 2h Ks 4d 9s]
Seat 3: Dr. Fvinagre
Seat 5: Steve18212627
Seat 1: blistein (button) folded before Flop (didn't bet)
Seat 2: Philbill87 (small blind) folded on the River
Seat 4: imhungarian8 (big blind) collected ($1.90)
Seat 6: Pippa83 folded before Flop (didn't bet)



PokerStars Hand #254229234151:  Hold'em No Limit ($0.50/$1.00 USD) - 2025/01/06 16:15:59 WET [2025/01/06 11:15:59 ET]
Table 'Hyperborea II' 6-max Seat #2 is the button
Seat 5: Steve18212627 ($100 in chips) is sitting out
Seat 1: YeeesMan ($100 in chips) 
Seat 2: Philbill87 ($19.26 in chips) 
Seat 3: Dr. Fvinagre ($21 in chips) 
Seat 4: imhungarian8 ($100 in chips) 
Seat 6: Pippa83 ($100.85 in chips) 
Dr. Fvinagre: posts small blind $0.50
imhungarian8: posts big blind $1
*** HOLE CARDS ***
Pippa83: folds 
YeeesMan: folds 
Philbill87: calls $1
Dr. Fvinagre: calls $0.50
imhungarian8: checks 
*** FLOP *** [Ks 6d Jh]
Dr. Fvinagre: checks 
imhungarian8: checks 
Philbill87: checks 
*** TURN *** [Ks 6d Jh] [5s]
Dr. Fvinagre: checks 
imhungarian8: checks 
Philbill87: bets $3
Dr. Fvinagre: folds 
imhungarian8: folds 
Uncalled bet ($3) returned to Philbill87
Philbill87 collected $2.85 from pot
Philbill87: doesn't show hand 
*** SUMMARY ***
Total pot $3 | Rake $0.15 
Board [Ks 6d Jh 5s]
Seat 5: Steve18212627
Seat 1: YeeesMan folded before Flop (didn't bet)
Seat 2: Philbill87 (button) collected ($2.85)
Seat 3: Dr. Fvinagre (small blind) folded on the Turn
Seat 4: imhungarian8 (big blind) folded on the Turn
Seat 6: Pippa83 folded before Flop (didn't bet)



PokerStars Hand #254229249823:  Hold'em No Limit ($0.50/$1.00 USD) - 2025/01/06 16:17:02 WET [2025/01/06 11:17:02 ET]
Table 'Hyperborea II' 6-max Seat #3 is the button
Seat 1: YeeesMan ($100 in chips) 
Seat 2: Philbill87 ($21.11 in chips) 
Seat 3: Dr. Fvinagre ($20 in chips) 
Seat 4: imhungarian8 ($100 in chips) 
Seat 5: Steve18212627 ($100 in chips) 
Seat 6: Pippa83 ($100.85 in chips) 
imhungarian8: posts small blind $0.50
Steve18212627: posts big blind $1
*** HOLE CARDS ***
Pippa83: folds 
YeeesMan: folds 
Philbill87: folds 
Dr. Fvinagre: folds 
imhungarian8: folds 
Uncalled bet ($0.50) returned to Steve18212627
Steve18212627 collected $1 from pot
*** SUMMARY ***
Total pot $1 | Rake $0 
Seat 1: YeeesMan folded before Flop (didn't bet)
Seat 2: Philbill87 folded before Flop (didn't bet)
Seat 3: Dr. Fvinagre (button) folded before Flop (didn't bet)
Seat 4: imhungarian8 (small blind) folded before Flop
Seat 5: Steve18212627 (big blind) collected ($1)
Seat 6: Pippa83 folded before Flop (didn't bet)



PokerStars Hand #254229253442:  Hold'em No Limit ($0.50/$1.00 USD) - 2025/01/06 16:17:17 WET [2025/01/06 11:17:17 ET]
Table 'Hyperborea II' 6-max Seat #4 is the button
Seat 1: YeeesMan ($100 in chips) 
Seat 2: Philbill87 ($21.11 in chips) 
Seat 3: Dr. Fvinagre ($20 in chips) 
Seat 4: imhungarian8 ($100 in chips) 
Seat 5: Steve18212627 ($100.50 in chips) 
Seat 6: Pippa83 ($100.85 in chips) 
Steve18212627: posts small blind $0.50
Pippa83: posts big blind $1
*** HOLE CARDS ***
YeeesMan: folds 
Philbill87: folds 
Dr. Fvinagre: folds 
imhungarian8: raises $1.50 to $2.50
YeeesMan leaves the table
Steve18212627: folds 
Pippa83: calls $1.50
*** FLOP *** [8d Ts Qs]
Pippa83: checks 
imhungarian8: checks 
*** TURN *** [8d Ts Qs] [Ah]
Pippa83: checks 
imhungarian8: bets $2.61
Pippa83: folds 
Uncalled bet ($2.61) returned to imhungarian8
imhungarian8 collected $5.22 from pot
imhungarian8: doesn't show hand 
*** SUMMARY ***
Total pot $5.50 | Rake $0.28 
Board [8d Ts Qs Ah]
Seat 1: YeeesMan folded before Flop (didn't bet)
Seat 2: Philbill87 folded before Flop (didn't bet)
Seat 3: Dr. Fvinagre folded before Flop (didn't bet)
Seat 4: imhungarian8 (button) collected ($5.22)
Seat 5: Steve18212627 (small blind) folded before Flop
Seat 6: Pippa83 (big blind) folded on the Turn



PokerStars Hand #254229271504:  Hold'em No Limit ($0.50/$1.00 USD) - 2025/01/06 16:18:29 WET [2025/01/06 11:18:29 ET]
Table 'Hyperborea II' 6-max Seat #5 is the button
Seat 2: Philbill87 ($21.11 in chips) 
Seat 3: Dr. Fvinagre ($20 in chips) 
Seat 4: imhungarian8 ($102.72 in chips) 
Seat 5: Steve18212627 ($100 in chips) 
Seat 6: Pippa83 ($100 in chips) 
Pippa83: posts small blind $0.50
Philbill87: posts big blind $1
*** HOLE CARDS ***
nastja336 joins the table at seat #1 
Dr. Fvinagre: folds 
imhungarian8: folds 
Steve18212627: raises $2 to $3
Pippa83: folds 
Philbill87: folds 
Uncalled bet ($2) returned to Steve18212627
Steve18212627 collected $2.50 from pot
*** SUMMARY ***
Total pot $2.50 | Rake $0 
Seat 2: Philbill87 (big blind) folded before Flop
Seat 3: Dr. Fvinagre folded before Flop (didn't bet)
Seat 4: imhungarian8 folded before Flop (didn't bet)
Seat 5: Steve18212627 (button) collected ($2.50)
Seat 6: Pippa83 (small blind) folded before Flop



PokerStars Hand #254229276938:  Hold'em No Limit ($0.50/$1.00 USD) - 2025/01/06 16:18:51 WET [2025/01/06 11:18:51 ET]
Table 'Hyperborea II' 6-max Seat #6 is the button
Seat 1: nastja336 ($100 in chips) is sitting out
Seat 2: Philbill87 ($20.11 in chips) 
Seat 3: Dr. Fvinagre ($20 in chips) 
Seat 4: imhungarian8 ($102.72 in chips) 
Seat 5: Steve18212627 ($101.50 in chips) 
Seat 6: Pippa83 ($100 in chips) 
Philbill87: posts small blind $0.50
Dr. Fvinagre: posts big blind $1
*** HOLE CARDS ***
imhungarian8: folds 
Steve18212627: folds 
Pippa83: raises $1.50 to $2.50
Philbill87: folds 
Dr. Fvinagre: folds 
Uncalled bet ($1.50) returned to Pippa83
Pippa83 collected $2.50 from pot
Pippa83: doesn't show hand 
*** SUMMARY ***
Total pot $2.50 | Rake $0 
Seat 1: nastja336
Seat 2: Philbill87 (small blind) folded before Flop
Seat 3: Dr. Fvinagre (big blind) folded before Flop
Seat 4: imhungarian8 folded before Flop (didn't bet)
Seat 5: Steve18212627 folded before Flop (didn't bet)
Seat 6: Pippa83 (button) collected ($2.50)



PokerStars Hand #254229282272:  Hold'em No Limit ($0.50/$1.00 USD) - 2025/01/06 16:19:12 WET [2025/01/06 11:19:12 ET]
Table 'Hyperborea II' 6-max Seat #2 is the button
Seat 1: nastja336 ($100 in chips) is sitting out
Seat 2: Philbill87 ($19.61 in chips) 
Seat 3: Dr. Fvinagre ($19 in chips) 
Seat 4: imhungarian8 ($102.72 in chips) 
Seat 5: Steve18212627 ($101.50 in chips) 
Seat 6: Pippa83 ($101.50 in chips) 
Dr. Fvinagre: posts small blind $0.50
imhungarian8: posts big blind $1
nastja336: sits out 
*** HOLE CARDS ***
Steve18212627: folds 
Pippa83: folds 
Philbill87: folds 
Dr. Fvinagre: raises $18 to $19 and is all-in
imhungarian8: folds 
Uncalled bet ($18) returned to Dr. Fvinagre
Dr. Fvinagre collected $2 from pot
*** SUMMARY ***
Total pot $2 | Rake $0 
Seat 1: nastja336
Seat 2: Philbill87 (button) folded before Flop (didn't bet)
Seat 3: Dr. Fvinagre (small blind) collected ($2)
Seat 4: imhungarian8 (big blind) folded before Flop
Seat 5: Steve18212627 folded before Flop (didn't bet)
Seat 6: Pippa83 folded before Flop (didn't bet)



PokerStars Hand #254229287105:  Hold'em No Limit ($0.50/$1.00 USD) - 2025/01/06 16:19:31 WET [2025/01/06 11:19:31 ET]
Table 'Hyperborea II' 6-max Seat #3 is the button
Seat 1: nastja336 ($100 in chips) is sitting out
Seat 2: Philbill87 ($19.61 in chips) 
Seat 3: Dr. Fvinagre ($20 in chips) 
Seat 4: imhungarian8 ($101.72 in chips) 
Seat 5: Steve18212627 ($101.50 in chips) 
Seat 6: Pippa83 ($101.50 in chips) 
imhungarian8: posts small blind $0.50
Steve18212627: posts big blind $1
nastja336: sits out 
*** HOLE CARDS ***
Pippa83: raises $1.20 to $2.20
Philbill87 has timed out
Philbill87: folds 
Dr. Fvinagre: folds 
imhungarian8: folds 
Steve18212627: folds 
Uncalled bet ($1.20) returned to Pippa83
Pippa83 collected $2.50 from pot
Pippa83: doesn't show hand 
*** SUMMARY ***
Total pot $2.50 | Rake $0 
Seat 1: nastja336
Seat 2: Philbill87 folded before Flop (didn't bet)
Seat 3: Dr. Fvinagre (button) folded before Flop (didn't bet)
Seat 4: imhungarian8 (small blind) folded before Flop
Seat 5: Steve18212627 (big blind) folded before Flop
Seat 6: Pippa83 collected ($2.50)



PokerStars Hand #254229299888:  Hold'em No Limit ($0.50/$1.00 USD) - 2025/01/06 16:20:22 WET [2025/01/06 11:20:22 ET]
Table 'Hyperborea II' 6-max Seat #4 is the button
Seat 1: nastja336 ($100 in chips) is sitting out
Seat 2: Philbill87 ($19.61 in chips) is sitting out
Seat 3: Dr. Fvinagre ($20 in chips) 
Seat 4: imhungarian8 ($101.22 in chips) 
Seat 5: Steve18212627 ($100.50 in chips) 
Seat 6: Pippa83 ($103 in chips) 
Steve18212627: posts small blind $0.50
Pippa83: posts big blind $1
nastja336: sits out 
*** HOLE CARDS ***
Dr. Fvinagre: folds 
imhungarian8: raises $1.50 to $2.50
Steve18212627: folds 
Pippa83: folds 
Uncalled bet ($1.50) returned to imhungarian8
imhungarian8 collected $2.50 from pot
imhungarian8: doesn't show hand 
*** SUMMARY ***
Total pot $2.50 | Rake $0 
Seat 1: nastja336
Seat 2: Philbill87
Seat 3: Dr. Fvinagre folded before Flop (didn't bet)
Seat 4: imhungarian8 (button) collected ($2.50)
Seat 5: Steve18212627 (small blind) folded before Flop
Seat 6: Pippa83 (big blind) folded before Flop



PokerStars Hand #254229304489:  Hold'em No Limit ($0.50/$1.00 USD) - 2025/01/06 16:20:40 WET [2025/01/06 11:20:40 ET]
Table 'Hyperborea II' 6-max Seat #5 is the button
Seat 1: nastja336 ($100 in chips) 
Seat 2: Philbill87 ($19.61 in chips) 
Seat 3: Dr. Fvinagre ($20 in chips) 
Seat 4: imhungarian8 ($102.72 in chips) 
Seat 5: Steve18212627 ($100 in chips) 
Seat 6: Pippa83 ($102 in chips) 
Pippa83: posts small blind $0.50
nastja336: posts big blind $1
*** HOLE CARDS ***
Philbill87: folds 
Dr. Fvinagre: folds 
imhungarian8: raises $1.30 to $2.30
Steve18212627: folds 
Pippa83: folds 
nastja336: folds 
Uncalled bet ($1.30) returned to imhungarian8
imhungarian8 collected $2.50 from pot
imhungarian8: doesn't show hand 
*** SUMMARY ***
Total pot $2.50 | Rake $0 
Seat 1: nastja336 (big blind) folded before Flop
Seat 2: Philbill87 folded before Flop (didn't bet)
Seat 3: Dr. Fvinagre folded before Flop (didn't bet)
Seat 4: imhungarian8 collected ($2.50)
Seat 5: Steve18212627 (button) folded before Flop (didn't bet)
Seat 6: Pippa83 (small blind) folded before Flop



PokerStars Hand #254229310395:  Hold'em No Limit ($0.50/$1.00 USD) - 2025/01/06 16:21:03 WET [2025/01/06 11:21:03 ET]
Table 'Hyperborea II' 6-max Seat #6 is the button
Seat 1: nastja336 ($100 in chips) 
Seat 2: Philbill87 ($19.61 in chips) 
Seat 3: Dr. Fvinagre ($20 in chips) 
Seat 4: imhungarian8 ($104.22 in chips) 
Seat 5: Steve18212627 ($100 in chips) 
Seat 6: Pippa83 ($101.50 in chips) 
nastja336: posts small blind $0.50
Philbill87: posts big blind $1
*** HOLE CARDS ***
Dr. Fvinagre: folds 
imhungarian8: folds 
Steve18212627: folds 
Pippa83: raises $1.50 to $2.50
nastja336: folds 
Philbill87 has timed out
Philbill87: folds 
Uncalled bet ($1.50) returned to Pippa83
Pippa83 collected $2.50 from pot
Pippa83: doesn't show hand 
*** SUMMARY ***
Total pot $2.50 | Rake $0 
Seat 1: nastja336 (small blind) folded before Flop
Seat 2: Philbill87 (big blind) folded before Flop
Seat 3: Dr. Fvinagre folded before Flop (didn't bet)
Seat 4: imhungarian8 folded before Flop (didn't bet)
Seat 5: Steve18212627 folded before Flop (didn't bet)
Seat 6: Pippa83 (button) collected ($2.50)



PokerStars Hand #254229319957:  Hold'em No Limit ($0.50/$1.00 USD) - 2025/01/06 16:21:41 WET [2025/01/06 11:21:41 ET]
Table 'Hyperborea II' 6-max Seat #1 is the button
Seat 1: nastja336 ($100 in chips) 
Seat 2: Philbill87 ($18.61 in chips) 
Seat 3: Dr. Fvinagre ($20 in chips) 
Seat 4: imhungarian8 ($104.22 in chips) 
Seat 5: Steve18212627 ($100 in chips) 
Seat 6: Pippa83 ($103 in chips) 
Philbill87: posts small blind $0.50
Dr. Fvinagre: posts big blind $1
*** HOLE CARDS ***
imhungarian8: folds 
Steve18212627: raises $2 to $3
Pippa83: folds 
nastja336: folds 
Philbill87: folds 
Dr. Fvinagre: folds 
Uncalled bet ($2) returned to Steve18212627
Steve18212627 collected $2.50 from pot
*** SUMMARY ***
Total pot $2.50 | Rake $0 
Seat 1: nastja336 (button) folded before Flop (didn't bet)
Seat 2: Philbill87 (small blind) folded before Flop
Seat 3: Dr. Fvinagre (big blind) folded before Flop
Seat 4: imhungarian8 folded before Flop (didn't bet)
Seat 5: Steve18212627 collected ($2.50)
Seat 6: Pippa83 folded before Flop (didn't bet)



PokerStars Hand #254229327658:  Hold'em No Limit ($0.50/$1.00 USD) - 2025/01/06 16:22:12 WET [2025/01/06 11:22:12 ET]
Table 'Hyperborea II' 6-max Seat #2 is the button
Seat 1: nastja336 ($100 in chips) 
Seat 2: Philbill87 ($18.11 in chips) 
Seat 3: Dr. Fvinagre ($19 in chips) 
Seat 4: imhungarian8 ($104.22 in chips) 
Seat 5: Steve18212627 ($101.50 in chips) 
Seat 6: Pippa83 ($103 in chips) 
Dr. Fvinagre: posts small blind $0.50
imhungarian8: posts big blind $1
*** HOLE CARDS ***
Steve18212627: folds 
Pippa83: folds 
nastja336: folds 
Philbill87: calls $1
Dr. Fvinagre: calls $0.50
imhungarian8: raises $4 to $5
Philbill87: folds 
Dr. Fvinagre: calls $4
*** FLOP *** [8s 9d Qc]
Dr. Fvinagre: checks 
imhungarian8: checks 
*** TURN *** [8s 9d Qc] [Tc]
Dr. Fvinagre: checks 
imhungarian8: bets $3.14
Dr. Fvinagre: folds 
Uncalled bet ($3.14) returned to imhungarian8
imhungarian8 collected $10.45 from pot
imhungarian8: doesn't show hand 
*** SUMMARY ***
Total pot $11 | Rake $0.55 
Board [8s 9d Qc Tc]
Seat 1: nastja336 folded before Flop (didn't bet)
Seat 2: Philbill87 (button) folded before Flop
Seat 3: Dr. Fvinagre (small blind) folded on the Turn
Seat 4: imhungarian8 (big blind) collected ($10.45)
Seat 5: Steve18212627 folded before Flop (didn't bet)
Seat 6: Pippa83 folded before Flop (didn't bet)



PokerStars Hand #254229343020:  Hold'em No Limit ($0.50/$1.00 USD) - 2025/01/06 16:23:12 WET [2025/01/06 11:23:12 ET]
Table 'Hyperborea II' 6-max Seat #3 is the button
Seat 1: nastja336 ($100 in chips) 
Seat 2: Philbill87 ($17.11 in chips) 
Seat 3: Dr. Fvinagre ($14 in chips) 
Seat 4: imhungarian8 ($109.67 in chips) 
Seat 5: Steve18212627 ($101.50 in chips) 
Seat 6: Pippa83 ($103 in chips) 
imhungarian8: posts small blind $0.50
Steve18212627: posts big blind $1
*** HOLE CARDS ***
Pippa83: raises $1.20 to $2.20
nastja336: folds 
Philbill87: folds 
Dr. Fvinagre: folds 
imhungarian8: folds 
Steve18212627: folds 
Uncalled bet ($1.20) returned to Pippa83
Pippa83 collected $2.50 from pot
Pippa83: doesn't show hand 
*** SUMMARY ***
Total pot $2.50 | Rake $0 
Seat 1: nastja336 folded before Flop (didn't bet)
Seat 2: Philbill87 folded before Flop (didn't bet)
Seat 3: Dr. Fvinagre (button) folded before Flop (didn't bet)
Seat 4: imhungarian8 (small blind) folded before Flop
Seat 5: Steve18212627 (big blind) folded before Flop
Seat 6: Pippa83 collected ($2.50)



PokerStars Hand #254229348683:  Hold'em No Limit ($0.50/$1.00 USD) - 2025/01/06 16:23:35 WET [2025/01/06 11:23:35 ET]
Table 'Hyperborea II' 6-max Seat #4 is the button
Seat 1: nastja336 ($100 in chips) 
Seat 2: Philbill87 ($17.11 in chips) 
Seat 3: Dr. Fvinagre ($14 in chips) 
Seat 4: imhungarian8 ($109.17 in chips) 
Seat 5: Steve18212627 ($100.50 in chips) 
Seat 6: Pippa83 ($104.50 in chips) 
Steve18212627: posts small blind $0.50
Pippa83: posts big blind $1
*** HOLE CARDS ***
nastja336: folds 
Philbill87 has timed out
Philbill87: folds 
Philbill87 is disconnected 
Dr. Fvinagre: raises $13 to $14 and is all-in
imhungarian8: folds 
Steve18212627: folds 
Pippa83: folds 
Uncalled bet ($13) returned to Dr. Fvinagre
Dr. Fvinagre collected $2.50 from pot
*** SUMMARY ***
Total pot $2.50 | Rake $0 
Seat 1: nastja336 folded before Flop (didn't bet)
Seat 2: Philbill87 folded before Flop (didn't bet)
Seat 3: Dr. Fvinagre collected ($2.50)
Seat 4: imhungarian8 (button) folded before Flop (didn't bet)
Seat 5: Steve18212627 (small blind) folded before Flop
Seat 6: Pippa83 (big blind) folded before Flop



PokerStars Hand #254229357926:  Hold'em No Limit ($0.50/$1.00 USD) - 2025/01/06 16:24:12 WET [2025/01/06 11:24:12 ET]
Table 'Hyperborea II' 6-max Seat #5 is the button
Seat 2: Philbill87 ($17.11 in chips) is sitting out
Seat 1: nastja336 ($100 in chips) 
Seat 3: Dr. Fvinagre ($15.50 in chips) 
Seat 4: imhungarian8 ($109.17 in chips) 
Seat 5: Steve18212627 ($100 in chips) 
Seat 6: Pippa83 ($103.50 in chips) 
Pippa83: posts small blind $0.50
nastja336: posts big blind $1
*** HOLE CARDS ***
Dr. Fvinagre: raises $14.50 to $15.50 and is all-in
imhungarian8: folds 
Steve18212627: folds 
Pippa83: folds 
nastja336: folds 
Uncalled bet ($14.50) returned to Dr. Fvinagre
Dr. Fvinagre collected $2.50 from pot
*** SUMMARY ***
Total pot $2.50 | Rake $0 
Seat 2: Philbill87
Seat 1: nastja336 (big blind) folded before Flop
Seat 3: Dr. Fvinagre collected ($2.50)
Seat 4: imhungarian8 folded before Flop (didn't bet)
Seat 5: Steve18212627 (button) folded before Flop (didn't bet)
Seat 6: Pippa83 (small blind) folded before Flop



PokerStars Hand #254229364632:  Hold'em No Limit ($0.50/$1.00 USD) - 2025/01/06 16:24:39 WET [2025/01/06 11:24:39 ET]
Table 'Hyperborea II' 6-max Seat #6 is the button
Seat 2: Philbill87 ($17.11 in chips) is sitting out
Seat 1: nastja336 ($100 in chips) 
Seat 3: Dr. Fvinagre ($17 in chips) 
Seat 4: imhungarian8 ($109.17 in chips) 
Seat 5: Steve18212627 ($100 in chips) 
Seat 6: Pippa83 ($103 in chips) 
nastja336: posts small blind $0.50
Dr. Fvinagre: posts big blind $1
*** HOLE CARDS ***
imhungarian8: folds 
Steve18212627: folds 
Pippa83: folds 
nastja336: folds 
Uncalled bet ($0.50) returned to Dr. Fvinagre
Dr. Fvinagre collected $1 from pot
*** SUMMARY ***
Total pot $1 | Rake $0 
Seat 2: Philbill87
Seat 1: nastja336 (small blind) folded before Flop
Seat 3: Dr. Fvinagre (big blind) collected ($1)
Seat 4: imhungarian8 folded before Flop (didn't bet)
Seat 5: Steve18212627 folded before Flop (didn't bet)
Seat 6: Pippa83 (button) folded before Flop (didn't bet)



PokerStars Hand #254229368040:  Hold'em No Limit ($0.50/$1.00 USD) - 2025/01/06 16:24:53 WET [2025/01/06 11:24:53 ET]
Table 'Hyperborea II' 6-max Seat #1 is the button
Seat 2: Philbill87 ($17.11 in chips) is sitting out
Seat 1: nastja336 ($100 in chips) 
Seat 3: Dr. Fvinagre ($17.50 in chips) 
Seat 4: imhungarian8 ($109.17 in chips) 
Seat 5: Steve18212627 ($100 in chips) 
Seat 6: Pippa83 ($103 in chips) 
Dr. Fvinagre: posts small blind $0.50
imhungarian8: posts big blind $1
*** HOLE CARDS ***
Steve18212627: folds 
Pippa83: raises $1.50 to $2.50
nastja336: folds 
Dr. Fvinagre: folds 
imhungarian8: calls $1.50
*** FLOP *** [Qc Ks Qs]
imhungarian8: checks 
Pippa83: bets $1.04
imhungarian8: folds 
Uncalled bet ($1.04) returned to Pippa83
Pippa83 collected $5.22 from pot
Pippa83: doesn't show hand 
*** SUMMARY ***
Total pot $5.50 | Rake $0.28 
Board [Qc Ks Qs]
Seat 2: Philbill87
Seat 1: nastja336 (button) folded before Flop (didn't bet)
Seat 3: Dr. Fvinagre (small blind) folded before Flop
Seat 4: imhungarian8 (big blind) folded on the Flop
Seat 5: Steve18212627 folded before Flop (didn't bet)
Seat 6: Pippa83 collected ($5.22)



PokerStars Hand #254229378759:  Hold'em No Limit ($0.50/$1.00 USD) - 2025/01/06 16:25:36 WET [2025/01/06 11:25:36 ET]
Table 'Hyperborea II' 6-max Seat #3 is the button
Seat 1: nastja336 ($100 in chips) 
Seat 2: Philbill87 ($17.11 in chips) 
Seat 3: Dr. Fvinagre ($17 in chips) 
Seat 4: imhungarian8 ($106.67 in chips) 
Seat 5: Steve18212627 ($100 in chips) 
Seat 6: Pippa83 ($105.72 in chips) 
imhungarian8: posts small blind $0.50
Steve18212627: posts big blind $1
Philbill87: posts small & big blinds $1.50
*** HOLE CARDS ***
Pippa83: folds 
nastja336: folds 
Philbill87: checks 
Dr. Fvinagre: folds 
imhungarian8: folds 
Steve18212627: checks 
*** FLOP *** [4h Js 2d]
Steve18212627: checks 
Philbill87: bets $2
Steve18212627: folds 
Uncalled bet ($2) returned to Philbill87
Philbill87 collected $2.85 from pot
*** SUMMARY ***
Total pot $3 | Rake $0.15 
Board [4h Js 2d]
Seat 1: nastja336 folded before Flop (didn't bet)
Seat 2: Philbill87 collected ($2.85)
Seat 3: Dr. Fvinagre (button) folded before Flop (didn't bet)
Seat 4: imhungarian8 (small blind) folded before Flop
Seat 5: Steve18212627 (big blind) folded on the Flop
Seat 6: Pippa83 folded before Flop (didn't bet)



PokerStars Hand #254229388729:  Hold'em No Limit ($0.50/$1.00 USD) - 2025/01/06 16:26:15 WET [2025/01/06 11:26:15 ET]
Table 'Hyperborea II' 6-max Seat #4 is the button
Seat 1: nastja336 ($100 in chips) 
Seat 2: Philbill87 ($18.46 in chips) 
Seat 3: Dr. Fvinagre ($17 in chips) 
Seat 4: imhungarian8 ($106.17 in chips) 
Seat 5: Steve18212627 ($100 in chips) 
Seat 6: Pippa83 ($105.72 in chips) 
Steve18212627: posts small blind $0.50
Pippa83: posts big blind $1
*** HOLE CARDS ***
nastja336: folds 
Philbill87: folds 
Dr. Fvinagre: raises $1 to $2
imhungarian8: folds 
Steve18212627: folds 
Pippa83: raises $33 to $35
Dr. Fvinagre: folds 
Uncalled bet ($33) returned to Pippa83
Pippa83 collected $4.50 from pot
Pippa83: doesn't show hand 
*** SUMMARY ***
Total pot $4.50 | Rake $0 
Seat 1: nastja336 folded before Flop (didn't bet)
Seat 2: Philbill87 folded before Flop (didn't bet)
Seat 3: Dr. Fvinagre folded before Flop
Seat 4: imhungarian8 (button) folded before Flop (didn't bet)
Seat 5: Steve18212627 (small blind) folded before Flop
Seat 6: Pippa83 (big blind) collected ($4.50)



PokerStars Hand #254229395636:  Hold'em No Limit ($0.50/$1.00 USD) - 2025/01/06 16:26:43 WET [2025/01/06 11:26:43 ET]
Table 'Hyperborea II' 6-max Seat #5 is the button
Seat 1: nastja336 ($100 in chips) 
Seat 2: Philbill87 ($18.46 in chips) 
Seat 3: Dr. Fvinagre ($15 in chips) 
Seat 4: imhungarian8 ($106.17 in chips) 
Seat 5: Steve18212627 ($100 in chips) 
Seat 6: Pippa83 ($108.22 in chips) 
Pippa83: posts small blind $0.50
nastja336: posts big blind $1
*** HOLE CARDS ***
Philbill87: folds 
Dr. Fvinagre: folds 
imhungarian8: folds 
Steve18212627: raises $2 to $3
Pippa83: folds 
nastja336: folds 
Uncalled bet ($2) returned to Steve18212627
Steve18212627 collected $2.50 from pot
*** SUMMARY ***
Total pot $2.50 | Rake $0 
Seat 1: nastja336 (big blind) folded before Flop
Seat 2: Philbill87 folded before Flop (didn't bet)
Seat 3: Dr. Fvinagre folded before Flop (didn't bet)
Seat 4: imhungarian8 folded before Flop (didn't bet)
Seat 5: Steve18212627 (button) collected ($2.50)
Seat 6: Pippa83 (small blind) folded before Flop



PokerStars Hand #254229400157:  Hold'em No Limit ($0.50/$1.00 USD) - 2025/01/06 16:27:01 WET [2025/01/06 11:27:01 ET]
Table 'Hyperborea II' 6-max Seat #6 is the button
Seat 1: nastja336 ($100 in chips) 
Seat 2: Philbill87 ($18.46 in chips) 
Seat 3: Dr. Fvinagre ($15 in chips) 
Seat 4: imhungarian8 ($106.17 in chips) 
Seat 5: Steve18212627 ($101.50 in chips) 
Seat 6: Pippa83 ($107.72 in chips) 
nastja336: posts small blind $0.50
Philbill87: posts big blind $1
*** HOLE CARDS ***
Dr. Fvinagre: folds 
imhungarian8: folds 
Steve18212627: folds 
Pippa83: raises $1.50 to $2.50
nastja336: folds 
Philbill87: folds 
Uncalled bet ($1.50) returned to Pippa83
Pippa83 collected $2.50 from pot
Pippa83: doesn't show hand 
*** SUMMARY ***
Total pot $2.50 | Rake $0 
Seat 1: nastja336 (small blind) folded before Flop
Seat 2: Philbill87 (big blind) folded before Flop
Seat 3: Dr. Fvinagre folded before Flop (didn't bet)
Seat 4: imhungarian8 folded before Flop (didn't bet)
Seat 5: Steve18212627 folded before Flop (didn't bet)
Seat 6: Pippa83 (button) collected ($2.50)



PokerStars Hand #254229406306:  Hold'em No Limit ($0.50/$1.00 USD) - 2025/01/06 16:27:26 WET [2025/01/06 11:27:26 ET]
Table 'Hyperborea II' 6-max Seat #1 is the button
Seat 1: nastja336 ($100 in chips) 
Seat 2: Philbill87 ($17.46 in chips) 
Seat 3: Dr. Fvinagre ($15 in chips) 
Seat 4: imhungarian8 ($106.17 in chips) 
Seat 5: Steve18212627 ($101.50 in chips) 
Seat 6: Pippa83 ($109.22 in chips) 
Philbill87: posts small blind $0.50
Dr. Fvinagre: posts big blind $1
*** HOLE CARDS ***
imhungarian8: folds 
Steve18212627: folds 
Pippa83: folds 
nastja336: folds 
Philbill87: raises $2 to $3
Dr. Fvinagre: folds 
Uncalled bet ($2) returned to Philbill87
Philbill87 collected $2 from pot
Philbill87: doesn't show hand 
*** SUMMARY ***
Total pot $2 | Rake $0 
Seat 1: nastja336 (button) folded before Flop (didn't bet)
Seat 2: Philbill87 (small blind) collected ($2)
Seat 3: Dr. Fvinagre (big blind) folded before Flop
Seat 4: imhungarian8 folded before Flop (didn't bet)
Seat 5: Steve18212627 folded before Flop (didn't bet)
Seat 6: Pippa83 folded before Flop (didn't bet)



PokerStars Hand #254229411917:  Hold'em No Limit ($0.50/$1.00 USD) - 2025/01/06 16:27:48 WET [2025/01/06 11:27:48 ET]
Table 'Hyperborea II' 6-max Seat #2 is the button
Seat 1: nastja336 ($100 in chips) 
Seat 2: Philbill87 ($18.46 in chips) 
Seat 3: Dr. Fvinagre ($14 in chips) 
Seat 4: imhungarian8 ($106.17 in chips) 
Seat 5: Steve18212627 ($101.50 in chips) 
Seat 6: Pippa83 ($109.22 in chips) 
Dr. Fvinagre: posts small blind $0.50
imhungarian8: posts big blind $1
*** HOLE CARDS ***
Steve18212627: raises $1 to $2
Pippa83: raises $4.50 to $6.50
nastja336: folds 
Philbill87: folds 
Dr. Fvinagre: folds 
imhungarian8: folds 
Steve18212627: calls $4.50
*** FLOP *** [8d 4h Kh]
Steve18212627: checks 
Pippa83: bets $4.55
Steve18212627: folds 
Uncalled bet ($4.55) returned to Pippa83
Pippa83 collected $13.78 from pot
Pippa83: doesn't show hand 
*** SUMMARY ***
Total pot $14.50 | Rake $0.72 
Board [8d 4h Kh]
Seat 1: nastja336 folded before Flop (didn't bet)
Seat 2: Philbill87 (button) folded before Flop (didn't bet)
Seat 3: Dr. Fvinagre (small blind) folded before Flop
Seat 4: imhungarian8 (big blind) folded before Flop
Seat 5: Steve18212627 folded on the Flop
Seat 6: Pippa83 collected ($13.78)



PokerStars Hand #254229431522:  Hold'em No Limit ($0.50/$1.00 USD) - 2025/01/06 16:29:07 WET [2025/01/06 11:29:07 ET]
Table 'Hyperborea II' 6-max Seat #3 is the button
Seat 1: nastja336 ($100 in chips) 
Seat 2: Philbill87 ($18.46 in chips) 
Seat 3: Dr. Fvinagre ($13.50 in chips) 
Seat 4: imhungarian8 ($105.17 in chips) 
Seat 5: Steve18212627 ($100 in chips) 
Seat 6: Pippa83 ($116.50 in chips) 
imhungarian8: posts small blind $0.50
Steve18212627: posts big blind $1
*** HOLE CARDS ***
Pippa83: folds 
nastja336: folds 
Philbill87: folds 
Dr. Fvinagre: folds 
imhungarian8: raises $1.70 to $2.70
Steve18212627: calls $1.70
*** FLOP *** [9c 4h Kc]
imhungarian8: bets $1.54
Steve18212627: calls $1.54
*** TURN *** [9c 4h Kc] [2h]
imhungarian8: checks 
Steve18212627: checks 
*** RIVER *** [9c 4h Kc 2h] [4d]
imhungarian8: bets $12.09
Steve18212627: calls $12.09
*** SHOW DOWN ***
imhungarian8: shows [8d 7d] (a pair of Fours)
Steve18212627: shows [Ad 9d] (two pair, Nines and Fours)
Steve18212627 collected $31.03 from pot
*** SUMMARY ***
Total pot $32.66 | Rake $1.63 
Board [9c 4h Kc 2h 4d]
Seat 1: nastja336 folded before Flop (didn't bet)
Seat 2: Philbill87 folded before Flop (didn't bet)
Seat 3: Dr. Fvinagre (button) folded before Flop (didn't bet)
Seat 4: imhungarian8 (small blind) showed [8d 7d] and lost with a pair of Fours
Seat 5: Steve18212627 (big blind) showed [Ad 9d] and won ($31.03) with two pair, Nines and Fours
Seat 6: Pippa83 folded before Flop (didn't bet)



PokerStars Hand #254229448716:  Hold'em No Limit ($0.50/$1.00 USD) - 2025/01/06 16:30:14 WET [2025/01/06 11:30:14 ET]
Table 'Hyperborea II' 6-max Seat #4 is the button
Seat 1: nastja336 ($100 in chips) 
Seat 2: Philbill87 ($18.46 in chips) 
Seat 3: Dr. Fvinagre ($13.50 in chips) 
Seat 4: imhungarian8 ($100 in chips) 
Seat 5: Steve18212627 ($114.70 in chips) 
Seat 6: Pippa83 ($116.50 in chips) 
Steve18212627: posts small blind $0.50
Pippa83: posts big blind $1
*** HOLE CARDS ***
nastja336: raises $1.50 to $2.50
Philbill87: calls $2.50
Dr. Fvinagre: folds 
imhungarian8: calls $2.50
Steve18212627: folds 
Pippa83: folds 
*** FLOP *** [3s 8s Tc]
nastja336: checks 
Philbill87: checks 
imhungarian8: checks 
*** TURN *** [3s 8s Tc] [5c]
nastja336: checks 
Philbill87: bets $15.96 and is all-in
imhungarian8: folds 
nastja336: folds 
Uncalled bet ($15.96) returned to Philbill87
Philbill87 collected $8.55 from pot
Philbill87: doesn't show hand 
*** SUMMARY ***
Total pot $9 | Rake $0.45 
Board [3s 8s Tc 5c]
Seat 1: nastja336 folded on the Turn
Seat 2: Philbill87 collected ($8.55)
Seat 3: Dr. Fvinagre folded before Flop (didn't bet)
Seat 4: imhungarian8 (button) folded on the Turn
Seat 5: Steve18212627 (small blind) folded before Flop
Seat 6: Pippa83 (big blind) folded before Flop



PokerStars Hand #254229466111:  Hold'em No Limit ($0.50/$1.00 USD) - 2025/01/06 16:31:22 WET [2025/01/06 11:31:22 ET]
Table 'Hyperborea II' 6-max Seat #5 is the button
Seat 1: nastja336 ($100 in chips) 
Seat 2: Philbill87 ($24.51 in chips) 
Seat 3: Dr. Fvinagre ($13.50 in chips) 
Seat 4: imhungarian8 ($100 in chips) 
Seat 5: Steve18212627 ($114.20 in chips) 
Seat 6: Pippa83 ($115.50 in chips) 
Pippa83: posts small blind $0.50
nastja336: posts big blind $1
*** HOLE CARDS ***
Philbill87: folds 
Dr. Fvinagre: folds 
imhungarian8: folds 
Steve18212627: folds 
Pippa83: raises $2 to $3
nastja336: calls $2
*** FLOP *** [7s Ts Ks]
Pippa83: bets $1.14
nastja336: calls $1.14
*** TURN *** [7s Ts Ks] [Ac]
Pippa83: checks 
nastja336: checks 
*** RIVER *** [7s Ts Ks Ac] [2s]
Pippa83: checks 
nastja336: checks 
*** SHOW DOWN ***
Pippa83: shows [3h 3d] (a pair of Threes)
nastja336: shows [Td Jh] (a pair of Tens)
nastja336 collected $7.87 from pot
*** SUMMARY ***
Total pot $8.28 | Rake $0.41 
Board [7s Ts Ks Ac 2s]
Seat 1: nastja336 (big blind) showed [Td Jh] and won ($7.87) with a pair of Tens
Seat 2: Philbill87 folded before Flop (didn't bet)
Seat 3: Dr. Fvinagre folded before Flop (didn't bet)
Seat 4: imhungarian8 folded before Flop (didn't bet)
Seat 5: Steve18212627 (button) folded before Flop (didn't bet)
Seat 6: Pippa83 (small blind) showed [3h 3d] and lost with a pair of Threes



PokerStars Hand #254229483693:  Hold'em No Limit ($0.50/$1.00 USD) - 2025/01/06 16:32:29 WET [2025/01/06 11:32:29 ET]
Table 'Hyperborea II' 6-max Seat #6 is the button
Seat 1: nastja336 ($103.73 in chips) 
Seat 2: Philbill87 ($24.51 in chips) 
Seat 3: Dr. Fvinagre ($13.50 in chips) 
Seat 4: imhungarian8 ($100 in chips) 
Seat 5: Steve18212627 ($114.20 in chips) 
Seat 6: Pippa83 ($111.36 in chips) 
nastja336: posts small blind $0.50
Philbill87: posts big blind $1
*** HOLE CARDS ***
Dr. Fvinagre: folds 
imhungarian8: folds 
Steve18212627: folds 
Pippa83: raises $1.50 to $2.50
nastja336: folds 
Philbill87: folds 
Uncalled bet ($1.50) returned to Pippa83
Pippa83 collected $2.50 from pot
Pippa83: doesn't show hand 
*** SUMMARY ***
Total pot $2.50 | Rake $0 
Seat 1: nastja336 (small blind) folded before Flop
Seat 2: Philbill87 (big blind) folded before Flop
Seat 3: Dr. Fvinagre folded before Flop (didn't bet)
Seat 4: imhungarian8 folded before Flop (didn't bet)
Seat 5: Steve18212627 folded before Flop (didn't bet)
Seat 6: Pippa83 (button) collected ($2.50)



PokerStars Hand #254229489988:  Hold'em No Limit ($0.50/$1.00 USD) - 2025/01/06 16:32:53 WET [2025/01/06 11:32:53 ET]
Table 'Hyperborea II' 6-max Seat #1 is the button
Seat 1: nastja336 ($103.23 in chips) 
Seat 2: Philbill87 ($23.51 in chips) 
Seat 3: Dr. Fvinagre ($13.50 in chips) 
Seat 4: imhungarian8 ($100 in chips) 
Seat 5: Steve18212627 ($114.20 in chips) 
Seat 6: Pippa83 ($112.86 in chips) 
Philbill87: posts small blind $0.50
Dr. Fvinagre: posts big blind $1
*** HOLE CARDS ***
imhungarian8: folds 
Steve18212627: folds 
Pippa83: folds 
nastja336: raises $1.50 to $2.50
Philbill87: calls $2
Dr. Fvinagre: folds 
*** FLOP *** [Ac Kh 7d]
Philbill87: checks 
nastja336: bets $1.88
Philbill87: folds 
Uncalled bet ($1.88) returned to nastja336
nastja336 collected $5.70 from pot
nastja336: doesn't show hand 
*** SUMMARY ***
Total pot $6 | Rake $0.30 
Board [Ac Kh 7d]
Seat 1: nastja336 (button) collected ($5.70)
Seat 2: Philbill87 (small blind) folded on the Flop
Seat 3: Dr. Fvinagre (big blind) folded before Flop
Seat 4: imhungarian8 folded before Flop (didn't bet)
Seat 5: Steve18212627 folded before Flop (didn't bet)
Seat 6: Pippa83 folded before Flop (didn't bet)



PokerStars Hand #254229499408:  Hold'em No Limit ($0.50/$1.00 USD) - 2025/01/06 16:33:30 WET [2025/01/06 11:33:30 ET]
Table 'Hyperborea II' 6-max Seat #2 is the button
Seat 1: nastja336 ($106.43 in chips) 
Seat 2: Philbill87 ($21.01 in chips) 
Seat 3: Dr. Fvinagre ($12.50 in chips) 
Seat 4: imhungarian8 ($100 in chips) 
Seat 5: Steve18212627 ($114.20 in chips) 
Seat 6: Pippa83 ($112.86 in chips) 
Dr. Fvinagre: posts small blind $0.50
imhungarian8: posts big blind $1
*** HOLE CARDS ***
Steve18212627: folds 
Pippa83: folds 
nastja336: raises $1.50 to $2.50
Philbill87: folds 
Dr. Fvinagre: raises $10 to $12.50 and is all-in
imhungarian8: folds 
nastja336: calls $10
*** FLOP *** [2d 5h Qs]
*** TURN *** [2d 5h Qs] [Ks]
*** RIVER *** [2d 5h Qs Ks] [Jd]
*** SHOW DOWN ***
Dr. Fvinagre: shows [Ts Tc] (a pair of Tens)
nastja336: shows [As Kd] (a pair of Kings)
nastja336 collected $24.70 from pot
*** SUMMARY ***
Total pot $26 | Rake $1.30 
Board [2d 5h Qs Ks Jd]
Seat 1: nastja336 showed [As Kd] and won ($24.70) with a pair of Kings
Seat 2: Philbill87 (button) folded before Flop (didn't bet)
Seat 3: Dr. Fvinagre (small blind) showed [Ts Tc] and lost with a pair of Tens
Seat 4: imhungarian8 (big blind) folded before Flop
Seat 5: Steve18212627 folded before Flop (didn't bet)
Seat 6: Pippa83 folded before Flop (didn't bet)



PokerStars Hand #254229510680:  Hold'em No Limit ($0.50/$1.00 USD) - 2025/01/06 16:34:13 WET [2025/01/06 11:34:13 ET]
Table 'Hyperborea II' 6-max Seat #4 is the button
Seat 3: Dr. Fvinagre ($0 in chips) is sitting out
Seat 1: nastja336 ($118.63 in chips) 
Seat 2: Philbill87 ($21.01 in chips) 
Seat 4: imhungarian8 ($100 in chips) 
Seat 5: Steve18212627 ($114.20 in chips) 
Seat 6: Pippa83 ($112.86 in chips) 
Steve18212627: posts small blind $0.50
Pippa83: posts big blind $1
*** HOLE CARDS ***
nastja336: folds 
Philbill87: folds 
imhungarian8: raises $1.50 to $2.50
Steve18212627: folds 
Pippa83: folds 
Uncalled bet ($1.50) returned to imhungarian8
imhungarian8 collected $2.50 from pot
imhungarian8: doesn't show hand 
*** SUMMARY ***
Total pot $2.50 | Rake $0 
Seat 3: Dr. Fvinagre
Seat 1: nastja336 folded before Flop (didn't bet)
Seat 2: Philbill87 folded before Flop (didn't bet)
Seat 4: imhungarian8 (button) collected ($2.50)
Seat 5: Steve18212627 (small blind) folded before Flop
Seat 6: Pippa83 (big blind) folded before Flop



PokerStars Hand #254229515108:  Hold'em No Limit ($0.50/$1.00 USD) - 2025/01/06 16:34:30 WET [2025/01/06 11:34:30 ET]
Table 'Hyperborea II' 6-max Seat #5 is the button
Seat 1: nastja336 ($118.63 in chips) 
Seat 2: Philbill87 ($21.01 in chips) 
Seat 3: Dr. Fvinagre ($19.93 in chips) 
Seat 4: imhungarian8 ($101.50 in chips) 
Seat 5: Steve18212627 ($113.70 in chips) 
Seat 6: Pippa83 ($111.86 in chips) 
Pippa83: posts small blind $0.50
nastja336: posts big blind $1
*** HOLE CARDS ***
Philbill87: folds 
Dr. Fvinagre has timed out
Dr. Fvinagre: folds 
imhungarian8: folds 
Steve18212627: raises $2 to $3
Pippa83: folds 
nastja336: calls $2
*** FLOP *** [Tc Qc Ks]
nastja336: checks 
Steve18212627: checks 
*** TURN *** [Tc Qc Ks] [5c]
nastja336: checks 
Steve18212627: checks 
*** RIVER *** [Tc Qc Ks 5c] [Ah]
nastja336: checks 
Steve18212627: checks 
*** SHOW DOWN ***
nastja336: shows [Kh 9c] (a pair of Kings)
Steve18212627: mucks hand 
nastja336 collected $6.18 from pot
*** SUMMARY ***
Total pot $6.50 | Rake $0.32 
Board [Tc Qc Ks 5c Ah]
Seat 1: nastja336 (big blind) showed [Kh 9c] and won ($6.18) with a pair of Kings
Seat 2: Philbill87 folded before Flop (didn't bet)
Seat 3: Dr. Fvinagre folded before Flop (didn't bet)
Seat 4: imhungarian8 folded before Flop (didn't bet)
Seat 5: Steve18212627 (button) mucked
Seat 6: Pippa83 (small blind) folded before Flop



PokerStars Hand #254229545782:  Hold'em No Limit ($0.50/$1.00 USD) - 2025/01/06 16:36:28 WET [2025/01/06 11:36:28 ET]
Table 'Hyperborea II' 6-max Seat #6 is the button
Seat 1: nastja336 ($121.81 in chips) 
Seat 2: Philbill87 ($21.01 in chips) 
Seat 3: Dr. Fvinagre ($19.93 in chips) 
Seat 4: imhungarian8 ($101.50 in chips) 
Seat 5: Steve18212627 ($110.70 in chips) 
Seat 6: Pippa83 ($111.36 in chips) 
nastja336: posts small blind $0.50
Philbill87: posts big blind $1
*** HOLE CARDS ***
Dr. Fvinagre has timed out
Dr. Fvinagre: folds 
imhungarian8: folds 
Steve18212627: folds 
Pippa83: folds 
nastja336: raises $2 to $3
Philbill87: calls $2
*** FLOP *** [Jh Kd Jc]
Dr. Fvinagre is disconnected 
nastja336: bets $1.88
Philbill87: raises $3.88 to $5.76
nastja336: folds 
Uncalled bet ($3.88) returned to Philbill87
Philbill87 collected $9.27 from pot
*** SUMMARY ***
Total pot $9.76 | Rake $0.49 
Board [Jh Kd Jc]
Seat 1: nastja336 (small blind) folded on the Flop
Seat 2: Philbill87 (big blind) collected ($9.27)
Seat 3: Dr. Fvinagre folded before Flop (didn't bet)
Seat 4: imhungarian8 folded before Flop (didn't bet)
Seat 5: Steve18212627 folded before Flop (didn't bet)
Seat 6: Pippa83 (button) folded before Flop (didn't bet)



PokerStars Hand #254229560261:  Hold'em No Limit ($0.50/$1.00 USD) - 2025/01/06 16:37:23 WET [2025/01/06 11:37:23 ET]
Table 'Hyperborea II' 6-max Seat #1 is the button
Seat 3: Dr. Fvinagre ($19.93 in chips) is sitting out
Seat 1: nastja336 ($116.93 in chips) 
Seat 2: Philbill87 ($25.40 in chips) 
Seat 4: imhungarian8 ($101.50 in chips) 
Seat 5: Steve18212627 ($110.70 in chips) 
Seat 6: Pippa83 ($111.36 in chips) 
Philbill87: posts small blind $0.50
imhungarian8: posts big blind $1
*** HOLE CARDS ***
Steve18212627: folds 
Pippa83: folds 
nastja336: raises $1.50 to $2.50
Philbill87: folds 
imhungarian8: folds 
Uncalled bet ($1.50) returned to nastja336
nastja336 collected $2.50 from pot
nastja336: doesn't show hand 
*** SUMMARY ***
Total pot $2.50 | Rake $0 
Seat 3: Dr. Fvinagre
Seat 1: nastja336 (button) collected ($2.50)
Seat 2: Philbill87 (small blind) folded before Flop
Seat 4: imhungarian8 (big blind) folded before Flop
Seat 5: Steve18212627 folded before Flop (didn't bet)
Seat 6: Pippa83 folded before Flop (didn't bet)



PokerStars Hand #254229565200:  Hold'em No Limit ($0.50/$1.00 USD) - 2025/01/06 16:37:42 WET [2025/01/06 11:37:42 ET]
Table 'Hyperborea II' 6-max Seat #2 is the button
Seat 3: Dr. Fvinagre ($19.93 in chips) is sitting out
Seat 1: nastja336 ($118.43 in chips) 
Seat 2: Philbill87 ($24.90 in chips) 
Seat 4: imhungarian8 ($100.50 in chips) 
Seat 5: Steve18212627 ($110.70 in chips) 
Seat 6: Pippa83 ($111.36 in chips) 
imhungarian8: posts small blind $0.50
Steve18212627: posts big blind $1
*** HOLE CARDS ***
Pippa83: folds 
nastja336: raises $1.50 to $2.50
Philbill87: folds 
imhungarian8: folds 
Steve18212627: folds 
Uncalled bet ($1.50) returned to nastja336
nastja336 collected $2.50 from pot
nastja336: doesn't show hand 
*** SUMMARY ***
Total pot $2.50 | Rake $0 
Seat 3: Dr. Fvinagre
Seat 1: nastja336 collected ($2.50)
Seat 2: Philbill87 (button) folded before Flop (didn't bet)
Seat 4: imhungarian8 (small blind) folded before Flop
Seat 5: Steve18212627 (big blind) folded before Flop
Seat 6: Pippa83 folded before Flop (didn't bet)



PokerStars Hand #254229572461:  Hold'em No Limit ($0.50/$1.00 USD) - 2025/01/06 16:38:10 WET [2025/01/06 11:38:10 ET]
Table 'Hyperborea II' 6-max Seat #4 is the button
Seat 3: Dr. Fvinagre ($19.93 in chips) is sitting out
Seat 1: nastja336 ($119.93 in chips) 
Seat 2: Philbill87 ($24.90 in chips) 
Seat 4: imhungarian8 ($100 in chips) 
Seat 5: Steve18212627 ($109.70 in chips) 
Seat 6: Pippa83 ($111.36 in chips) 
Steve18212627: posts small blind $0.50
Pippa83: posts big blind $1
Dr. Fvinagre: sits out 
*** HOLE CARDS ***
nastja336: raises $1.50 to $2.50
Philbill87: folds 
imhungarian8: folds 
Steve18212627: folds 
Pippa83: calls $1.50
*** FLOP *** [3c 2d Kh]
Pippa83: checks 
nastja336: bets $1.72
Pippa83: raises $3.78 to $5.50
nastja336: calls $3.78
*** TURN *** [3c 2d Kh] [3h]
Pippa83: checks 
nastja336: bets $5.17
Pippa83: calls $5.17
*** RIVER *** [3c 2d Kh 3h] [Kd]
Pippa83: checks 
nastja336: checks 
*** SHOW DOWN ***
Pippa83: shows [3d 3s] (four of a kind, Threes)
nastja336: mucks hand 
Pippa83 collected $25.50 from pot
*** SUMMARY ***
Total pot $26.84 | Rake $1.34 
Board [3c 2d Kh 3h Kd]
Seat 3: Dr. Fvinagre
Seat 1: nastja336 mucked
Seat 2: Philbill87 folded before Flop (didn't bet)
Seat 4: imhungarian8 (button) folded before Flop (didn't bet)
Seat 5: Steve18212627 (small blind) folded before Flop
Seat 6: Pippa83 (big blind) showed [3d 3s] and won ($25.50) with four of a kind, Threes



PokerStars Hand #254229598829:  Hold'em No Limit ($0.50/$1.00 USD) - 2025/01/06 16:39:50 WET [2025/01/06 11:39:50 ET]
Table 'Hyperborea II' 6-max Seat #5 is the button
Seat 3: Dr. Fvinagre ($19.93 in chips) is sitting out
Seat 1: nastja336 ($106.76 in chips) 
Seat 2: Philbill87 ($24.90 in chips) 
Seat 4: imhungarian8 ($100 in chips) 
Seat 5: Steve18212627 ($109.20 in chips) 
nastja336: posts small blind $0.50
Philbill87: posts big blind $1
Dr. Fvinagre: sits out 
*** HOLE CARDS ***
imhungarian8: folds 
Steve18212627: raises $2 to $3
nastja336: folds 
Philbill87: calls $2
*** FLOP *** [2c Kd 9d]
Philbill87: checks 
Steve18212627: bets $2
Philbill87: calls $2
*** TURN *** [2c Kd 9d] [Ad]
Philbill87: checks 
Steve18212627: bets $4.99
Philbill87: raises $14.91 to $19.90 and is all-in
Steve18212627: calls $14.91
peak joker33 joins the table at seat #6 
Steve18212627 has timed out
*** RIVER *** [2c Kd 9d Ad] [7d]
*** SHOW DOWN ***
Philbill87: shows [Td Qs] (a flush, Ace high)
Steve18212627: shows [Kc Ks] (three of a kind, Kings)
Philbill87 cashed out the hand for $12.08 | Cash Out Fee $0.25
*** SUMMARY ***
Total pot $50.30 | Rake $1 
Board [2c Kd 9d Ad 7d]
Seat 3: Dr. Fvinagre
Seat 1: nastja336 (small blind) folded before Flop
Seat 2: Philbill87 (big blind) showed [Td Qs] and won ($49.30) with a flush, Ace high (pot not awarded as player cashed out)
Seat 4: imhungarian8 folded before Flop (didn't bet)
Seat 5: Steve18212627 (button) showed [Kc Ks] and lost with three of a kind, Kings



PokerStars Hand #254229616907:  Hold'em No Limit ($0.50/$1.00 USD) - 2025/01/06 16:40:59 WET [2025/01/06 11:40:59 ET]
Table 'Hyperborea II' 6-max Seat #1 is the button
Seat 6: peak joker33 ($100 in chips) is sitting out
Seat 1: nastja336 ($106.26 in chips) 
Seat 2: Philbill87 ($12.08 in chips) 
Seat 3: Dr. Fvinagre ($19.93 in chips) 
Seat 4: imhungarian8 ($100 in chips) 
Seat 5: Steve18212627 ($100 in chips) 
Philbill87: posts small blind $0.50
Dr. Fvinagre: posts big blind $1
peak joker33: sits out 
*** HOLE CARDS ***
imhungarian8: folds 
Steve18212627: folds 
nastja336: folds 
Philbill87: calls $0.50
Dr. Fvinagre: checks 
*** FLOP *** [Th 6d 6h]
Philbill87: checks 
Steve18212627 leaves the table
Dr. Fvinagre: bets $1
Philbill87: calls $1
*** TURN *** [Th 6d 6h] [5d]
Philbill87: checks 
Dr. Fvinagre: checks 
*** RIVER *** [Th 6d 6h 5d] [9c]
Philbill87: bets $4
70peppino joins the table at seat #5 
Dr. Fvinagre: calls $4
*** SHOW DOWN ***
Philbill87: shows [Js Qd] (a pair of Sixes)
Dr. Fvinagre: shows [7s 9d] (two pair, Nines and Sixes)
Dr. Fvinagre collected $11.40 from pot
*** SUMMARY ***
Total pot $12 | Rake $0.60 
Board [Th 6d 6h 5d 9c]
Seat 6: peak joker33
Seat 1: nastja336 (button) folded before Flop (didn't bet)
Seat 2: Philbill87 (small blind) showed [Js Qd] and lost with a pair of Sixes
Seat 3: Dr. Fvinagre (big blind) showed [7s 9d] and won ($11.40) with two pair, Nines and Sixes
Seat 4: imhungarian8 folded before Flop (didn't bet)
Seat 5: Steve18212627 folded before Flop (didn't bet)



PokerStars Hand #254229633981:  Hold'em No Limit ($0.50/$1.00 USD) - 2025/01/06 16:42:03 WET [2025/01/06 11:42:03 ET]
Table 'Hyperborea II' 6-max Seat #2 is the button
Seat 5: 70peppino ($10 in chips) is sitting out
Seat 6: peak joker33 ($100 in chips) is sitting out
Seat 1: nastja336 ($106.26 in chips) 
Seat 2: Philbill87 ($6.08 in chips) 
Seat 3: Dr. Fvinagre ($25.33 in chips) 
Seat 4: imhungarian8 ($100 in chips) 
Dr. Fvinagre: posts small blind $0.50
imhungarian8: posts big blind $1
70peppino: sits out 
peak joker33: sits out 
*** HOLE CARDS ***
nastja336: folds 
Philbill87: folds 
Dr. Fvinagre: folds 
Uncalled bet ($0.50) returned to imhungarian8
imhungarian8 collected $1 from pot
imhungarian8: doesn't show hand 
*** SUMMARY ***
Total pot $1 | Rake $0 
Seat 5: 70peppino
Seat 6: peak joker33
Seat 1: nastja336 folded before Flop (didn't bet)
Seat 2: Philbill87 (button) folded before Flop (didn't bet)
Seat 3: Dr. Fvinagre (small blind) folded before Flop
Seat 4: imhungarian8 (big blind) collected ($1)



PokerStars Hand #254229637500:  Hold'em No Limit ($0.50/$1.00 USD) - 2025/01/06 16:42:16 WET [2025/01/06 11:42:16 ET]
Table 'Hyperborea II' 6-max Seat #3 is the button
Seat 6: peak joker33 ($100 in chips) is sitting out
Seat 1: nastja336 ($106.26 in chips) 
Seat 2: Philbill87 ($19.10 in chips) 
Seat 3: Dr. Fvinagre ($24.83 in chips) 
Seat 4: imhungarian8 ($100.50 in chips) 
Seat 5: 70peppino ($10 in chips) 
imhungarian8: posts small blind $0.50
70peppino: posts big blind $1
peak joker33: sits out 
*** HOLE CARDS ***
nastja336: folds 
Philbill87: calls $1
Dr. Fvinagre: folds 
imhungarian8: raises $4 to $5
70peppino: folds 
Philbill87: folds 
Uncalled bet ($4) returned to imhungarian8
imhungarian8 collected $3 from pot
imhungarian8: doesn't show hand 
*** SUMMARY ***
Total pot $3 | Rake $0 
Seat 6: peak joker33
Seat 1: nastja336 folded before Flop (didn't bet)
Seat 2: Philbill87 folded before Flop
Seat 3: Dr. Fvinagre (button) folded before Flop (didn't bet)
Seat 4: imhungarian8 (small blind) collected ($3)
Seat 5: 70peppino (big blind) folded before Flop



PokerStars Hand #254229644016:  Hold'em No Limit ($0.50/$1.00 USD) - 2025/01/06 16:42:40 WET [2025/01/06 11:42:40 ET]
Table 'Hyperborea II' 6-max Seat #4 is the button
Seat 1: nastja336 ($106.26 in chips) 
Seat 2: Philbill87 ($18.10 in chips) 
Seat 3: Dr. Fvinagre ($24.83 in chips) 
Seat 4: imhungarian8 ($102.50 in chips) 
Seat 5: 70peppino ($10 in chips) 
Seat 6: peak joker33 ($100 in chips) 
70peppino: posts small blind $0.50
peak joker33: posts big blind $1
*** HOLE CARDS ***
nastja336: folds 
Philbill87: folds 
Dr. Fvinagre: folds 
imhungarian8: folds 
70peppino: folds 
Uncalled bet ($0.50) returned to peak joker33
peak joker33 collected $1 from pot
peak joker33: doesn't show hand 
*** SUMMARY ***
Total pot $1 | Rake $0 
Seat 1: nastja336 folded before Flop (didn't bet)
Seat 2: Philbill87 folded before Flop (didn't bet)
Seat 3: Dr. Fvinagre folded before Flop (didn't bet)
Seat 4: imhungarian8 (button) folded before Flop (didn't bet)
Seat 5: 70peppino (small blind) folded before Flop
Seat 6: peak joker33 (big blind) collected ($1)



PokerStars Hand #254229647446:  Hold'em No Limit ($0.50/$1.00 USD) - 2025/01/06 16:42:53 WET [2025/01/06 11:42:53 ET]
Table 'Hyperborea II' 6-max Seat #5 is the button
Seat 1: nastja336 ($106.26 in chips) 
Seat 2: Philbill87 ($18.10 in chips) 
Seat 3: Dr. Fvinagre ($24.83 in chips) 
Seat 4: imhungarian8 ($102.50 in chips) 
Seat 5: 70peppino ($10 in chips) 
Seat 6: peak joker33 ($100.50 in chips) 
peak joker33: posts small blind $0.50
nastja336: posts big blind $1
*** HOLE CARDS ***
Philbill87: folds 
Dr. Fvinagre: raises $1 to $2
imhungarian8: folds 
70peppino: raises $4.50 to $6.50
peak joker33: folds 
nastja336: folds 
Dr. Fvinagre: calls $4.50
*** FLOP *** [7c 5h 9d]
Dr. Fvinagre: bets $18.33 and is all-in
70peppino: calls $3.50 and is all-in
Uncalled bet ($14.83) returned to Dr. Fvinagre
*** TURN *** [7c 5h 9d] [2s]
*** RIVER *** [7c 5h 9d 2s] [6s]
*** SHOW DOWN ***
Dr. Fvinagre: shows [6d 5d] (two pair, Sixes and Fives)
70peppino: shows [Kc Kd] (a pair of Kings)
Dr. Fvinagre collected $20.42 from pot
*** SUMMARY ***
Total pot $21.50 | Rake $1.08 
Board [7c 5h 9d 2s 6s]
Seat 1: nastja336 (big blind) folded before Flop
Seat 2: Philbill87 folded before Flop (didn't bet)
Seat 3: Dr. Fvinagre showed [6d 5d] and won ($20.42) with two pair, Sixes and Fives
Seat 4: imhungarian8 folded before Flop (didn't bet)
Seat 5: 70peppino (button) showed [Kc Kd] and lost with a pair of Kings
Seat 6: peak joker33 (small blind) folded before Flop



PokerStars Hand #254229664114:  Hold'em No Limit ($0.50/$1.00 USD) - 2025/01/06 16:43:55 WET [2025/01/06 11:43:55 ET]
Table 'Hyperborea II' 6-max Seat #6 is the button
Seat 1: nastja336 ($105.26 in chips) 
Seat 2: Philbill87 ($18.10 in chips) 
Seat 3: Dr. Fvinagre ($35.25 in chips) 
Seat 4: imhungarian8 ($102.50 in chips) 
Seat 5: 70peppino ($10 in chips) 
Seat 6: peak joker33 ($100 in chips) 
nastja336: posts small blind $0.50
Philbill87: posts big blind $1
*** HOLE CARDS ***
Dr. Fvinagre: folds 
imhungarian8: raises $1 to $2
70peppino: folds 
peak joker33: folds 
nastja336: folds 
Philbill87: calls $1
*** FLOP *** [Ah 5h 5d]
Philbill87: checks 
imhungarian8: bets $1.28
Philbill87: calls $1.28
*** TURN *** [Ah 5h 5d] [Kh]
Philbill87: checks 
imhungarian8: checks 
*** RIVER *** [Ah 5h 5d Kh] [Qd]
Philbill87: bets $4
imhungarian8: calls $4
*** SHOW DOWN ***
Philbill87: shows [5c Ks] (a full house, Fives full of Kings)
imhungarian8: mucks hand 
Philbill87 collected $14.31 from pot
*** SUMMARY ***
Total pot $15.06 | Rake $0.75 
Board [Ah 5h 5d Kh Qd]
Seat 1: nastja336 (small blind) folded before Flop
Seat 2: Philbill87 (big blind) showed [5c Ks] and won ($14.31) with a full house, Fives full of Kings
Seat 3: Dr. Fvinagre folded before Flop (didn't bet)
Seat 4: imhungarian8 mucked
Seat 5: 70peppino folded before Flop (didn't bet)
Seat 6: peak joker33 (button) folded before Flop (didn't bet)



PokerStars Hand #254229677222:  Hold'em No Limit ($0.50/$1.00 USD) - 2025/01/06 16:44:44 WET [2025/01/06 11:44:44 ET]
Table 'Hyperborea II' 6-max Seat #1 is the button
Seat 5: 70peppino ($100 in chips) is sitting out
Seat 1: nastja336 ($104.76 in chips) 
Seat 2: Philbill87 ($25.13 in chips) 
Seat 3: Dr. Fvinagre ($35.25 in chips) 
Seat 4: imhungarian8 ($100 in chips) 
Seat 6: peak joker33 ($100 in chips) 
Philbill87: posts small blind $0.50
Dr. Fvinagre: posts big blind $1
*** HOLE CARDS ***
imhungarian8: folds 
peak joker33: folds 
nastja336: folds 
Philbill87: folds 
Uncalled bet ($0.50) returned to Dr. Fvinagre
Dr. Fvinagre collected $1 from pot
*** SUMMARY ***
Total pot $1 | Rake $0 
Seat 5: 70peppino
Seat 1: nastja336 (button) folded before Flop (didn't bet)
Seat 2: Philbill87 (small blind) folded before Flop
Seat 3: Dr. Fvinagre (big blind) collected ($1)
Seat 4: imhungarian8 folded before Flop (didn't bet)
Seat 6: peak joker33 folded before Flop (didn't bet)



PokerStars Hand #254229680462:  Hold'em No Limit ($0.50/$1.00 USD) - 2025/01/06 16:44:56 WET [2025/01/06 11:44:56 ET]
Table 'Hyperborea II' 6-max Seat #2 is the button
Seat 1: nastja336 ($104.76 in chips) 
Seat 2: Philbill87 ($24.63 in chips) 
Seat 3: Dr. Fvinagre ($35.75 in chips) 
Seat 4: imhungarian8 ($100 in chips) 
Seat 5: 70peppino ($100 in chips) 
Seat 6: peak joker33 ($100 in chips) 
Dr. Fvinagre: posts small blind $0.50
imhungarian8: posts big blind $1
*** HOLE CARDS ***
70peppino: raises $1.10 to $2.10
peak joker33: folds 
nastja336: folds 
Philbill87: folds 
Dr. Fvinagre: folds 
imhungarian8: folds 
Uncalled bet ($1.10) returned to 70peppino
70peppino collected $2.50 from pot
70peppino: doesn't show hand 
*** SUMMARY ***
Total pot $2.50 | Rake $0 
Seat 1: nastja336 folded before Flop (didn't bet)
Seat 2: Philbill87 (button) folded before Flop (didn't bet)
Seat 3: Dr. Fvinagre (small blind) folded before Flop
Seat 4: imhungarian8 (big blind) folded before Flop
Seat 5: 70peppino collected ($2.50)
Seat 6: peak joker33 folded before Flop (didn't bet)



PokerStars Hand #254229686876:  Hold'em No Limit ($0.50/$1.00 USD) - 2025/01/06 16:45:21 WET [2025/01/06 11:45:21 ET]
Table 'Hyperborea II' 6-max Seat #3 is the button
Seat 1: nastja336 ($104.76 in chips) 
Seat 2: Philbill87 ($24.63 in chips) 
Seat 3: Dr. Fvinagre ($35.25 in chips) 
Seat 4: imhungarian8 ($100 in chips) 
Seat 5: 70peppino ($101.50 in chips) 
Seat 6: peak joker33 ($100 in chips) 
imhungarian8: posts small blind $0.50
70peppino: posts big blind $1
*** HOLE CARDS ***
peak joker33: folds 
nastja336: raises $1.50 to $2.50
Philbill87: folds 
Dr. Fvinagre: folds 
imhungarian8: raises $8.50 to $11
70peppino: folds 
nastja336: folds 
Uncalled bet ($8.50) returned to imhungarian8
imhungarian8 collected $6 from pot
imhungarian8: doesn't show hand 
*** SUMMARY ***
Total pot $6 | Rake $0 
Seat 1: nastja336 folded before Flop
Seat 2: Philbill87 folded before Flop (didn't bet)
Seat 3: Dr. Fvinagre (button) folded before Flop (didn't bet)
Seat 4: imhungarian8 (small blind) collected ($6)
Seat 5: 70peppino (big blind) folded before Flop
Seat 6: peak joker33 folded before Flop (didn't bet)



PokerStars Hand #254229692396:  Hold'em No Limit ($0.50/$1.00 USD) - 2025/01/06 16:45:41 WET [2025/01/06 11:45:41 ET]
Table 'Hyperborea II' 6-max Seat #4 is the button
Seat 1: nastja336 ($102.26 in chips) 
Seat 2: Philbill87 ($24.63 in chips) 
Seat 3: Dr. Fvinagre ($35.25 in chips) 
Seat 4: imhungarian8 ($103.50 in chips) 
Seat 5: 70peppino ($100.50 in chips) 
Seat 6: peak joker33 ($100 in chips) 
70peppino: posts small blind $0.50
peak joker33: posts big blind $1
*** HOLE CARDS ***
nastja336: folds 
Philbill87: folds 
Dr. Fvinagre: raises $1 to $2
imhungarian8: folds 
70peppino: folds 
peak joker33: folds 
Uncalled bet ($1) returned to Dr. Fvinagre
Dr. Fvinagre collected $2.50 from pot
*** SUMMARY ***
Total pot $2.50 | Rake $0 
Seat 1: nastja336 folded before Flop (didn't bet)
Seat 2: Philbill87 folded before Flop (didn't bet)
Seat 3: Dr. Fvinagre collected ($2.50)
Seat 4: imhungarian8 (button) folded before Flop (didn't bet)
Seat 5: 70peppino (small blind) folded before Flop
Seat 6: peak joker33 (big blind) folded before Flop



PokerStars Hand #254229698060:  Hold'em No Limit ($0.50/$1.00 USD) - 2025/01/06 16:46:02 WET [2025/01/06 11:46:02 ET]
Table 'Hyperborea II' 6-max Seat #5 is the button
Seat 1: nastja336 ($102.26 in chips) 
Seat 2: Philbill87 ($24.63 in chips) 
Seat 3: Dr. Fvinagre ($36.75 in chips) 
Seat 4: imhungarian8 ($103.50 in chips) 
Seat 5: 70peppino ($100 in chips) 
Seat 6: peak joker33 ($100 in chips) 
peak joker33: posts small blind $0.50
nastja336: posts big blind $1
*** HOLE CARDS ***
Philbill87: folds 
Dr. Fvinagre: folds 
imhungarian8: folds 
70peppino: raises $1.50 to $2.50
peak joker33: folds 
nastja336: folds 
Uncalled bet ($1.50) returned to 70peppino
70peppino collected $2.50 from pot
70peppino: doesn't show hand 
*** SUMMARY ***
Total pot $2.50 | Rake $0 
Seat 1: nastja336 (big blind) folded before Flop
Seat 2: Philbill87 folded before Flop (didn't bet)
Seat 3: Dr. Fvinagre folded before Flop (didn't bet)
Seat 4: imhungarian8 folded before Flop (didn't bet)
Seat 5: 70peppino (button) collected ($2.50)
Seat 6: peak joker33 (small blind) folded before Flop



PokerStars Hand #254229703068:  Hold'em No Limit ($0.50/$1.00 USD) - 2025/01/06 16:46:21 WET [2025/01/06 11:46:21 ET]
Table 'Hyperborea II' 6-max Seat #6 is the button
Seat 1: nastja336 ($101.26 in chips) 
Seat 2: Philbill87 ($24.63 in chips) 
Seat 3: Dr. Fvinagre ($36.75 in chips) 
Seat 4: imhungarian8 ($103.50 in chips) 
Seat 5: 70peppino ($101.50 in chips) 
Seat 6: peak joker33 ($100 in chips) 
nastja336: posts small blind $0.50
Philbill87: posts big blind $1
*** HOLE CARDS ***
Dr. Fvinagre: folds 
imhungarian8: folds 
70peppino: folds 
peak joker33: folds 
nastja336: raises $2 to $3
Philbill87: calls $2
*** FLOP *** [Ad Kc 9h]
nastja336: bets $1.88
Philbill87: folds 
Uncalled bet ($1.88) returned to nastja336
nastja336 collected $5.70 from pot
nastja336: doesn't show hand 
*** SUMMARY ***
Total pot $6 | Rake $0.30 
Board [Ad Kc 9h]
Seat 1: nastja336 (small blind) collected ($5.70)
Seat 2: Philbill87 (big blind) folded on the Flop
Seat 3: Dr. Fvinagre folded before Flop (didn't bet)
Seat 4: imhungarian8 folded before Flop (didn't bet)
Seat 5: 70peppino folded before Flop (didn't bet)
Seat 6: peak joker33 (button) folded before Flop (didn't bet)



PokerStars Hand #254229709173:  Hold'em No Limit ($0.50/$1.00 USD) - 2025/01/06 16:46:44 WET [2025/01/06 11:46:44 ET]
Table 'Hyperborea II' 6-max Seat #1 is the button
Seat 1: nastja336 ($103.96 in chips) 
Seat 2: Philbill87 ($21.63 in chips) 
Seat 3: Dr. Fvinagre ($36.75 in chips) 
Seat 4: imhungarian8 ($103.50 in chips) 
Seat 5: 70peppino ($101.50 in chips) 
Seat 6: peak joker33 ($100 in chips) 
Philbill87: posts small blind $0.50
Dr. Fvinagre: posts big blind $1
*** HOLE CARDS ***
imhungarian8: folds 
70peppino: folds 
peak joker33: folds 
nastja336: folds 
Philbill87: folds 
Uncalled bet ($0.50) returned to Dr. Fvinagre
Dr. Fvinagre collected $1 from pot
*** SUMMARY ***
Total pot $1 | Rake $0 
Seat 1: nastja336 (button) folded before Flop (didn't bet)
Seat 2: Philbill87 (small blind) folded before Flop
Seat 3: Dr. Fvinagre (big blind) collected ($1)
Seat 4: imhungarian8 folded before Flop (didn't bet)
Seat 5: 70peppino folded before Flop (didn't bet)
Seat 6: peak joker33 folded before Flop (didn't bet)



PokerStars Hand #254229712711:  Hold'em No Limit ($0.50/$1.00 USD) - 2025/01/06 16:46:57 WET [2025/01/06 11:46:57 ET]
Table 'Hyperborea II' 6-max Seat #2 is the button
Seat 1: nastja336 ($103.96 in chips) 
Seat 2: Philbill87 ($21.13 in chips) 
Seat 3: Dr. Fvinagre ($37.25 in chips) 
Seat 4: imhungarian8 ($103.50 in chips) 
Seat 5: 70peppino ($101.50 in chips) 
Seat 6: peak joker33 ($100 in chips) 
Dr. Fvinagre: posts small blind $0.50
imhungarian8: posts big blind $1
*** HOLE CARDS ***
70peppino: folds 
peak joker33: folds 
nastja336: folds 
Philbill87: raises $2 to $3
Dr. Fvinagre: folds 
imhungarian8: folds 
Uncalled bet ($2) returned to Philbill87
Philbill87 collected $2.50 from pot
Philbill87: doesn't show hand 
*** SUMMARY ***
Total pot $2.50 | Rake $0 
Seat 1: nastja336 folded before Flop (didn't bet)
Seat 2: Philbill87 (button) collected ($2.50)
Seat 3: Dr. Fvinagre (small blind) folded before Flop
Seat 4: imhungarian8 (big blind) folded before Flop
Seat 5: 70peppino folded before Flop (didn't bet)
Seat 6: peak joker33 folded before Flop (didn't bet)



PokerStars Hand #254229717818:  Hold'em No Limit ($0.50/$1.00 USD) - 2025/01/06 16:47:16 WET [2025/01/06 11:47:16 ET]
Table 'Hyperborea II' 6-max Seat #3 is the button
Seat 1: nastja336 ($103.96 in chips) 
Seat 2: Philbill87 ($22.63 in chips) 
Seat 3: Dr. Fvinagre ($36.75 in chips) 
Seat 4: imhungarian8 ($102.50 in chips) 
Seat 5: 70peppino ($101.50 in chips) 
Seat 6: peak joker33 ($100 in chips) 
imhungarian8: posts small blind $0.50
70peppino: posts big blind $1
*** HOLE CARDS ***
peak joker33: folds 
nastja336: folds 
Philbill87: folds 
Dr. Fvinagre: folds 
imhungarian8: raises $1.70 to $2.70
70peppino: folds 
Uncalled bet ($1.70) returned to imhungarian8
imhungarian8 collected $2 from pot
imhungarian8: doesn't show hand 
*** SUMMARY ***
Total pot $2 | Rake $0 
Seat 1: nastja336 folded before Flop (didn't bet)
Seat 2: Philbill87 folded before Flop (didn't bet)
Seat 3: Dr. Fvinagre (button) folded before Flop (didn't bet)
Seat 4: imhungarian8 (small blind) collected ($2)
Seat 5: 70peppino (big blind) folded before Flop
Seat 6: peak joker33 folded before Flop (didn't bet)



PokerStars Hand #254229723953:  Hold'em No Limit ($0.50/$1.00 USD) - 2025/01/06 16:47:40 WET [2025/01/06 11:47:40 ET]
Table 'Hyperborea II' 6-max Seat #4 is the button
Seat 1: nastja336 ($103.96 in chips) 
Seat 2: Philbill87 ($22.63 in chips) 
Seat 3: Dr. Fvinagre ($36.75 in chips) 
Seat 4: imhungarian8 ($103.50 in chips) 
Seat 5: 70peppino ($100.50 in chips) 
Seat 6: peak joker33 ($100 in chips) 
70peppino: posts small blind $0.50
peak joker33: posts big blind $1
*** HOLE CARDS ***
nastja336: raises $1.50 to $2.50
Philbill87: folds 
Dr. Fvinagre: folds 
imhungarian8: folds 
70peppino: folds 
peak joker33: folds 
Uncalled bet ($1.50) returned to nastja336
nastja336 collected $2.50 from pot
nastja336: doesn't show hand 
*** SUMMARY ***
Total pot $2.50 | Rake $0 
Seat 1: nastja336 collected ($2.50)
Seat 2: Philbill87 folded before Flop (didn't bet)
Seat 3: Dr. Fvinagre folded before Flop (didn't bet)
Seat 4: imhungarian8 (button) folded before Flop (didn't bet)
Seat 5: 70peppino (small blind) folded before Flop
Seat 6: peak joker33 (big blind) folded before Flop



PokerStars Hand #254229728569:  Hold'em No Limit ($0.50/$1.00 USD) - 2025/01/06 16:47:57 WET [2025/01/06 11:47:57 ET]
Table 'Hyperborea II' 6-max Seat #5 is the button
Seat 1: nastja336 ($105.46 in chips) is sitting out
Seat 2: Philbill87 ($22.63 in chips) 
Seat 3: Dr. Fvinagre ($36.75 in chips) 
Seat 4: imhungarian8 ($103.50 in chips) 
Seat 5: 70peppino ($100 in chips) 
Seat 6: peak joker33 ($100 in chips) 
peak joker33: posts small blind $0.50
nastja336: is sitting out 
Philbill87: posts big blind $1
*** HOLE CARDS ***
nastja336 leaves the table
Dr. Fvinagre: folds 
imhungarian8: folds 
70peppino: folds 
peak joker33: folds 
Uncalled bet ($0.50) returned to Philbill87
Philbill87 collected $1 from pot
*** SUMMARY ***
Total pot $1 | Rake $0 
Seat 1: nastja336
Seat 2: Philbill87 (big blind) collected ($1)
Seat 3: Dr. Fvinagre folded before Flop (didn't bet)
Seat 4: imhungarian8 folded before Flop (didn't bet)
Seat 5: 70peppino (button) folded before Flop (didn't bet)
Seat 6: peak joker33 (small blind) folded before Flop



PokerStars Hand #254229732568:  Hold'em No Limit ($0.50/$1.00 USD) - 2025/01/06 16:48:12 WET [2025/01/06 11:48:12 ET]
Table 'Hyperborea II' 6-max Seat #6 is the button
Seat 2: Philbill87 ($23.13 in chips) 
Seat 3: Dr. Fvinagre ($36.75 in chips) 
Seat 4: imhungarian8 ($103.50 in chips) 
Seat 5: 70peppino ($100 in chips) 
Seat 6: peak joker33 ($100 in chips) 
Philbill87: posts small blind $0.50
Dr. Fvinagre: posts big blind $1
*** HOLE CARDS ***
imhungarian8: folds 
70peppino: raises $1.30 to $2.30
peak joker33: folds 
Philbill87: calls $1.80
Dr. Fvinagre: folds 
*** FLOP *** [2c Jh 3s]
Philbill87: bets $4
70peppino: calls $4
*** TURN *** [2c Jh 3s] [4d]
Philbill87: bets $16.83 and is all-in
70peppino: calls $16.83
*** RIVER *** [2c Jh 3s 4d] [7h]
*** SHOW DOWN ***
Philbill87: shows [5d 5h] (a pair of Fives)
70peppino: shows [Ac 7c] (a pair of Sevens)
70peppino collected $44.90 from pot
*** SUMMARY ***
Total pot $47.26 | Rake $2.36 
Board [2c Jh 3s 4d 7h]
Seat 2: Philbill87 (small blind) showed [5d 5h] and lost with a pair of Fives
Seat 3: Dr. Fvinagre (big blind) folded before Flop
Seat 4: imhungarian8 folded before Flop (didn't bet)
Seat 5: 70peppino showed [Ac 7c] and won ($44.90) with a pair of Sevens
Seat 6: peak joker33 (button) folded before Flop (didn't bet)



PokerStars Hand #254229745966:  Hold'em No Limit ($0.50/$1.00 USD) - 2025/01/06 16:49:02 WET [2025/01/06 11:49:02 ET]
Table 'Hyperborea II' 6-max Seat #3 is the button
Seat 2: Philbill87 ($0 in chips) is sitting out
Seat 3: Dr. Fvinagre ($35.75 in chips) 
Seat 4: imhungarian8 ($103.50 in chips) 
Seat 5: 70peppino ($121.77 in chips) 
Seat 6: peak joker33 ($100 in chips) 
imhungarian8: posts small blind $0.50
70peppino: posts big blind $1
*** HOLE CARDS ***
peak joker33: folds 
Dr. Fvinagre: raises $1.50 to $2.50
Philbill87 leaves the table
imhungarian8: folds 
70peppino: folds 
Uncalled bet ($1.50) returned to Dr. Fvinagre
Dr. Fvinagre collected $2.50 from pot
*** SUMMARY ***
Total pot $2.50 | Rake $0 
Seat 2: Philbill87
Seat 3: Dr. Fvinagre (button) collected ($2.50)
Seat 4: imhungarian8 (small blind) folded before Flop
Seat 5: 70peppino (big blind) folded before Flop
Seat 6: peak joker33 folded before Flop (didn't bet)



PokerStars Hand #254229753991:  Hold'em No Limit ($0.50/$1.00 USD) - 2025/01/06 16:49:32 WET [2025/01/06 11:49:32 ET]
Table 'Hyperborea II' 6-max Seat #4 is the button
Seat 5: 70peppino ($120.77 in chips) is sitting out
Seat 3: Dr. Fvinagre ($37.25 in chips) 
Seat 4: imhungarian8 ($103 in chips) 
Seat 6: peak joker33 ($100 in chips) 
peak joker33: posts small blind $0.50
Dr. Fvinagre: posts big blind $1
*** HOLE CARDS ***
imhungarian8: raises $1.50 to $2.50
peak joker33: folds 
70peppino leaves the table
Dr. Fvinagre: calls $1.50
*** FLOP *** [7c 5s 4d]
Dr. Fvinagre: bets $1.61
imhungarian8: folds 
Uncalled bet ($1.61) returned to Dr. Fvinagre
Dr. Fvinagre collected $5.22 from pot
*** SUMMARY ***
Total pot $5.50 | Rake $0.28 
Board [7c 5s 4d]
Seat 5: 70peppino
Seat 3: Dr. Fvinagre (big blind) collected ($5.22)
Seat 4: imhungarian8 (button) folded on the Flop
Seat 6: peak joker33 (small blind) folded before Flop



PokerStars Hand #254229761626:  Hold'em No Limit ($0.50/$1.00 USD) - 2025/01/06 16:50:00 WET [2025/01/06 11:50:00 ET]
Table 'Hyperborea II' 6-max Seat #3 is the button
Seat 4: imhungarian8 ($100.50 in chips) is sitting out
Seat 3: Dr. Fvinagre ($39.97 in chips) 
Seat 6: peak joker33 ($100 in chips) 
Dr. Fvinagre: posts small blind $0.50
imhungarian8: is sitting out 
peak joker33: posts big blind $1
*** HOLE CARDS ***
imhungarian8 leaves the table
Dr. Fvinagre: calls $0.50
peak joker33: checks 
*** FLOP *** [8s 7c 3h]
peak joker33: checks 
Dr. Fvinagre: checks 
*** TURN *** [8s 7c 3h] [5s]
peak joker33: bets $4
Dr. Fvinagre: folds 
Uncalled bet ($4) returned to peak joker33
peak joker33 collected $1.90 from pot
peak joker33: doesn't show hand 
*** SUMMARY ***
Total pot $2 | Rake $0.10 
Board [8s 7c 3h 5s]
Seat 4: imhungarian8
Seat 3: Dr. Fvinagre (button) (small blind) folded on the Turn
Seat 6: peak joker33 (big blind) collected ($1.90)



PokerStars Hand #254229773127:  Hold'em No Limit ($0.50/$1.00 USD) - 2025/01/06 16:50:43 WET [2025/01/06 11:50:43 ET]
Table 'Hyperborea II' 6-max Seat #6 is the button
Seat 3: Dr. Fvinagre ($38.97 in chips) 
Seat 6: peak joker33 ($100.90 in chips) 
peak joker33: posts small blind $0.50
Dr. Fvinagre: posts big blind $1
*** HOLE CARDS ***
peak joker33: raises $1.50 to $2.50
Dr. Fvinagre: folds 
Uncalled bet ($1.50) returned to peak joker33
peak joker33 collected $2 from pot
peak joker33: doesn't show hand 
*** SUMMARY ***
Total pot $2 | Rake $0 
Seat 3: Dr. Fvinagre (big blind) folded before Flop
Seat 6: peak joker33 (button) (small blind) collected ($2)



PokerStars Hand #254229775667:  Hold'em No Limit ($0.50/$1.00 USD) - 2025/01/06 16:50:53 WET [2025/01/06 11:50:53 ET]
Table 'Hyperborea II' 6-max Seat #3 is the button
Seat 3: Dr. Fvinagre ($37.97 in chips) 
Seat 6: peak joker33 ($101.90 in chips) 
Dr. Fvinagre: posts small blind $0.50
peak joker33: posts big blind $1
*** HOLE CARDS ***
Dr. Fvinagre: calls $0.50
peak joker33: checks 
*** FLOP *** [3c 9c 7h]
peak joker33: checks 
Dr. Fvinagre: bets $1
peak joker33: folds 
Uncalled bet ($1) returned to Dr. Fvinagre
Dr. Fvinagre collected $1.90 from pot
*** SUMMARY ***
Total pot $2 | Rake $0.10 
Board [3c 9c 7h]
Seat 3: Dr. Fvinagre (button) (small blind) collected ($1.90)
Seat 6: peak joker33 (big blind) folded on the Flop



PokerStars Hand #254229781660:  Hold'em No Limit ($0.50/$1.00 USD) - 2025/01/06 16:51:15 WET [2025/01/06 11:51:15 ET]
Table 'Hyperborea II' 6-max Seat #6 is the button
Seat 3: Dr. Fvinagre ($38.87 in chips) 
Seat 6: peak joker33 ($100.90 in chips) 
peak joker33: posts small blind $0.50
Dr. Fvinagre: posts big blind $1
*** HOLE CARDS ***
peak joker33: raises $1.50 to $2.50
Dr. Fvinagre: calls $1.50
*** FLOP *** [Kc 3c Qh]
Dr. Fvinagre: checks 
peak joker33: bets $1.57
Dr. Fvinagre: folds 
Uncalled bet ($1.57) returned to peak joker33
peak joker33 collected $4.75 from pot
peak joker33: doesn't show hand 
*** SUMMARY ***
Total pot $5 | Rake $0.25 
Board [Kc 3c Qh]
Seat 3: Dr. Fvinagre (big blind) folded on the Flop
Seat 6: peak joker33 (button) (small blind) collected ($4.75)



PokerStars Hand #254229791200:  Hold'em No Limit ($0.50/$1.00 USD) - 2025/01/06 16:51:51 WET [2025/01/06 11:51:51 ET]
Table 'Hyperborea II' 6-max Seat #3 is the button
Seat 3: Dr. Fvinagre ($36.37 in chips) 
Seat 6: peak joker33 ($103.15 in chips) 
Dr. Fvinagre: posts small blind $0.50
peak joker33: posts big blind $1
*** HOLE CARDS ***
Dr. Fvinagre: raises $2 to $3
peak joker33: folds 
Uncalled bet ($2) returned to Dr. Fvinagre
Dr. Fvinagre collected $2 from pot
*** SUMMARY ***
Total pot $2 | Rake $0 
Seat 3: Dr. Fvinagre (button) (small blind) collected ($2)
Seat 6: peak joker33 (big blind) folded before Flop



PokerStars Hand #254229795602:  Hold'em No Limit ($0.50/$1.00 USD) - 2025/01/06 16:52:07 WET [2025/01/06 11:52:07 ET]
Table 'Hyperborea II' 6-max Seat #6 is the button
Seat 3: Dr. Fvinagre ($37.37 in chips) 
Seat 6: peak joker33 ($102.15 in chips) 
peak joker33: posts small blind $0.50
Dr. Fvinagre: posts big blind $1
*** HOLE CARDS ***
peak joker33: raises $1.50 to $2.50
Dr. Fvinagre: calls $1.50
*** FLOP *** [9h 9s 8h]
Dr. Fvinagre: checks 
peak joker33: checks 
*** TURN *** [9h 9s 8h] [Th]
Dr. Fvinagre: checks 
peak joker33: checks 
*** RIVER *** [9h 9s 8h Th] [Js]
Dr. Fvinagre: checks 
peak joker33: checks 
*** SHOW DOWN ***
Dr. Fvinagre: shows [7d 8d] (a straight, Seven to Jack)
peak joker33: mucks hand 
Dr. Fvinagre collected $4.75 from pot
*** SUMMARY ***
Total pot $5 | Rake $0.25 
Board [9h 9s 8h Th Js]
Seat 3: Dr. Fvinagre (big blind) showed [7d 8d] and won ($4.75) with a straight, Seven to Jack
Seat 6: peak joker33 (button) (small blind) mucked



PokerStars Hand #254229806853:  Hold'em No Limit ($0.50/$1.00 USD) - 2025/01/06 16:52:48 WET [2025/01/06 11:52:48 ET]
Table 'Hyperborea II' 6-max Seat #3 is the button
Seat 3: Dr. Fvinagre ($39.62 in chips) 
Seat 6: peak joker33 ($100 in chips) 
Dr. Fvinagre: posts small blind $0.50
peak joker33: posts big blind $1
*** HOLE CARDS ***
Dr. Fvinagre: raises $2 to $3
peak joker33: calls $2
*** FLOP *** [7h Qc Js]
peak joker33: checks 
Dr. Fvinagre: checks 
*** TURN *** [7h Qc Js] [2h]
peak joker33: checks 
Dr. Fvinagre: bets $2.85
peak joker33: calls $2.85
*** RIVER *** [7h Qc Js 2h] [4d]
peak joker33: checks 
Dr. Fvinagre: checks 
*** SHOW DOWN ***
peak joker33: shows [Tc 7c] (a pair of Sevens)
Dr. Fvinagre: mucks hand 
peak joker33 collected $11.12 from pot
*** SUMMARY ***
Total pot $11.70 | Rake $0.58 
Board [7h Qc Js 2h 4d]
Seat 3: Dr. Fvinagre (button) (small blind) mucked
Seat 6: peak joker33 (big blind) showed [Tc 7c] and won ($11.12) with a pair of Sevens



PokerStars Hand #254229823632:  Hold'em No Limit ($0.50/$1.00 USD) - 2025/01/06 16:53:50 WET [2025/01/06 11:53:50 ET]
Table 'Hyperborea II' 6-max Seat #6 is the button
Seat 3: Dr. Fvinagre ($33.77 in chips) 
Seat 6: peak joker33 ($105.27 in chips) 
peak joker33: posts small blind $0.50
Dr. Fvinagre: posts big blind $1
*** HOLE CARDS ***
peak joker33: raises $1.50 to $2.50
Dr. Fvinagre: calls $1.50
*** FLOP *** [Kc 5h 3s]
Dr. Fvinagre: checks 
peak joker33: bets $1.57
Dr. Fvinagre: folds 
Uncalled bet ($1.57) returned to peak joker33
peak joker33 collected $4.75 from pot
peak joker33: doesn't show hand 
*** SUMMARY ***
Total pot $5 | Rake $0.25 
Board [Kc 5h 3s]
Seat 3: Dr. Fvinagre (big blind) folded on the Flop
Seat 6: peak joker33 (button) (small blind) collected ($4.75)



PokerStars Hand #254229834233:  Hold'em No Limit ($0.50/$1.00 USD) - 2025/01/06 16:54:29 WET [2025/01/06 11:54:29 ET]
Table 'Hyperborea II' 6-max Seat #3 is the button
Seat 3: Dr. Fvinagre ($31.27 in chips) 
Seat 6: peak joker33 ($107.52 in chips) 
Dr. Fvinagre: posts small blind $0.50
peak joker33: posts big blind $1
*** HOLE CARDS ***
Dr. Fvinagre: raises $1.50 to $2.50
peak joker33: folds 
Uncalled bet ($1.50) returned to Dr. Fvinagre
Dr. Fvinagre collected $2 from pot
*** SUMMARY ***
Total pot $2 | Rake $0 
Seat 3: Dr. Fvinagre (button) (small blind) collected ($2)
Seat 6: peak joker33 (big blind) folded before Flop



PokerStars Hand #254229838551:  Hold'em No Limit ($0.50/$1.00 USD) - 2025/01/06 16:54:45 WET [2025/01/06 11:54:45 ET]
Table 'Hyperborea II' 6-max Seat #6 is the button
Seat 3: Dr. Fvinagre ($32.27 in chips) 
Seat 6: peak joker33 ($106.52 in chips) 
peak joker33: posts small blind $0.50
Dr. Fvinagre: posts big blind $1
*** HOLE CARDS ***
peak joker33: raises $1.50 to $2.50
Dr. Fvinagre: raises $6 to $8.50
peak joker33: folds 
Uncalled bet ($6) returned to Dr. Fvinagre
Dr. Fvinagre collected $5 from pot
*** SUMMARY ***
Total pot $5 | Rake $0 
Seat 3: Dr. Fvinagre (big blind) collected ($5)
Seat 6: peak joker33 (button) (small blind) folded before Flop



PokerStars Hand #254229842637:  Hold'em No Limit ($0.50/$1.00 USD) - 2025/01/06 16:55:00 WET [2025/01/06 11:55:00 ET]
Table 'Hyperborea II' 6-max Seat #3 is the button
Seat 3: Dr. Fvinagre ($34.77 in chips) 
Seat 6: peak joker33 ($104.02 in chips) 
Dr. Fvinagre: posts small blind $0.50
peak joker33: posts big blind $1
*** HOLE CARDS ***
Dr. Fvinagre: calls $0.50
peak joker33: raises $3 to $4
Dr. Fvinagre: folds 
Uncalled bet ($3) returned to peak joker33
peak joker33 collected $2 from pot
peak joker33: doesn't show hand 
*** SUMMARY ***
Total pot $2 | Rake $0 
Seat 3: Dr. Fvinagre (button) (small blind) folded before Flop
Seat 6: peak joker33 (big blind) collected ($2)



PokerStars Hand #254229846059:  Hold'em No Limit ($0.50/$1.00 USD) - 2025/01/06 16:55:14 WET [2025/01/06 11:55:14 ET]
Table 'Hyperborea II' 6-max Seat #6 is the button
Seat 3: Dr. Fvinagre ($33.77 in chips) 
Seat 6: peak joker33 ($105.02 in chips) 
peak joker33: posts small blind $0.50
Dr. Fvinagre: posts big blind $1
*** HOLE CARDS ***
peak joker33: raises $1.50 to $2.50
Dr. Fvinagre: folds 
Uncalled bet ($1.50) returned to peak joker33
peak joker33 collected $2 from pot
peak joker33: doesn't show hand 
*** SUMMARY ***
Total pot $2 | Rake $0 
Seat 3: Dr. Fvinagre (big blind) folded before Flop
Seat 6: peak joker33 (button) (small blind) collected ($2)



PokerStars Hand #254229848181:  Hold'em No Limit ($0.50/$1.00 USD) - 2025/01/06 16:55:24 WET [2025/01/06 11:55:24 ET]
Table 'Hyperborea II' 6-max Seat #3 is the button
Seat 3: Dr. Fvinagre ($32.77 in chips) 
Seat 6: peak joker33 ($106.02 in chips) 
Dr. Fvinagre: posts small blind $0.50
peak joker33: posts big blind $1
*** HOLE CARDS ***
Dr. Fvinagre: calls $0.50
peak joker33: checks 
*** FLOP *** [4h Kd Qc]
peak joker33: checks 
Dr. Fvinagre: checks 
*** TURN *** [4h Kd Qc] [Kc]
peak joker33: checks 
Dr. Fvinagre: bets $1
peak joker33: folds 
Uncalled bet ($1) returned to Dr. Fvinagre
Dr. Fvinagre collected $1.90 from pot
*** SUMMARY ***
Total pot $2 | Rake $0.10 
Board [4h Kd Qc Kc]
Seat 3: Dr. Fvinagre (button) (small blind) collected ($1.90)
Seat 6: peak joker33 (big blind) folded on the Turn



PokerStars Hand #254229854444:  Hold'em No Limit ($0.50/$1.00 USD) - 2025/01/06 16:55:54 WET [2025/01/06 11:55:54 ET]
Table 'Hyperborea II' 6-max Seat #6 is the button
Seat 3: Dr. Fvinagre ($33.67 in chips) 
Seat 6: peak joker33 ($105.02 in chips) 
peak joker33: posts small blind $0.50
Dr. Fvinagre: posts big blind $1
*** HOLE CARDS ***
peak joker33: folds 
Uncalled bet ($0.50) returned to Dr. Fvinagre
Dr. Fvinagre collected $1 from pot
*** SUMMARY ***
Total pot $1 | Rake $0 
Seat 3: Dr. Fvinagre (big blind) collected ($1)
Seat 6: peak joker33 (button) (small blind) folded before Flop



PokerStars Hand #254229855924:  Hold'em No Limit ($0.50/$1.00 USD) - 2025/01/06 16:56:01 WET [2025/01/06 11:56:01 ET]
Table 'Hyperborea II' 6-max Seat #3 is the button
Seat 3: Dr. Fvinagre ($34.17 in chips) 
Seat 6: peak joker33 ($104.52 in chips) 
Dr. Fvinagre: posts small blind $0.50
peak joker33: posts big blind $1
*** HOLE CARDS ***
Dr. Fvinagre: raises $1 to $2
peak joker33: calls $1
*** FLOP *** [3c Qh 3d]
peak joker33: checks 
Dr. Fvinagre: bets $1.90
peak joker33: calls $1.90
*** TURN *** [3c Qh 3d] [Kh]
peak joker33: checks 
Dr. Fvinagre: checks 
*** RIVER *** [3c Qh 3d Kh] [2s]
peak joker33: checks 
Dr. Fvinagre: checks 
*** SHOW DOWN ***
peak joker33: shows [8s Ah] (a pair of Threes)
Dr. Fvinagre: mucks hand 
peak joker33 collected $7.41 from pot
*** SUMMARY ***
Total pot $7.80 | Rake $0.39 
Board [3c Qh 3d Kh 2s]
Seat 3: Dr. Fvinagre (button) (small blind) mucked
Seat 6: peak joker33 (big blind) showed [8s Ah] and won ($7.41) with a pair of Threes



PokerStars Hand #254229868917:  Hold'em No Limit ($0.50/$1.00 USD) - 2025/01/06 16:57:03 WET [2025/01/06 11:57:03 ET]
Table 'Hyperborea II' 6-max Seat #6 is the button
Seat 3: Dr. Fvinagre ($30.27 in chips) 
Seat 6: peak joker33 ($108.03 in chips) 
peak joker33: posts small blind $0.50
Dr. Fvinagre: posts big blind $1
*** HOLE CARDS ***
peak joker33: raises $1.50 to $2.50
Dr. Fvinagre: folds 
Uncalled bet ($1.50) returned to peak joker33
peak joker33 collected $2 from pot
peak joker33: doesn't show hand 
*** SUMMARY ***
Total pot $2 | Rake $0 
Seat 3: Dr. Fvinagre (big blind) folded before Flop
Seat 6: peak joker33 (button) (small blind) collected ($2)



PokerStars Hand #254229871949:  Hold'em No Limit ($0.50/$1.00 USD) - 2025/01/06 16:57:17 WET [2025/01/06 11:57:17 ET]
Table 'Hyperborea II' 6-max Seat #3 is the button
Seat 3: Dr. Fvinagre ($29.27 in chips) 
Seat 6: peak joker33 ($109.03 in chips) 
Dr. Fvinagre: posts small blind $0.50
peak joker33: posts big blind $1
*** HOLE CARDS ***
Dr. Fvinagre: calls $0.50
peak joker33: raises $3 to $4
Dr. Fvinagre: folds 
Uncalled bet ($3) returned to peak joker33
peak joker33 collected $2 from pot
peak joker33: doesn't show hand 
*** SUMMARY ***
Total pot $2 | Rake $0 
Seat 3: Dr. Fvinagre (button) (small blind) folded before Flop
Seat 6: peak joker33 (big blind) collected ($2)



PokerStars Hand #254229874674:  Hold'em No Limit ($0.50/$1.00 USD) - 2025/01/06 16:57:30 WET [2025/01/06 11:57:30 ET]
Table 'Hyperborea II' 6-max Seat #6 is the button
Seat 3: Dr. Fvinagre ($28.27 in chips) 
Seat 6: peak joker33 ($110.03 in chips) 
peak joker33: posts small blind $0.50
Dr. Fvinagre: posts big blind $1
*** HOLE CARDS ***
peak joker33: raises $1.50 to $2.50
Dr. Fvinagre: raises $5 to $7.50
peak joker33: folds 
Uncalled bet ($5) returned to Dr. Fvinagre
Dr. Fvinagre collected $5 from pot
*** SUMMARY ***
Total pot $5 | Rake $0 
Seat 3: Dr. Fvinagre (big blind) collected ($5)
Seat 6: peak joker33 (button) (small blind) folded before Flop



PokerStars Hand #254229878901:  Hold'em No Limit ($0.50/$1.00 USD) - 2025/01/06 16:57:50 WET [2025/01/06 11:57:50 ET]
Table 'Hyperborea II' 6-max Seat #3 is the button
Seat 3: Dr. Fvinagre ($30.77 in chips) 
Seat 6: peak joker33 ($107.53 in chips) 
Dr. Fvinagre: posts small blind $0.50
peak joker33: posts big blind $1
*** HOLE CARDS ***
Dr. Fvinagre: calls $0.50
peak joker33: checks 
*** FLOP *** [7d Jd 5c]
peak joker33: checks 
Dr. Fvinagre: bets $1
peak joker33: raises $2.34 to $3.34
Dr. Fvinagre: folds 
Uncalled bet ($2.34) returned to peak joker33
peak joker33 collected $3.80 from pot
peak joker33: doesn't show hand 
*** SUMMARY ***
Total pot $4 | Rake $0.20 
Board [7d Jd 5c]
Seat 3: Dr. Fvinagre (button) (small blind) folded on the Flop
Seat 6: peak joker33 (big blind) collected ($3.80)



