PokerStars Hand #254236299181:  Hold'em No Limit ($0.50/$1.00 USD) - 2025/01/06 22:28:16 WET [2025/01/06 17:28:16 ET]
Table 'Lacerta III' 6-max Seat #6 is the button
Seat 4: steepfell ($100 in chips) is sitting out
Seat 5: v1lo4ka ($100 in chips) is sitting out
Seat 1: Mr_Dick666 ($100.90 in chips) 
Seat 2: Joker007r ($100 in chips) 
Seat 3: franco232315 ($103.22 in chips) 
Seat 6: habalo ($15 in chips) 
Mr_Dick666: posts small blind $0.50
Joker007r: posts big blind $1
steepfell: sits out 
v1lo4ka: sits out 
*** HOLE CARDS ***
franco232315: folds 
habalo: folds 
Mr_Dick666: folds 
Uncalled bet ($0.50) returned to Joker007r
Joker007r collected $1 from pot
Joker007r: doesn't show hand 
*** SUMMARY ***
Total pot $1 | Rake $0 
Seat 4: steepfell
Seat 5: v1lo4ka
Seat 1: Mr_Dick666 (small blind) folded before Flop
Seat 2: Joker007r (big blind) collected ($1)
Seat 3: franco232315 folded before Flop (didn't bet)
Seat 6: habalo (button) folded before Flop (didn't bet)



PokerStars Hand #254236302262:  Hold'em No Limit ($0.50/$1.00 USD) - 2025/01/06 22:28:26 WET [2025/01/06 17:28:26 ET]
Table 'Lacerta III' 6-max Seat #1 is the button
Seat 4: steepfell ($100 in chips) is sitting out
Seat 5: v1lo4ka ($100 in chips) is sitting out
Seat 1: Mr_Dick666 ($100.40 in chips) 
Seat 2: Joker007r ($100.50 in chips) 
Seat 3: franco232315 ($103.22 in chips) 
Seat 6: habalo ($15 in chips) 
Joker007r: posts small blind $0.50
franco232315: posts big blind $1
steepfell: sits out 
v1lo4ka: sits out 
*** HOLE CARDS ***
habalo: folds 
Mr_Dick666: raises $1.50 to $2.50
Joker007r: folds 
franco232315: folds 
Uncalled bet ($1.50) returned to Mr_Dick666
Mr_Dick666 collected $2.50 from pot
Mr_Dick666: doesn't show hand 
*** SUMMARY ***
Total pot $2.50 | Rake $0 
Seat 4: steepfell
Seat 5: v1lo4ka
Seat 1: Mr_Dick666 (button) collected ($2.50)
Seat 2: Joker007r (small blind) folded before Flop
Seat 3: franco232315 (big blind) folded before Flop
Seat 6: habalo folded before Flop (didn't bet)



PokerStars Hand #254236307380:  Hold'em No Limit ($0.50/$1.00 USD) - 2025/01/06 22:28:42 WET [2025/01/06 17:28:42 ET]
Table 'Lacerta III' 6-max Seat #2 is the button
Seat 5: v1lo4ka ($100 in chips) is sitting out
Seat 1: Mr_Dick666 ($101.90 in chips) 
Seat 2: Joker007r ($100 in chips) 
Seat 3: franco232315 ($102.22 in chips) 
Seat 4: steepfell ($100 in chips) 
Seat 6: habalo ($15 in chips) 
franco232315: posts small blind $0.50
steepfell: posts big blind $1
v1lo4ka: sits out 
*** HOLE CARDS ***
habalo: calls $1
Mr_Dick666: folds 
Joker007r: folds 
franco232315: folds 
steepfell: checks 
*** FLOP *** [7d Qh 5s]
steepfell: checks 
habalo: checks 
*** TURN *** [7d Qh 5s] [As]
steepfell: checks 
habalo: checks 
*** RIVER *** [7d Qh 5s As] [5c]
steepfell: bets $1.79
habalo: folds 
Uncalled bet ($1.79) returned to steepfell
steepfell collected $2.38 from pot
steepfell: doesn't show hand 
*** SUMMARY ***
Total pot $2.50 | Rake $0.12 
Board [7d Qh 5s As 5c]
Seat 5: v1lo4ka
Seat 1: Mr_Dick666 folded before Flop (didn't bet)
Seat 2: Joker007r (button) folded before Flop (didn't bet)
Seat 3: franco232315 (small blind) folded before Flop
Seat 4: steepfell (big blind) collected ($2.38)
Seat 6: habalo folded on the River



PokerStars Hand #254236318064:  Hold'em No Limit ($0.50/$1.00 USD) - 2025/01/06 22:29:15 WET [2025/01/06 17:29:15 ET]
Table 'Lacerta III' 6-max Seat #3 is the button
Seat 1: Mr_Dick666 ($101.90 in chips) 
Seat 2: Joker007r ($100 in chips) 
Seat 3: franco232315 ($101.72 in chips) 
Seat 4: steepfell ($101.38 in chips) 
Seat 5: v1lo4ka ($100 in chips) 
Seat 6: habalo ($14 in chips) 
steepfell: posts small blind $0.50
v1lo4ka: posts big blind $1
*** HOLE CARDS ***
habalo: calls $1
Mr_Dick666: folds 
Joker007r: folds 
franco232315: folds 
steepfell: raises $7 to $8
v1lo4ka: folds 
habalo: folds 
Uncalled bet ($7) returned to steepfell
steepfell collected $3 from pot
steepfell: doesn't show hand 
*** SUMMARY ***
Total pot $3 | Rake $0 
Seat 1: Mr_Dick666 folded before Flop (didn't bet)
Seat 2: Joker007r folded before Flop (didn't bet)
Seat 3: franco232315 (button) folded before Flop (didn't bet)
Seat 4: steepfell (small blind) collected ($3)
Seat 5: v1lo4ka (big blind) folded before Flop
Seat 6: habalo folded before Flop



PokerStars Hand #254236323587:  Hold'em No Limit ($0.50/$1.00 USD) - 2025/01/06 22:29:32 WET [2025/01/06 17:29:32 ET]
Table 'Lacerta III' 6-max Seat #4 is the button
Seat 1: Mr_Dick666 ($101.90 in chips) 
Seat 2: Joker007r ($100 in chips) 
Seat 3: franco232315 ($101.72 in chips) 
Seat 4: steepfell ($103.38 in chips) 
Seat 5: v1lo4ka ($100 in chips) 
Seat 6: habalo ($13 in chips) 
v1lo4ka: posts small blind $0.50
habalo: posts big blind $1
*** HOLE CARDS ***
Mr_Dick666: folds 
Joker007r: folds 
franco232315: raises $1.20 to $2.20
steepfell: folds 
v1lo4ka: folds 
habalo: calls $1.20
*** FLOP *** [Ts 7h Jd]
habalo: checks 
franco232315: bets $1.17
habalo: folds 
Uncalled bet ($1.17) returned to franco232315
franco232315 collected $4.66 from pot
franco232315: doesn't show hand 
*** SUMMARY ***
Total pot $4.90 | Rake $0.24 
Board [Ts 7h Jd]
Seat 1: Mr_Dick666 folded before Flop (didn't bet)
Seat 2: Joker007r folded before Flop (didn't bet)
Seat 3: franco232315 collected ($4.66)
Seat 4: steepfell (button) folded before Flop (didn't bet)
Seat 5: v1lo4ka (small blind) folded before Flop
Seat 6: habalo (big blind) folded on the Flop



PokerStars Hand #254236338829:  Hold'em No Limit ($0.50/$1.00 USD) - 2025/01/06 22:30:20 WET [2025/01/06 17:30:20 ET]
Table 'Lacerta III' 6-max Seat #5 is the button
Seat 1: Mr_Dick666 ($101.90 in chips) is sitting out
Seat 2: Joker007r ($100 in chips) 
Seat 3: franco232315 ($104.18 in chips) 
Seat 4: steepfell ($103.38 in chips) 
Seat 5: v1lo4ka ($100 in chips) 
Seat 6: habalo ($10.80 in chips) 
habalo: posts small blind $0.50
Mr_Dick666: is sitting out 
Joker007r: posts big blind $1
*** HOLE CARDS ***
franco232315: folds 
steepfell: folds 
Mr_Dick666 leaves the table
v1lo4ka: raises $1.20 to $2.20
habalo: calls $1.70
Joker007r: raises $9.30 to $11.50
v1lo4ka: folds 
habalo: calls $8.60 and is all-in
Uncalled bet ($0.70) returned to Joker007r
*** FLOP *** [Kc 3c 7c]
*** TURN *** [Kc 3c 7c] [2h]
*** RIVER *** [Kc 3c 7c 2h] [9d]
*** SHOW DOWN ***
habalo: shows [Th Qc] (high card King)
Joker007r: shows [Jc Jd] (a pair of Jacks)
Joker007r collected $22.61 from pot
*** SUMMARY ***
Total pot $23.80 | Rake $1.19 
Board [Kc 3c 7c 2h 9d]
Seat 1: Mr_Dick666
Seat 2: Joker007r (big blind) showed [Jc Jd] and won ($22.61) with a pair of Jacks
Seat 3: franco232315 folded before Flop (didn't bet)
Seat 4: steepfell folded before Flop (didn't bet)
Seat 5: v1lo4ka (button) folded before Flop
Seat 6: habalo (small blind) showed [Th Qc] and lost with high card King



PokerStars Hand #254236348613:  Hold'em No Limit ($0.50/$1.00 USD) - 2025/01/06 22:30:50 WET [2025/01/06 17:30:50 ET]
Table 'Lacerta III' 6-max Seat #2 is the button
Seat 6: habalo ($0 in chips) is sitting out
Seat 2: Joker007r ($111.81 in chips) 
Seat 3: franco232315 ($104.18 in chips) 
Seat 4: steepfell ($103.38 in chips) 
Seat 5: v1lo4ka ($100 in chips) 
franco232315: posts small blind $0.50
steepfell: posts big blind $1
*** HOLE CARDS ***
v1lo4ka: folds 
Joker007r: raises $1.50 to $2.50
franco232315: folds 
steepfell: folds 
Uncalled bet ($1.50) returned to Joker007r
Joker007r collected $2.50 from pot
Joker007r: doesn't show hand 
*** SUMMARY ***
Total pot $2.50 | Rake $0 
Seat 6: habalo
Seat 2: Joker007r (button) collected ($2.50)
Seat 3: franco232315 (small blind) folded before Flop
Seat 4: steepfell (big blind) folded before Flop
Seat 5: v1lo4ka folded before Flop (didn't bet)



PokerStars Hand #254236353319:  Hold'em No Limit ($0.50/$1.00 USD) - 2025/01/06 22:31:05 WET [2025/01/06 17:31:05 ET]
Table 'Lacerta III' 6-max Seat #3 is the button
Seat 5: v1lo4ka ($100 in chips) is sitting out
Seat 6: habalo ($0 in chips) is sitting out
Seat 2: Joker007r ($113.31 in chips) 
Seat 3: franco232315 ($103.68 in chips) 
Seat 4: steepfell ($102.38 in chips) 
steepfell: posts small blind $0.50
v1lo4ka: is sitting out 
Joker007r: posts big blind $1
*** HOLE CARDS ***
v1lo4ka leaves the table
habalo leaves the table
franco232315: folds 
franco232315 leaves the table
steepfell: folds 
Uncalled bet ($0.50) returned to Joker007r
Joker007r collected $1 from pot
Joker007r: doesn't show hand 
*** SUMMARY ***
Total pot $1 | Rake $0 
Seat 5: v1lo4ka
Seat 6: habalo
Seat 2: Joker007r (big blind) collected ($1)
Seat 3: franco232315 (button) folded before Flop (didn't bet)
Seat 4: steepfell (small blind) folded before Flop



PokerStars Hand #254236357537:  Hold'em No Limit ($0.50/$1.00 USD) - 2025/01/06 22:31:19 WET [2025/01/06 17:31:19 ET]
Table 'Lacerta III' 6-max Seat #2 is the button
Seat 2: Joker007r ($113.81 in chips) 
Seat 4: steepfell ($101.88 in chips) 
Joker007r: posts small blind $0.50
steepfell: posts big blind $1
*** HOLE CARDS ***
Joker007r: raises $1.50 to $2.50
steepfell: calls $1.50
*** FLOP *** [Kh Ac 2d]
steepfell: checks 
Joker007r: bets $1.57
steepfell: calls $1.57
*** TURN *** [Kh Ac 2d] [8c]
steepfell: checks 
Joker007r: bets $12.21
steepfell: folds 
Uncalled bet ($12.21) returned to Joker007r
Joker007r collected $7.73 from pot
Joker007r: doesn't show hand 
*** SUMMARY ***
Total pot $8.14 | Rake $0.41 
Board [Kh Ac 2d 8c]
Seat 2: Joker007r (button) (small blind) collected ($7.73)
Seat 4: steepfell (big blind) folded on the Turn



PokerStars Hand #254236367853:  Hold'em No Limit ($0.50/$1.00 USD) - 2025/01/06 22:31:51 WET [2025/01/06 17:31:51 ET]
Table 'Lacerta III' 6-max Seat #4 is the button
Seat 2: Joker007r ($117.47 in chips) 
Seat 4: steepfell ($100 in chips) 
steepfell: posts small blind $0.50
Joker007r: posts big blind $1
*** HOLE CARDS ***
steepfell: folds 
Uncalled bet ($0.50) returned to Joker007r
Joker007r collected $1 from pot
Joker007r: doesn't show hand 
*** SUMMARY ***
Total pot $1 | Rake $0 
Seat 2: Joker007r (big blind) collected ($1)
Seat 4: steepfell (button) (small blind) folded before Flop



PokerStars Hand #254236370433:  Hold'em No Limit ($0.50/$1.00 USD) - 2025/01/06 22:31:59 WET [2025/01/06 17:31:59 ET]
Table 'Lacerta III' 6-max Seat #2 is the button
Seat 2: Joker007r ($117.97 in chips) 
Seat 4: steepfell ($100 in chips) 
Joker007r: posts small blind $0.50
steepfell: posts big blind $1
*** HOLE CARDS ***
Joker007r: raises $1.50 to $2.50
steepfell: calls $1.50
*** FLOP *** [Kh 5c Th]
steepfell: checks 
Joker007r: bets $1.57
steepfell: raises $6.43 to $8
Joker007r: calls $6.43
*** TURN *** [Kh 5c Th] [Kc]
steepfell: bets $6.60
Joker007r: folds 
Uncalled bet ($6.60) returned to steepfell
steepfell collected $20 from pot
steepfell: doesn't show hand 
*** SUMMARY ***
Total pot $21 | Rake $1 
Board [Kh 5c Th Kc]
Seat 2: Joker007r (button) (small blind) folded on the Turn
Seat 4: steepfell (big blind) collected ($20)



PokerStars Hand #254236390849:  Hold'em No Limit ($0.50/$1.00 USD) - 2025/01/06 22:33:04 WET [2025/01/06 17:33:04 ET]
Table 'Lacerta III' 6-max Seat #4 is the button
Seat 2: Joker007r ($107.47 in chips) 
Seat 4: steepfell ($109.50 in chips) 
steepfell: posts small blind $0.50
Joker007r: posts big blind $1
*** HOLE CARDS ***
steepfell: folds 
Uncalled bet ($0.50) returned to Joker007r
Joker007r collected $1 from pot
Joker007r: doesn't show hand 
*** SUMMARY ***
Total pot $1 | Rake $0 
Seat 2: Joker007r (big blind) collected ($1)
Seat 4: steepfell (button) (small blind) folded before Flop



