PokerStars Hand #254228776551:  Hold'em No Limit ($0.50/$1.00 USD) - 2025/01/06 15:43:26 WET [2025/01/06 10:43:26 ET]
Table 'Rollandia II' 6-max Seat #6 is the button
Seat 2: CichiChanMarian ($103.70 in chips) 
Seat 3: Aescul@pius ($103.70 in chips) 
Seat 5: stephane2022 ($49.66 in chips) 
Seat 6: steepfell ($101 in chips) 
CichiChanMarian: posts small blind $0.50
Aescul@pius: posts big blind $1
*** HOLE CARDS ***
stephane2022: folds 
steepfell: folds 
CichiChanMarian: folds 
Uncalled bet ($0.50) returned to Aescul@pius
Aescul@pius collected $1 from pot
Aescul@pius: doesn't show hand 
*** SUMMARY ***
Total pot $1 | Rake $0 
Seat 2: CichiChanMarian (small blind) folded before Flop
Seat 3: Aescul@pius (big blind) collected ($1)
Seat 5: stephane2022 folded before Flop (didn't bet)
Seat 6: steepfell (button) folded before Flop (didn't bet)



PokerStars Hand #254228779255:  Hold'em No Limit ($0.50/$1.00 USD) - 2025/01/06 15:43:37 WET [2025/01/06 10:43:37 ET]
Table 'Rollandia II' 6-max Seat #2 is the button
Seat 2: CichiChanMarian ($103.20 in chips) 
Seat 3: Aescul@pius ($104.20 in chips) 
Seat 5: stephane2022 ($49.66 in chips) 
Seat 6: steepfell ($101 in chips) 
Aescul@pius: posts small blind $0.50
stephane2022: posts big blind $1
*** HOLE CARDS ***
steepfell: folds 
CichiChanMarian: folds 
Aescul@pius: folds 
Uncalled bet ($0.50) returned to stephane2022
stephane2022 collected $1 from pot
*** SUMMARY ***
Total pot $1 | Rake $0 
Seat 2: CichiChanMarian (button) folded before Flop (didn't bet)
Seat 3: Aescul@pius (small blind) folded before Flop
Seat 5: stephane2022 (big blind) collected ($1)
Seat 6: steepfell folded before Flop (didn't bet)



PokerStars Hand #254228781628:  Hold'em No Limit ($0.50/$1.00 USD) - 2025/01/06 15:43:47 WET [2025/01/06 10:43:47 ET]
Table 'Rollandia II' 6-max Seat #3 is the button
Seat 2: CichiChanMarian ($103.20 in chips) 
Seat 3: Aescul@pius ($103.70 in chips) 
Seat 5: stephane2022 ($50.16 in chips) 
Seat 6: steepfell ($101 in chips) 
stephane2022: posts small blind $0.50
steepfell: posts big blind $1
*** HOLE CARDS ***
CichiChanMarian: folds 
Aescul@pius: folds 
stephane2022: folds 
Uncalled bet ($0.50) returned to steepfell
steepfell collected $1 from pot
steepfell: doesn't show hand 
*** SUMMARY ***
Total pot $1 | Rake $0 
Seat 2: CichiChanMarian folded before Flop (didn't bet)
Seat 3: Aescul@pius (button) folded before Flop (didn't bet)
Seat 5: stephane2022 (small blind) folded before Flop
Seat 6: steepfell (big blind) collected ($1)



PokerStars Hand #254228786206:  Hold'em No Limit ($0.50/$1.00 USD) - 2025/01/06 15:44:06 WET [2025/01/06 10:44:06 ET]
Table 'Rollandia II' 6-max Seat #5 is the button
Seat 2: CichiChanMarian ($103.20 in chips) 
Seat 3: Aescul@pius ($103.70 in chips) 
Seat 5: stephane2022 ($49.66 in chips) 
Seat 6: steepfell ($101.50 in chips) 
steepfell: posts small blind $0.50
CichiChanMarian: posts big blind $1
*** HOLE CARDS ***
Aescul@pius: raises $1.20 to $2.20
stephane2022: folds 
steepfell: folds 
CichiChanMarian: folds 
Uncalled bet ($1.20) returned to Aescul@pius
Aescul@pius collected $2.50 from pot
Aescul@pius: doesn't show hand 
*** SUMMARY ***
Total pot $2.50 | Rake $0 
Seat 2: CichiChanMarian (big blind) folded before Flop
Seat 3: Aescul@pius collected ($2.50)
Seat 5: stephane2022 (button) folded before Flop (didn't bet)
Seat 6: steepfell (small blind) folded before Flop



PokerStars Hand #254228790385:  Hold'em No Limit ($0.50/$1.00 USD) - 2025/01/06 15:44:23 WET [2025/01/06 10:44:23 ET]
Table 'Rollandia II' 6-max Seat #6 is the button
Seat 2: CichiChanMarian ($102.20 in chips) 
Seat 3: Aescul@pius ($105.20 in chips) 
Seat 5: stephane2022 ($49.66 in chips) 
Seat 6: steepfell ($101 in chips) 
CichiChanMarian: posts small blind $0.50
Aescul@pius: posts big blind $1
*** HOLE CARDS ***
stephane2022: raises $1 to $2
steepfell: folds 
CichiChanMarian: folds 
Aescul@pius: folds 
Uncalled bet ($1) returned to stephane2022
stephane2022 collected $2.50 from pot
Pippa83 joins the table at seat #1 
*** SUMMARY ***
Total pot $2.50 | Rake $0 
Seat 2: CichiChanMarian (small blind) folded before Flop
Seat 3: Aescul@pius (big blind) folded before Flop
Seat 5: stephane2022 collected ($2.50)
Seat 6: steepfell (button) folded before Flop (didn't bet)



PokerStars Hand #254228793742:  Hold'em No Limit ($0.50/$1.00 USD) - 2025/01/06 15:44:38 WET [2025/01/06 10:44:38 ET]
Table 'Rollandia II' 6-max Seat #2 is the button
Seat 1: Pippa83 ($100 in chips) is sitting out
Seat 2: CichiChanMarian ($101.70 in chips) 
Seat 3: Aescul@pius ($104.20 in chips) 
Seat 5: stephane2022 ($51.16 in chips) 
Seat 6: steepfell ($101 in chips) 
Aescul@pius: posts small blind $0.50
stephane2022: posts big blind $1
Pippa83: sits out 
*** HOLE CARDS ***
steepfell: raises $1.50 to $2.50
CichiChanMarian: folds 
Aescul@pius: folds 
stephane2022: folds 
Uncalled bet ($1.50) returned to steepfell
steepfell collected $2.50 from pot
steepfell: doesn't show hand 
*** SUMMARY ***
Total pot $2.50 | Rake $0 
Seat 1: Pippa83
Seat 2: CichiChanMarian (button) folded before Flop (didn't bet)
Seat 3: Aescul@pius (small blind) folded before Flop
Seat 5: stephane2022 (big blind) folded before Flop
Seat 6: steepfell collected ($2.50)



PokerStars Hand #254228796809:  Hold'em No Limit ($0.50/$1.00 USD) - 2025/01/06 15:44:50 WET [2025/01/06 10:44:50 ET]
Table 'Rollandia II' 6-max Seat #3 is the button
Seat 1: Pippa83 ($100 in chips) is sitting out
Seat 2: CichiChanMarian ($101.70 in chips) 
Seat 3: Aescul@pius ($103.70 in chips) 
Seat 5: stephane2022 ($50.16 in chips) 
Seat 6: steepfell ($102.50 in chips) 
stephane2022: posts small blind $0.50
steepfell: posts big blind $1
Pippa83: sits out 
*** HOLE CARDS ***
CichiChanMarian: folds 
Aescul@pius: folds 
stephane2022: folds 
Uncalled bet ($0.50) returned to steepfell
steepfell collected $1 from pot
steepfell: doesn't show hand 
*** SUMMARY ***
Total pot $1 | Rake $0 
Seat 1: Pippa83
Seat 2: CichiChanMarian folded before Flop (didn't bet)
Seat 3: Aescul@pius (button) folded before Flop (didn't bet)
Seat 5: stephane2022 (small blind) folded before Flop
Seat 6: steepfell (big blind) collected ($1)



PokerStars Hand #254228799639:  Hold'em No Limit ($0.50/$1.00 USD) - 2025/01/06 15:45:02 WET [2025/01/06 10:45:02 ET]
Table 'Rollandia II' 6-max Seat #5 is the button
Seat 1: Pippa83 ($100 in chips) 
Seat 2: CichiChanMarian ($101.70 in chips) 
Seat 3: Aescul@pius ($103.70 in chips) 
Seat 5: stephane2022 ($49.66 in chips) 
Seat 6: steepfell ($103 in chips) 
steepfell: posts small blind $0.50
Pippa83: posts big blind $1
*** HOLE CARDS ***
CichiChanMarian: folds 
Aescul@pius: folds 
stephane2022: folds 
steepfell: raises $2 to $3
Pippa83: folds 
Uncalled bet ($2) returned to steepfell
steepfell collected $2 from pot
steepfell: doesn't show hand 
*** SUMMARY ***
Total pot $2 | Rake $0 
Seat 1: Pippa83 (big blind) folded before Flop
Seat 2: CichiChanMarian folded before Flop (didn't bet)
Seat 3: Aescul@pius folded before Flop (didn't bet)
Seat 5: stephane2022 (button) folded before Flop (didn't bet)
Seat 6: steepfell (small blind) collected ($2)



PokerStars Hand #254228803384:  Hold'em No Limit ($0.50/$1.00 USD) - 2025/01/06 15:45:17 WET [2025/01/06 10:45:17 ET]
Table 'Rollandia II' 6-max Seat #6 is the button
Seat 1: Pippa83 ($100 in chips) 
Seat 2: CichiChanMarian ($101.70 in chips) 
Seat 3: Aescul@pius ($103.70 in chips) 
Seat 5: stephane2022 ($49.66 in chips) 
Seat 6: steepfell ($104 in chips) 
Pippa83: posts small blind $0.50
CichiChanMarian: posts big blind $1
*** HOLE CARDS ***
Aescul@pius: folds 
stephane2022: folds 
steepfell: folds 
Pippa83: raises $2 to $3
CichiChanMarian: calls $2
*** FLOP *** [2c Ks 4s]
Pippa83: checks 
CichiChanMarian: bets $2.85
Pippa83: calls $2.85
*** TURN *** [2c Ks 4s] [3s]
Pippa83: checks 
CichiChanMarian: bets $5.56
Pippa83: folds 
Uncalled bet ($5.56) returned to CichiChanMarian
CichiChanMarian collected $11.12 from pot
CichiChanMarian: doesn't show hand 
*** SUMMARY ***
Total pot $11.70 | Rake $0.58 
Board [2c Ks 4s 3s]
Seat 1: Pippa83 (small blind) folded on the Turn
Seat 2: CichiChanMarian (big blind) collected ($11.12)
Seat 3: Aescul@pius folded before Flop (didn't bet)
Seat 5: stephane2022 folded before Flop (didn't bet)
Seat 6: steepfell (button) folded before Flop (didn't bet)



PokerStars Hand #254228812780:  Hold'em No Limit ($0.50/$1.00 USD) - 2025/01/06 15:45:56 WET [2025/01/06 10:45:56 ET]
Table 'Rollandia II' 6-max Seat #1 is the button
Seat 1: Pippa83 ($100 in chips) 
Seat 2: CichiChanMarian ($106.97 in chips) 
Seat 3: Aescul@pius ($103.70 in chips) 
Seat 5: stephane2022 ($49.66 in chips) 
Seat 6: steepfell ($104 in chips) 
CichiChanMarian: posts small blind $0.50
Aescul@pius: posts big blind $1
*** HOLE CARDS ***
stephane2022: folds 
steepfell: folds 
Pippa83: folds 
CichiChanMarian: raises $2 to $3
Aescul@pius: calls $2
*** FLOP *** [5h 3c 7d]
CichiChanMarian: checks 
Aescul@pius: bets $1.88
CichiChanMarian: folds 
Uncalled bet ($1.88) returned to Aescul@pius
Aescul@pius collected $5.70 from pot
Aescul@pius: doesn't show hand 
*** SUMMARY ***
Total pot $6 | Rake $0.30 
Board [5h 3c 7d]
Seat 1: Pippa83 (button) folded before Flop (didn't bet)
Seat 2: CichiChanMarian (small blind) folded on the Flop
Seat 3: Aescul@pius (big blind) collected ($5.70)
Seat 5: stephane2022 folded before Flop (didn't bet)
Seat 6: steepfell folded before Flop (didn't bet)



PokerStars Hand #254228826241:  Hold'em No Limit ($0.50/$1.00 USD) - 2025/01/06 15:46:51 WET [2025/01/06 10:46:51 ET]
Table 'Rollandia II' 6-max Seat #2 is the button
Seat 1: Pippa83 ($100 in chips) 
Seat 2: CichiChanMarian ($103.97 in chips) 
Seat 3: Aescul@pius ($106.40 in chips) 
Seat 5: stephane2022 ($49.66 in chips) 
Seat 6: steepfell ($104 in chips) 
Aescul@pius: posts small blind $0.50
stephane2022: posts big blind $1
*** HOLE CARDS ***
steepfell: folds 
Pippa83: raises $1.50 to $2.50
CichiChanMarian: folds 
Aescul@pius: folds 
stephane2022: folds 
Uncalled bet ($1.50) returned to Pippa83
Pippa83 collected $2.50 from pot
Pippa83: doesn't show hand 
*** SUMMARY ***
Total pot $2.50 | Rake $0 
Seat 1: Pippa83 collected ($2.50)
Seat 2: CichiChanMarian (button) folded before Flop (didn't bet)
Seat 3: Aescul@pius (small blind) folded before Flop
Seat 5: stephane2022 (big blind) folded before Flop
Seat 6: steepfell folded before Flop (didn't bet)



PokerStars Hand #254228829996:  Hold'em No Limit ($0.50/$1.00 USD) - 2025/01/06 15:47:07 WET [2025/01/06 10:47:07 ET]
Table 'Rollandia II' 6-max Seat #3 is the button
Seat 6: steepfell ($104 in chips) is sitting out
Seat 1: Pippa83 ($101.50 in chips) 
Seat 2: CichiChanMarian ($103.97 in chips) 
Seat 3: Aescul@pius ($105.90 in chips) 
Seat 5: stephane2022 ($48.66 in chips) 
stephane2022: posts small blind $0.50
steepfell: is sitting out 
Pippa83: posts big blind $1
*** HOLE CARDS ***
CichiChanMarian: folds 
Aescul@pius: folds 
stephane2022: raises $1 to $2
Pippa83: calls $1
*** FLOP *** [9h Ah 6s]
stephane2022: bets $1.90
Pippa83: calls $1.90
*** TURN *** [9h Ah 6s] [Ks]
stephane2022: bets $4.71
Pippa83: folds 
Uncalled bet ($4.71) returned to stephane2022
stephane2022 collected $7.41 from pot
*** SUMMARY ***
Total pot $7.80 | Rake $0.39 
Board [9h Ah 6s Ks]
Seat 6: steepfell
Seat 1: Pippa83 (big blind) folded on the Turn
Seat 2: CichiChanMarian folded before Flop (didn't bet)
Seat 3: Aescul@pius (button) folded before Flop (didn't bet)
Seat 5: stephane2022 (small blind) collected ($7.41)



PokerStars Hand #254228842487:  Hold'em No Limit ($0.50/$1.00 USD) - 2025/01/06 15:47:59 WET [2025/01/06 10:47:59 ET]
Table 'Rollandia II' 6-max Seat #5 is the button
Seat 2: CichiChanMarian ($103.97 in chips) is sitting out
Seat 6: steepfell ($104 in chips) is sitting out
Seat 1: Pippa83 ($100 in chips) 
Seat 3: Aescul@pius ($105.90 in chips) 
Seat 5: stephane2022 ($52.17 in chips) 
Pippa83: posts small blind $0.50
CichiChanMarian: is sitting out 
Aescul@pius: posts big blind $1
*** HOLE CARDS ***
stephane2022: folds 
Pippa83: raises $2 to $3
Aescul@pius: folds 
Uncalled bet ($2) returned to Pippa83
Pippa83 collected $2 from pot
Pippa83: doesn't show hand 
*** SUMMARY ***
Total pot $2 | Rake $0 
Seat 2: CichiChanMarian
Seat 6: steepfell
Seat 1: Pippa83 (small blind) collected ($2)
Seat 3: Aescul@pius (big blind) folded before Flop
Seat 5: stephane2022 (button) folded before Flop (didn't bet)



PokerStars Hand #254228845540:  Hold'em No Limit ($0.50/$1.00 USD) - 2025/01/06 15:48:12 WET [2025/01/06 10:48:12 ET]
Table 'Rollandia II' 6-max Seat #1 is the button
Seat 2: CichiChanMarian ($103.97 in chips) is sitting out
Seat 6: steepfell ($104 in chips) is sitting out
Seat 1: Pippa83 ($101 in chips) 
Seat 3: Aescul@pius ($104.90 in chips) 
Seat 5: stephane2022 ($52.17 in chips) 
Aescul@pius: posts small blind $0.50
stephane2022: posts big blind $1
*** HOLE CARDS ***
Pippa83: folds 
Aescul@pius: folds 
Uncalled bet ($0.50) returned to stephane2022
stephane2022 collected $1 from pot
*** SUMMARY ***
Total pot $1 | Rake $0 
Seat 2: CichiChanMarian
Seat 6: steepfell
Seat 1: Pippa83 (button) folded before Flop (didn't bet)
Seat 3: Aescul@pius (small blind) folded before Flop
Seat 5: stephane2022 (big blind) collected ($1)



PokerStars Hand #254228849044:  Hold'em No Limit ($0.50/$1.00 USD) - 2025/01/06 15:48:26 WET [2025/01/06 10:48:26 ET]
Table 'Rollandia II' 6-max Seat #3 is the button
Seat 2: CichiChanMarian ($103.97 in chips) is sitting out
Seat 6: steepfell ($104 in chips) is sitting out
Seat 1: Pippa83 ($101 in chips) 
Seat 3: Aescul@pius ($104.40 in chips) 
Seat 5: stephane2022 ($52.67 in chips) 
stephane2022: posts small blind $0.50
Pippa83: posts big blind $1
*** HOLE CARDS ***
Aescul@pius: folds 
stephane2022: calls $0.50
Pippa83: raises $2.50 to $3.50
stephane2022: folds 
Uncalled bet ($2.50) returned to Pippa83
Pippa83 collected $2 from pot
Pippa83: doesn't show hand 
6bpqd joins the table at seat #4 
*** SUMMARY ***
Total pot $2 | Rake $0 
Seat 2: CichiChanMarian
Seat 6: steepfell
Seat 1: Pippa83 (big blind) collected ($2)
Seat 3: Aescul@pius (button) folded before Flop (didn't bet)
Seat 5: stephane2022 (small blind) folded before Flop



PokerStars Hand #254228854889:  Hold'em No Limit ($0.50/$1.00 USD) - 2025/01/06 15:48:50 WET [2025/01/06 10:48:50 ET]
Table 'Rollandia II' 6-max Seat #5 is the button
Seat 2: CichiChanMarian ($103.97 in chips) is sitting out
Seat 4: 6bpqd ($100 in chips) is sitting out
Seat 6: steepfell ($104 in chips) is sitting out
Seat 1: Pippa83 ($102 in chips) 
Seat 3: Aescul@pius ($104.40 in chips) 
Seat 5: stephane2022 ($51.67 in chips) 
Pippa83: posts small blind $0.50
6bpqd is disconnected 
Aescul@pius: posts big blind $1
6bpqd is connected 
6bpqd: sits out 
*** HOLE CARDS ***
stephane2022: raises $1 to $2
Pippa83: calls $1.50
Aescul@pius: folds 
*** FLOP *** [7d Qd Ac]
Pippa83: checks 
stephane2022: checks 
*** TURN *** [7d Qd Ac] [9d]
Pippa83: bets $1
stephane2022: raises $2 to $3
Pippa83: folds 
Uncalled bet ($2) returned to stephane2022
stephane2022 collected $6.65 from pot
*** SUMMARY ***
Total pot $7 | Rake $0.35 
Board [7d Qd Ac 9d]
Seat 2: CichiChanMarian
Seat 4: 6bpqd
Seat 6: steepfell
Seat 1: Pippa83 (small blind) folded on the Turn
Seat 3: Aescul@pius (big blind) folded before Flop
Seat 5: stephane2022 (button) collected ($6.65)



PokerStars Hand #254228863964:  Hold'em No Limit ($0.50/$1.00 USD) - 2025/01/06 15:49:28 WET [2025/01/06 10:49:28 ET]
Table 'Rollandia II' 6-max Seat #1 is the button
Seat 2: CichiChanMarian ($103.97 in chips) is sitting out
Seat 6: steepfell ($104 in chips) is sitting out
Seat 1: Pippa83 ($100 in chips) 
Seat 3: Aescul@pius ($103.40 in chips) 
Seat 4: 6bpqd ($100 in chips) 
Seat 5: stephane2022 ($55.32 in chips) 
Aescul@pius: posts small blind $0.50
6bpqd: posts big blind $1
*** HOLE CARDS ***
stephane2022: folds 
Pippa83: folds 
Aescul@pius: raises $1.50 to $2.50
6bpqd: folds 
Uncalled bet ($1.50) returned to Aescul@pius
Aescul@pius collected $2 from pot
Aescul@pius: doesn't show hand 
*** SUMMARY ***
Total pot $2 | Rake $0 
Seat 2: CichiChanMarian
Seat 6: steepfell
Seat 1: Pippa83 (button) folded before Flop (didn't bet)
Seat 3: Aescul@pius (small blind) collected ($2)
Seat 4: 6bpqd (big blind) folded before Flop
Seat 5: stephane2022 folded before Flop (didn't bet)



PokerStars Hand #254228868918:  Hold'em No Limit ($0.50/$1.00 USD) - 2025/01/06 15:49:49 WET [2025/01/06 10:49:49 ET]
Table 'Rollandia II' 6-max Seat #3 is the button
Seat 2: CichiChanMarian ($103.97 in chips) is sitting out
Seat 6: steepfell ($104 in chips) is sitting out
Seat 1: Pippa83 ($100 in chips) 
Seat 3: Aescul@pius ($104.40 in chips) 
Seat 4: 6bpqd ($100 in chips) 
Seat 5: stephane2022 ($55.32 in chips) 
6bpqd: posts small blind $0.50
stephane2022: posts big blind $1
CichiChanMarian: sits out 
*** HOLE CARDS ***
Pippa83: folds 
Aescul@pius: folds 
6bpqd: raises $2 to $3
CichiChanMarian leaves the table
stephane2022: folds 
Uncalled bet ($2) returned to 6bpqd
6bpqd collected $2 from pot
6bpqd: doesn't show hand 
*** SUMMARY ***
Total pot $2 | Rake $0 
Seat 2: CichiChanMarian
Seat 6: steepfell
Seat 1: Pippa83 folded before Flop (didn't bet)
Seat 3: Aescul@pius (button) folded before Flop (didn't bet)
Seat 4: 6bpqd (small blind) collected ($2)
Seat 5: stephane2022 (big blind) folded before Flop



PokerStars Hand #254228878538:  Hold'em No Limit ($0.50/$1.00 USD) - 2025/01/06 15:50:29 WET [2025/01/06 10:50:29 ET]
Table 'Rollandia II' 6-max Seat #4 is the button
Seat 6: steepfell ($104 in chips) is sitting out
Seat 1: Pippa83 ($100 in chips) 
Seat 3: Aescul@pius ($104.40 in chips) 
Seat 4: 6bpqd ($101 in chips) 
Seat 5: stephane2022 ($54.32 in chips) 
stephane2022: posts small blind $0.50
Pippa83: posts big blind $1
*** HOLE CARDS ***
Aescul@pius: folds 
6bpqd: raises $1.50 to $2.50
stephane2022: folds 
Pippa83: calls $1.50
*** FLOP *** [5c 3h 8c]
Pippa83: checks 
6bpqd: checks 
*** TURN *** [5c 3h 8c] [4c]
Pippa83: bets $1.72
6bpqd: calls $1.72
*** RIVER *** [5c 3h 8c 4c] [Kh]
Pippa83: bets $5
6bpqd: folds 
Uncalled bet ($5) returned to Pippa83
Pippa83 collected $8.49 from pot
Pippa83: doesn't show hand 
*** SUMMARY ***
Total pot $8.94 | Rake $0.45 
Board [5c 3h 8c 4c Kh]
Seat 6: steepfell
Seat 1: Pippa83 (big blind) collected ($8.49)
Seat 3: Aescul@pius folded before Flop (didn't bet)
Seat 4: 6bpqd (button) folded on the River
Seat 5: stephane2022 (small blind) folded before Flop



PokerStars Hand #254228889017:  Hold'em No Limit ($0.50/$1.00 USD) - 2025/01/06 15:51:12 WET [2025/01/06 10:51:12 ET]
Table 'Rollandia II' 6-max Seat #5 is the button
Seat 6: steepfell ($104 in chips) is sitting out
Seat 1: Pippa83 ($104.27 in chips) 
Seat 3: Aescul@pius ($104.40 in chips) 
Seat 4: 6bpqd ($100 in chips) 
Seat 5: stephane2022 ($53.82 in chips) 
Pippa83: posts small blind $0.50
Aescul@pius: posts big blind $1
*** HOLE CARDS ***
6bpqd: folds 
stephane2022: calls $1
Pippa83: folds 
Aescul@pius: checks 
*** FLOP *** [9d Jd 6h]
Aescul@pius: checks 
sarimanock joins the table at seat #2 
stephane2022: checks 
*** TURN *** [9d Jd 6h] [5s]
Aescul@pius: checks 
stephane2022: bets $1.19
Aescul@pius: folds 
Uncalled bet ($1.19) returned to stephane2022
stephane2022 collected $2.38 from pot
*** SUMMARY ***
Total pot $2.50 | Rake $0.12 
Board [9d Jd 6h 5s]
Seat 6: steepfell
Seat 1: Pippa83 (small blind) folded before Flop
Seat 3: Aescul@pius (big blind) folded on the Turn
Seat 4: 6bpqd folded before Flop (didn't bet)
Seat 5: stephane2022 (button) collected ($2.38)



PokerStars Hand #254228900007:  Hold'em No Limit ($0.50/$1.00 USD) - 2025/01/06 15:51:58 WET [2025/01/06 10:51:58 ET]
Table 'Rollandia II' 6-max Seat #1 is the button
Seat 2: sarimanock ($50 in chips) is sitting out
Seat 6: steepfell ($104 in chips) is sitting out
Seat 1: Pippa83 ($103.77 in chips) 
Seat 3: Aescul@pius ($103.40 in chips) 
Seat 4: 6bpqd ($100 in chips) 
Seat 5: stephane2022 ($55.20 in chips) 
Aescul@pius: posts small blind $0.50
6bpqd: posts big blind $1
*** HOLE CARDS ***
stephane2022: folds 
Pippa83: raises $1.50 to $2.50
Aescul@pius: folds 
6bpqd: folds 
Uncalled bet ($1.50) returned to Pippa83
Pippa83 collected $2.50 from pot
Pippa83: doesn't show hand 
*** SUMMARY ***
Total pot $2.50 | Rake $0 
Seat 2: sarimanock
Seat 6: steepfell
Seat 1: Pippa83 (button) collected ($2.50)
Seat 3: Aescul@pius (small blind) folded before Flop
Seat 4: 6bpqd (big blind) folded before Flop
Seat 5: stephane2022 folded before Flop (didn't bet)



PokerStars Hand #254228904012:  Hold'em No Limit ($0.50/$1.00 USD) - 2025/01/06 15:52:15 WET [2025/01/06 10:52:15 ET]
Table 'Rollandia II' 6-max Seat #3 is the button
Seat 2: sarimanock ($50 in chips) is sitting out
Seat 6: steepfell ($104 in chips) is sitting out
Seat 1: Pippa83 ($105.27 in chips) 
Seat 3: Aescul@pius ($102.90 in chips) 
Seat 4: 6bpqd ($100 in chips) 
Seat 5: stephane2022 ($55.20 in chips) 
6bpqd: posts small blind $0.50
stephane2022: posts big blind $1
sarimanock: sits out 
*** HOLE CARDS ***
Pippa83: folds 
Aescul@pius: raises $1 to $2
6bpqd: folds 
stephane2022: folds 
Uncalled bet ($1) returned to Aescul@pius
Aescul@pius collected $2.50 from pot
Aescul@pius: doesn't show hand 
*** SUMMARY ***
Total pot $2.50 | Rake $0 
Seat 2: sarimanock
Seat 6: steepfell
Seat 1: Pippa83 folded before Flop (didn't bet)
Seat 3: Aescul@pius (button) collected ($2.50)
Seat 4: 6bpqd (small blind) folded before Flop
Seat 5: stephane2022 (big blind) folded before Flop



PokerStars Hand #254228907831:  Hold'em No Limit ($0.50/$1.00 USD) - 2025/01/06 15:52:31 WET [2025/01/06 10:52:31 ET]
Table 'Rollandia II' 6-max Seat #4 is the button
Seat 2: sarimanock ($50 in chips) is sitting out
Seat 6: steepfell ($104 in chips) is sitting out
Seat 1: Pippa83 ($105.27 in chips) 
Seat 3: Aescul@pius ($104.40 in chips) 
Seat 4: 6bpqd ($100 in chips) 
Seat 5: stephane2022 ($54.20 in chips) 
stephane2022: posts small blind $0.50
Pippa83: posts big blind $1
sarimanock: sits out 
*** HOLE CARDS ***
Aescul@pius: folds 
6bpqd: raises $1.50 to $2.50
stephane2022: folds 
Pippa83: folds 
Uncalled bet ($1.50) returned to 6bpqd
6bpqd collected $2.50 from pot
steepfell leaves the table
6bpqd: doesn't show hand 
*** SUMMARY ***
Total pot $2.50 | Rake $0 
Seat 2: sarimanock
Seat 6: steepfell
Seat 1: Pippa83 (big blind) folded before Flop
Seat 3: Aescul@pius folded before Flop (didn't bet)
Seat 4: 6bpqd (button) collected ($2.50)
Seat 5: stephane2022 (small blind) folded before Flop



PokerStars Hand #254228913137:  Hold'em No Limit ($0.50/$1.00 USD) - 2025/01/06 15:52:53 WET [2025/01/06 10:52:53 ET]
Table 'Rollandia II' 6-max Seat #5 is the button
Seat 1: Pippa83 ($104.27 in chips) 
Seat 2: sarimanock ($50 in chips) 
Seat 3: Aescul@pius ($104.40 in chips) 
Seat 4: 6bpqd ($101.50 in chips) 
Seat 5: stephane2022 ($53.70 in chips) 
Pippa83: posts small blind $0.50
sarimanock: posts big blind $1
*** HOLE CARDS ***
Aescul@pius: folds 
6bpqd: folds 
stephane2022: folds 
Pippa83: folds 
Uncalled bet ($0.50) returned to sarimanock
sarimanock collected $1 from pot
sarimanock: doesn't show hand 
*** SUMMARY ***
Total pot $1 | Rake $0 
Seat 1: Pippa83 (small blind) folded before Flop
Seat 2: sarimanock (big blind) collected ($1)
Seat 3: Aescul@pius folded before Flop (didn't bet)
Seat 4: 6bpqd folded before Flop (didn't bet)
Seat 5: stephane2022 (button) folded before Flop (didn't bet)



PokerStars Hand #254228915760:  Hold'em No Limit ($0.50/$1.00 USD) - 2025/01/06 15:53:04 WET [2025/01/06 10:53:04 ET]
Table 'Rollandia II' 6-max Seat #1 is the button
Seat 1: Pippa83 ($103.77 in chips) 
Seat 2: sarimanock ($50.50 in chips) 
Seat 3: Aescul@pius ($104.40 in chips) 
Seat 4: 6bpqd ($101.50 in chips) 
Seat 5: stephane2022 ($53.70 in chips) 
sarimanock: posts small blind $0.50
Rdalonso joins the table at seat #6 
Aescul@pius: posts big blind $1
*** HOLE CARDS ***
6bpqd: folds 
stephane2022: folds 
Pippa83: raises $1.50 to $2.50
sarimanock: calls $2
Aescul@pius: folds 
*** FLOP *** [Th 2c Ts]
sarimanock: checks 
Pippa83: checks 
*** TURN *** [Th 2c Ts] [Ac]
sarimanock: checks 
Pippa83: checks 
*** RIVER *** [Th 2c Ts Ac] [7d]
sarimanock: checks 
Pippa83: bets $3
sarimanock: folds 
Uncalled bet ($3) returned to Pippa83
Pippa83 collected $5.70 from pot
Pippa83: doesn't show hand 
*** SUMMARY ***
Total pot $6 | Rake $0.30 
Board [Th 2c Ts Ac 7d]
Seat 1: Pippa83 (button) collected ($5.70)
Seat 2: sarimanock (small blind) folded on the River
Seat 3: Aescul@pius (big blind) folded before Flop
Seat 4: 6bpqd folded before Flop (didn't bet)
Seat 5: stephane2022 folded before Flop (didn't bet)



PokerStars Hand #254228928230:  Hold'em No Limit ($0.50/$1.00 USD) - 2025/01/06 15:53:55 WET [2025/01/06 10:53:55 ET]
Table 'Rollandia II' 6-max Seat #2 is the button
Seat 6: Rdalonso ($100 in chips) is sitting out
Seat 1: Pippa83 ($106.97 in chips) 
Seat 2: sarimanock ($48 in chips) 
Seat 3: Aescul@pius ($103.40 in chips) 
Seat 4: 6bpqd ($101.50 in chips) 
Seat 5: stephane2022 ($53.70 in chips) 
Aescul@pius: posts small blind $0.50
6bpqd: posts big blind $1
Rdalonso: sits out 
*** HOLE CARDS ***
stephane2022: folds 
Pippa83: raises $1.50 to $2.50
sarimanock: folds 
Aescul@pius: raises $8.50 to $11
6bpqd: folds 
Pippa83: folds 
Uncalled bet ($8.50) returned to Aescul@pius
Aescul@pius collected $6 from pot
Aescul@pius: doesn't show hand 
*** SUMMARY ***
Total pot $6 | Rake $0 
Seat 6: Rdalonso
Seat 1: Pippa83 folded before Flop
Seat 2: sarimanock (button) folded before Flop (didn't bet)
Seat 3: Aescul@pius (small blind) collected ($6)
Seat 4: 6bpqd (big blind) folded before Flop
Seat 5: stephane2022 folded before Flop (didn't bet)



PokerStars Hand #254228933312:  Hold'em No Limit ($0.50/$1.00 USD) - 2025/01/06 15:54:17 WET [2025/01/06 10:54:17 ET]
Table 'Rollandia II' 6-max Seat #3 is the button
Seat 6: Rdalonso ($100 in chips) is sitting out
Seat 1: Pippa83 ($104.47 in chips) 
Seat 2: sarimanock ($48 in chips) 
Seat 3: Aescul@pius ($106.90 in chips) 
Seat 4: 6bpqd ($100.50 in chips) 
Seat 5: stephane2022 ($53.70 in chips) 
6bpqd: posts small blind $0.50
stephane2022: posts big blind $1
Rdalonso: sits out 
*** HOLE CARDS ***
Pippa83: folds 
sarimanock: folds 
Aescul@pius: folds 
6bpqd: raises $2 to $3
stephane2022: calls $2
*** FLOP *** [Qc Ac 2h]
6bpqd: checks 
stephane2022: checks 
*** TURN *** [Qc Ac 2h] [Td]
6bpqd: checks 
stephane2022: bets $2.85
6bpqd: folds 
Uncalled bet ($2.85) returned to stephane2022
stephane2022 collected $5.70 from pot
*** SUMMARY ***
Total pot $6 | Rake $0.30 
Board [Qc Ac 2h Td]
Seat 6: Rdalonso
Seat 1: Pippa83 folded before Flop (didn't bet)
Seat 2: sarimanock folded before Flop (didn't bet)
Seat 3: Aescul@pius (button) folded before Flop (didn't bet)
Seat 4: 6bpqd (small blind) folded on the Turn
Seat 5: stephane2022 (big blind) collected ($5.70)



PokerStars Hand #254228942124:  Hold'em No Limit ($0.50/$1.00 USD) - 2025/01/06 15:54:53 WET [2025/01/06 10:54:53 ET]
Table 'Rollandia II' 6-max Seat #4 is the button
Seat 1: Pippa83 ($104.47 in chips) 
Seat 2: sarimanock ($48 in chips) 
Seat 3: Aescul@pius ($106.90 in chips) 
Seat 4: 6bpqd ($100 in chips) 
Seat 5: stephane2022 ($56.40 in chips) 
Seat 6: Rdalonso ($100 in chips) 
stephane2022: posts small blind $0.50
Rdalonso: posts big blind $1
*** HOLE CARDS ***
Pippa83: folds 
sarimanock: folds 
Aescul@pius: folds 
6bpqd: raises $1.50 to $2.50
stephane2022: folds 
Rdalonso: folds 
Uncalled bet ($1.50) returned to 6bpqd
6bpqd collected $2.50 from pot
6bpqd: doesn't show hand 
*** SUMMARY ***
Total pot $2.50 | Rake $0 
Seat 1: Pippa83 folded before Flop (didn't bet)
Seat 2: sarimanock folded before Flop (didn't bet)
Seat 3: Aescul@pius folded before Flop (didn't bet)
Seat 4: 6bpqd (button) collected ($2.50)
Seat 5: stephane2022 (small blind) folded before Flop
Seat 6: Rdalonso (big blind) folded before Flop



PokerStars Hand #254228947610:  Hold'em No Limit ($0.50/$1.00 USD) - 2025/01/06 15:55:17 WET [2025/01/06 10:55:17 ET]
Table 'Rollandia II' 6-max Seat #5 is the button
Seat 1: Pippa83 ($104.47 in chips) 
Seat 2: sarimanock ($48 in chips) 
Seat 3: Aescul@pius ($106.90 in chips) 
Seat 4: 6bpqd ($101.50 in chips) 
Seat 5: stephane2022 ($55.90 in chips) 
Seat 6: Rdalonso ($100 in chips) 
Rdalonso: posts small blind $0.50
Pippa83: posts big blind $1
*** HOLE CARDS ***
sarimanock: folds 
Aescul@pius: folds 
6bpqd: folds 
stephane2022: folds 
Rdalonso: folds 
Uncalled bet ($0.50) returned to Pippa83
Pippa83 collected $1 from pot
Pippa83: doesn't show hand 
*** SUMMARY ***
Total pot $1 | Rake $0 
Seat 1: Pippa83 (big blind) collected ($1)
Seat 2: sarimanock folded before Flop (didn't bet)
Seat 3: Aescul@pius folded before Flop (didn't bet)
Seat 4: 6bpqd folded before Flop (didn't bet)
Seat 5: stephane2022 (button) folded before Flop (didn't bet)
Seat 6: Rdalonso (small blind) folded before Flop



PokerStars Hand #254228950481:  Hold'em No Limit ($0.50/$1.00 USD) - 2025/01/06 15:55:33 WET [2025/01/06 10:55:33 ET]
Table 'Rollandia II' 6-max Seat #6 is the button
Seat 1: Pippa83 ($104.97 in chips) 
Seat 2: sarimanock ($48 in chips) 
Seat 3: Aescul@pius ($106.90 in chips) 
Seat 4: 6bpqd ($101.50 in chips) 
Seat 5: stephane2022 ($55.90 in chips) 
Seat 6: Rdalonso ($100 in chips) 
Pippa83: posts small blind $0.50
sarimanock: posts big blind $1
*** HOLE CARDS ***
Aescul@pius: folds 
6bpqd: raises $1.50 to $2.50
stephane2022: folds 
Rdalonso: folds 
Pippa83: folds 
sarimanock: folds 
Uncalled bet ($1.50) returned to 6bpqd
6bpqd collected $2.50 from pot
6bpqd: doesn't show hand 
*** SUMMARY ***
Total pot $2.50 | Rake $0 
Seat 1: Pippa83 (small blind) folded before Flop
Seat 2: sarimanock (big blind) folded before Flop
Seat 3: Aescul@pius folded before Flop (didn't bet)
Seat 4: 6bpqd collected ($2.50)
Seat 5: stephane2022 folded before Flop (didn't bet)
Seat 6: Rdalonso (button) folded before Flop (didn't bet)



PokerStars Hand #254228953804:  Hold'em No Limit ($0.50/$1.00 USD) - 2025/01/06 15:55:50 WET [2025/01/06 10:55:50 ET]
Table 'Rollandia II' 6-max Seat #1 is the button
Seat 1: Pippa83 ($104.47 in chips) 
Seat 2: sarimanock ($47 in chips) 
Seat 3: Aescul@pius ($106.90 in chips) 
Seat 4: 6bpqd ($103 in chips) 
Seat 5: stephane2022 ($55.90 in chips) 
Seat 6: Rdalonso ($100 in chips) 
sarimanock: posts small blind $0.50
Aescul@pius: posts big blind $1
*** HOLE CARDS ***
6bpqd: folds 
stephane2022: folds 
Rdalonso: folds 
Pippa83: folds 
sarimanock: raises $1.50 to $2.50
Aescul@pius: raises $5.50 to $8
sarimanock: calls $5.50
*** FLOP *** [5h 9d Qs]
sarimanock: checks 
Aescul@pius: bets $10
sarimanock: folds 
Uncalled bet ($10) returned to Aescul@pius
Aescul@pius collected $15.20 from pot
Aescul@pius: doesn't show hand 
*** SUMMARY ***
Total pot $16 | Rake $0.80 
Board [5h 9d Qs]
Seat 1: Pippa83 (button) folded before Flop (didn't bet)
Seat 2: sarimanock (small blind) folded on the Flop
Seat 3: Aescul@pius (big blind) collected ($15.20)
Seat 4: 6bpqd folded before Flop (didn't bet)
Seat 5: stephane2022 folded before Flop (didn't bet)
Seat 6: Rdalonso folded before Flop (didn't bet)



PokerStars Hand #254228966525:  Hold'em No Limit ($0.50/$1.00 USD) - 2025/01/06 15:56:58 WET [2025/01/06 10:56:58 ET]
Table 'Rollandia II' 6-max Seat #2 is the button
Seat 1: Pippa83 ($104.47 in chips) 
Seat 2: sarimanock ($39 in chips) 
Seat 3: Aescul@pius ($114.10 in chips) 
Seat 4: 6bpqd ($103 in chips) 
Seat 5: stephane2022 ($55.90 in chips) 
Seat 6: Rdalonso ($100 in chips) 
Aescul@pius: posts small blind $0.50
6bpqd: posts big blind $1
*** HOLE CARDS ***
stephane2022: folds 
Rdalonso: folds 
Pippa83: folds 
sarimanock: folds 
Aescul@pius: folds 
Uncalled bet ($0.50) returned to 6bpqd
6bpqd collected $1 from pot
6bpqd: doesn't show hand 
*** SUMMARY ***
Total pot $1 | Rake $0 
Seat 1: Pippa83 folded before Flop (didn't bet)
Seat 2: sarimanock (button) folded before Flop (didn't bet)
Seat 3: Aescul@pius (small blind) folded before Flop
Seat 4: 6bpqd (big blind) collected ($1)
Seat 5: stephane2022 folded before Flop (didn't bet)
Seat 6: Rdalonso folded before Flop (didn't bet)



PokerStars Hand #254228971428:  Hold'em No Limit ($0.50/$1.00 USD) - 2025/01/06 15:57:24 WET [2025/01/06 10:57:24 ET]
Table 'Rollandia II' 6-max Seat #3 is the button
Seat 1: Pippa83 ($104.47 in chips) 
Seat 2: sarimanock ($39 in chips) 
Seat 3: Aescul@pius ($113.60 in chips) 
Seat 4: 6bpqd ($103.50 in chips) 
Seat 5: stephane2022 ($55.90 in chips) 
Seat 6: Rdalonso ($100 in chips) 
6bpqd: posts small blind $0.50
stephane2022: posts big blind $1
*** HOLE CARDS ***
Rdalonso: folds 
Pippa83: folds 
sarimanock: folds 
Aescul@pius: folds 
6bpqd: raises $2 to $3
stephane2022: calls $2
*** FLOP *** [9c 5d Jh]
6bpqd: checks 
stephane2022: bets $2
6bpqd: folds 
Uncalled bet ($2) returned to stephane2022
stephane2022 collected $5.70 from pot
*** SUMMARY ***
Total pot $6 | Rake $0.30 
Board [9c 5d Jh]
Seat 1: Pippa83 folded before Flop (didn't bet)
Seat 2: sarimanock folded before Flop (didn't bet)
Seat 3: Aescul@pius (button) folded before Flop (didn't bet)
Seat 4: 6bpqd (small blind) folded on the Flop
Seat 5: stephane2022 (big blind) collected ($5.70)
Seat 6: Rdalonso folded before Flop (didn't bet)



PokerStars Hand #254228977996:  Hold'em No Limit ($0.50/$1.00 USD) - 2025/01/06 15:57:58 WET [2025/01/06 10:57:58 ET]
Table 'Rollandia II' 6-max Seat #4 is the button
Seat 1: Pippa83 ($104.47 in chips) 
Seat 2: sarimanock ($39 in chips) 
Seat 3: Aescul@pius ($113.60 in chips) 
Seat 4: 6bpqd ($100.50 in chips) 
Seat 5: stephane2022 ($58.60 in chips) 
Seat 6: Rdalonso ($100 in chips) 
stephane2022: posts small blind $0.50
Rdalonso: posts big blind $1
*** HOLE CARDS ***
Pippa83: raises $1.20 to $2.20
sarimanock: folds 
Aescul@pius: folds 
6bpqd: folds 
stephane2022: folds 
Rdalonso: folds 
Uncalled bet ($1.20) returned to Pippa83
Pippa83 collected $2.50 from pot
Pippa83: doesn't show hand 
*** SUMMARY ***
Total pot $2.50 | Rake $0 
Seat 1: Pippa83 collected ($2.50)
Seat 2: sarimanock folded before Flop (didn't bet)
Seat 3: Aescul@pius folded before Flop (didn't bet)
Seat 4: 6bpqd (button) folded before Flop (didn't bet)
Seat 5: stephane2022 (small blind) folded before Flop
Seat 6: Rdalonso (big blind) folded before Flop



PokerStars Hand #254228980529:  Hold'em No Limit ($0.50/$1.00 USD) - 2025/01/06 15:58:12 WET [2025/01/06 10:58:12 ET]
Table 'Rollandia II' 6-max Seat #5 is the button
Seat 1: Pippa83 ($105.97 in chips) 
Seat 2: sarimanock ($39 in chips) 
Seat 3: Aescul@pius ($113.60 in chips) 
Seat 4: 6bpqd ($100.50 in chips) 
Seat 5: stephane2022 ($58.10 in chips) 
Seat 6: Rdalonso ($100 in chips) 
Rdalonso: posts small blind $0.50
Pippa83: posts big blind $1
*** HOLE CARDS ***
sarimanock: folds 
Aescul@pius: raises $1 to $2
6bpqd: folds 
stephane2022: folds 
Rdalonso: folds 
Pippa83: folds 
Uncalled bet ($1) returned to Aescul@pius
Aescul@pius collected $2.50 from pot
Aescul@pius: doesn't show hand 
*** SUMMARY ***
Total pot $2.50 | Rake $0 
Seat 1: Pippa83 (big blind) folded before Flop
Seat 2: sarimanock folded before Flop (didn't bet)
Seat 3: Aescul@pius collected ($2.50)
Seat 4: 6bpqd folded before Flop (didn't bet)
Seat 5: stephane2022 (button) folded before Flop (didn't bet)
Seat 6: Rdalonso (small blind) folded before Flop



PokerStars Hand #254228984367:  Hold'em No Limit ($0.50/$1.00 USD) - 2025/01/06 15:58:32 WET [2025/01/06 10:58:32 ET]
Table 'Rollandia II' 6-max Seat #6 is the button
Seat 1: Pippa83 ($104.97 in chips) 
Seat 2: sarimanock ($39 in chips) 
Seat 3: Aescul@pius ($115.10 in chips) 
Seat 4: 6bpqd ($100.50 in chips) 
Seat 5: stephane2022 ($58.10 in chips) 
Seat 6: Rdalonso ($100 in chips) 
Pippa83: posts small blind $0.50
sarimanock: posts big blind $1
*** HOLE CARDS ***
Aescul@pius: folds 
6bpqd: folds 
stephane2022: calls $1
Rdalonso: folds 
Pippa83: calls $0.50
sarimanock: checks 
*** FLOP *** [Ks 8s 7s]
Pippa83: bets $1
sarimanock: folds 
stephane2022: calls $1
*** TURN *** [Ks 8s 7s] [Qc]
Pippa83: bets $1.57
stephane2022: raises $2.57 to $4.14
Pippa83: folds 
Uncalled bet ($2.57) returned to stephane2022
stephane2022 collected $7.73 from pot
*** SUMMARY ***
Total pot $8.14 | Rake $0.41 
Board [Ks 8s 7s Qc]
Seat 1: Pippa83 (small blind) folded on the Turn
Seat 2: sarimanock (big blind) folded on the Flop
Seat 3: Aescul@pius folded before Flop (didn't bet)
Seat 4: 6bpqd folded before Flop (didn't bet)
Seat 5: stephane2022 collected ($7.73)
Seat 6: Rdalonso (button) folded before Flop (didn't bet)



PokerStars Hand #254229086251:  Hold'em No Limit ($0.50/$1.00 USD) - 2025/01/06 16:05:59 WET [2025/01/06 11:05:59 ET]
Table 'Rollandia II' 6-max Seat #1 is the button
Seat 1: Pippa83 ($100 in chips) 
Seat 2: sarimanock ($45.18 in chips) 
Seat 3: Aescul@pius ($123.81 in chips) 
Seat 4: 6bpqd ($100 in chips) 
Seat 5: stephane2022 ($46.07 in chips) 
Seat 6: Rdalonso ($102.90 in chips) 
sarimanock: posts small blind $0.50
Aescul@pius: posts big blind $1
*** HOLE CARDS ***
6bpqd: folds 
stephane2022: folds 
Rdalonso: raises $1.50 to $2.50
Pippa83: folds 
sarimanock: folds 
Aescul@pius: folds 
Uncalled bet ($1.50) returned to Rdalonso
Rdalonso collected $2.50 from pot
Rdalonso: doesn't show hand 
*** SUMMARY ***
Total pot $2.50 | Rake $0 
Seat 1: Pippa83 (button) folded before Flop (didn't bet)
Seat 2: sarimanock (small blind) folded before Flop
Seat 3: Aescul@pius (big blind) folded before Flop
Seat 4: 6bpqd folded before Flop (didn't bet)
Seat 5: stephane2022 folded before Flop (didn't bet)
Seat 6: Rdalonso collected ($2.50)



PokerStars Hand #254229090114:  Hold'em No Limit ($0.50/$1.00 USD) - 2025/01/06 16:06:15 WET [2025/01/06 11:06:15 ET]
Table 'Rollandia II' 6-max Seat #2 is the button
Seat 1: Pippa83 ($100 in chips) 
Seat 2: sarimanock ($44.68 in chips) 
Seat 3: Aescul@pius ($122.81 in chips) 
Seat 4: 6bpqd ($100 in chips) 
Seat 5: stephane2022 ($46.07 in chips) 
Seat 6: Rdalonso ($104.40 in chips) 
Aescul@pius: posts small blind $0.50
6bpqd: posts big blind $1
*** HOLE CARDS ***
stephane2022: raises $1 to $2
Rdalonso: raises $5.50 to $7.50
Pippa83: folds 
sarimanock: folds 
Aescul@pius: folds 
6bpqd: folds 
stephane2022: calls $5.50
*** FLOP *** [6s 9d 4d]
stephane2022: bets $7.84
Rdalonso: calls $7.84
*** TURN *** [6s 9d 4d] [6h]
stephane2022: bets $15.29
Rdalonso: folds 
Uncalled bet ($15.29) returned to stephane2022
stephane2022 collected $30.57 from pot
*** SUMMARY ***
Total pot $32.18 | Rake $1.61 
Board [6s 9d 4d 6h]
Seat 1: Pippa83 folded before Flop (didn't bet)
Seat 2: sarimanock (button) folded before Flop (didn't bet)
Seat 3: Aescul@pius (small blind) folded before Flop
Seat 4: 6bpqd (big blind) folded before Flop
Seat 5: stephane2022 collected ($30.57)
Seat 6: Rdalonso folded on the Turn



PokerStars Hand #254229107130:  Hold'em No Limit ($0.50/$1.00 USD) - 2025/01/06 16:07:24 WET [2025/01/06 11:07:24 ET]
Table 'Rollandia II' 6-max Seat #3 is the button
Seat 1: Pippa83 ($100 in chips) 
Seat 2: sarimanock ($44.68 in chips) 
Seat 3: Aescul@pius ($122.31 in chips) 
Seat 4: 6bpqd ($100 in chips) 
Seat 5: stephane2022 ($61.30 in chips) 
Seat 6: Rdalonso ($100 in chips) 
6bpqd: posts small blind $0.50
stephane2022: posts big blind $1
*** HOLE CARDS ***
Rdalonso: folds 
Pippa83: folds 
sarimanock: folds 
Aescul@pius: folds 
6bpqd: raises $2 to $3
stephane2022: calls $2
*** FLOP *** [2c 8h 8s]
6bpqd: checks 
stephane2022: checks 
*** TURN *** [2c 8h 8s] [Ac]
6bpqd: checks 
stephane2022: checks 
*** RIVER *** [2c 8h 8s Ac] [4d]
6bpqd: checks 
stephane2022: bets $3.30
6bpqd: folds 
Uncalled bet ($3.30) returned to stephane2022
stephane2022 collected $5.70 from pot
*** SUMMARY ***
Total pot $6 | Rake $0.30 
Board [2c 8h 8s Ac 4d]
Seat 1: Pippa83 folded before Flop (didn't bet)
Seat 2: sarimanock folded before Flop (didn't bet)
Seat 3: Aescul@pius (button) folded before Flop (didn't bet)
Seat 4: 6bpqd (small blind) folded on the River
Seat 5: stephane2022 (big blind) collected ($5.70)
Seat 6: Rdalonso folded before Flop (didn't bet)



PokerStars Hand #254229116991:  Hold'em No Limit ($0.50/$1.00 USD) - 2025/01/06 16:08:05 WET [2025/01/06 11:08:05 ET]
Table 'Rollandia II' 6-max Seat #4 is the button
Seat 6: Rdalonso ($100 in chips) is sitting out
Seat 1: Pippa83 ($100 in chips) 
Seat 2: sarimanock ($44.68 in chips) 
Seat 3: Aescul@pius ($122.31 in chips) 
Seat 4: 6bpqd ($100 in chips) 
Seat 5: stephane2022 ($64 in chips) 
stephane2022: posts small blind $0.50
Rdalonso: is sitting out 
Pippa83: posts big blind $1
*** HOLE CARDS ***
sarimanock: raises $1.50 to $2.50
Rdalonso leaves the table
Aescul@pius: folds 
6bpqd: folds 
stephane2022: folds 
Pippa83: folds 
Uncalled bet ($1.50) returned to sarimanock
sarimanock collected $2.50 from pot
sarimanock: doesn't show hand 
Aescul@pius leaves the table
*** SUMMARY ***
Total pot $2.50 | Rake $0 
Seat 6: Rdalonso
Seat 1: Pippa83 (big blind) folded before Flop
Seat 2: sarimanock collected ($2.50)
Seat 3: Aescul@pius folded before Flop (didn't bet)
Seat 4: 6bpqd (button) folded before Flop (didn't bet)
Seat 5: stephane2022 (small blind) folded before Flop



PokerStars Hand #254229121701:  Hold'em No Limit ($0.50/$1.00 USD) - 2025/01/06 16:08:24 WET [2025/01/06 11:08:24 ET]
Table 'Rollandia II' 6-max Seat #5 is the button
Seat 1: Pippa83 ($100 in chips) 
Seat 2: sarimanock ($46.18 in chips) 
Seat 4: 6bpqd ($100 in chips) 
Seat 5: stephane2022 ($63.50 in chips) 
Pippa83: posts small blind $0.50
sarimanock: posts big blind $1
*** HOLE CARDS ***
6bpqd: raises $1.50 to $2.50
Nazareno1999 joins the table at seat #6 
stephane2022: calls $2.50
Pippa83: folds 
sarimanock: calls $1.50
*** FLOP *** [3s 4h 3d]
shootingGRID joins the table at seat #3 
sarimanock: checks 
6bpqd: checks 
stephane2022: checks 
*** TURN *** [3s 4h 3d] [9s]
sarimanock: bets $3.80
6bpqd: folds 
stephane2022: calls $3.80
*** RIVER *** [3s 4h 3d 9s] [8c]
sarimanock: bets $7.41
stephane2022: folds 
Uncalled bet ($7.41) returned to sarimanock
sarimanock collected $14.82 from pot
sarimanock: doesn't show hand 
*** SUMMARY ***
Total pot $15.60 | Rake $0.78 
Board [3s 4h 3d 9s 8c]
Seat 1: Pippa83 (small blind) folded before Flop
Seat 2: sarimanock (big blind) collected ($14.82)
Seat 4: 6bpqd folded on the Turn
Seat 5: stephane2022 (button) folded on the River



PokerStars Hand #254229136808:  Hold'em No Limit ($0.50/$1.00 USD) - 2025/01/06 16:09:25 WET [2025/01/06 11:09:25 ET]
Table 'Rollandia II' 6-max Seat #1 is the button
Seat 6: Nazareno1999 ($100 in chips) is sitting out
Seat 1: Pippa83 ($100 in chips) 
Seat 2: sarimanock ($54.70 in chips) 
Seat 3: shootingGRID ($100 in chips) 
Seat 4: 6bpqd ($100 in chips) 
Seat 5: stephane2022 ($57.20 in chips) 
sarimanock: posts small blind $0.50
shootingGRID: posts big blind $1
Nazareno1999: sits out 
*** HOLE CARDS ***
6bpqd: folds 
stephane2022: folds 
stephane2022 leaves the table
Pippa83: raises $1.50 to $2.50
sarimanock: folds 
Nazareno1999 leaves the table
xcinaz joins the table at seat #5 
shootingGRID: folds 
Uncalled bet ($1.50) returned to Pippa83
Pippa83 collected $2.50 from pot
Pippa83: doesn't show hand 
*** SUMMARY ***
Total pot $2.50 | Rake $0 
Seat 6: Nazareno1999
Seat 1: Pippa83 (button) collected ($2.50)
Seat 2: sarimanock (small blind) folded before Flop
Seat 3: shootingGRID (big blind) folded before Flop
Seat 4: 6bpqd folded before Flop (didn't bet)
Seat 5: stephane2022 folded before Flop (didn't bet)



PokerStars Hand #254229144510:  Hold'em No Limit ($0.50/$1.00 USD) - 2025/01/06 16:09:57 WET [2025/01/06 11:09:57 ET]
Table 'Rollandia II' 6-max Seat #2 is the button
Seat 5: xcinaz ($100 in chips) is sitting out
Seat 1: Pippa83 ($101.50 in chips) 
Seat 2: sarimanock ($54.20 in chips) 
Seat 3: shootingGRID ($100 in chips) 
Seat 4: 6bpqd ($100 in chips) 
shootingGRID: posts small blind $0.50
6bpqd: posts big blind $1
xcinaz: sits out 
*** HOLE CARDS ***
BGS013 joins the table at seat #6 
Pippa83: folds 
sarimanock: folds 
shootingGRID: raises $2 to $3
6bpqd: calls $2
*** FLOP *** [Qc Jc Kh]
shootingGRID: checks 
6bpqd: checks 
*** TURN *** [Qc Jc Kh] [5h]
shootingGRID: bets $3.76
6bpqd: calls $3.76
*** RIVER *** [Qc Jc Kh 5h] [9h]
shootingGRID: checks 
6bpqd: bets $4.24
shootingGRID: folds 
Uncalled bet ($4.24) returned to 6bpqd
6bpqd collected $12.84 from pot
6bpqd: doesn't show hand 
*** SUMMARY ***
Total pot $13.52 | Rake $0.68 
Board [Qc Jc Kh 5h 9h]
Seat 5: xcinaz
Seat 1: Pippa83 folded before Flop (didn't bet)
Seat 2: sarimanock (button) folded before Flop (didn't bet)
Seat 3: shootingGRID (small blind) folded on the River
Seat 4: 6bpqd (big blind) collected ($12.84)



PokerStars Hand #254229164952:  Hold'em No Limit ($0.50/$1.00 USD) - 2025/01/06 16:11:19 WET [2025/01/06 11:11:19 ET]
Table 'Rollandia II' 6-max Seat #3 is the button
Seat 6: BGS013 ($100 in chips) is sitting out
Seat 1: Pippa83 ($101.50 in chips) 
Seat 2: sarimanock ($54.20 in chips) 
Seat 3: shootingGRID ($100 in chips) 
Seat 4: 6bpqd ($106.08 in chips) 
Seat 5: xcinaz ($100 in chips) 
6bpqd: posts small blind $0.50
xcinaz: posts big blind $1
BGS013: sits out 
*** HOLE CARDS ***
Pippa83: folds 
sarimanock: folds 
shootingGRID: folds 
6bpqd: raises $2 to $3
xcinaz: calls $2
*** FLOP *** [6s As 5s]
6bpqd: checks 
xcinaz: checks 
*** TURN *** [6s As 5s] [2c]
6bpqd: checks 
xcinaz: bets $1.43
6bpqd: calls $1.43
*** RIVER *** [6s As 5s 2c] [2d]
6bpqd: checks 
xcinaz: checks 
*** SHOW DOWN ***
6bpqd: shows [Kc Td] (a pair of Deuces)
xcinaz: shows [6c Ks] (two pair, Sixes and Deuces)
xcinaz collected $8.42 from pot
*** SUMMARY ***
Total pot $8.86 | Rake $0.44 
Board [6s As 5s 2c 2d]
Seat 6: BGS013
Seat 1: Pippa83 folded before Flop (didn't bet)
Seat 2: sarimanock folded before Flop (didn't bet)
Seat 3: shootingGRID (button) folded before Flop (didn't bet)
Seat 4: 6bpqd (small blind) showed [Kc Td] and lost with a pair of Deuces
Seat 5: xcinaz (big blind) showed [6c Ks] and won ($8.42) with two pair, Sixes and Deuces



PokerStars Hand #254229183006:  Hold'em No Limit ($0.50/$1.00 USD) - 2025/01/06 16:12:32 WET [2025/01/06 11:12:32 ET]
Table 'Rollandia II' 6-max Seat #4 is the button
Seat 1: Pippa83 ($101.50 in chips) 
Seat 2: sarimanock ($54.20 in chips) 
Seat 3: shootingGRID ($100 in chips) 
Seat 4: 6bpqd ($101.65 in chips) 
Seat 5: xcinaz ($103.99 in chips) 
Seat 6: BGS013 ($100 in chips) 
xcinaz: posts small blind $0.50
BGS013: posts big blind $1
*** HOLE CARDS ***
Pippa83: folds 
sarimanock: folds 
shootingGRID: raises $1.25 to $2.25
6bpqd: folds 
xcinaz: folds 
BGS013: folds 
Uncalled bet ($1.25) returned to shootingGRID
shootingGRID collected $2.50 from pot
*** SUMMARY ***
Total pot $2.50 | Rake $0 
Seat 1: Pippa83 folded before Flop (didn't bet)
Seat 2: sarimanock folded before Flop (didn't bet)
Seat 3: shootingGRID collected ($2.50)
Seat 4: 6bpqd (button) folded before Flop (didn't bet)
Seat 5: xcinaz (small blind) folded before Flop
Seat 6: BGS013 (big blind) folded before Flop



PokerStars Hand #254229189993:  Hold'em No Limit ($0.50/$1.00 USD) - 2025/01/06 16:13:00 WET [2025/01/06 11:13:00 ET]
Table 'Rollandia II' 6-max Seat #5 is the button
Seat 1: Pippa83 ($101.50 in chips) 
Seat 2: sarimanock ($54.20 in chips) 
Seat 3: shootingGRID ($101.50 in chips) 
Seat 4: 6bpqd ($101.65 in chips) 
Seat 5: xcinaz ($103.49 in chips) 
Seat 6: BGS013 ($100 in chips) 
BGS013: posts small blind $0.50
Pippa83: posts big blind $1
*** HOLE CARDS ***
sarimanock: folds 
shootingGRID: folds 
6bpqd: folds 
xcinaz: raises $1.50 to $2.50
shootingGRID leaves the table
BGS013: folds 
Pippa83: folds 
Uncalled bet ($1.50) returned to xcinaz
xcinaz collected $2.50 from pot
xcinaz: doesn't show hand 
*** SUMMARY ***
Total pot $2.50 | Rake $0 
Seat 1: Pippa83 (big blind) folded before Flop
Seat 2: sarimanock folded before Flop (didn't bet)
Seat 3: shootingGRID folded before Flop (didn't bet)
Seat 4: 6bpqd folded before Flop (didn't bet)
Seat 5: xcinaz (button) collected ($2.50)
Seat 6: BGS013 (small blind) folded before Flop



PokerStars Hand #254229194164:  Hold'em No Limit ($0.50/$1.00 USD) - 2025/01/06 16:13:17 WET [2025/01/06 11:13:17 ET]
Table 'Rollandia II' 6-max Seat #6 is the button
Seat 1: Pippa83 ($100.50 in chips) 
Seat 2: sarimanock ($54.20 in chips) 
Seat 4: 6bpqd ($101.65 in chips) 
Seat 5: xcinaz ($104.99 in chips) 
Seat 6: BGS013 ($100 in chips) 
Pippa83: posts small blind $0.50
sarimanock: posts big blind $1
*** HOLE CARDS ***
6bpqd: folds 
6bpqd leaves the table
imhungarian8 joins the table at seat #3 
xcinaz: folds 
BGS013: raises $1.50 to $2.50
Pippa83: folds 
sarimanock: folds 
Uncalled bet ($1.50) returned to BGS013
BGS013 collected $2.50 from pot
BGS013: doesn't show hand 
*** SUMMARY ***
Total pot $2.50 | Rake $0 
Seat 1: Pippa83 (small blind) folded before Flop
Seat 2: sarimanock (big blind) folded before Flop
Seat 4: 6bpqd folded before Flop (didn't bet)
Seat 5: xcinaz folded before Flop (didn't bet)
Seat 6: BGS013 (button) collected ($2.50)



PokerStars Hand #254229226532:  Hold'em No Limit ($0.50/$1.00 USD) - 2025/01/06 16:15:28 WET [2025/01/06 11:15:28 ET]
Table 'Rollandia II' 6-max Seat #4 is the button
Seat 1: Pippa83 ($100 in chips) 
Seat 2: sarimanock ($50.70 in chips) 
Seat 3: imhungarian8 ($132 in chips) 
Seat 4: Lidas585 ($100 in chips) 
Seat 5: xcinaz ($104.50 in chips) 
Seat 6: BGS013 ($100 in chips) 
xcinaz: posts small blind $0.50
BGS013: posts big blind $1
*** HOLE CARDS ***
Pippa83: folds 
sarimanock: folds 
imhungarian8: raises $1.30 to $2.30
Lidas585: folds 
xcinaz: folds 
BGS013: folds 
Uncalled bet ($1.30) returned to imhungarian8
imhungarian8 collected $2.50 from pot
imhungarian8: doesn't show hand 
*** SUMMARY ***
Total pot $2.50 | Rake $0 
Seat 1: Pippa83 folded before Flop (didn't bet)
Seat 2: sarimanock folded before Flop (didn't bet)
Seat 3: imhungarian8 collected ($2.50)
Seat 4: Lidas585 (button) folded before Flop (didn't bet)
Seat 5: xcinaz (small blind) folded before Flop
Seat 6: BGS013 (big blind) folded before Flop



PokerStars Hand #254229233040:  Hold'em No Limit ($0.50/$1.00 USD) - 2025/01/06 16:15:54 WET [2025/01/06 11:15:54 ET]
Table 'Rollandia II' 6-max Seat #5 is the button
Seat 1: Pippa83 ($100 in chips) 
Seat 2: sarimanock ($50.70 in chips) 
Seat 3: imhungarian8 ($133.50 in chips) 
Seat 4: Lidas585 ($100 in chips) 
Seat 5: xcinaz ($104 in chips) 
Seat 6: BGS013 ($100 in chips) 
BGS013: posts small blind $0.50
Pippa83: posts big blind $1
*** HOLE CARDS ***
sarimanock: folds 
imhungarian8: raises $1 to $2
Lidas585: folds 
xcinaz: folds 
BGS013: folds 
Pippa83: folds 
Uncalled bet ($1) returned to imhungarian8
BGS013 leaves the table
imhungarian8 collected $2.50 from pot
imhungarian8: doesn't show hand 
*** SUMMARY ***
Total pot $2.50 | Rake $0 
Seat 1: Pippa83 (big blind) folded before Flop
Seat 2: sarimanock folded before Flop (didn't bet)
Seat 3: imhungarian8 collected ($2.50)
Seat 4: Lidas585 folded before Flop (didn't bet)
Seat 5: xcinaz (button) folded before Flop (didn't bet)
Seat 6: BGS013 (small blind) folded before Flop



PokerStars Hand #254229242641:  Hold'em No Limit ($0.50/$1.00 USD) - 2025/01/06 16:16:33 WET [2025/01/06 11:16:33 ET]
Table 'Rollandia II' 6-max Seat #1 is the button
Seat 1: Pippa83 ($100 in chips) 
Seat 2: sarimanock ($50.70 in chips) 
Seat 3: imhungarian8 ($135 in chips) 
Seat 4: Lidas585 ($100 in chips) 
Seat 5: xcinaz ($104 in chips) 
sarimanock: posts small blind $0.50
imhungarian8: posts big blind $1
*** HOLE CARDS ***
Lidas585: folds 
xcinaz: folds 
Pippa83: folds 
sarimanock: folds 
Uncalled bet ($0.50) returned to imhungarian8
imhungarian8 collected $1 from pot
imhungarian8: doesn't show hand 
*** SUMMARY ***
Total pot $1 | Rake $0 
Seat 1: Pippa83 (button) folded before Flop (didn't bet)
Seat 2: sarimanock (small blind) folded before Flop
Seat 3: imhungarian8 (big blind) collected ($1)
Seat 4: Lidas585 folded before Flop (didn't bet)
Seat 5: xcinaz folded before Flop (didn't bet)



PokerStars Hand #254229245357:  Hold'em No Limit ($0.50/$1.00 USD) - 2025/01/06 16:16:44 WET [2025/01/06 11:16:44 ET]
Table 'Rollandia II' 6-max Seat #2 is the button
Seat 1: Pippa83 ($100 in chips) 
Seat 2: sarimanock ($50.20 in chips) 
Seat 3: imhungarian8 ($135.50 in chips) 
Seat 4: Lidas585 ($100 in chips) 
Seat 5: xcinaz ($104 in chips) 
imhungarian8: posts small blind $0.50
Lidas585: posts big blind $1
*** HOLE CARDS ***
xcinaz: folds 
Pippa83: raises $1.50 to $2.50
sarimanock: folds 
imhungarian8: folds 
Lidas585: folds 
Uncalled bet ($1.50) returned to Pippa83
Pippa83 collected $2.50 from pot
Pippa83: doesn't show hand 
*** SUMMARY ***
Total pot $2.50 | Rake $0 
Seat 1: Pippa83 collected ($2.50)
Seat 2: sarimanock (button) folded before Flop (didn't bet)
Seat 3: imhungarian8 (small blind) folded before Flop
Seat 4: Lidas585 (big blind) folded before Flop
Seat 5: xcinaz folded before Flop (didn't bet)



PokerStars Hand #254229249659:  Hold'em No Limit ($0.50/$1.00 USD) - 2025/01/06 16:17:02 WET [2025/01/06 11:17:02 ET]
Table 'Rollandia II' 6-max Seat #3 is the button
Seat 1: Pippa83 ($101.50 in chips) 
Seat 2: sarimanock ($50.20 in chips) 
Seat 3: imhungarian8 ($135 in chips) 
Seat 4: Lidas585 ($100 in chips) 
Seat 5: xcinaz ($104 in chips) 
Lidas585: posts small blind $0.50
xcinaz: posts big blind $1
*** HOLE CARDS ***
Pippa83: folds 
sarimanock: raises $1.50 to $2.50
imhungarian8: folds 
Lidas585: folds 
xcinaz: folds 
Uncalled bet ($1.50) returned to sarimanock
sarimanock collected $2.50 from pot
sarimanock: doesn't show hand 
*** SUMMARY ***
Total pot $2.50 | Rake $0 
Seat 1: Pippa83 folded before Flop (didn't bet)
Seat 2: sarimanock collected ($2.50)
Seat 3: imhungarian8 (button) folded before Flop (didn't bet)
Seat 4: Lidas585 (small blind) folded before Flop
Seat 5: xcinaz (big blind) folded before Flop



PokerStars Hand #254229255026:  Hold'em No Limit ($0.50/$1.00 USD) - 2025/01/06 16:17:23 WET [2025/01/06 11:17:23 ET]
Table 'Rollandia II' 6-max Seat #4 is the button
Seat 1: Pippa83 ($101.50 in chips) 
Seat 2: sarimanock ($51.70 in chips) 
Seat 3: imhungarian8 ($135 in chips) 
Seat 4: Lidas585 ($100 in chips) 
Seat 5: xcinaz ($103 in chips) 
xcinaz: posts small blind $0.50
Pippa83: posts big blind $1
*** HOLE CARDS ***
sarimanock: folds 
imhungarian8: folds 
Lidas585: folds 
xcinaz: folds 
Uncalled bet ($0.50) returned to Pippa83
Pippa83 collected $1 from pot
Pippa83: doesn't show hand 
*** SUMMARY ***
Total pot $1 | Rake $0 
Seat 1: Pippa83 (big blind) collected ($1)
Seat 2: sarimanock folded before Flop (didn't bet)
Seat 3: imhungarian8 folded before Flop (didn't bet)
Seat 4: Lidas585 (button) folded before Flop (didn't bet)
Seat 5: xcinaz (small blind) folded before Flop



PokerStars Hand #254229259560:  Hold'em No Limit ($0.50/$1.00 USD) - 2025/01/06 16:17:42 WET [2025/01/06 11:17:42 ET]
Table 'Rollandia II' 6-max Seat #5 is the button
Seat 1: Pippa83 ($102 in chips) 
Seat 2: sarimanock ($51.70 in chips) 
Seat 3: imhungarian8 ($135 in chips) 
Seat 4: Lidas585 ($100 in chips) 
Seat 5: xcinaz ($102.50 in chips) 
Pippa83: posts small blind $0.50
sarimanock: posts big blind $1
*** HOLE CARDS ***
imhungarian8: folds 
Lidas585: folds 
xcinaz: raises $1.50 to $2.50
Pippa83: folds 
sarimanock: folds 
Uncalled bet ($1.50) returned to xcinaz
xcinaz collected $2.50 from pot
xcinaz: doesn't show hand 
*** SUMMARY ***
Total pot $2.50 | Rake $0 
Seat 1: Pippa83 (small blind) folded before Flop
Seat 2: sarimanock (big blind) folded before Flop
Seat 3: imhungarian8 folded before Flop (didn't bet)
Seat 4: Lidas585 folded before Flop (didn't bet)
Seat 5: xcinaz (button) collected ($2.50)



PokerStars Hand #254229265020:  Hold'em No Limit ($0.50/$1.00 USD) - 2025/01/06 16:18:03 WET [2025/01/06 11:18:03 ET]
Table 'Rollandia II' 6-max Seat #1 is the button
Seat 1: Pippa83 ($101.50 in chips) 
Seat 2: sarimanock ($50.70 in chips) 
Seat 3: imhungarian8 ($135 in chips) 
Seat 4: Lidas585 ($100 in chips) 
Seat 5: xcinaz ($104 in chips) 
sarimanock: posts small blind $0.50
imhungarian8: posts big blind $1
*** HOLE CARDS ***
Lidas585: folds 
xcinaz: raises $1.20 to $2.20
Pippa83: folds 
sarimanock: folds 
imhungarian8: folds 
Uncalled bet ($1.20) returned to xcinaz
xcinaz collected $2.50 from pot
xcinaz: doesn't show hand 
*** SUMMARY ***
Total pot $2.50 | Rake $0 
Seat 1: Pippa83 (button) folded before Flop (didn't bet)
Seat 2: sarimanock (small blind) folded before Flop
Seat 3: imhungarian8 (big blind) folded before Flop
Seat 4: Lidas585 folded before Flop (didn't bet)
Seat 5: xcinaz collected ($2.50)



PokerStars Hand #254229271224:  Hold'em No Limit ($0.50/$1.00 USD) - 2025/01/06 16:18:28 WET [2025/01/06 11:18:28 ET]
Table 'Rollandia II' 6-max Seat #2 is the button
Seat 1: Pippa83 ($101.50 in chips) 
Seat 2: sarimanock ($50.20 in chips) 
Seat 3: imhungarian8 ($134 in chips) 
Seat 4: Lidas585 ($100 in chips) 
Seat 5: xcinaz ($105.50 in chips) 
imhungarian8: posts small blind $0.50
Lidas585: posts big blind $1
*** HOLE CARDS ***
xcinaz: folds 
Pippa83: raises $1.50 to $2.50
sarimanock: calls $2.50
imhungarian8: folds 
Lidas585: raises $9.50 to $12
Pippa83: folds 
sarimanock: folds 
Uncalled bet ($9.50) returned to Lidas585
Pippa83 leaves the table
Lidas585 collected $8 from pot
Lidas585: doesn't show hand 
*** SUMMARY ***
Total pot $8 | Rake $0 
Seat 1: Pippa83 folded before Flop
Seat 2: sarimanock (button) folded before Flop
Seat 3: imhungarian8 (small blind) folded before Flop
Seat 4: Lidas585 (big blind) collected ($8)
Seat 5: xcinaz folded before Flop (didn't bet)



PokerStars Hand #254229280086:  Hold'em No Limit ($0.50/$1.00 USD) - 2025/01/06 16:19:03 WET [2025/01/06 11:19:03 ET]
Table 'Rollandia II' 6-max Seat #3 is the button
Seat 2: sarimanock ($47.70 in chips) 
Seat 3: imhungarian8 ($133.50 in chips) 
Seat 4: Lidas585 ($105.50 in chips) 
Seat 5: xcinaz ($105.50 in chips) 
Lidas585: posts small blind $0.50
xcinaz: posts big blind $1
*** HOLE CARDS ***
sarimanock: folds 
imhungarian8: raises $1.50 to $2.50
Lidas585: folds 
xcinaz: folds 
Uncalled bet ($1.50) returned to imhungarian8
imhungarian8 collected $2.50 from pot
imhungarian8: doesn't show hand 
*** SUMMARY ***
Total pot $2.50 | Rake $0 
Seat 2: sarimanock folded before Flop (didn't bet)
Seat 3: imhungarian8 (button) collected ($2.50)
Seat 4: Lidas585 (small blind) folded before Flop
Seat 5: xcinaz (big blind) folded before Flop



PokerStars Hand #254229360540:  Hold'em No Limit ($0.50/$1.00 USD) - 2025/01/06 16:24:23 WET [2025/01/06 11:24:23 ET]
Table 'Rollandia II' 6-max Seat #5 is the button
Seat 1: poker_soul11 ($100 in chips) 
Seat 2: Cangurello ($84.38 in chips) 
Seat 3: Gfoer ($100 in chips) 
Seat 4: mr.Jckpot ($100 in chips) 
Seat 5: Slami4 ($100 in chips) 
Seat 6: blistein ($100 in chips) 
blistein: posts small blind $0.50
poker_soul11: posts big blind $1
*** HOLE CARDS ***
Cangurello: raises $1 to $2
Gfoer: folds 
mr.Jckpot: folds 
Slami4: folds 
blistein: raises $6 to $8
poker_soul11: folds 
Cangurello: calls $6
*** FLOP *** [Ac 5h 4d]
blistein: bets $4.04
Cangurello: folds 
Uncalled bet ($4.04) returned to blistein
blistein collected $16.15 from pot
blistein: doesn't show hand 
*** SUMMARY ***
Total pot $17 | Rake $0.85 
Board [Ac 5h 4d]
Seat 1: poker_soul11 (big blind) folded before Flop
Seat 2: Cangurello folded on the Flop
Seat 3: Gfoer folded before Flop (didn't bet)
Seat 4: mr.Jckpot folded before Flop (didn't bet)
Seat 5: Slami4 (button) folded before Flop (didn't bet)
Seat 6: blistein (small blind) collected ($16.15)



PokerStars Hand #254229371668:  Hold'em No Limit ($0.50/$1.00 USD) - 2025/01/06 16:25:07 WET [2025/01/06 11:25:07 ET]
Table 'Rollandia II' 6-max Seat #6 is the button
Seat 1: poker_soul11 ($100 in chips) 
Seat 2: Cangurello ($76.38 in chips) 
Seat 3: Gfoer ($100 in chips) 
Seat 4: mr.Jckpot ($100 in chips) 
Seat 5: Slami4 ($100 in chips) 
Seat 6: blistein ($108.15 in chips) 
poker_soul11: posts small blind $0.50
Cangurello: posts big blind $1
*** HOLE CARDS ***
Gfoer: folds 
mr.Jckpot: folds 
Slami4: raises $1.50 to $2.50
blistein: folds 
poker_soul11: folds 
Cangurello: calls $1.50
*** FLOP *** [3s 7c 7d]
Cangurello: checks 
Slami4: bets $1.72
Cangurello: calls $1.72
*** TURN *** [3s 7c 7d] [5h]
Cangurello: checks 
Slami4: checks 
*** RIVER *** [3s 7c 7d 5h] [8c]
Cangurello: bets $5
Slami4: calls $5
*** SHOW DOWN ***
Cangurello: shows [2c 4s] (a pair of Sevens)
Slami4: shows [Ac 6c] (a pair of Sevens - Ace kicker)
Slami4 collected $17.99 from pot
*** SUMMARY ***
Total pot $18.94 | Rake $0.95 
Board [3s 7c 7d 5h 8c]
Seat 1: poker_soul11 (small blind) folded before Flop
Seat 2: Cangurello (big blind) showed [2c 4s] and lost with a pair of Sevens
Seat 3: Gfoer folded before Flop (didn't bet)
Seat 4: mr.Jckpot folded before Flop (didn't bet)
Seat 5: Slami4 showed [Ac 6c] and won ($17.99) with a pair of Sevens
Seat 6: blistein (button) folded before Flop (didn't bet)



PokerStars Hand #254229382640:  Hold'em No Limit ($0.50/$1.00 USD) - 2025/01/06 16:25:51 WET [2025/01/06 11:25:51 ET]
Table 'Rollandia II' 6-max Seat #1 is the button
Seat 1: poker_soul11 ($100 in chips) 
Seat 2: Cangurello ($67.16 in chips) 
Seat 3: Gfoer ($100 in chips) 
Seat 4: mr.Jckpot ($100 in chips) 
Seat 5: Slami4 ($108.77 in chips) 
Seat 6: blistein ($108.15 in chips) 
Cangurello: posts small blind $0.50
Gfoer: posts big blind $1
*** HOLE CARDS ***
mr.Jckpot: folds 
Slami4: folds 
blistein: folds 
poker_soul11: folds 
Cangurello: raises $66.16 to $67.16 and is all-in
Gfoer: folds 
Uncalled bet ($66.16) returned to Cangurello
Cangurello collected $2 from pot
*** SUMMARY ***
Total pot $2 | Rake $0 
Seat 1: poker_soul11 (button) folded before Flop (didn't bet)
Seat 2: Cangurello (small blind) collected ($2)
Seat 3: Gfoer (big blind) folded before Flop
Seat 4: mr.Jckpot folded before Flop (didn't bet)
Seat 5: Slami4 folded before Flop (didn't bet)
Seat 6: blistein folded before Flop (didn't bet)



PokerStars Hand #254229386516:  Hold'em No Limit ($0.50/$1.00 USD) - 2025/01/06 16:26:07 WET [2025/01/06 11:26:07 ET]
Table 'Rollandia II' 6-max Seat #2 is the button
Seat 1: poker_soul11 ($100 in chips) 
Seat 2: Cangurello ($68.16 in chips) 
Seat 3: Gfoer ($100 in chips) 
Seat 4: mr.Jckpot ($100 in chips) 
Seat 5: Slami4 ($108.77 in chips) 
Seat 6: blistein ($108.15 in chips) 
Gfoer: posts small blind $0.50
mr.Jckpot: posts big blind $1
*** HOLE CARDS ***
Slami4: folds 
blistein: folds 
poker_soul11: folds 
Cangurello: raises $1 to $2
Gfoer: folds 
mr.Jckpot: folds 
Uncalled bet ($1) returned to Cangurello
Cangurello collected $2.50 from pot
*** SUMMARY ***
Total pot $2.50 | Rake $0 
Seat 1: poker_soul11 folded before Flop (didn't bet)
Seat 2: Cangurello (button) collected ($2.50)
Seat 3: Gfoer (small blind) folded before Flop
Seat 4: mr.Jckpot (big blind) folded before Flop
Seat 5: Slami4 folded before Flop (didn't bet)
Seat 6: blistein folded before Flop (didn't bet)



PokerStars Hand #254229390669:  Hold'em No Limit ($0.50/$1.00 USD) - 2025/01/06 16:26:23 WET [2025/01/06 11:26:23 ET]
Table 'Rollandia II' 6-max Seat #3 is the button
Seat 1: poker_soul11 ($100 in chips) 
Seat 2: Cangurello ($69.66 in chips) 
Seat 3: Gfoer ($100 in chips) 
Seat 4: mr.Jckpot ($100 in chips) 
Seat 5: Slami4 ($108.77 in chips) 
Seat 6: blistein ($108.15 in chips) 
mr.Jckpot: posts small blind $0.50
Slami4: posts big blind $1
*** HOLE CARDS ***
blistein: folds 
poker_soul11: raises $1.20 to $2.20
Cangurello: calls $2.20
Gfoer: folds 
mr.Jckpot: folds 
Slami4: folds 
*** FLOP *** [6h 2c 3h]
poker_soul11: bets $1.40
Cangurello: raises $1.40 to $2.80
poker_soul11: calls $1.40
*** TURN *** [6h 2c 3h] [6d]
poker_soul11: bets $2.73
Cangurello: calls $2.73
*** RIVER *** [6h 2c 3h 6d] [Qs]
poker_soul11: checks 
Cangurello: checks 
*** SHOW DOWN ***
poker_soul11: shows [Th Qh] (two pair, Queens and Sixes)
Cangurello: mucks hand 
poker_soul11 collected $16.11 from pot
*** SUMMARY ***
Total pot $16.96 | Rake $0.85 
Board [6h 2c 3h 6d Qs]
Seat 1: poker_soul11 showed [Th Qh] and won ($16.11) with two pair, Queens and Sixes
Seat 2: Cangurello mucked
Seat 3: Gfoer (button) folded before Flop (didn't bet)
Seat 4: mr.Jckpot (small blind) folded before Flop
Seat 5: Slami4 (big blind) folded before Flop
Seat 6: blistein folded before Flop (didn't bet)



PokerStars Hand #254229404886:  Hold'em No Limit ($0.50/$1.00 USD) - 2025/01/06 16:27:20 WET [2025/01/06 11:27:20 ET]
Table 'Rollandia II' 6-max Seat #4 is the button
Seat 1: poker_soul11 ($108.38 in chips) 
Seat 2: Cangurello ($61.93 in chips) 
Seat 3: Gfoer ($100 in chips) 
Seat 4: mr.Jckpot ($100 in chips) 
Seat 5: Slami4 ($107.77 in chips) 
Seat 6: blistein ($108.15 in chips) 
Slami4: posts small blind $0.50
blistein: posts big blind $1
*** HOLE CARDS ***
poker_soul11: folds 
Cangurello: raises $60.93 to $61.93 and is all-in
Gfoer: folds 
mr.Jckpot: folds 
Slami4: folds 
blistein: folds 
Uncalled bet ($60.93) returned to Cangurello
Cangurello collected $2.50 from pot
Cangurello: shows [Qh Qd] (a pair of Queens)
*** SUMMARY ***
Total pot $2.50 | Rake $0 
Seat 1: poker_soul11 folded before Flop (didn't bet)
Seat 2: Cangurello collected ($2.50)
Seat 3: Gfoer folded before Flop (didn't bet)
Seat 4: mr.Jckpot (button) folded before Flop (didn't bet)
Seat 5: Slami4 (small blind) folded before Flop
Seat 6: blistein (big blind) folded before Flop



PokerStars Hand #254229408920:  Hold'em No Limit ($0.50/$1.00 USD) - 2025/01/06 16:27:36 WET [2025/01/06 11:27:36 ET]
Table 'Rollandia II' 6-max Seat #5 is the button
Seat 1: poker_soul11 ($108.38 in chips) 
Seat 2: Cangurello ($63.43 in chips) 
Seat 3: Gfoer ($100 in chips) 
Seat 4: mr.Jckpot ($100 in chips) 
Seat 5: Slami4 ($107.27 in chips) 
Seat 6: blistein ($107.15 in chips) 
blistein: posts small blind $0.50
poker_soul11: posts big blind $1
*** HOLE CARDS ***
Cangurello: raises $1 to $2
Gfoer: folds 
mr.Jckpot: folds 
Slami4: calls $2
blistein: folds 
poker_soul11: folds 
*** FLOP *** [7h 2c 7d]
Cangurello: checks 
Slami4: checks 
*** TURN *** [7h 2c 7d] [As]
Cangurello: bets $3
Slami4: folds 
Uncalled bet ($3) returned to Cangurello
Cangurello collected $5.22 from pot
*** SUMMARY ***
Total pot $5.50 | Rake $0.28 
Board [7h 2c 7d As]
Seat 1: poker_soul11 (big blind) folded before Flop
Seat 2: Cangurello collected ($5.22)
Seat 3: Gfoer folded before Flop (didn't bet)
Seat 4: mr.Jckpot folded before Flop (didn't bet)
Seat 5: Slami4 (button) folded on the Turn
Seat 6: blistein (small blind) folded before Flop



PokerStars Hand #254229415269:  Hold'em No Limit ($0.50/$1.00 USD) - 2025/01/06 16:28:01 WET [2025/01/06 11:28:01 ET]
Table 'Rollandia II' 6-max Seat #6 is the button
Seat 1: poker_soul11 ($107.38 in chips) 
Seat 2: Cangurello ($66.65 in chips) 
Seat 3: Gfoer ($100 in chips) 
Seat 4: mr.Jckpot ($100 in chips) 
Seat 5: Slami4 ($105.27 in chips) 
Seat 6: blistein ($106.65 in chips) 
poker_soul11: posts small blind $0.50
Cangurello: posts big blind $1
*** HOLE CARDS ***
Gfoer: folds 
mr.Jckpot: folds 
Slami4: folds 
blistein: folds 
poker_soul11: folds 
Uncalled bet ($0.50) returned to Cangurello
Cangurello collected $1 from pot
*** SUMMARY ***
Total pot $1 | Rake $0 
Seat 1: poker_soul11 (small blind) folded before Flop
Seat 2: Cangurello (big blind) collected ($1)
Seat 3: Gfoer folded before Flop (didn't bet)
Seat 4: mr.Jckpot folded before Flop (didn't bet)
Seat 5: Slami4 folded before Flop (didn't bet)
Seat 6: blistein (button) folded before Flop (didn't bet)



PokerStars Hand #254229419118:  Hold'em No Limit ($0.50/$1.00 USD) - 2025/01/06 16:28:17 WET [2025/01/06 11:28:17 ET]
Table 'Rollandia II' 6-max Seat #1 is the button
Seat 1: poker_soul11 ($106.88 in chips) 
Seat 2: Cangurello ($67.15 in chips) 
Seat 3: Gfoer ($100 in chips) 
Seat 4: mr.Jckpot ($100 in chips) 
Seat 5: Slami4 ($105.27 in chips) 
Seat 6: blistein ($106.65 in chips) 
Cangurello: posts small blind $0.50
Gfoer: posts big blind $1
*** HOLE CARDS ***
mr.Jckpot: folds 
Slami4: folds 
blistein: raises $1.30 to $2.30
poker_soul11: raises $4.70 to $7
Cangurello: folds 
Gfoer: folds 
blistein: folds 
Uncalled bet ($4.70) returned to poker_soul11
poker_soul11 collected $6.10 from pot
poker_soul11: doesn't show hand 
*** SUMMARY ***
Total pot $6.10 | Rake $0 
Seat 1: poker_soul11 (button) collected ($6.10)
Seat 2: Cangurello (small blind) folded before Flop
Seat 3: Gfoer (big blind) folded before Flop
Seat 4: mr.Jckpot folded before Flop (didn't bet)
Seat 5: Slami4 folded before Flop (didn't bet)
Seat 6: blistein folded before Flop



PokerStars Hand #254229424077:  Hold'em No Limit ($0.50/$1.00 USD) - 2025/01/06 16:28:37 WET [2025/01/06 11:28:37 ET]
Table 'Rollandia II' 6-max Seat #2 is the button
Seat 1: poker_soul11 ($110.68 in chips) 
Seat 2: Cangurello ($66.65 in chips) 
Seat 3: Gfoer ($100 in chips) 
Seat 4: mr.Jckpot ($100 in chips) 
Seat 5: Slami4 ($105.27 in chips) 
Seat 6: blistein ($104.35 in chips) 
Gfoer: posts small blind $0.50
mr.Jckpot: posts big blind $1
*** HOLE CARDS ***
Slami4: raises $1.50 to $2.50
blistein: folds 
poker_soul11: folds 
Cangurello: folds 
Gfoer: folds 
mr.Jckpot: folds 
Uncalled bet ($1.50) returned to Slami4
Slami4 collected $2.50 from pot
Slami4: doesn't show hand 
*** SUMMARY ***
Total pot $2.50 | Rake $0 
Seat 1: poker_soul11 folded before Flop (didn't bet)
Seat 2: Cangurello (button) folded before Flop (didn't bet)
Seat 3: Gfoer (small blind) folded before Flop
Seat 4: mr.Jckpot (big blind) folded before Flop
Seat 5: Slami4 collected ($2.50)
Seat 6: blistein folded before Flop (didn't bet)



PokerStars Hand #254229430118:  Hold'em No Limit ($0.50/$1.00 USD) - 2025/01/06 16:29:02 WET [2025/01/06 11:29:02 ET]
Table 'Rollandia II' 6-max Seat #3 is the button
Seat 5: Slami4 ($106.77 in chips) is sitting out
Seat 1: poker_soul11 ($110.68 in chips) 
Seat 2: Cangurello ($66.65 in chips) 
Seat 3: Gfoer ($100 in chips) 
Seat 4: mr.Jckpot ($100 in chips) 
Seat 6: blistein ($104.35 in chips) 
mr.Jckpot: posts small blind $0.50
Slami4: is sitting out 
blistein: posts big blind $1
*** HOLE CARDS ***
poker_soul11: folds 
Slami4 leaves the table
Cangurello: calls $1
Gfoer: folds 
mr.Jckpot: folds 
blistein: checks 
*** FLOP *** [Ts 4c Qc]
blistein: checks 
nastja336 joins the table at seat #5 
Cangurello: checks 
*** TURN *** [Ts 4c Qc] [Qd]
blistein: checks 
Cangurello: checks 
*** RIVER *** [Ts 4c Qc Qd] [Tc]
blistein: checks 
Cangurello: checks 
*** SHOW DOWN ***
blistein: shows [2s 8d] (two pair, Queens and Tens)
Cangurello: shows [8c 7s] (two pair, Queens and Tens)
blistein collected $1.19 from pot
Cangurello collected $1.19 from pot
*** SUMMARY ***
Total pot $2.50 | Rake $0.12 
Board [Ts 4c Qc Qd Tc]
Seat 5: Slami4
Seat 1: poker_soul11 folded before Flop (didn't bet)
Seat 2: Cangurello showed [8c 7s] and won ($1.19) with two pair, Queens and Tens
Seat 3: Gfoer (button) folded before Flop (didn't bet)
Seat 4: mr.Jckpot (small blind) folded before Flop
Seat 6: blistein (big blind) showed [2s 8d] and won ($1.19) with two pair, Queens and Tens



PokerStars Hand #254229437190:  Hold'em No Limit ($0.50/$1.00 USD) - 2025/01/06 16:29:30 WET [2025/01/06 11:29:30 ET]
Table 'Rollandia II' 6-max Seat #4 is the button
Seat 5: nastja336 ($100 in chips) is sitting out
Seat 1: poker_soul11 ($110.68 in chips) 
Seat 2: Cangurello ($66.84 in chips) 
Seat 3: Gfoer ($100 in chips) 
Seat 4: mr.Jckpot ($100 in chips) 
Seat 6: blistein ($104.54 in chips) 
blistein: posts small blind $0.50
poker_soul11: posts big blind $1
*** HOLE CARDS ***
Cangurello: raises $1 to $2
Gfoer: folds 
mr.Jckpot: folds 
blistein: folds 
poker_soul11: folds 
Uncalled bet ($1) returned to Cangurello
Cangurello collected $2.50 from pot
*** SUMMARY ***
Total pot $2.50 | Rake $0 
Seat 5: nastja336
Seat 1: poker_soul11 (big blind) folded before Flop
Seat 2: Cangurello collected ($2.50)
Seat 3: Gfoer folded before Flop (didn't bet)
Seat 4: mr.Jckpot (button) folded before Flop (didn't bet)
Seat 6: blistein (small blind) folded before Flop



PokerStars Hand #254229444152:  Hold'em No Limit ($0.50/$1.00 USD) - 2025/01/06 16:29:57 WET [2025/01/06 11:29:57 ET]
Table 'Rollandia II' 6-max Seat #6 is the button
Seat 5: nastja336 ($100 in chips) is sitting out
Seat 1: poker_soul11 ($109.68 in chips) 
Seat 2: Cangurello ($68.34 in chips) 
Seat 3: Gfoer ($100 in chips) 
Seat 4: mr.Jckpot ($100 in chips) 
Seat 6: blistein ($104.04 in chips) 
poker_soul11: posts small blind $0.50
Cangurello: posts big blind $1
nastja336: sits out 
*** HOLE CARDS ***
Gfoer: folds 
mr.Jckpot: folds 
blistein: raises $1.50 to $2.50
poker_soul11: folds 
Cangurello: calls $1.50
*** FLOP *** [Jh 6h 4c]
Cangurello: bets $2
blistein: calls $2
*** TURN *** [Jh 6h 4c] [4h]
Cangurello: bets $3
blistein: folds 
Uncalled bet ($3) returned to Cangurello
Cangurello collected $9.02 from pot
*** SUMMARY ***
Total pot $9.50 | Rake $0.48 
Board [Jh 6h 4c 4h]
Seat 5: nastja336
Seat 1: poker_soul11 (small blind) folded before Flop
Seat 2: Cangurello (big blind) collected ($9.02)
Seat 3: Gfoer folded before Flop (didn't bet)
Seat 4: mr.Jckpot folded before Flop (didn't bet)
Seat 6: blistein (button) folded on the Turn



PokerStars Hand #254229452938:  Hold'em No Limit ($0.50/$1.00 USD) - 2025/01/06 16:30:31 WET [2025/01/06 11:30:31 ET]
Table 'Rollandia II' 6-max Seat #1 is the button
Seat 5: nastja336 ($100 in chips) is sitting out
Seat 1: poker_soul11 ($109.18 in chips) 
Seat 2: Cangurello ($72.86 in chips) 
Seat 3: Gfoer ($100 in chips) 
Seat 4: mr.Jckpot ($100 in chips) 
Seat 6: blistein ($100 in chips) 
Cangurello: posts small blind $0.50
Gfoer: posts big blind $1
nastja336: sits out 
*** HOLE CARDS ***
mr.Jckpot: folds 
blistein: raises $1.30 to $2.30
poker_soul11: folds 
Cangurello: folds 
Gfoer: folds 
Uncalled bet ($1.30) returned to blistein
blistein collected $2.50 from pot
blistein: doesn't show hand 
*** SUMMARY ***
Total pot $2.50 | Rake $0 
Seat 5: nastja336
Seat 1: poker_soul11 (button) folded before Flop (didn't bet)
Seat 2: Cangurello (small blind) folded before Flop
Seat 3: Gfoer (big blind) folded before Flop
Seat 4: mr.Jckpot folded before Flop (didn't bet)
Seat 6: blistein collected ($2.50)



PokerStars Hand #254229458205:  Hold'em No Limit ($0.50/$1.00 USD) - 2025/01/06 16:30:51 WET [2025/01/06 11:30:51 ET]
Table 'Rollandia II' 6-max Seat #2 is the button
Seat 5: nastja336 ($100 in chips) is sitting out
Seat 1: poker_soul11 ($109.18 in chips) 
Seat 2: Cangurello ($72.36 in chips) 
Seat 3: Gfoer ($100 in chips) 
Seat 4: mr.Jckpot ($100 in chips) 
Seat 6: blistein ($101.50 in chips) 
Gfoer: posts small blind $0.50
mr.Jckpot: posts big blind $1
nastja336: sits out 
*** HOLE CARDS ***
blistein: folds 
poker_soul11: raises $1.20 to $2.20
Cangurello: folds 
Gfoer: folds 
mr.Jckpot: calls $1.20
*** FLOP *** [4c 7c Ad]
mr.Jckpot: checks 
poker_soul11: checks 
*** TURN *** [4c 7c Ad] [3c]
mr.Jckpot: bets $3.08
poker_soul11: calls $3.08
*** RIVER *** [4c 7c Ad 3c] [7s]
mr.Jckpot: checks 
poker_soul11: checks 
*** SHOW DOWN ***
mr.Jckpot: shows [Tc As] (two pair, Aces and Sevens)
poker_soul11: mucks hand 
mr.Jckpot collected $10.51 from pot
*** SUMMARY ***
Total pot $11.06 | Rake $0.55 
Board [4c 7c Ad 3c 7s]
Seat 5: nastja336
Seat 1: poker_soul11 mucked
Seat 2: Cangurello (button) folded before Flop (didn't bet)
Seat 3: Gfoer (small blind) folded before Flop
Seat 4: mr.Jckpot (big blind) showed [Tc As] and won ($10.51) with two pair, Aces and Sevens
Seat 6: blistein folded before Flop (didn't bet)



PokerStars Hand #254229471492:  Hold'em No Limit ($0.50/$1.00 USD) - 2025/01/06 16:31:43 WET [2025/01/06 11:31:43 ET]
Table 'Rollandia II' 6-max Seat #3 is the button
Seat 1: poker_soul11 ($103.90 in chips) 
Seat 2: Cangurello ($72.36 in chips) 
Seat 3: Gfoer ($100 in chips) 
Seat 4: mr.Jckpot ($105.23 in chips) 
Seat 5: nastja336 ($100 in chips) 
Seat 6: blistein ($101.50 in chips) 
mr.Jckpot: posts small blind $0.50
nastja336: posts big blind $1
*** HOLE CARDS ***
blistein: folds 
poker_soul11: folds 
Cangurello: raises $2 to $3
Gfoer: folds 
mr.Jckpot: raises $9 to $12
nastja336: folds 
Cangurello: raises $60.36 to $72.36 and is all-in
mr.Jckpot: calls $60.36
*** FLOP *** [As 9s 7c]
*** TURN *** [As 9s 7c] [Ks]
*** RIVER *** [As 9s 7c Ks] [6s]
*** SHOW DOWN ***
mr.Jckpot: shows [Qh Qc] (a pair of Queens)
Cangurello: shows [Kd Ah] (two pair, Aces and Kings)
Cangurello collected $143.22 from pot
*** SUMMARY ***
Total pot $145.72 | Rake $2.50 
Board [As 9s 7c Ks 6s]
Seat 1: poker_soul11 folded before Flop (didn't bet)
Seat 2: Cangurello showed [Kd Ah] and won ($143.22) with two pair, Aces and Kings
Seat 3: Gfoer (button) folded before Flop (didn't bet)
Seat 4: mr.Jckpot (small blind) showed [Qh Qc] and lost with a pair of Queens
Seat 5: nastja336 (big blind) folded before Flop
Seat 6: blistein folded before Flop (didn't bet)



PokerStars Hand #254229479903:  Hold'em No Limit ($0.50/$1.00 USD) - 2025/01/06 16:32:15 WET [2025/01/06 11:32:15 ET]
Table 'Rollandia II' 6-max Seat #4 is the button
Seat 1: poker_soul11 ($103.90 in chips) 
Seat 2: Cangurello ($143.22 in chips) 
Seat 3: Gfoer ($100 in chips) 
Seat 4: mr.Jckpot ($100 in chips) 
Seat 5: nastja336 ($100 in chips) 
Seat 6: blistein ($101.50 in chips) 
nastja336: posts small blind $0.50
blistein: posts big blind $1
*** HOLE CARDS ***
poker_soul11: folds 
Cangurello: folds 
Gfoer: folds 
mr.Jckpot: folds 
nastja336: folds 
Uncalled bet ($0.50) returned to blistein
blistein collected $1 from pot
blistein: doesn't show hand 
*** SUMMARY ***
Total pot $1 | Rake $0 
Seat 1: poker_soul11 folded before Flop (didn't bet)
Seat 2: Cangurello folded before Flop (didn't bet)
Seat 3: Gfoer folded before Flop (didn't bet)
Seat 4: mr.Jckpot (button) folded before Flop (didn't bet)
Seat 5: nastja336 (small blind) folded before Flop
Seat 6: blistein (big blind) collected ($1)



PokerStars Hand #254229483369:  Hold'em No Limit ($0.50/$1.00 USD) - 2025/01/06 16:32:28 WET [2025/01/06 11:32:28 ET]
Table 'Rollandia II' 6-max Seat #5 is the button
Seat 1: poker_soul11 ($103.90 in chips) 
Seat 2: Cangurello ($143.22 in chips) 
Seat 3: Gfoer ($100 in chips) 
Seat 4: mr.Jckpot ($100 in chips) 
Seat 5: nastja336 ($100 in chips) 
Seat 6: blistein ($102 in chips) 
blistein: posts small blind $0.50
poker_soul11: posts big blind $1
*** HOLE CARDS ***
Cangurello: raises $1 to $2
Gfoer: folds 
mr.Jckpot: folds 
nastja336: folds 
blistein: raises $8 to $10
poker_soul11: folds 
Cangurello: calls $8
*** FLOP *** [6s 8d 3h]
blistein: bets $9.97
Cangurello: folds 
Uncalled bet ($9.97) returned to blistein
blistein collected $19.95 from pot
blistein: doesn't show hand 
*** SUMMARY ***
Total pot $21 | Rake $1.05 
Board [6s 8d 3h]
Seat 1: poker_soul11 (big blind) folded before Flop
Seat 2: Cangurello folded on the Flop
Seat 3: Gfoer folded before Flop (didn't bet)
Seat 4: mr.Jckpot folded before Flop (didn't bet)
Seat 5: nastja336 (button) folded before Flop (didn't bet)
Seat 6: blistein (small blind) collected ($19.95)



PokerStars Hand #254229496621:  Hold'em No Limit ($0.50/$1.00 USD) - 2025/01/06 16:33:19 WET [2025/01/06 11:33:19 ET]
Table 'Rollandia II' 6-max Seat #6 is the button
Seat 1: poker_soul11 ($102.90 in chips) 
Seat 2: Cangurello ($133.22 in chips) 
Seat 3: Gfoer ($100 in chips) 
Seat 4: mr.Jckpot ($100 in chips) 
Seat 5: nastja336 ($100 in chips) 
Seat 6: blistein ($111.95 in chips) 
poker_soul11: posts small blind $0.50
Cangurello: posts big blind $1
*** HOLE CARDS ***
Gfoer: folds 
mr.Jckpot: folds 
nastja336: raises $1.50 to $2.50
blistein: folds 
poker_soul11: folds 
Cangurello: calls $1.50
*** FLOP *** [4h 5h 8s]
Cangurello: bets $4
nastja336: calls $4
*** TURN *** [4h 5h 8s] [6s]
Cangurello: bets $9
nastja336: calls $9
*** RIVER *** [4h 5h 8s 6s] [9s]
Cangurello: bets $15
nastja336: calls $15
*** SHOW DOWN ***
Cangurello: shows [9d 8c] (two pair, Nines and Eights)
nastja336: mucks hand 
Cangurello collected $59 from pot
*** SUMMARY ***
Total pot $61.50 | Rake $2.50 
Board [4h 5h 8s 6s 9s]
Seat 1: poker_soul11 (small blind) folded before Flop
Seat 2: Cangurello (big blind) showed [9d 8c] and won ($59) with two pair, Nines and Eights
Seat 3: Gfoer folded before Flop (didn't bet)
Seat 4: mr.Jckpot folded before Flop (didn't bet)
Seat 5: nastja336 mucked
Seat 6: blistein (button) folded before Flop (didn't bet)



PokerStars Hand #254229509936:  Hold'em No Limit ($0.50/$1.00 USD) - 2025/01/06 16:34:10 WET [2025/01/06 11:34:10 ET]
Table 'Rollandia II' 6-max Seat #1 is the button
Seat 1: poker_soul11 ($102.40 in chips) 
Seat 2: Cangurello ($161.72 in chips) 
Seat 3: Gfoer ($100 in chips) 
Seat 4: mr.Jckpot ($100 in chips) 
Seat 5: nastja336 ($100 in chips) 
Seat 6: blistein ($111.95 in chips) 
Cangurello: posts small blind $0.50
Gfoer: posts big blind $1
*** HOLE CARDS ***
mr.Jckpot: folds 
nastja336: raises $1.50 to $2.50
blistein: folds 
poker_soul11: folds 
Cangurello: calls $2
Gfoer: folds 
*** FLOP *** [9h 3h 6d]
Cangurello: checks 
nastja336: bets $1.50
Cangurello: calls $1.50
*** TURN *** [9h 3h 6d] [As]
Cangurello: checks 
nastja336: bets $18
Cangurello: folds 
Uncalled bet ($18) returned to nastja336
nastja336 collected $8.55 from pot
nastja336: doesn't show hand 
*** SUMMARY ***
Total pot $9 | Rake $0.45 
Board [9h 3h 6d As]
Seat 1: poker_soul11 (button) folded before Flop (didn't bet)
Seat 2: Cangurello (small blind) folded on the Turn
Seat 3: Gfoer (big blind) folded before Flop
Seat 4: mr.Jckpot folded before Flop (didn't bet)
Seat 5: nastja336 collected ($8.55)
Seat 6: blistein folded before Flop (didn't bet)



PokerStars Hand #254229521569:  Hold'em No Limit ($0.50/$1.00 USD) - 2025/01/06 16:34:55 WET [2025/01/06 11:34:55 ET]
Table 'Rollandia II' 6-max Seat #2 is the button
Seat 1: poker_soul11 ($102.40 in chips) 
Seat 2: Cangurello ($157.72 in chips) 
Seat 3: Gfoer ($100 in chips) 
Seat 4: mr.Jckpot ($100 in chips) 
Seat 5: nastja336 ($104.55 in chips) 
Seat 6: blistein ($111.95 in chips) 
Gfoer: posts small blind $0.50
mr.Jckpot: posts big blind $1
*** HOLE CARDS ***
nastja336: raises $1.50 to $2.50
blistein: folds 
poker_soul11: folds 
Cangurello: folds 
Gfoer: folds 
mr.Jckpot: folds 
Uncalled bet ($1.50) returned to nastja336
nastja336 collected $2.50 from pot
nastja336: doesn't show hand 
*** SUMMARY ***
Total pot $2.50 | Rake $0 
Seat 1: poker_soul11 folded before Flop (didn't bet)
Seat 2: Cangurello (button) folded before Flop (didn't bet)
Seat 3: Gfoer (small blind) folded before Flop
Seat 4: mr.Jckpot (big blind) folded before Flop
Seat 5: nastja336 collected ($2.50)
Seat 6: blistein folded before Flop (didn't bet)



PokerStars Hand #254229524373:  Hold'em No Limit ($0.50/$1.00 USD) - 2025/01/06 16:35:05 WET [2025/01/06 11:35:05 ET]
Table 'Rollandia II' 6-max Seat #3 is the button
Seat 1: poker_soul11 ($102.40 in chips) 
Seat 2: Cangurello ($157.72 in chips) 
Seat 3: Gfoer ($100 in chips) 
Seat 4: mr.Jckpot ($100 in chips) 
Seat 5: nastja336 ($106.05 in chips) 
Seat 6: blistein ($111.95 in chips) 
mr.Jckpot: posts small blind $0.50
nastja336: posts big blind $1
*** HOLE CARDS ***
blistein: folds 
poker_soul11: folds 
Cangurello: calls $1
Gfoer: folds 
mr.Jckpot: raises $4 to $5
nastja336: folds 
Cangurello: calls $4
*** FLOP *** [9h 8d Kc]
mr.Jckpot: bets $3.45
Cangurello: folds 
Uncalled bet ($3.45) returned to mr.Jckpot
mr.Jckpot collected $10.45 from pot
mr.Jckpot: doesn't show hand 
*** SUMMARY ***
Total pot $11 | Rake $0.55 
Board [9h 8d Kc]
Seat 1: poker_soul11 folded before Flop (didn't bet)
Seat 2: Cangurello folded on the Flop
Seat 3: Gfoer (button) folded before Flop (didn't bet)
Seat 4: mr.Jckpot (small blind) collected ($10.45)
Seat 5: nastja336 (big blind) folded before Flop
Seat 6: blistein folded before Flop (didn't bet)



PokerStars Hand #254229529701:  Hold'em No Limit ($0.50/$1.00 USD) - 2025/01/06 16:35:26 WET [2025/01/06 11:35:26 ET]
Table 'Rollandia II' 6-max Seat #4 is the button
Seat 1: poker_soul11 ($102.40 in chips) 
Seat 2: Cangurello ($152.72 in chips) 
Seat 3: Gfoer ($100 in chips) 
Seat 4: mr.Jckpot ($105.45 in chips) 
Seat 5: nastja336 ($105.05 in chips) 
Seat 6: blistein ($111.95 in chips) 
nastja336: posts small blind $0.50
blistein: posts big blind $1
*** HOLE CARDS ***
poker_soul11: folds 
Cangurello: folds 
Gfoer: folds 
mr.Jckpot: raises $1.50 to $2.50
nastja336: folds 
blistein: calls $1.50
*** FLOP *** [4s 3d 4c]
blistein: checks 
mr.Jckpot: bets $1.72
blistein: folds 
Uncalled bet ($1.72) returned to mr.Jckpot
mr.Jckpot collected $5.22 from pot
mr.Jckpot: doesn't show hand 
*** SUMMARY ***
Total pot $5.50 | Rake $0.28 
Board [4s 3d 4c]
Seat 1: poker_soul11 folded before Flop (didn't bet)
Seat 2: Cangurello folded before Flop (didn't bet)
Seat 3: Gfoer folded before Flop (didn't bet)
Seat 4: mr.Jckpot (button) collected ($5.22)
Seat 5: nastja336 (small blind) folded before Flop
Seat 6: blistein (big blind) folded on the Flop



PokerStars Hand #254229538610:  Hold'em No Limit ($0.50/$1.00 USD) - 2025/01/06 16:36:00 WET [2025/01/06 11:36:00 ET]
Table 'Rollandia II' 6-max Seat #5 is the button
Seat 1: poker_soul11 ($102.40 in chips) 
Seat 2: Cangurello ($152.72 in chips) 
Seat 3: Gfoer ($100 in chips) 
Seat 4: mr.Jckpot ($108.17 in chips) 
Seat 5: nastja336 ($104.55 in chips) 
Seat 6: blistein ($109.45 in chips) 
blistein: posts small blind $0.50
poker_soul11: posts big blind $1
*** HOLE CARDS ***
Cangurello: raises $1 to $2
Gfoer: folds 
mr.Jckpot: folds 
nastja336: folds 
blistein: folds 
poker_soul11: folds 
Uncalled bet ($1) returned to Cangurello
Cangurello collected $2.50 from pot
*** SUMMARY ***
Total pot $2.50 | Rake $0 
Seat 1: poker_soul11 (big blind) folded before Flop
Seat 2: Cangurello collected ($2.50)
Seat 3: Gfoer folded before Flop (didn't bet)
Seat 4: mr.Jckpot folded before Flop (didn't bet)
Seat 5: nastja336 (button) folded before Flop (didn't bet)
Seat 6: blistein (small blind) folded before Flop



PokerStars Hand #254229543237:  Hold'em No Limit ($0.50/$1.00 USD) - 2025/01/06 16:36:18 WET [2025/01/06 11:36:18 ET]
Table 'Rollandia II' 6-max Seat #6 is the button
Seat 1: poker_soul11 ($101.40 in chips) 
Seat 2: Cangurello ($154.22 in chips) 
Seat 3: Gfoer ($100 in chips) 
Seat 4: mr.Jckpot ($108.17 in chips) 
Seat 5: nastja336 ($104.55 in chips) 
Seat 6: blistein ($108.95 in chips) 
poker_soul11: posts small blind $0.50
Cangurello: posts big blind $1
*** HOLE CARDS ***
Gfoer: folds 
mr.Jckpot: folds 
nastja336: raises $1.50 to $2.50
blistein: folds 
poker_soul11: folds 
Cangurello: calls $1.50
*** FLOP *** [Kd 2d Ts]
Cangurello: checks 
nastja336: bets $4.20
Cangurello: folds 
Uncalled bet ($4.20) returned to nastja336
nastja336 collected $5.22 from pot
nastja336: doesn't show hand 
*** SUMMARY ***
Total pot $5.50 | Rake $0.28 
Board [Kd 2d Ts]
Seat 1: poker_soul11 (small blind) folded before Flop
Seat 2: Cangurello (big blind) folded on the Flop
Seat 3: Gfoer folded before Flop (didn't bet)
Seat 4: mr.Jckpot folded before Flop (didn't bet)
Seat 5: nastja336 collected ($5.22)
Seat 6: blistein (button) folded before Flop (didn't bet)



PokerStars Hand #254229551044:  Hold'em No Limit ($0.50/$1.00 USD) - 2025/01/06 16:36:48 WET [2025/01/06 11:36:48 ET]
Table 'Rollandia II' 6-max Seat #1 is the button
Seat 1: poker_soul11 ($100.90 in chips) 
Seat 2: Cangurello ($151.72 in chips) 
Seat 3: Gfoer ($100 in chips) 
Seat 4: mr.Jckpot ($108.17 in chips) 
Seat 5: nastja336 ($107.27 in chips) 
Seat 6: blistein ($108.95 in chips) 
Cangurello: posts small blind $0.50
Gfoer: posts big blind $1
*** HOLE CARDS ***
mr.Jckpot: folds 
nastja336: folds 
blistein: folds 
poker_soul11: folds 
Cangurello: calls $0.50
Gfoer: checks 
*** FLOP *** [Kc 5h 3c]
Cangurello: bets $2
Gfoer: folds 
Uncalled bet ($2) returned to Cangurello
Cangurello collected $1.90 from pot
*** SUMMARY ***
Total pot $2 | Rake $0.10 
Board [Kc 5h 3c]
Seat 1: poker_soul11 (button) folded before Flop (didn't bet)
Seat 2: Cangurello (small blind) collected ($1.90)
Seat 3: Gfoer (big blind) folded on the Flop
Seat 4: mr.Jckpot folded before Flop (didn't bet)
Seat 5: nastja336 folded before Flop (didn't bet)
Seat 6: blistein folded before Flop (didn't bet)



PokerStars Hand #254229562201:  Hold'em No Limit ($0.50/$1.00 USD) - 2025/01/06 16:37:31 WET [2025/01/06 11:37:31 ET]
Table 'Rollandia II' 6-max Seat #2 is the button
Seat 1: poker_soul11 ($100.90 in chips) 
Seat 2: Cangurello ($152.62 in chips) 
Seat 3: Gfoer ($100 in chips) 
Seat 4: mr.Jckpot ($108.17 in chips) 
Seat 5: nastja336 ($107.27 in chips) 
Seat 6: blistein ($108.95 in chips) 
Gfoer: posts small blind $0.50
mr.Jckpot: posts big blind $1
*** HOLE CARDS ***
nastja336: raises $1.50 to $2.50
blistein: folds 
poker_soul11: folds 
Cangurello: calls $2.50
Gfoer: folds 
mr.Jckpot: folds 
*** FLOP *** [Ts Kc 3s]
nastja336: bets $4.80
Cangurello: calls $4.80
*** TURN *** [Ts Kc 3s] [5s]
nastja336: checks 
Cangurello: bets $4
nastja336: folds 
Uncalled bet ($4) returned to Cangurello
Cangurello collected $15.30 from pot
*** SUMMARY ***
Total pot $16.10 | Rake $0.80 
Board [Ts Kc 3s 5s]
Seat 1: poker_soul11 folded before Flop (didn't bet)
Seat 2: Cangurello (button) collected ($15.30)
Seat 3: Gfoer (small blind) folded before Flop
Seat 4: mr.Jckpot (big blind) folded before Flop
Seat 5: nastja336 folded on the Turn
Seat 6: blistein folded before Flop (didn't bet)



PokerStars Hand #254229571532:  Hold'em No Limit ($0.50/$1.00 USD) - 2025/01/06 16:38:06 WET [2025/01/06 11:38:06 ET]
Table 'Rollandia II' 6-max Seat #3 is the button
Seat 1: poker_soul11 ($100.90 in chips) 
Seat 2: Cangurello ($160.62 in chips) 
Seat 3: Gfoer ($100 in chips) 
Seat 4: mr.Jckpot ($107.17 in chips) 
Seat 5: nastja336 ($100 in chips) 
Seat 6: blistein ($108.95 in chips) 
mr.Jckpot: posts small blind $0.50
nastja336: posts big blind $1
*** HOLE CARDS ***
blistein: folds 
poker_soul11: folds 
Cangurello: calls $1
Gfoer: raises $3.50 to $4.50
mr.Jckpot: folds 
nastja336: folds 
Cangurello: calls $3.50
*** FLOP *** [Jh 2h Qd]
Cangurello: bets $2
Gfoer: raises $9.99 to $11.99
Cangurello: calls $9.99
*** TURN *** [Jh 2h Qd] [9h]
Cangurello: checks 
Gfoer: checks 
*** RIVER *** [Jh 2h Qd 9h] [6s]
Cangurello: checks 
Gfoer: bets $28.30
Cangurello: folds 
Uncalled bet ($28.30) returned to Gfoer
Gfoer collected $32.76 from pot
Gfoer: doesn't show hand 
*** SUMMARY ***
Total pot $34.48 | Rake $1.72 
Board [Jh 2h Qd 9h 6s]
Seat 1: poker_soul11 folded before Flop (didn't bet)
Seat 2: Cangurello folded on the River
Seat 3: Gfoer (button) collected ($32.76)
Seat 4: mr.Jckpot (small blind) folded before Flop
Seat 5: nastja336 (big blind) folded before Flop
Seat 6: blistein folded before Flop (didn't bet)



PokerStars Hand #254229590909:  Hold'em No Limit ($0.50/$1.00 USD) - 2025/01/06 16:39:20 WET [2025/01/06 11:39:20 ET]
Table 'Rollandia II' 6-max Seat #4 is the button
Seat 1: poker_soul11 ($100.90 in chips) 
Seat 2: Cangurello ($144.13 in chips) 
Seat 3: Gfoer ($116.27 in chips) 
Seat 4: mr.Jckpot ($106.67 in chips) 
Seat 5: nastja336 ($100 in chips) 
Seat 6: blistein ($108.95 in chips) 
nastja336: posts small blind $0.50
blistein: posts big blind $1
*** HOLE CARDS ***
poker_soul11: folds 
Cangurello: folds 
Gfoer: folds 
mr.Jckpot: folds 
nastja336: folds 
Uncalled bet ($0.50) returned to blistein
blistein collected $1 from pot
blistein: doesn't show hand 
*** SUMMARY ***
Total pot $1 | Rake $0 
Seat 1: poker_soul11 folded before Flop (didn't bet)
Seat 2: Cangurello folded before Flop (didn't bet)
Seat 3: Gfoer folded before Flop (didn't bet)
Seat 4: mr.Jckpot (button) folded before Flop (didn't bet)
Seat 5: nastja336 (small blind) folded before Flop
Seat 6: blistein (big blind) collected ($1)



PokerStars Hand #254229593446:  Hold'em No Limit ($0.50/$1.00 USD) - 2025/01/06 16:39:30 WET [2025/01/06 11:39:30 ET]
Table 'Rollandia II' 6-max Seat #5 is the button
Seat 1: poker_soul11 ($100.90 in chips) 
Seat 2: Cangurello ($144.13 in chips) 
Seat 3: Gfoer ($116.27 in chips) 
Seat 4: mr.Jckpot ($106.67 in chips) 
Seat 5: nastja336 ($100 in chips) 
Seat 6: blistein ($109.45 in chips) 
blistein: posts small blind $0.50
poker_soul11: posts big blind $1
*** HOLE CARDS ***
Cangurello: calls $1
Gfoer: raises $3.50 to $4.50
mr.Jckpot: folds 
nastja336: folds 
blistein: folds 
poker_soul11: folds 
Cangurello: calls $3.50
*** FLOP *** [8h Tc 8c]
Cangurello: checks 
Gfoer: bets $7.49
Cangurello: folds 
Uncalled bet ($7.49) returned to Gfoer
Gfoer collected $9.98 from pot
Gfoer: doesn't show hand 
*** SUMMARY ***
Total pot $10.50 | Rake $0.52 
Board [8h Tc 8c]
Seat 1: poker_soul11 (big blind) folded before Flop
Seat 2: Cangurello folded on the Flop
Seat 3: Gfoer collected ($9.98)
Seat 4: mr.Jckpot folded before Flop (didn't bet)
Seat 5: nastja336 (button) folded before Flop (didn't bet)
Seat 6: blistein (small blind) folded before Flop



PokerStars Hand #254229600035:  Hold'em No Limit ($0.50/$1.00 USD) - 2025/01/06 16:39:55 WET [2025/01/06 11:39:55 ET]
Table 'Rollandia II' 6-max Seat #6 is the button
Seat 1: poker_soul11 ($100 in chips) 
Seat 2: Cangurello ($139.63 in chips) 
Seat 3: Gfoer ($121.75 in chips) 
Seat 4: mr.Jckpot ($106.67 in chips) 
Seat 5: nastja336 ($100 in chips) 
Seat 6: blistein ($108.95 in chips) 
poker_soul11: posts small blind $0.50
Cangurello: posts big blind $1
*** HOLE CARDS ***
Gfoer: folds 
mr.Jckpot: raises $1.50 to $2.50
nastja336: folds 
blistein: folds 
poker_soul11: folds 
Cangurello: calls $1.50
*** FLOP *** [5s 2d 8c]
Cangurello: checks 
mr.Jckpot: bets $3.39
Cangurello: raises $3.39 to $6.78
mr.Jckpot: calls $3.39
*** TURN *** [5s 2d 8c] [Kc]
Cangurello: checks 
mr.Jckpot: checks 
*** RIVER *** [5s 2d 8c Kc] [Ks]
Cangurello: bets $3
mr.Jckpot: raises $12 to $15
Cangurello: calls $12
*** SHOW DOWN ***
mr.Jckpot: shows [9s 9d] (two pair, Kings and Nines)
Cangurello: mucks hand 
mr.Jckpot collected $46.61 from pot
*** SUMMARY ***
Total pot $49.06 | Rake $2.45 
Board [5s 2d 8c Kc Ks]
Seat 1: poker_soul11 (small blind) folded before Flop
Seat 2: Cangurello (big blind) mucked
Seat 3: Gfoer folded before Flop (didn't bet)
Seat 4: mr.Jckpot showed [9s 9d] and won ($46.61) with two pair, Kings and Nines
Seat 5: nastja336 folded before Flop (didn't bet)
Seat 6: blistein (button) folded before Flop (didn't bet)



PokerStars Hand #254229663248:  Hold'em No Limit ($0.50/$1.00 USD) - 2025/01/06 16:43:52 WET [2025/01/06 11:43:52 ET]
Table 'Rollandia II' 6-max Seat #6 is the button
Seat 1: sta$igk ($100 in chips) is sitting out
Seat 2: Cangurello ($126.44 in chips) 
Seat 3: Gfoer ($120.25 in chips) 
Seat 4: mr.Jckpot ($127.50 in chips) 
Seat 5: nastja336 ($104.62 in chips) 
Seat 6: blistein ($102.50 in chips) 
Cangurello: posts small blind $0.50
Gfoer: posts big blind $1
*** HOLE CARDS ***
mr.Jckpot: raises $1.50 to $2.50
nastja336: folds 
blistein: folds 
Cangurello: calls $2
Gfoer: calls $1.50
*** FLOP *** [7h As Jd]
Cangurello: checks 
Gfoer: checks 
mr.Jckpot: bets $2.35
Cangurello: calls $2.35
Gfoer: folds 
*** TURN *** [7h As Jd] [6h]
Cangurello: checks 
mr.Jckpot: bets $3.82
Cangurello: calls $3.82
*** RIVER *** [7h As Jd 6h] [8h]
Cangurello: checks 
mr.Jckpot: checks 
*** SHOW DOWN ***
Cangurello: shows [2h 2c] (a pair of Deuces)
mr.Jckpot: shows [Qh Qc] (a pair of Queens)
mr.Jckpot collected $18.85 from pot
*** SUMMARY ***
Total pot $19.84 | Rake $0.99 
Board [7h As Jd 6h 8h]
Seat 1: sta$igk
Seat 2: Cangurello (small blind) showed [2h 2c] and lost with a pair of Deuces
Seat 3: Gfoer (big blind) folded on the Flop
Seat 4: mr.Jckpot showed [Qh Qc] and won ($18.85) with a pair of Queens
Seat 5: nastja336 folded before Flop (didn't bet)
Seat 6: blistein (button) folded before Flop (didn't bet)



PokerStars Hand #254229673203:  Hold'em No Limit ($0.50/$1.00 USD) - 2025/01/06 16:44:29 WET [2025/01/06 11:44:29 ET]
Table 'Rollandia II' 6-max Seat #2 is the button
Seat 1: sta$igk ($100 in chips) is sitting out
Seat 2: Cangurello ($117.77 in chips) 
Seat 3: Gfoer ($117.75 in chips) 
Seat 4: mr.Jckpot ($137.68 in chips) 
Seat 5: nastja336 ($104.62 in chips) 
Seat 6: blistein ($102.50 in chips) 
Gfoer: posts small blind $0.50
mr.Jckpot: posts big blind $1
sta$igk: sits out 
*** HOLE CARDS ***
nastja336: folds 
blistein: folds 
Cangurello: folds 
Gfoer: raises $1.50 to $2.50
mr.Jckpot: folds 
Uncalled bet ($1.50) returned to Gfoer
Gfoer collected $2 from pot
Gfoer: doesn't show hand 
*** SUMMARY ***
Total pot $2 | Rake $0 
Seat 1: sta$igk
Seat 2: Cangurello (button) folded before Flop (didn't bet)
Seat 3: Gfoer (small blind) collected ($2)
Seat 4: mr.Jckpot (big blind) folded before Flop
Seat 5: nastja336 folded before Flop (didn't bet)
Seat 6: blistein folded before Flop (didn't bet)



PokerStars Hand #254229676931:  Hold'em No Limit ($0.50/$1.00 USD) - 2025/01/06 16:44:43 WET [2025/01/06 11:44:43 ET]
Table 'Rollandia II' 6-max Seat #3 is the button
Seat 1: sta$igk ($100 in chips) is sitting out
Seat 2: Cangurello ($117.77 in chips) 
Seat 3: Gfoer ($118.75 in chips) 
Seat 4: mr.Jckpot ($136.68 in chips) 
Seat 5: nastja336 ($104.62 in chips) 
Seat 6: blistein ($102.50 in chips) 
mr.Jckpot: posts small blind $0.50
nastja336: posts big blind $1
sta$igk: sits out 
*** HOLE CARDS ***
blistein: folds 
Cangurello: raises $12 to $13
Gfoer: folds 
mr.Jckpot: folds 
nastja336: folds 
Uncalled bet ($12) returned to Cangurello
Cangurello collected $2.50 from pot
*** SUMMARY ***
Total pot $2.50 | Rake $0 
Seat 1: sta$igk
Seat 2: Cangurello collected ($2.50)
Seat 3: Gfoer (button) folded before Flop (didn't bet)
Seat 4: mr.Jckpot (small blind) folded before Flop
Seat 5: nastja336 (big blind) folded before Flop
Seat 6: blistein folded before Flop (didn't bet)



PokerStars Hand #254229682015:  Hold'em No Limit ($0.50/$1.00 USD) - 2025/01/06 16:45:03 WET [2025/01/06 11:45:03 ET]
Table 'Rollandia II' 6-max Seat #4 is the button
Seat 1: sta$igk ($100 in chips) is sitting out
Seat 2: Cangurello ($119.27 in chips) 
Seat 3: Gfoer ($118.75 in chips) 
Seat 4: mr.Jckpot ($136.18 in chips) 
Seat 5: nastja336 ($103.62 in chips) 
Seat 6: blistein ($102.50 in chips) 
nastja336: posts small blind $0.50
blistein: posts big blind $1
sta$igk: sits out 
*** HOLE CARDS ***
Cangurello: raises $2 to $3
Gfoer: folds 
mr.Jckpot: folds 
nastja336: folds 
blistein: calls $2
*** FLOP *** [2s Ts Js]
blistein: checks 
Cangurello: bets $3
blistein: calls $3
*** TURN *** [2s Ts Js] [5s]
blistein: checks 
Cangurello: checks 
*** RIVER *** [2s Ts Js 5s] [Kc]
blistein: bets $5.94
Cangurello: calls $5.94
*** SHOW DOWN ***
blistein: shows [Jd 5d] (two pair, Jacks and Fives)
Cangurello: shows [Tc Kh] (two pair, Kings and Tens)
Cangurello collected $23.16 from pot
*** SUMMARY ***
Total pot $24.38 | Rake $1.22 
Board [2s Ts Js 5s Kc]
Seat 1: sta$igk
Seat 2: Cangurello showed [Tc Kh] and won ($23.16) with two pair, Kings and Tens
Seat 3: Gfoer folded before Flop (didn't bet)
Seat 4: mr.Jckpot (button) folded before Flop (didn't bet)
Seat 5: nastja336 (small blind) folded before Flop
Seat 6: blistein (big blind) showed [Jd 5d] and lost with two pair, Jacks and Fives



PokerStars Hand #254229692105:  Hold'em No Limit ($0.50/$1.00 USD) - 2025/01/06 16:45:40 WET [2025/01/06 11:45:40 ET]
Table 'Rollandia II' 6-max Seat #5 is the button
Seat 1: sta$igk ($100 in chips) 
Seat 2: Cangurello ($130.49 in chips) 
Seat 3: Gfoer ($118.75 in chips) 
Seat 4: mr.Jckpot ($136.18 in chips) 
Seat 5: nastja336 ($103.12 in chips) 
Seat 6: blistein ($100 in chips) 
blistein: posts small blind $0.50
sta$igk: posts big blind $1
*** HOLE CARDS ***
Cangurello: calls $1
Gfoer: folds 
mr.Jckpot: raises $4 to $5
nastja336: folds 
blistein: folds 
sta$igk: folds 
Cangurello: folds 
Uncalled bet ($4) returned to mr.Jckpot
mr.Jckpot collected $3.50 from pot
mr.Jckpot: doesn't show hand 
*** SUMMARY ***
Total pot $3.50 | Rake $0 
Seat 1: sta$igk (big blind) folded before Flop
Seat 2: Cangurello folded before Flop
Seat 3: Gfoer folded before Flop (didn't bet)
Seat 4: mr.Jckpot collected ($3.50)
Seat 5: nastja336 (button) folded before Flop (didn't bet)
Seat 6: blistein (small blind) folded before Flop



PokerStars Hand #254229698546:  Hold'em No Limit ($0.50/$1.00 USD) - 2025/01/06 16:46:04 WET [2025/01/06 11:46:04 ET]
Table 'Rollandia II' 6-max Seat #6 is the button
Seat 1: sta$igk ($100 in chips) 
Seat 2: Cangurello ($129.49 in chips) 
Seat 3: Gfoer ($118.75 in chips) 
Seat 4: mr.Jckpot ($138.68 in chips) 
Seat 5: nastja336 ($103.12 in chips) 
Seat 6: blistein ($100 in chips) 
sta$igk: posts small blind $0.50
Cangurello: posts big blind $1
*** HOLE CARDS ***
Gfoer: folds 
mr.Jckpot: folds 
nastja336: folds 
blistein: raises $1.50 to $2.50
sta$igk: folds 
Cangurello: calls $1.50
*** FLOP *** [6d Jd 8c]
Cangurello: checks 
blistein: bets $1.31
Cangurello: calls $1.31
*** TURN *** [6d Jd 8c] [7c]
Cangurello: checks 
blistein: checks 
*** RIVER *** [6d Jd 8c 7c] [9h]
Cangurello: bets $5
blistein: calls $5
*** SHOW DOWN ***
Cangurello: shows [2d 2c] (a pair of Deuces)
blistein: shows [9s As] (a pair of Nines)
blistein collected $17.21 from pot
*** SUMMARY ***
Total pot $18.12 | Rake $0.91 
Board [6d Jd 8c 7c 9h]
Seat 1: sta$igk (small blind) folded before Flop
Seat 2: Cangurello (big blind) showed [2d 2c] and lost with a pair of Deuces
Seat 3: Gfoer folded before Flop (didn't bet)
Seat 4: mr.Jckpot folded before Flop (didn't bet)
Seat 5: nastja336 folded before Flop (didn't bet)
Seat 6: blistein (button) showed [9s As] and won ($17.21) with a pair of Nines



PokerStars Hand #254229714473:  Hold'em No Limit ($0.50/$1.00 USD) - 2025/01/06 16:47:03 WET [2025/01/06 11:47:03 ET]
Table 'Rollandia II' 6-max Seat #1 is the button
Seat 1: sta$igk ($100 in chips) 
Seat 2: Cangurello ($120.68 in chips) 
Seat 3: Gfoer ($118.75 in chips) 
Seat 4: mr.Jckpot ($138.68 in chips) 
Seat 5: nastja336 ($103.12 in chips) 
Seat 6: blistein ($108.40 in chips) 
Cangurello: posts small blind $0.50
Gfoer: posts big blind $1
*** HOLE CARDS ***
mr.Jckpot: folds 
nastja336: folds 
blistein: folds 
sta$igk: folds 
Cangurello: calls $0.50
Gfoer: checks 
*** FLOP *** [6h 8d Th]
Cangurello: checks 
Gfoer: checks 
*** TURN *** [6h 8d Th] [9s]
Cangurello: bets $3
Gfoer: folds 
Uncalled bet ($3) returned to Cangurello
Cangurello collected $1.90 from pot
*** SUMMARY ***
Total pot $2 | Rake $0.10 
Board [6h 8d Th 9s]
Seat 1: sta$igk (button) folded before Flop (didn't bet)
Seat 2: Cangurello (small blind) collected ($1.90)
Seat 3: Gfoer (big blind) folded on the Turn
Seat 4: mr.Jckpot folded before Flop (didn't bet)
Seat 5: nastja336 folded before Flop (didn't bet)
Seat 6: blistein folded before Flop (didn't bet)



PokerStars Hand #254229725653:  Hold'em No Limit ($0.50/$1.00 USD) - 2025/01/06 16:47:46 WET [2025/01/06 11:47:46 ET]
Table 'Rollandia II' 6-max Seat #2 is the button
Seat 1: sta$igk ($100 in chips) 
Seat 2: Cangurello ($121.58 in chips) 
Seat 3: Gfoer ($117.75 in chips) 
Seat 4: mr.Jckpot ($138.68 in chips) 
Seat 5: nastja336 ($103.12 in chips) 
Seat 6: blistein ($108.40 in chips) 
Gfoer: posts small blind $0.50
mr.Jckpot: posts big blind $1
*** HOLE CARDS ***
nastja336: folds 
blistein: folds 
sta$igk: raises $1.50 to $2.50
Cangurello: calls $2.50
Gfoer: folds 
mr.Jckpot: folds 
*** FLOP *** [3c Kc As]
sta$igk: checks 
Cangurello: bets $3
sta$igk: calls $3
*** TURN *** [3c Kc As] [Td]
sta$igk: checks 
Cangurello: bets $6
sta$igk: folds 
Uncalled bet ($6) returned to Cangurello
Cangurello collected $11.88 from pot
*** SUMMARY ***
Total pot $12.50 | Rake $0.62 
Board [3c Kc As Td]
Seat 1: sta$igk folded on the Turn
Seat 2: Cangurello (button) collected ($11.88)
Seat 3: Gfoer (small blind) folded before Flop
Seat 4: mr.Jckpot (big blind) folded before Flop
Seat 5: nastja336 folded before Flop (didn't bet)
Seat 6: blistein folded before Flop (didn't bet)



PokerStars Hand #254229739234:  Hold'em No Limit ($0.50/$1.00 USD) - 2025/01/06 16:48:37 WET [2025/01/06 11:48:37 ET]
Table 'Rollandia II' 6-max Seat #3 is the button
Seat 1: sta$igk ($100 in chips) 
Seat 2: Cangurello ($127.96 in chips) 
Seat 3: Gfoer ($117.25 in chips) 
Seat 4: mr.Jckpot ($137.68 in chips) 
Seat 5: nastja336 ($103.12 in chips) 
Seat 6: blistein ($108.40 in chips) 
mr.Jckpot: posts small blind $0.50
nastja336: posts big blind $1
*** HOLE CARDS ***
blistein: folds 
sta$igk: folds 
Cangurello: calls $1
Gfoer: folds 
mr.Jckpot: folds 
nastja336: checks 
*** FLOP *** [Tc Qh 8c]
nastja336: checks 
Cangurello: bets $4
nastja336: folds 
Uncalled bet ($4) returned to Cangurello
Cangurello collected $2.38 from pot
*** SUMMARY ***
Total pot $2.50 | Rake $0.12 
Board [Tc Qh 8c]
Seat 1: sta$igk folded before Flop (didn't bet)
Seat 2: Cangurello collected ($2.38)
Seat 3: Gfoer (button) folded before Flop (didn't bet)
Seat 4: mr.Jckpot (small blind) folded before Flop
Seat 5: nastja336 (big blind) folded on the Flop
Seat 6: blistein folded before Flop (didn't bet)



PokerStars Hand #254229743602:  Hold'em No Limit ($0.50/$1.00 USD) - 2025/01/06 16:48:53 WET [2025/01/06 11:48:53 ET]
Table 'Rollandia II' 6-max Seat #4 is the button
Seat 1: sta$igk ($100 in chips) 
Seat 2: Cangurello ($129.34 in chips) 
Seat 3: Gfoer ($117.25 in chips) 
Seat 4: mr.Jckpot ($137.18 in chips) 
Seat 5: nastja336 ($102.12 in chips) 
Seat 6: blistein ($108.40 in chips) 
nastja336: posts small blind $0.50
blistein: posts big blind $1
*** HOLE CARDS ***
sta$igk: folds 
Cangurello: folds 
Gfoer: folds 
mr.Jckpot: folds 
nastja336: raises $2 to $3
blistein: raises $7 to $10
nastja336: folds 
Uncalled bet ($7) returned to blistein
blistein collected $6 from pot
blistein: doesn't show hand 
*** SUMMARY ***
Total pot $6 | Rake $0 
Seat 1: sta$igk folded before Flop (didn't bet)
Seat 2: Cangurello folded before Flop (didn't bet)
Seat 3: Gfoer folded before Flop (didn't bet)
Seat 4: mr.Jckpot (button) folded before Flop (didn't bet)
Seat 5: nastja336 (small blind) folded before Flop
Seat 6: blistein (big blind) collected ($6)



PokerStars Hand #254229749693:  Hold'em No Limit ($0.50/$1.00 USD) - 2025/01/06 16:49:16 WET [2025/01/06 11:49:16 ET]
Table 'Rollandia II' 6-max Seat #5 is the button
Seat 1: sta$igk ($100 in chips) 
Seat 2: Cangurello ($129.34 in chips) 
Seat 3: Gfoer ($117.25 in chips) 
Seat 4: mr.Jckpot ($137.18 in chips) 
Seat 5: nastja336 ($100 in chips) 
Seat 6: blistein ($111.40 in chips) 
blistein: posts small blind $0.50
sta$igk: posts big blind $1
*** HOLE CARDS ***
Cangurello: calls $1
Gfoer: folds 
mr.Jckpot: folds 
nastja336: raises $3 to $4
blistein: folds 
sta$igk: folds 
Cangurello: folds 
Uncalled bet ($3) returned to nastja336
nastja336 collected $3.50 from pot
nastja336: doesn't show hand 
*** SUMMARY ***
Total pot $3.50 | Rake $0 
Seat 1: sta$igk (big blind) folded before Flop
Seat 2: Cangurello folded before Flop
Seat 3: Gfoer folded before Flop (didn't bet)
Seat 4: mr.Jckpot folded before Flop (didn't bet)
Seat 5: nastja336 (button) collected ($3.50)
Seat 6: blistein (small blind) folded before Flop



PokerStars Hand #254229755206:  Hold'em No Limit ($0.50/$1.00 USD) - 2025/01/06 16:49:36 WET [2025/01/06 11:49:36 ET]
Table 'Rollandia II' 6-max Seat #6 is the button
Seat 1: sta$igk ($100 in chips) 
Seat 2: Cangurello ($128.34 in chips) 
Seat 3: Gfoer ($117.25 in chips) 
Seat 4: mr.Jckpot ($137.18 in chips) 
Seat 5: nastja336 ($102.50 in chips) 
Seat 6: blistein ($110.90 in chips) 
sta$igk: posts small blind $0.50
Cangurello: posts big blind $1
*** HOLE CARDS ***
Gfoer: folds 
mr.Jckpot: folds 
nastja336: folds 
blistein: folds 
sta$igk: folds 
Uncalled bet ($0.50) returned to Cangurello
Cangurello collected $1 from pot
*** SUMMARY ***
Total pot $1 | Rake $0 
Seat 1: sta$igk (small blind) folded before Flop
Seat 2: Cangurello (big blind) collected ($1)
Seat 3: Gfoer folded before Flop (didn't bet)
Seat 4: mr.Jckpot folded before Flop (didn't bet)
Seat 5: nastja336 folded before Flop (didn't bet)
Seat 6: blistein (button) folded before Flop (didn't bet)



PokerStars Hand #254229759036:  Hold'em No Limit ($0.50/$1.00 USD) - 2025/01/06 16:49:50 WET [2025/01/06 11:49:50 ET]
Table 'Rollandia II' 6-max Seat #1 is the button
Seat 1: sta$igk ($100 in chips) 
Seat 2: Cangurello ($128.84 in chips) 
Seat 3: Gfoer ($117.25 in chips) 
Seat 4: mr.Jckpot ($137.18 in chips) 
Seat 5: nastja336 ($102.50 in chips) 
Seat 6: blistein ($110.90 in chips) 
Cangurello: posts small blind $0.50
Gfoer: posts big blind $1
*** HOLE CARDS ***
mr.Jckpot: folds 
nastja336: folds 
blistein: folds 
sta$igk: raises $1.50 to $2.50
Cangurello: calls $2
Gfoer: calls $1.50
*** FLOP *** [4s 7s Kh]
Cangurello: checks 
Gfoer: checks 
sta$igk: bets $2.35
Cangurello: folds 
Gfoer: folds 
Uncalled bet ($2.35) returned to sta$igk
sta$igk collected $7.12 from pot
sta$igk: doesn't show hand 
*** SUMMARY ***
Total pot $7.50 | Rake $0.38 
Board [4s 7s Kh]
Seat 1: sta$igk (button) collected ($7.12)
Seat 2: Cangurello (small blind) folded on the Flop
Seat 3: Gfoer (big blind) folded on the Flop
Seat 4: mr.Jckpot folded before Flop (didn't bet)
Seat 5: nastja336 folded before Flop (didn't bet)
Seat 6: blistein folded before Flop (didn't bet)



PokerStars Hand #254229771390:  Hold'em No Limit ($0.50/$1.00 USD) - 2025/01/06 16:50:37 WET [2025/01/06 11:50:37 ET]
Table 'Rollandia II' 6-max Seat #2 is the button
Seat 1: sta$igk ($104.62 in chips) 
Seat 2: Cangurello ($126.34 in chips) 
Seat 3: Gfoer ($114.75 in chips) 
Seat 4: mr.Jckpot ($137.18 in chips) 
Seat 5: nastja336 ($102.50 in chips) 
Seat 6: blistein ($110.90 in chips) 
Gfoer: posts small blind $0.50
mr.Jckpot: posts big blind $1
*** HOLE CARDS ***
nastja336: folds 
blistein: folds 
sta$igk: raises $1.50 to $2.50
Cangurello: calls $2.50
Gfoer: folds 
mr.Jckpot: folds 
*** FLOP *** [7c 3d 5s]
sta$igk: checks 
Cangurello: bets $3
sta$igk: raises $6.09 to $9.09
Cangurello: calls $6.09
*** TURN *** [7c 3d 5s] [4d]
sta$igk: checks 
Cangurello: bets $23
sta$igk: folds 
Uncalled bet ($23) returned to Cangurello
Cangurello collected $23.45 from pot
*** SUMMARY ***
Total pot $24.68 | Rake $1.23 
Board [7c 3d 5s 4d]
Seat 1: sta$igk folded on the Turn
Seat 2: Cangurello (button) collected ($23.45)
Seat 3: Gfoer (small blind) folded before Flop
Seat 4: mr.Jckpot (big blind) folded before Flop
Seat 5: nastja336 folded before Flop (didn't bet)
Seat 6: blistein folded before Flop (didn't bet)



PokerStars Hand #254229794796:  Hold'em No Limit ($0.50/$1.00 USD) - 2025/01/06 16:52:04 WET [2025/01/06 11:52:04 ET]
Table 'Rollandia II' 6-max Seat #3 is the button
Seat 1: sta$igk ($100 in chips) 
Seat 2: Cangurello ($138.20 in chips) 
Seat 3: Gfoer ($114.25 in chips) 
Seat 4: mr.Jckpot ($136.18 in chips) 
Seat 5: nastja336 ($102.50 in chips) 
Seat 6: blistein ($110.90 in chips) 
mr.Jckpot: posts small blind $0.50
nastja336: posts big blind $1
*** HOLE CARDS ***
blistein: folds 
sta$igk: raises $1.50 to $2.50
Cangurello: folds 
Gfoer: folds 
mr.Jckpot: folds 
nastja336: folds 
Uncalled bet ($1.50) returned to sta$igk
sta$igk collected $2.50 from pot
sta$igk: doesn't show hand 
*** SUMMARY ***
Total pot $2.50 | Rake $0 
Seat 1: sta$igk collected ($2.50)
Seat 2: Cangurello folded before Flop (didn't bet)
Seat 3: Gfoer (button) folded before Flop (didn't bet)
Seat 4: mr.Jckpot (small blind) folded before Flop
Seat 5: nastja336 (big blind) folded before Flop
Seat 6: blistein folded before Flop (didn't bet)



PokerStars Hand #254229801036:  Hold'em No Limit ($0.50/$1.00 USD) - 2025/01/06 16:52:27 WET [2025/01/06 11:52:27 ET]
Table 'Rollandia II' 6-max Seat #5 is the button
Seat 4: mr.Jckpot ($135.68 in chips) is sitting out
Seat 1: sta$igk ($101.50 in chips) 
Seat 2: Cangurello ($138.20 in chips) 
Seat 3: Gfoer ($114.25 in chips) 
Seat 5: nastja336 ($101.50 in chips) 
Seat 6: blistein ($110.90 in chips) 
blistein: posts small blind $0.50
sta$igk: posts big blind $1
*** HOLE CARDS ***
Cangurello: raises $1 to $2
Gfoer: folds 
nastja336: folds 
blistein: folds 
sta$igk: calls $1
*** FLOP *** [2d Qd Qc]
sta$igk: checks 
Cangurello: checks 
*** TURN *** [2d Qd Qc] [3h]
sta$igk: checks 
Cangurello: bets $2
sta$igk: calls $2
*** RIVER *** [2d Qd Qc 3h] [7s]
sta$igk: checks 
Cangurello: checks 
*** SHOW DOWN ***
sta$igk: shows [As 6h] (a pair of Queens)
Cangurello: mucks hand 
sta$igk collected $8.08 from pot
*** SUMMARY ***
Total pot $8.50 | Rake $0.42 
Board [2d Qd Qc 3h 7s]
Seat 4: mr.Jckpot
Seat 1: sta$igk (big blind) showed [As 6h] and won ($8.08) with a pair of Queens
Seat 2: Cangurello mucked
Seat 3: Gfoer folded before Flop (didn't bet)
Seat 5: nastja336 (button) folded before Flop (didn't bet)
Seat 6: blistein (small blind) folded before Flop



PokerStars Hand #254229814265:  Hold'em No Limit ($0.50/$1.00 USD) - 2025/01/06 16:53:16 WET [2025/01/06 11:53:16 ET]
Table 'Rollandia II' 6-max Seat #6 is the button
Seat 4: mr.Jckpot ($135.68 in chips) is sitting out
Seat 1: sta$igk ($105.58 in chips) 
Seat 2: Cangurello ($134.20 in chips) 
Seat 3: Gfoer ($114.25 in chips) 
Seat 5: nastja336 ($101.50 in chips) 
Seat 6: blistein ($110.40 in chips) 
sta$igk: posts small blind $0.50
Cangurello: posts big blind $1
*** HOLE CARDS ***
Gfoer: folds 
nastja336: folds 
blistein: folds 
sta$igk: folds 
Uncalled bet ($0.50) returned to Cangurello
Cangurello collected $1 from pot
*** SUMMARY ***
Total pot $1 | Rake $0 
Seat 4: mr.Jckpot
Seat 1: sta$igk (small blind) folded before Flop
Seat 2: Cangurello (big blind) collected ($1)
Seat 3: Gfoer folded before Flop (didn't bet)
Seat 5: nastja336 folded before Flop (didn't bet)
Seat 6: blistein (button) folded before Flop (didn't bet)



PokerStars Hand #254229821798:  Hold'em No Limit ($0.50/$1.00 USD) - 2025/01/06 16:53:44 WET [2025/01/06 11:53:44 ET]
Table 'Rollandia II' 6-max Seat #1 is the button
Seat 1: sta$igk ($105.08 in chips) 
Seat 2: Cangurello ($134.70 in chips) 
Seat 3: Gfoer ($114.25 in chips) 
Seat 4: mr.Jckpot ($135.68 in chips) 
Seat 5: nastja336 ($101.50 in chips) 
Seat 6: blistein ($110.40 in chips) 
Cangurello: posts small blind $0.50
Gfoer: posts big blind $1
*** HOLE CARDS ***
mr.Jckpot: folds 
nastja336: raises $1.50 to $2.50
blistein: folds 
sta$igk: folds 
Cangurello: calls $2
Gfoer: folds 
*** FLOP *** [Js 4s 7d]
Cangurello: checks 
nastja336: bets $1.88
Cangurello: calls $1.88
*** TURN *** [Js 4s 7d] [Ts]
Cangurello: checks 
nastja336: checks 
*** RIVER *** [Js 4s 7d Ts] [Th]
Cangurello: bets $3
nastja336: calls $3
*** SHOW DOWN ***
Cangurello: shows [Ad 2s] (a pair of Tens)
nastja336: shows [8h 8d] (two pair, Tens and Eights)
nastja336 collected $14.97 from pot
*** SUMMARY ***
Total pot $15.76 | Rake $0.79 
Board [Js 4s 7d Ts Th]
Seat 1: sta$igk (button) folded before Flop (didn't bet)
Seat 2: Cangurello (small blind) showed [Ad 2s] and lost with a pair of Tens
Seat 3: Gfoer (big blind) folded before Flop
Seat 4: mr.Jckpot folded before Flop (didn't bet)
Seat 5: nastja336 showed [8h 8d] and won ($14.97) with two pair, Tens and Eights
Seat 6: blistein folded before Flop (didn't bet)



PokerStars Hand #254229830934:  Hold'em No Limit ($0.50/$1.00 USD) - 2025/01/06 16:54:17 WET [2025/01/06 11:54:17 ET]
Table 'Rollandia II' 6-max Seat #2 is the button
Seat 1: sta$igk ($105.08 in chips) 
Seat 2: Cangurello ($127.32 in chips) 
Seat 3: Gfoer ($113.25 in chips) 
Seat 4: mr.Jckpot ($135.68 in chips) 
Seat 5: nastja336 ($109.09 in chips) 
Seat 6: blistein ($110.40 in chips) 
Gfoer: posts small blind $0.50
mr.Jckpot: posts big blind $1
*** HOLE CARDS ***
nastja336: folds 
blistein: raises $1.20 to $2.20
sta$igk: folds 
Cangurello: raises $12.80 to $15
Gfoer: folds 
mr.Jckpot: folds 
blistein: folds 
Uncalled bet ($12.80) returned to Cangurello
Cangurello collected $5.90 from pot
*** SUMMARY ***
Total pot $5.90 | Rake $0 
Seat 1: sta$igk folded before Flop (didn't bet)
Seat 2: Cangurello (button) collected ($5.90)
Seat 3: Gfoer (small blind) folded before Flop
Seat 4: mr.Jckpot (big blind) folded before Flop
Seat 5: nastja336 folded before Flop (didn't bet)
Seat 6: blistein folded before Flop



PokerStars Hand #254229838841:  Hold'em No Limit ($0.50/$1.00 USD) - 2025/01/06 16:54:46 WET [2025/01/06 11:54:46 ET]
Table 'Rollandia II' 6-max Seat #3 is the button
Seat 1: sta$igk ($105.08 in chips) 
Seat 2: Cangurello ($131.02 in chips) 
Seat 3: Gfoer ($112.75 in chips) 
Seat 4: mr.Jckpot ($134.68 in chips) 
Seat 5: nastja336 ($109.09 in chips) 
Seat 6: blistein ($108.20 in chips) 
mr.Jckpot: posts small blind $0.50
nastja336: posts big blind $1
*** HOLE CARDS ***
blistein: raises $1.20 to $2.20
sta$igk: folds 
Cangurello: folds 
Gfoer: folds 
mr.Jckpot: folds 
nastja336: folds 
Uncalled bet ($1.20) returned to blistein
blistein collected $2.50 from pot
blistein: doesn't show hand 
*** SUMMARY ***
Total pot $2.50 | Rake $0 
Seat 1: sta$igk folded before Flop (didn't bet)
Seat 2: Cangurello folded before Flop (didn't bet)
Seat 3: Gfoer (button) folded before Flop (didn't bet)
Seat 4: mr.Jckpot (small blind) folded before Flop
Seat 5: nastja336 (big blind) folded before Flop
Seat 6: blistein collected ($2.50)



PokerStars Hand #254229843358:  Hold'em No Limit ($0.50/$1.00 USD) - 2025/01/06 16:55:03 WET [2025/01/06 11:55:03 ET]
Table 'Rollandia II' 6-max Seat #4 is the button
Seat 1: sta$igk ($105.08 in chips) 
Seat 2: Cangurello ($131.02 in chips) 
Seat 3: Gfoer ($112.75 in chips) 
Seat 4: mr.Jckpot ($134.18 in chips) 
Seat 5: nastja336 ($108.09 in chips) 
Seat 6: blistein ($109.70 in chips) 
nastja336: posts small blind $0.50
blistein: posts big blind $1
*** HOLE CARDS ***
sta$igk: folds 
Cangurello: raises $4 to $5
Gfoer: folds 
mr.Jckpot: folds 
nastja336: folds 
blistein: folds 
Uncalled bet ($4) returned to Cangurello
Cangurello collected $2.50 from pot
Cangurello: shows [Jh Jd] (a pair of Jacks)
*** SUMMARY ***
Total pot $2.50 | Rake $0 
Seat 1: sta$igk folded before Flop (didn't bet)
Seat 2: Cangurello collected ($2.50)
Seat 3: Gfoer folded before Flop (didn't bet)
Seat 4: mr.Jckpot (button) folded before Flop (didn't bet)
Seat 5: nastja336 (small blind) folded before Flop
Seat 6: blistein (big blind) folded before Flop



PokerStars Hand #254229849859:  Hold'em No Limit ($0.50/$1.00 USD) - 2025/01/06 16:55:32 WET [2025/01/06 11:55:32 ET]
Table 'Rollandia II' 6-max Seat #5 is the button
Seat 1: sta$igk ($105.08 in chips) 
Seat 2: Cangurello ($132.52 in chips) 
Seat 3: Gfoer ($112.75 in chips) 
Seat 4: mr.Jckpot ($134.18 in chips) 
Seat 5: nastja336 ($107.59 in chips) 
Seat 6: blistein ($108.70 in chips) 
blistein: posts small blind $0.50
sta$igk: posts big blind $1
*** HOLE CARDS ***
Cangurello: calls $1
Gfoer: folds 
mr.Jckpot: folds 
nastja336: folds 
blistein: calls $0.50
sta$igk: checks 
*** FLOP *** [Kd 6s 2d]
blistein: checks 
sta$igk: checks 
Cangurello: bets $3
blistein: folds 
sta$igk: folds 
Uncalled bet ($3) returned to Cangurello
Cangurello collected $2.85 from pot
*** SUMMARY ***
Total pot $3 | Rake $0.15 
Board [Kd 6s 2d]
Seat 1: sta$igk (big blind) folded on the Flop
Seat 2: Cangurello collected ($2.85)
Seat 3: Gfoer folded before Flop (didn't bet)
Seat 4: mr.Jckpot folded before Flop (didn't bet)
Seat 5: nastja336 (button) folded before Flop (didn't bet)
Seat 6: blistein (small blind) folded on the Flop



PokerStars Hand #254229854573:  Hold'em No Limit ($0.50/$1.00 USD) - 2025/01/06 16:55:55 WET [2025/01/06 11:55:55 ET]
Table 'Rollandia II' 6-max Seat #6 is the button
Seat 1: sta$igk ($104.08 in chips) 
Seat 2: Cangurello ($134.37 in chips) 
Seat 3: Gfoer ($112.75 in chips) 
Seat 4: mr.Jckpot ($134.18 in chips) 
Seat 5: nastja336 ($107.59 in chips) 
Seat 6: blistein ($107.70 in chips) 
sta$igk: posts small blind $0.50
Cangurello: posts big blind $1
*** HOLE CARDS ***
Gfoer: folds 
mr.Jckpot: folds 
nastja336: folds 
blistein: raises $1.50 to $2.50
sta$igk: folds 
Cangurello: calls $1.50
*** FLOP *** [Ah Jh Kc]
Cangurello: checks 
blistein: checks 
*** TURN *** [Ah Jh Kc] [Td]
Cangurello: bets $5
blistein: calls $5
*** RIVER *** [Ah Jh Kc Td] [8d]
Cangurello: bets $25
blistein: folds 
Uncalled bet ($25) returned to Cangurello
Cangurello collected $14.72 from pot
*** SUMMARY ***
Total pot $15.50 | Rake $0.78 
Board [Ah Jh Kc Td 8d]
Seat 1: sta$igk (small blind) folded before Flop
Seat 2: Cangurello (big blind) collected ($14.72)
Seat 3: Gfoer folded before Flop (didn't bet)
Seat 4: mr.Jckpot folded before Flop (didn't bet)
Seat 5: nastja336 folded before Flop (didn't bet)
Seat 6: blistein (button) folded on the River



PokerStars Hand #254229864645:  Hold'em No Limit ($0.50/$1.00 USD) - 2025/01/06 16:56:42 WET [2025/01/06 11:56:42 ET]
Table 'Rollandia II' 6-max Seat #1 is the button
Seat 1: sta$igk ($103.58 in chips) 
Seat 2: Cangurello ($141.59 in chips) 
Seat 3: Gfoer ($112.75 in chips) 
Seat 4: mr.Jckpot ($134.18 in chips) 
Seat 5: nastja336 ($107.59 in chips) 
Seat 6: blistein ($100.20 in chips) 
Cangurello: posts small blind $0.50
Gfoer: posts big blind $1
*** HOLE CARDS ***
mr.Jckpot: folds 
nastja336: folds 
blistein: folds 
sta$igk: raises $1.50 to $2.50
Cangurello: calls $2
Gfoer: folds 
*** FLOP *** [7s Js 3d]
Cangurello: checks 
sta$igk: bets $4.28
Cangurello: folds 
Uncalled bet ($4.28) returned to sta$igk
sta$igk collected $5.70 from pot
sta$igk: doesn't show hand 
*** SUMMARY ***
Total pot $6 | Rake $0.30 
Board [7s Js 3d]
Seat 1: sta$igk (button) collected ($5.70)
Seat 2: Cangurello (small blind) folded on the Flop
Seat 3: Gfoer (big blind) folded before Flop
Seat 4: mr.Jckpot folded before Flop (didn't bet)
Seat 5: nastja336 folded before Flop (didn't bet)
Seat 6: blistein folded before Flop (didn't bet)



PokerStars Hand #254229875452:  Hold'em No Limit ($0.50/$1.00 USD) - 2025/01/06 16:57:33 WET [2025/01/06 11:57:33 ET]
Table 'Rollandia II' 6-max Seat #2 is the button
Seat 1: sta$igk ($106.78 in chips) 
Seat 2: Cangurello ($139.09 in chips) 
Seat 3: Gfoer ($111.75 in chips) 
Seat 4: mr.Jckpot ($134.18 in chips) 
Seat 5: nastja336 ($107.59 in chips) 
Seat 6: blistein ($100.20 in chips) 
Gfoer: posts small blind $0.50
mr.Jckpot: posts big blind $1
*** HOLE CARDS ***
nastja336: folds 
blistein: folds 
sta$igk: raises $1.50 to $2.50
Cangurello: calls $2.50
Gfoer: folds 
mr.Jckpot: folds 
*** FLOP *** [Ac 5h Jc]
sta$igk: checks 
Cangurello: bets $3
sta$igk: folds 
Uncalled bet ($3) returned to Cangurello
Cangurello collected $6.18 from pot
*** SUMMARY ***
Total pot $6.50 | Rake $0.32 
Board [Ac 5h Jc]
Seat 1: sta$igk folded on the Flop
Seat 2: Cangurello (button) collected ($6.18)
Seat 3: Gfoer (small blind) folded before Flop
Seat 4: mr.Jckpot (big blind) folded before Flop
Seat 5: nastja336 folded before Flop (didn't bet)
Seat 6: blistein folded before Flop (didn't bet)



PokerStars Hand #254229882455:  Hold'em No Limit ($0.50/$1.00 USD) - 2025/01/06 16:58:07 WET [2025/01/06 11:58:07 ET]
Table 'Rollandia II' 6-max Seat #3 is the button
Seat 1: sta$igk ($104.28 in chips) 
Seat 2: Cangurello ($142.77 in chips) 
Seat 3: Gfoer ($111.25 in chips) 
Seat 4: mr.Jckpot ($133.18 in chips) 
Seat 5: nastja336 ($107.59 in chips) 
Seat 6: blistein ($100.20 in chips) 
mr.Jckpot: posts small blind $0.50
nastja336: posts big blind $1
*** HOLE CARDS ***
blistein: folds 
sta$igk: folds 
Cangurello: calls $1
Gfoer: folds 
mr.Jckpot: raises $3.50 to $4.50
nastja336: folds 
Cangurello: calls $3.50
*** FLOP *** [9c Qh 4c]
mr.Jckpot: bets $3.14
Cangurello: folds 
Uncalled bet ($3.14) returned to mr.Jckpot
mr.Jckpot collected $9.50 from pot
mr.Jckpot: doesn't show hand 
*** SUMMARY ***
Total pot $10 | Rake $0.50 
Board [9c Qh 4c]
Seat 1: sta$igk folded before Flop (didn't bet)
Seat 2: Cangurello folded on the Flop
Seat 3: Gfoer (button) folded before Flop (didn't bet)
Seat 4: mr.Jckpot (small blind) collected ($9.50)
Seat 5: nastja336 (big blind) folded before Flop
Seat 6: blistein folded before Flop (didn't bet)



PokerStars Hand #254229914998:  Hold'em No Limit ($0.50/$1.00 USD) - 2025/01/06 17:00:16 WET [2025/01/06 12:00:16 ET]
Table 'Rollandia II' 6-max Seat #6 is the button
Seat 1: sta$igk ($104.27 in chips) 
Seat 2: Cangurello ($138.25 in chips) 
Seat 3: Gfoer ($111.25 in chips) 
Seat 4: mr.Jckpot ($129.66 in chips) 
Seat 5: nastja336 ($106.09 in chips) 
Seat 6: blistein ($107.84 in chips) 
sta$igk: posts small blind $0.50
Cangurello: posts big blind $1
*** HOLE CARDS ***
Gfoer: folds 
mr.Jckpot: folds 
nastja336: folds 
blistein: raises $1.50 to $2.50
sta$igk: folds 
Cangurello: calls $1.50
*** FLOP *** [Jc Kc Ac]
Cangurello: checks 
blistein: bets $1.77
Cangurello: calls $1.77
*** TURN *** [Jc Kc Ac] [7d]
Cangurello: checks 
blistein: bets $7.76
Cangurello: calls $7.76
*** RIVER *** [Jc Kc Ac 7d] [2d]
Cangurello: checks 
blistein: bets $15.63
Cangurello: folds 
Uncalled bet ($15.63) returned to blistein
blistein collected $23.33 from pot
blistein: doesn't show hand 
*** SUMMARY ***
Total pot $24.56 | Rake $1.23 
Board [Jc Kc Ac 7d 2d]
Seat 1: sta$igk (small blind) folded before Flop
Seat 2: Cangurello (big blind) folded on the River
Seat 3: Gfoer folded before Flop (didn't bet)
Seat 4: mr.Jckpot folded before Flop (didn't bet)
Seat 5: nastja336 folded before Flop (didn't bet)
Seat 6: blistein (button) collected ($23.33)



PokerStars Hand #254229612307:  Hold'em No Limit ($0.50/$1.00 USD) - 2025/01/06 16:40:41 WET [2025/01/06 11:40:41 ET]
Table 'Rollandia II' 6-max Seat #1 is the button
Seat 1: poker_soul11 ($100 in chips) 
Seat 2: Cangurello ($115.35 in chips) 
Seat 3: Gfoer ($121.75 in chips) 
Seat 4: mr.Jckpot ($129 in chips) 
Seat 5: nastja336 ($100 in chips) 
Seat 6: blistein ($108.95 in chips) 
Cangurello: posts small blind $0.50
Gfoer: posts big blind $1
*** HOLE CARDS ***
mr.Jckpot: folds 
nastja336: raises $1.50 to $2.50
blistein: folds 
poker_soul11: folds 
Cangurello: calls $2
Gfoer: folds 
*** FLOP *** [Kd 9h Jh]
Cangurello: checks 
nastja336: checks 
*** TURN *** [Kd 9h Jh] [6d]
Cangurello: bets $3
nastja336: folds 
Uncalled bet ($3) returned to Cangurello
Cangurello collected $5.70 from pot
*** SUMMARY ***
Total pot $6 | Rake $0.30 
Board [Kd 9h Jh 6d]
Seat 1: poker_soul11 (button) folded before Flop (didn't bet)
Seat 2: Cangurello (small blind) collected ($5.70)
Seat 3: Gfoer (big blind) folded before Flop
Seat 4: mr.Jckpot folded before Flop (didn't bet)
Seat 5: nastja336 folded on the Turn
Seat 6: blistein folded before Flop (didn't bet)



PokerStars Hand #254229622958:  Hold'em No Limit ($0.50/$1.00 USD) - 2025/01/06 16:41:22 WET [2025/01/06 11:41:22 ET]
Table 'Rollandia II' 6-max Seat #2 is the button
Seat 1: poker_soul11 ($100 in chips) 
Seat 2: Cangurello ($118.55 in chips) 
Seat 3: Gfoer ($120.75 in chips) 
Seat 4: mr.Jckpot ($129 in chips) 
Seat 5: nastja336 ($100 in chips) 
Seat 6: blistein ($108.95 in chips) 
Gfoer: posts small blind $0.50
mr.Jckpot: posts big blind $1
*** HOLE CARDS ***
nastja336: folds 
blistein: folds 
poker_soul11: folds 
Cangurello: calls $1
Gfoer: folds 
mr.Jckpot: checks 
*** FLOP *** [7s Jc Td]
mr.Jckpot: checks 
Cangurello: bets $1
mr.Jckpot: folds 
Uncalled bet ($1) returned to Cangurello
Cangurello collected $2.38 from pot
*** SUMMARY ***
Total pot $2.50 | Rake $0.12 
Board [7s Jc Td]
Seat 1: poker_soul11 folded before Flop (didn't bet)
Seat 2: Cangurello (button) collected ($2.38)
Seat 3: Gfoer (small blind) folded before Flop
Seat 4: mr.Jckpot (big blind) folded on the Flop
Seat 5: nastja336 folded before Flop (didn't bet)
Seat 6: blistein folded before Flop (didn't bet)



PokerStars Hand #254229628601:  Hold'em No Limit ($0.50/$1.00 USD) - 2025/01/06 16:41:42 WET [2025/01/06 11:41:42 ET]
Table 'Rollandia II' 6-max Seat #3 is the button
Seat 1: poker_soul11 ($100 in chips) 
Seat 2: Cangurello ($119.93 in chips) 
Seat 3: Gfoer ($120.25 in chips) 
Seat 4: mr.Jckpot ($128 in chips) 
Seat 5: nastja336 ($100 in chips) 
Seat 6: blistein ($108.95 in chips) 
mr.Jckpot: posts small blind $0.50
nastja336: posts big blind $1
*** HOLE CARDS ***
blistein: folds 
poker_soul11: folds 
Cangurello: calls $1
Gfoer: folds 
mr.Jckpot: folds 
nastja336: raises $4 to $5
Cangurello: calls $4
*** FLOP *** [6s Ts 2d]
nastja336: checks 
Cangurello: bets $5
nastja336: folds 
Uncalled bet ($5) returned to Cangurello
Cangurello collected $9.98 from pot
*** SUMMARY ***
Total pot $10.50 | Rake $0.52 
Board [6s Ts 2d]
Seat 1: poker_soul11 folded before Flop (didn't bet)
Seat 2: Cangurello collected ($9.98)
Seat 3: Gfoer (button) folded before Flop (didn't bet)
Seat 4: mr.Jckpot (small blind) folded before Flop
Seat 5: nastja336 (big blind) folded on the Flop
Seat 6: blistein folded before Flop (didn't bet)



PokerStars Hand #254229636795:  Hold'em No Limit ($0.50/$1.00 USD) - 2025/01/06 16:42:13 WET [2025/01/06 11:42:13 ET]
Table 'Rollandia II' 6-max Seat #4 is the button
Seat 1: poker_soul11 ($100 in chips) 
Seat 2: Cangurello ($124.91 in chips) 
Seat 3: Gfoer ($120.25 in chips) 
Seat 4: mr.Jckpot ($127.50 in chips) 
Seat 5: nastja336 ($100 in chips) 
Seat 6: blistein ($108.95 in chips) 
nastja336: posts small blind $0.50
blistein: posts big blind $1
*** HOLE CARDS ***
poker_soul11: folds 
Cangurello: calls $1
Gfoer: folds 
mr.Jckpot: folds 
nastja336: folds 
blistein: checks 
*** FLOP *** [Js Td 2s]
blistein: checks 
Cangurello: checks 
*** TURN *** [Js Td 2s] [5h]
blistein: bets $1.95
Cangurello: calls $1.95
*** RIVER *** [Js Td 2s 5h] [6s]
blistein: bets $1
Cangurello: raises $45 to $46
blistein: folds 
Uncalled bet ($45) returned to Cangurello
Cangurello collected $7.98 from pot
*** SUMMARY ***
Total pot $8.40 | Rake $0.42 
Board [Js Td 2s 5h 6s]
Seat 1: poker_soul11 folded before Flop (didn't bet)
Seat 2: Cangurello collected ($7.98)
Seat 3: Gfoer folded before Flop (didn't bet)
Seat 4: mr.Jckpot (button) folded before Flop (didn't bet)
Seat 5: nastja336 (small blind) folded before Flop
Seat 6: blistein (big blind) folded on the River



PokerStars Hand #254229650856:  Hold'em No Limit ($0.50/$1.00 USD) - 2025/01/06 16:43:06 WET [2025/01/06 11:43:06 ET]
Table 'Rollandia II' 6-max Seat #5 is the button
Seat 1: poker_soul11 ($100 in chips) is sitting out
Seat 2: Cangurello ($128.94 in chips) 
Seat 3: Gfoer ($120.25 in chips) 
Seat 4: mr.Jckpot ($127.50 in chips) 
Seat 5: nastja336 ($100 in chips) 
Seat 6: blistein ($105 in chips) 
blistein: posts small blind $0.50
poker_soul11: is sitting out 
Cangurello: posts big blind $1
*** HOLE CARDS ***
poker_soul11 leaves the table
Gfoer: folds 
mr.Jckpot: folds 
sta$igk joins the table at seat #1 
nastja336: raises $1.50 to $2.50
blistein: calls $2
Cangurello: calls $1.50
*** FLOP *** [6s Qd Ks]
blistein: checks 
Cangurello: checks 
nastja336: bets $9.47
blistein: folds 
Cangurello: folds 
Uncalled bet ($9.47) returned to nastja336
nastja336 collected $7.12 from pot
nastja336: doesn't show hand 
*** SUMMARY ***
Total pot $7.50 | Rake $0.38 
Board [6s Qd Ks]
Seat 1: poker_soul11
Seat 2: Cangurello (big blind) folded on the Flop
Seat 3: Gfoer folded before Flop (didn't bet)
Seat 4: mr.Jckpot folded before Flop (didn't bet)
Seat 5: nastja336 (button) collected ($7.12)
Seat 6: blistein (small blind) folded on the Flop



PokerStars Hand #254229935322:  Hold'em No Limit ($0.50/$1.00 USD) - 2025/01/06 17:01:23 WET [2025/01/06 12:01:23 ET]
Table 'Rollandia II' 6-max Seat #1 is the button
Seat 1: sta$igk ($103.77 in chips) 
Seat 2: Cangurello ($126.22 in chips) 
Seat 3: Gfoer ($111.25 in chips) 
Seat 4: mr.Jckpot ($129.66 in chips) 
Seat 5: nastja336 ($106.09 in chips) 
Seat 6: blistein ($119.14 in chips) 
Cangurello: posts small blind $0.50
Gfoer: posts big blind $1
*** HOLE CARDS ***
mr.Jckpot: folds 
nastja336: folds 
blistein: raises $1.30 to $2.30
sta$igk: folds 
Cangurello: calls $1.80
Gfoer: folds 
*** FLOP *** [Ks 6h 3h]
Cangurello: bets $3
blistein: calls $3
*** TURN *** [Ks 6h 3h] [Kc]
Cangurello: bets $6
blistein: calls $6
*** RIVER *** [Ks 6h 3h Kc] [Td]
Cangurello: bets $10
blistein: calls $10
*** SHOW DOWN ***
Cangurello: shows [Th Qc] (two pair, Kings and Tens)
blistein: mucks hand 
Cangurello collected $41.42 from pot
*** SUMMARY ***
Total pot $43.60 | Rake $2.18 
Board [Ks 6h 3h Kc Td]
Seat 1: sta$igk (button) folded before Flop (didn't bet)
Seat 2: Cangurello (small blind) showed [Th Qc] and won ($41.42) with two pair, Kings and Tens
Seat 3: Gfoer (big blind) folded before Flop
Seat 4: mr.Jckpot folded before Flop (didn't bet)
Seat 5: nastja336 folded before Flop (didn't bet)
Seat 6: blistein mucked



PokerStars Hand #254229954520:  Hold'em No Limit ($0.50/$1.00 USD) - 2025/01/06 17:02:27 WET [2025/01/06 12:02:27 ET]
Table 'Rollandia II' 6-max Seat #2 is the button
Seat 1: sta$igk ($103.77 in chips) 
Seat 2: Cangurello ($146.34 in chips) 
Seat 3: Gfoer ($110.25 in chips) 
Seat 4: mr.Jckpot ($129.66 in chips) 
Seat 5: nastja336 ($106.09 in chips) 
Seat 6: blistein ($100 in chips) 
Gfoer: posts small blind $0.50
mr.Jckpot: posts big blind $1
*** HOLE CARDS ***
nastja336: folds 
blistein: raises $1.20 to $2.20
sta$igk: folds 
Cangurello: folds 
Gfoer: folds 
mr.Jckpot: folds 
Uncalled bet ($1.20) returned to blistein
blistein collected $2.50 from pot
blistein: doesn't show hand 
*** SUMMARY ***
Total pot $2.50 | Rake $0 
Seat 1: sta$igk folded before Flop (didn't bet)
Seat 2: Cangurello (button) folded before Flop (didn't bet)
Seat 3: Gfoer (small blind) folded before Flop
Seat 4: mr.Jckpot (big blind) folded before Flop
Seat 5: nastja336 folded before Flop (didn't bet)
Seat 6: blistein collected ($2.50)



PokerStars Hand #254229957900:  Hold'em No Limit ($0.50/$1.00 USD) - 2025/01/06 17:02:38 WET [2025/01/06 12:02:38 ET]
Table 'Rollandia II' 6-max Seat #3 is the button
Seat 1: sta$igk ($103.77 in chips) 
Seat 2: Cangurello ($146.34 in chips) 
Seat 3: Gfoer ($109.75 in chips) 
Seat 4: mr.Jckpot ($128.66 in chips) 
Seat 5: nastja336 ($106.09 in chips) 
Seat 6: blistein ($101.50 in chips) 
mr.Jckpot: posts small blind $0.50
nastja336: posts big blind $1
*** HOLE CARDS ***
blistein: folds 
sta$igk: folds 
Cangurello: raises $1 to $2
Gfoer: folds 
mr.Jckpot: raises $8.50 to $10.50
nastja336: folds 
Cangurello: folds 
Uncalled bet ($8.50) returned to mr.Jckpot
mr.Jckpot collected $5 from pot
mr.Jckpot: doesn't show hand 
*** SUMMARY ***
Total pot $5 | Rake $0 
Seat 1: sta$igk folded before Flop (didn't bet)
Seat 2: Cangurello folded before Flop
Seat 3: Gfoer (button) folded before Flop (didn't bet)
Seat 4: mr.Jckpot (small blind) collected ($5)
Seat 5: nastja336 (big blind) folded before Flop
Seat 6: blistein folded before Flop (didn't bet)



PokerStars Hand #254229963260:  Hold'em No Limit ($0.50/$1.00 USD) - 2025/01/06 17:02:58 WET [2025/01/06 12:02:58 ET]
Table 'Rollandia II' 6-max Seat #4 is the button
Seat 1: sta$igk ($103.77 in chips) 
Seat 2: Cangurello ($144.34 in chips) 
Seat 3: Gfoer ($109.75 in chips) 
Seat 4: mr.Jckpot ($131.66 in chips) 
Seat 5: nastja336 ($105.09 in chips) 
Seat 6: blistein ($101.50 in chips) 
nastja336: posts small blind $0.50
blistein: posts big blind $1
*** HOLE CARDS ***
sta$igk: folds 
Cangurello: raises $1 to $2
Gfoer: folds 
mr.Jckpot: calls $2
nastja336: raises $12 to $14
blistein: folds 
Cangurello: calls $12
mr.Jckpot: folds 
*** FLOP *** [Ks 4s 7c]
nastja336: checks 
Cangurello: checks 
*** TURN *** [Ks 4s 7c] [Qh]
nastja336: bets $24.80
Cangurello: calls $24.80
*** RIVER *** [Ks 4s 7c Qh] [4c]
nastja336: bets $66.29 and is all-in
Cangurello: folds 
Uncalled bet ($66.29) returned to nastja336
nastja336 collected $78.10 from pot
nastja336: doesn't show hand 
*** SUMMARY ***
Total pot $80.60 | Rake $2.50 
Board [Ks 4s 7c Qh 4c]
Seat 1: sta$igk folded before Flop (didn't bet)
Seat 2: Cangurello folded on the River
Seat 3: Gfoer folded before Flop (didn't bet)
Seat 4: mr.Jckpot (button) folded before Flop
Seat 5: nastja336 (small blind) collected ($78.10)
Seat 6: blistein (big blind) folded before Flop



PokerStars Hand #254229988315:  Hold'em No Limit ($0.50/$1.00 USD) - 2025/01/06 17:04:22 WET [2025/01/06 12:04:22 ET]
Table 'Rollandia II' 6-max Seat #5 is the button
Seat 1: sta$igk ($103.77 in chips) 
Seat 2: Cangurello ($105.54 in chips) 
Seat 3: Gfoer ($109.75 in chips) 
Seat 4: mr.Jckpot ($129.66 in chips) 
Seat 5: nastja336 ($144.39 in chips) 
Seat 6: blistein ($100.50 in chips) 
blistein: posts small blind $0.50
sta$igk: posts big blind $1
*** HOLE CARDS ***
Cangurello: raises $1 to $2
Gfoer: folds 
mr.Jckpot: raises $5 to $7
nastja336: folds 
blistein: folds 
sta$igk: folds 
Cangurello: calls $5
*** FLOP *** [2c Td Qc]
Cangurello: checks 
mr.Jckpot: bets $4.86
Cangurello: folds 
Uncalled bet ($4.86) returned to mr.Jckpot
mr.Jckpot collected $14.72 from pot
mr.Jckpot: doesn't show hand 
*** SUMMARY ***
Total pot $15.50 | Rake $0.78 
Board [2c Td Qc]
Seat 1: sta$igk (big blind) folded before Flop
Seat 2: Cangurello folded on the Flop
Seat 3: Gfoer folded before Flop (didn't bet)
Seat 4: mr.Jckpot collected ($14.72)
Seat 5: nastja336 (button) folded before Flop (didn't bet)
Seat 6: blistein (small blind) folded before Flop



PokerStars Hand #254229995345:  Hold'em No Limit ($0.50/$1.00 USD) - 2025/01/06 17:04:47 WET [2025/01/06 12:04:47 ET]
Table 'Rollandia II' 6-max Seat #6 is the button
Seat 1: sta$igk ($102.77 in chips) 
Seat 2: Cangurello ($98.54 in chips) 
Seat 3: Gfoer ($109.75 in chips) 
Seat 4: mr.Jckpot ($137.38 in chips) 
Seat 5: nastja336 ($144.39 in chips) 
Seat 6: blistein ($100 in chips) 
sta$igk: posts small blind $0.50
Cangurello: posts big blind $1
*** HOLE CARDS ***
Gfoer: raises $1.20 to $2.20
mr.Jckpot: folds 
nastja336: folds 
blistein: folds 
sta$igk: folds 
Cangurello: calls $1.20
*** FLOP *** [Ts 3c 3h]
Cangurello: checks 
Gfoer: bets $1.55
Cangurello: folds 
Uncalled bet ($1.55) returned to Gfoer
Gfoer collected $4.66 from pot
Gfoer: doesn't show hand 
*** SUMMARY ***
Total pot $4.90 | Rake $0.24 
Board [Ts 3c 3h]
Seat 1: sta$igk (small blind) folded before Flop
Seat 2: Cangurello (big blind) folded on the Flop
Seat 3: Gfoer collected ($4.66)
Seat 4: mr.Jckpot folded before Flop (didn't bet)
Seat 5: nastja336 folded before Flop (didn't bet)
Seat 6: blistein (button) folded before Flop (didn't bet)



PokerStars Hand #254230006341:  Hold'em No Limit ($0.50/$1.00 USD) - 2025/01/06 17:05:24 WET [2025/01/06 12:05:24 ET]
Table 'Rollandia II' 6-max Seat #1 is the button
Seat 1: sta$igk ($102.27 in chips) 
Seat 2: Cangurello ($96.34 in chips) 
Seat 3: Gfoer ($112.21 in chips) 
Seat 4: mr.Jckpot ($137.38 in chips) 
Seat 5: nastja336 ($144.39 in chips) 
Seat 6: blistein ($100 in chips) 
Cangurello: posts small blind $0.50
Gfoer: posts big blind $1
*** HOLE CARDS ***
mr.Jckpot: raises $1.50 to $2.50
nastja336: raises $5 to $7.50
blistein: folds 
sta$igk: folds 
Cangurello: folds 
Gfoer: folds 
mr.Jckpot: calls $5
*** FLOP *** [4h Qd Td]
mr.Jckpot: checks 
nastja336: bets $7.84
mr.Jckpot: calls $7.84
*** TURN *** [4h Qd Td] [8h]
mr.Jckpot: checks 
nastja336: checks 
*** RIVER *** [4h Qd Td 8h] [Ks]
mr.Jckpot: checks 
nastja336: checks 
*** SHOW DOWN ***
mr.Jckpot: shows [Th Jh] (a pair of Tens)
nastja336: shows [Qs Ac] (a pair of Queens)
nastja336 collected $30.57 from pot
*** SUMMARY ***
Total pot $32.18 | Rake $1.61 
Board [4h Qd Td 8h Ks]
Seat 1: sta$igk (button) folded before Flop (didn't bet)
Seat 2: Cangurello (small blind) folded before Flop
Seat 3: Gfoer (big blind) folded before Flop
Seat 4: mr.Jckpot showed [Th Jh] and lost with a pair of Tens
Seat 5: nastja336 showed [Qs Ac] and won ($30.57) with a pair of Queens
Seat 6: blistein folded before Flop (didn't bet)



PokerStars Hand #254230016837:  Hold'em No Limit ($0.50/$1.00 USD) - 2025/01/06 17:06:01 WET [2025/01/06 12:06:01 ET]
Table 'Rollandia II' 6-max Seat #2 is the button
Seat 1: sta$igk ($102.27 in chips) 
Seat 2: Cangurello ($95.84 in chips) 
Seat 3: Gfoer ($111.21 in chips) 
Seat 4: mr.Jckpot ($122.04 in chips) 
Seat 5: nastja336 ($159.62 in chips) 
Seat 6: blistein ($100 in chips) 
Gfoer: posts small blind $0.50
mr.Jckpot: posts big blind $1
*** HOLE CARDS ***
nastja336: raises $1.50 to $2.50
blistein: folds 
sta$igk: raises $5.50 to $8
Cangurello: folds 
Gfoer: folds 
mr.Jckpot: folds 
nastja336: folds 
Uncalled bet ($5.50) returned to sta$igk
sta$igk collected $6.50 from pot
sta$igk: doesn't show hand 
*** SUMMARY ***
Total pot $6.50 | Rake $0 
Seat 1: sta$igk collected ($6.50)
Seat 2: Cangurello (button) folded before Flop (didn't bet)
Seat 3: Gfoer (small blind) folded before Flop
Seat 4: mr.Jckpot (big blind) folded before Flop
Seat 5: nastja336 folded before Flop
Seat 6: blistein folded before Flop (didn't bet)



PokerStars Hand #254230021633:  Hold'em No Limit ($0.50/$1.00 USD) - 2025/01/06 17:06:18 WET [2025/01/06 12:06:18 ET]
Table 'Rollandia II' 6-max Seat #3 is the button
Seat 1: sta$igk ($106.27 in chips) 
Seat 2: Cangurello ($95.84 in chips) 
Seat 3: Gfoer ($110.71 in chips) 
Seat 4: mr.Jckpot ($121.04 in chips) 
Seat 5: nastja336 ($157.12 in chips) 
Seat 6: blistein ($100 in chips) 
mr.Jckpot: posts small blind $0.50
nastja336: posts big blind $1
*** HOLE CARDS ***
blistein: folds 
sta$igk: folds 
Cangurello: raises $1 to $2
Gfoer: raises $12 to $14
mr.Jckpot: folds 
nastja336: folds 
Cangurello: folds 
Uncalled bet ($12) returned to Gfoer
Gfoer collected $5.50 from pot
Gfoer: doesn't show hand 
*** SUMMARY ***
Total pot $5.50 | Rake $0 
Seat 1: sta$igk folded before Flop (didn't bet)
Seat 2: Cangurello folded before Flop
Seat 3: Gfoer (button) collected ($5.50)
Seat 4: mr.Jckpot (small blind) folded before Flop
Seat 5: nastja336 (big blind) folded before Flop
Seat 6: blistein folded before Flop (didn't bet)



PokerStars Hand #254230030073:  Hold'em No Limit ($0.50/$1.00 USD) - 2025/01/06 17:06:48 WET [2025/01/06 12:06:48 ET]
Table 'Rollandia II' 6-max Seat #4 is the button
Seat 1: sta$igk ($106.27 in chips) 
Seat 2: Cangurello ($93.84 in chips) 
Seat 3: Gfoer ($114.21 in chips) 
Seat 4: mr.Jckpot ($120.54 in chips) 
Seat 5: nastja336 ($156.12 in chips) 
Seat 6: blistein ($100 in chips) 
nastja336: posts small blind $0.50
blistein: posts big blind $1
*** HOLE CARDS ***
sta$igk: folds 
Cangurello: raises $1 to $2
Gfoer: folds 
mr.Jckpot: folds 
nastja336: raises $10 to $12
blistein: folds 
Cangurello: raises $81.84 to $93.84 and is all-in
nastja336: folds 
Uncalled bet ($81.84) returned to Cangurello
Cangurello collected $25 from pot
*** SUMMARY ***
Total pot $25 | Rake $0 
Seat 1: sta$igk folded before Flop (didn't bet)
Seat 2: Cangurello collected ($25)
Seat 3: Gfoer folded before Flop (didn't bet)
Seat 4: mr.Jckpot (button) folded before Flop (didn't bet)
Seat 5: nastja336 (small blind) folded before Flop
Seat 6: blistein (big blind) folded before Flop



PokerStars Hand #254230036149:  Hold'em No Limit ($0.50/$1.00 USD) - 2025/01/06 17:07:09 WET [2025/01/06 12:07:09 ET]
Table 'Rollandia II' 6-max Seat #5 is the button
Seat 1: sta$igk ($106.27 in chips) 
Seat 2: Cangurello ($106.84 in chips) 
Seat 3: Gfoer ($114.21 in chips) 
Seat 4: mr.Jckpot ($120.54 in chips) 
Seat 5: nastja336 ($144.12 in chips) 
Seat 6: blistein ($100 in chips) 
blistein: posts small blind $0.50
sta$igk: posts big blind $1
*** HOLE CARDS ***
Cangurello: raises $2 to $3
Gfoer: folds 
mr.Jckpot: folds 
nastja336: folds 
blistein: calls $2.50
sta$igk: folds 
*** FLOP *** [Ac 7d 8s]
blistein: checks 
Cangurello: bets $3
blistein: raises $6 to $9
Cangurello: folds 
Uncalled bet ($6) returned to blistein
blistein collected $12.35 from pot
blistein: doesn't show hand 
*** SUMMARY ***
Total pot $13 | Rake $0.65 
Board [Ac 7d 8s]
Seat 1: sta$igk (big blind) folded before Flop
Seat 2: Cangurello folded on the Flop
Seat 3: Gfoer folded before Flop (didn't bet)
Seat 4: mr.Jckpot folded before Flop (didn't bet)
Seat 5: nastja336 (button) folded before Flop (didn't bet)
Seat 6: blistein (small blind) collected ($12.35)



PokerStars Hand #254230051710:  Hold'em No Limit ($0.50/$1.00 USD) - 2025/01/06 17:08:05 WET [2025/01/06 12:08:05 ET]
Table 'Rollandia II' 6-max Seat #6 is the button
Seat 1: sta$igk ($105.27 in chips) 
Seat 2: Cangurello ($100.84 in chips) 
Seat 3: Gfoer ($114.21 in chips) 
Seat 4: mr.Jckpot ($120.54 in chips) 
Seat 5: nastja336 ($144.12 in chips) 
Seat 6: blistein ($106.35 in chips) 
sta$igk: posts small blind $0.50
Cangurello: posts big blind $1
*** HOLE CARDS ***
Gfoer: folds 
mr.Jckpot: folds 
nastja336: folds 
blistein: raises $1.50 to $2.50
sta$igk: folds 
Cangurello: calls $1.50
*** FLOP *** [3s Ac Qd]
Cangurello: bets $2
blistein: folds 
Uncalled bet ($2) returned to Cangurello
Cangurello collected $5.22 from pot
*** SUMMARY ***
Total pot $5.50 | Rake $0.28 
Board [3s Ac Qd]
Seat 1: sta$igk (small blind) folded before Flop
Seat 2: Cangurello (big blind) collected ($5.22)
Seat 3: Gfoer folded before Flop (didn't bet)
Seat 4: mr.Jckpot folded before Flop (didn't bet)
Seat 5: nastja336 folded before Flop (didn't bet)
Seat 6: blistein (button) folded on the Flop



PokerStars Hand #254230061794:  Hold'em No Limit ($0.50/$1.00 USD) - 2025/01/06 17:08:40 WET [2025/01/06 12:08:40 ET]
Table 'Rollandia II' 6-max Seat #1 is the button
Seat 1: sta$igk ($104.77 in chips) 
Seat 2: Cangurello ($103.56 in chips) 
Seat 3: Gfoer ($114.21 in chips) 
Seat 4: mr.Jckpot ($120.54 in chips) 
Seat 5: nastja336 ($144.12 in chips) 
Seat 6: blistein ($103.85 in chips) 
Cangurello: posts small blind $0.50
Gfoer: posts big blind $1
*** HOLE CARDS ***
mr.Jckpot: folds 
nastja336: folds 
blistein: folds 
sta$igk: raises $1.50 to $2.50
Cangurello: calls $2
Gfoer: calls $1.50
*** FLOP *** [4d 5c Ks]
Cangurello: bets $3
Gfoer: folds 
sta$igk: calls $3
*** TURN *** [4d 5c Ks] [4h]
Cangurello: bets $6
sta$igk: folds 
Uncalled bet ($6) returned to Cangurello
Cangurello collected $12.82 from pot
*** SUMMARY ***
Total pot $13.50 | Rake $0.68 
Board [4d 5c Ks 4h]
Seat 1: sta$igk (button) folded on the Turn
Seat 2: Cangurello (small blind) collected ($12.82)
Seat 3: Gfoer (big blind) folded on the Flop
Seat 4: mr.Jckpot folded before Flop (didn't bet)
Seat 5: nastja336 folded before Flop (didn't bet)
Seat 6: blistein folded before Flop (didn't bet)



PokerStars Hand #254230079842:  Hold'em No Limit ($0.50/$1.00 USD) - 2025/01/06 17:09:44 WET [2025/01/06 12:09:44 ET]
Table 'Rollandia II' 6-max Seat #2 is the button
Seat 1: sta$igk ($100 in chips) 
Seat 2: Cangurello ($110.88 in chips) 
Seat 3: Gfoer ($111.71 in chips) 
Seat 4: mr.Jckpot ($120.54 in chips) 
Seat 5: nastja336 ($144.12 in chips) 
Seat 6: blistein ($103.85 in chips) 
Gfoer: posts small blind $0.50
mr.Jckpot: posts big blind $1
*** HOLE CARDS ***
nastja336: folds 
blistein: folds 
sta$igk: raises $1.50 to $2.50
Cangurello: calls $2.50
Gfoer: raises $11.50 to $14
mr.Jckpot: folds 
sta$igk: folds 
Cangurello: raises $96.88 to $110.88 and is all-in
Gfoer: calls $96.88
*** FLOP *** [3h 9h 4d]
*** TURN *** [3h 9h 4d] [Kh]
*** RIVER *** [3h 9h 4d Kh] [Js]
*** SHOW DOWN ***
Gfoer: shows [Kc Ad] (a pair of Kings)
Cangurello: shows [7d 7c] (a pair of Sevens)
Gfoer collected $222.76 from pot
*** SUMMARY ***
Total pot $225.26 | Rake $2.50 
Board [3h 9h 4d Kh Js]
Seat 1: sta$igk folded before Flop
Seat 2: Cangurello (button) showed [7d 7c] and lost with a pair of Sevens
Seat 3: Gfoer (small blind) showed [Kc Ad] and won ($222.76) with a pair of Kings
Seat 4: mr.Jckpot (big blind) folded before Flop
Seat 5: nastja336 folded before Flop (didn't bet)
Seat 6: blistein folded before Flop (didn't bet)



PokerStars Hand #254230093714:  Hold'em No Limit ($0.50/$1.00 USD) - 2025/01/06 17:10:32 WET [2025/01/06 12:10:32 ET]
Table 'Rollandia II' 6-max Seat #3 is the button
Seat 2: Cangurello ($0 in chips) is sitting out
Seat 1: sta$igk ($100 in chips) 
Seat 3: Gfoer ($223.59 in chips) 
Seat 4: mr.Jckpot ($119.54 in chips) 
Seat 5: nastja336 ($144.12 in chips) 
Seat 6: blistein ($103.85 in chips) 
mr.Jckpot: posts small blind $0.50
nastja336: posts big blind $1
*** HOLE CARDS ***
blistein: folds 
sta$igk: folds 
Gfoer: folds 
mr.Jckpot: raises $2 to $3
nastja336: folds 
Uncalled bet ($2) returned to mr.Jckpot
mr.Jckpot collected $2 from pot
mr.Jckpot: doesn't show hand 
*** SUMMARY ***
Total pot $2 | Rake $0 
Seat 2: Cangurello
Seat 1: sta$igk folded before Flop (didn't bet)
Seat 3: Gfoer (button) folded before Flop (didn't bet)
Seat 4: mr.Jckpot (small blind) collected ($2)
Seat 5: nastja336 (big blind) folded before Flop
Seat 6: blistein folded before Flop (didn't bet)



PokerStars Hand #254230099254:  Hold'em No Limit ($0.50/$1.00 USD) - 2025/01/06 17:10:52 WET [2025/01/06 12:10:52 ET]
Table 'Rollandia II' 6-max Seat #4 is the button
Seat 2: Cangurello ($0 in chips) is sitting out
Seat 1: sta$igk ($100 in chips) 
Seat 3: Gfoer ($223.59 in chips) 
Seat 4: mr.Jckpot ($120.54 in chips) 
Seat 5: nastja336 ($143.12 in chips) 
Seat 6: blistein ($103.85 in chips) 
nastja336: posts small blind $0.50
blistein: posts big blind $1
*** HOLE CARDS ***
sta$igk: folds 
Gfoer: folds 
mr.Jckpot: folds 
nastja336: raises $2 to $3
blistein: folds 
Uncalled bet ($2) returned to nastja336
nastja336 collected $2 from pot
nastja336: doesn't show hand 
*** SUMMARY ***
Total pot $2 | Rake $0 
Seat 2: Cangurello
Seat 1: sta$igk folded before Flop (didn't bet)
Seat 3: Gfoer folded before Flop (didn't bet)
Seat 4: mr.Jckpot (button) folded before Flop (didn't bet)
Seat 5: nastja336 (small blind) collected ($2)
Seat 6: blistein (big blind) folded before Flop



PokerStars Hand #254230103051:  Hold'em No Limit ($0.50/$1.00 USD) - 2025/01/06 17:11:04 WET [2025/01/06 12:11:04 ET]
Table 'Rollandia II' 6-max Seat #5 is the button
Seat 2: Cangurello ($0 in chips) is sitting out
Seat 1: sta$igk ($100 in chips) 
Seat 3: Gfoer ($223.59 in chips) 
Seat 4: mr.Jckpot ($120.54 in chips) 
Seat 5: nastja336 ($144.12 in chips) 
Seat 6: blistein ($102.85 in chips) 
blistein: posts small blind $0.50
sta$igk: posts big blind $1
*** HOLE CARDS ***
Gfoer: folds 
mr.Jckpot: folds 
nastja336: raises $1.50 to $2.50
blistein: folds 
sta$igk: calls $1.50
*** FLOP *** [2c 3d Jd]
Cangurello is disconnected 
sta$igk: checks 
nastja336: bets $2.61
sta$igk: calls $2.61
*** TURN *** [2c 3d Jd] [Kc]
sta$igk: checks 
nastja336: bets $15
sta$igk: calls $15
*** RIVER *** [2c 3d Jd Kc] [5h]
sta$igk: checks 
nastja336: checks 
*** SHOW DOWN ***
sta$igk: shows [Th Js] (a pair of Jacks)
nastja336: mucks hand 
sta$igk collected $38.68 from pot
*** SUMMARY ***
Total pot $40.72 | Rake $2.04 
Board [2c 3d Jd Kc 5h]
Seat 2: Cangurello
Seat 1: sta$igk (big blind) showed [Th Js] and won ($38.68) with a pair of Jacks
Seat 3: Gfoer folded before Flop (didn't bet)
Seat 4: mr.Jckpot folded before Flop (didn't bet)
Seat 5: nastja336 (button) mucked
Seat 6: blistein (small blind) folded before Flop



PokerStars Hand #254230119790:  Hold'em No Limit ($0.50/$1.00 USD) - 2025/01/06 17:12:03 WET [2025/01/06 12:12:03 ET]
Table 'Rollandia II' 6-max Seat #6 is the button
Seat 2: Cangurello ($0 in chips) is sitting out
Seat 3: Gfoer ($223.59 in chips) is sitting out
Seat 5: nastja336 ($124.01 in chips) is sitting out
Seat 1: sta$igk ($118.57 in chips) 
Seat 4: mr.Jckpot ($120.54 in chips) 
Seat 6: blistein ($102.35 in chips) 
sta$igk: posts small blind $0.50
Gfoer: is sitting out 
mr.Jckpot: posts big blind $1
*** HOLE CARDS ***
nastja336 leaves the table
blistein: folds 
Gfoer leaves the table
sta$igk: folds 
Uncalled bet ($0.50) returned to mr.Jckpot
mr.Jckpot collected $1 from pot
mr.Jckpot: doesn't show hand 
*** SUMMARY ***
Total pot $1 | Rake $0 
Seat 2: Cangurello
Seat 3: Gfoer
Seat 5: nastja336
Seat 1: sta$igk (small blind) folded before Flop
Seat 4: mr.Jckpot (big blind) collected ($1)
Seat 6: blistein (button) folded before Flop (didn't bet)



