PokerStars Hand #254228517413:  Hold'em No Limit ($0.50/$1.00 USD) - 2025/01/06 15:25:27 WET [2025/01/06 10:25:27 ET]
Table 'Iguassu II' 6-max Seat #4 is the button
Seat 1: YeeesMan ($110.41 in chips) 
Seat 2: Unipoker11 ($100 in chips) 
Seat 3: gudrozd ($100 in chips) 
Seat 4: Gfoer ($100 in chips) 
Seat 5: easy_sarcasm ($100 in chips) 
Seat 6: JasperJase01 ($103.78 in chips) 
easy_sarcasm: posts small blind $0.50
JasperJase01: posts big blind $1
*** HOLE CARDS ***
YeeesMan: folds 
Unipoker11: folds 
gudrozd: folds 
Gfoer: folds 
easy_sarcasm: folds 
Uncalled bet ($0.50) returned to JasperJase01
JasperJase01 collected $1 from pot
*** SUMMARY ***
Total pot $1 | Rake $0 
Seat 1: YeeesMan folded before Flop (didn't bet)
Seat 2: Unipoker11 folded before Flop (didn't bet)
Seat 3: gudrozd folded before Flop (didn't bet)
Seat 4: Gfoer (button) folded before Flop (didn't bet)
Seat 5: easy_sarcasm (small blind) folded before Flop
Seat 6: JasperJase01 (big blind) collected ($1)



PokerStars Hand #254228520657:  Hold'em No Limit ($0.50/$1.00 USD) - 2025/01/06 15:25:41 WET [2025/01/06 10:25:41 ET]
Table 'Iguassu II' 6-max Seat #5 is the button
Seat 1: YeeesMan ($110.41 in chips) 
Seat 2: Unipoker11 ($100 in chips) 
Seat 3: gudrozd ($100 in chips) 
Seat 4: Gfoer ($100 in chips) 
Seat 5: easy_sarcasm ($100 in chips) 
Seat 6: JasperJase01 ($104.28 in chips) 
JasperJase01: posts small blind $0.50
YeeesMan: posts big blind $1
*** HOLE CARDS ***
Unipoker11: raises $1 to $2
gudrozd: folds 
Gfoer: folds 
easy_sarcasm: folds 
JasperJase01: folds 
YeeesMan: folds 
Uncalled bet ($1) returned to Unipoker11
Unipoker11 collected $2.50 from pot
Unipoker11: doesn't show hand 
*** SUMMARY ***
Total pot $2.50 | Rake $0 
Seat 1: YeeesMan (big blind) folded before Flop
Seat 2: Unipoker11 collected ($2.50)
Seat 3: gudrozd folded before Flop (didn't bet)
Seat 4: Gfoer folded before Flop (didn't bet)
Seat 5: easy_sarcasm (button) folded before Flop (didn't bet)
Seat 6: JasperJase01 (small blind) folded before Flop



PokerStars Hand #254228524507:  Hold'em No Limit ($0.50/$1.00 USD) - 2025/01/06 15:25:57 WET [2025/01/06 10:25:57 ET]
Table 'Iguassu II' 6-max Seat #6 is the button
Seat 1: YeeesMan ($109.41 in chips) 
Seat 2: Unipoker11 ($101.50 in chips) 
Seat 3: gudrozd ($100 in chips) 
Seat 4: Gfoer ($100 in chips) 
Seat 5: easy_sarcasm ($100 in chips) 
Seat 6: JasperJase01 ($103.78 in chips) 
YeeesMan: posts small blind $0.50
Unipoker11: posts big blind $1
*** HOLE CARDS ***
gudrozd: folds 
Gfoer: folds 
easy_sarcasm: folds 
JasperJase01: raises $1 to $2
YeeesMan: folds 
Unipoker11: folds 
Uncalled bet ($1) returned to JasperJase01
JasperJase01 collected $2.50 from pot
*** SUMMARY ***
Total pot $2.50 | Rake $0 
Seat 1: YeeesMan (small blind) folded before Flop
Seat 2: Unipoker11 (big blind) folded before Flop
Seat 3: gudrozd folded before Flop (didn't bet)
Seat 4: Gfoer folded before Flop (didn't bet)
Seat 5: easy_sarcasm folded before Flop (didn't bet)
Seat 6: JasperJase01 (button) collected ($2.50)



PokerStars Hand #254228530356:  Hold'em No Limit ($0.50/$1.00 USD) - 2025/01/06 15:26:22 WET [2025/01/06 10:26:22 ET]
Table 'Iguassu II' 6-max Seat #1 is the button
Seat 1: YeeesMan ($108.91 in chips) 
Seat 2: Unipoker11 ($100.50 in chips) 
Seat 3: gudrozd ($100 in chips) 
Seat 4: Gfoer ($100 in chips) 
Seat 5: easy_sarcasm ($100 in chips) 
Seat 6: JasperJase01 ($105.28 in chips) 
Unipoker11: posts small blind $0.50
gudrozd: posts big blind $1
*** HOLE CARDS ***
Gfoer: folds 
easy_sarcasm: folds 
JasperJase01: folds 
YeeesMan: raises $1.50 to $2.50
Unipoker11: folds 
gudrozd: folds 
Uncalled bet ($1.50) returned to YeeesMan
YeeesMan collected $2.50 from pot
YeeesMan: doesn't show hand 
*** SUMMARY ***
Total pot $2.50 | Rake $0 
Seat 1: YeeesMan (button) collected ($2.50)
Seat 2: Unipoker11 (small blind) folded before Flop
Seat 3: gudrozd (big blind) folded before Flop
Seat 4: Gfoer folded before Flop (didn't bet)
Seat 5: easy_sarcasm folded before Flop (didn't bet)
Seat 6: JasperJase01 folded before Flop (didn't bet)



PokerStars Hand #254228533928:  Hold'em No Limit ($0.50/$1.00 USD) - 2025/01/06 15:26:37 WET [2025/01/06 10:26:37 ET]
Table 'Iguassu II' 6-max Seat #2 is the button
Seat 4: Gfoer ($100 in chips) is sitting out
Seat 1: YeeesMan ($110.41 in chips) 
Seat 2: Unipoker11 ($100 in chips) 
Seat 3: gudrozd ($100 in chips) 
Seat 5: easy_sarcasm ($100 in chips) 
Seat 6: JasperJase01 ($105.28 in chips) 
gudrozd: posts small blind $0.50
Gfoer: is sitting out 
easy_sarcasm: posts big blind $1
*** HOLE CARDS ***
JasperJase01: raises $1 to $2
YeeesMan: folds 
Unipoker11: folds 
gudrozd: folds 
easy_sarcasm: calls $1
*** FLOP *** [8h 2c 8s]
easy_sarcasm: checks 
JasperJase01: checks 
*** TURN *** [8h 2c 8s] [3c]
Gfoer leaves the table
easy_sarcasm: checks 
JasperJase01: bets $3
easy_sarcasm: folds 
Uncalled bet ($3) returned to JasperJase01
JasperJase01 collected $4.28 from pot
*** SUMMARY ***
Total pot $4.50 | Rake $0.22 
Board [8h 2c 8s 3c]
Seat 4: Gfoer
Seat 1: YeeesMan folded before Flop (didn't bet)
Seat 2: Unipoker11 (button) folded before Flop (didn't bet)
Seat 3: gudrozd (small blind) folded before Flop
Seat 5: easy_sarcasm (big blind) folded on the Turn
Seat 6: JasperJase01 collected ($4.28)



PokerStars Hand #254228540984:  Hold'em No Limit ($0.50/$1.00 USD) - 2025/01/06 15:27:07 WET [2025/01/06 10:27:07 ET]
Table 'Iguassu II' 6-max Seat #3 is the button
Seat 1: YeeesMan ($110.41 in chips) 
Seat 2: Unipoker11 ($100 in chips) 
Seat 3: gudrozd ($100 in chips) 
Seat 5: easy_sarcasm ($100 in chips) 
Seat 6: JasperJase01 ($107.56 in chips) 
easy_sarcasm: posts small blind $0.50
JasperJase01: posts big blind $1
*** HOLE CARDS ***
YeeesMan: folds 
Unipoker11: folds 
gudrozd: folds 
Nazareno1999 joins the table at seat #4 
easy_sarcasm: raises $2 to $3
JasperJase01: calls $2
*** FLOP *** [Kh 3s 6d]
easy_sarcasm: bets $2
JasperJase01: calls $2
*** TURN *** [Kh 3s 6d] [Qd]
easy_sarcasm: bets $4.75
JasperJase01: folds [Td Ts]
Uncalled bet ($4.75) returned to easy_sarcasm
easy_sarcasm collected $9.50 from pot
*** SUMMARY ***
Total pot $10 | Rake $0.50 
Board [Kh 3s 6d Qd]
Seat 1: YeeesMan folded before Flop (didn't bet)
Seat 2: Unipoker11 folded before Flop (didn't bet)
Seat 3: gudrozd (button) folded before Flop (didn't bet)
Seat 5: easy_sarcasm (small blind) collected ($9.50)
Seat 6: JasperJase01 (big blind) folded on the Turn



PokerStars Hand #254228550995:  Hold'em No Limit ($0.50/$1.00 USD) - 2025/01/06 15:27:49 WET [2025/01/06 10:27:49 ET]
Table 'Iguassu II' 6-max Seat #5 is the button
Seat 4: Nazareno1999 ($100 in chips) is sitting out
Seat 1: YeeesMan ($110.41 in chips) 
Seat 2: Unipoker11 ($100 in chips) 
Seat 3: gudrozd ($100 in chips) 
Seat 5: easy_sarcasm ($104.50 in chips) 
Seat 6: JasperJase01 ($102.56 in chips) 
JasperJase01: posts small blind $0.50
YeeesMan: posts big blind $1
Nazareno1999: sits out 
*** HOLE CARDS ***
Unipoker11: raises $1 to $2
gudrozd: folds 
easy_sarcasm: folds 
JasperJase01: folds 
YeeesMan: folds 
Uncalled bet ($1) returned to Unipoker11
Unipoker11 collected $2.50 from pot
Unipoker11: doesn't show hand 
*** SUMMARY ***
Total pot $2.50 | Rake $0 
Seat 4: Nazareno1999
Seat 1: YeeesMan (big blind) folded before Flop
Seat 2: Unipoker11 collected ($2.50)
Seat 3: gudrozd folded before Flop (didn't bet)
Seat 5: easy_sarcasm (button) folded before Flop (didn't bet)
Seat 6: JasperJase01 (small blind) folded before Flop



PokerStars Hand #254228553756:  Hold'em No Limit ($0.50/$1.00 USD) - 2025/01/06 15:28:01 WET [2025/01/06 10:28:01 ET]
Table 'Iguassu II' 6-max Seat #6 is the button
Seat 4: Nazareno1999 ($100 in chips) is sitting out
Seat 1: YeeesMan ($109.41 in chips) 
Seat 2: Unipoker11 ($101.50 in chips) 
Seat 3: gudrozd ($100 in chips) 
Seat 5: easy_sarcasm ($104.50 in chips) 
Seat 6: JasperJase01 ($102.06 in chips) 
YeeesMan: posts small blind $0.50
Unipoker11: posts big blind $1
Nazareno1999: sits out 
*** HOLE CARDS ***
gudrozd: folds 
easy_sarcasm: folds 
JasperJase01: folds 
YeeesMan: folds 
Uncalled bet ($0.50) returned to Unipoker11
Unipoker11 collected $1 from pot
Unipoker11: doesn't show hand 
*** SUMMARY ***
Total pot $1 | Rake $0 
Seat 4: Nazareno1999
Seat 1: YeeesMan (small blind) folded before Flop
Seat 2: Unipoker11 (big blind) collected ($1)
Seat 3: gudrozd folded before Flop (didn't bet)
Seat 5: easy_sarcasm folded before Flop (didn't bet)
Seat 6: JasperJase01 (button) folded before Flop (didn't bet)



PokerStars Hand #254228557750:  Hold'em No Limit ($0.50/$1.00 USD) - 2025/01/06 15:28:18 WET [2025/01/06 10:28:18 ET]
Table 'Iguassu II' 6-max Seat #1 is the button
Seat 4: Nazareno1999 ($100 in chips) is sitting out
Seat 1: YeeesMan ($108.91 in chips) 
Seat 2: Unipoker11 ($102 in chips) 
Seat 3: gudrozd ($100 in chips) 
Seat 5: easy_sarcasm ($104.50 in chips) 
Seat 6: JasperJase01 ($102.06 in chips) 
Unipoker11: posts small blind $0.50
gudrozd: posts big blind $1
Nazareno1999: sits out 
*** HOLE CARDS ***
easy_sarcasm: folds 
JasperJase01: folds 
YeeesMan: raises $1.50 to $2.50
Unipoker11: folds 
gudrozd: folds 
Uncalled bet ($1.50) returned to YeeesMan
YeeesMan collected $2.50 from pot
YeeesMan: doesn't show hand 
*** SUMMARY ***
Total pot $2.50 | Rake $0 
Seat 4: Nazareno1999
Seat 1: YeeesMan (button) collected ($2.50)
Seat 2: Unipoker11 (small blind) folded before Flop
Seat 3: gudrozd (big blind) folded before Flop
Seat 5: easy_sarcasm folded before Flop (didn't bet)
Seat 6: JasperJase01 folded before Flop (didn't bet)



PokerStars Hand #254228561939:  Hold'em No Limit ($0.50/$1.00 USD) - 2025/01/06 15:28:35 WET [2025/01/06 10:28:35 ET]
Table 'Iguassu II' 6-max Seat #2 is the button
Seat 1: YeeesMan ($110.41 in chips) 
Seat 2: Unipoker11 ($101.50 in chips) 
Seat 3: gudrozd ($100 in chips) 
Seat 4: Nazareno1999 ($100 in chips) 
Seat 5: easy_sarcasm ($104.50 in chips) 
Seat 6: JasperJase01 ($102.06 in chips) 
gudrozd: posts small blind $0.50
Nazareno1999: posts big blind $1
*** HOLE CARDS ***
easy_sarcasm: folds 
JasperJase01: folds 
YeeesMan: folds 
Unipoker11: raises $1.50 to $2.50
gudrozd: folds 
Nazareno1999: folds 
Uncalled bet ($1.50) returned to Unipoker11
Unipoker11 collected $2.50 from pot
Unipoker11: doesn't show hand 
*** SUMMARY ***
Total pot $2.50 | Rake $0 
Seat 1: YeeesMan folded before Flop (didn't bet)
Seat 2: Unipoker11 (button) collected ($2.50)
Seat 3: gudrozd (small blind) folded before Flop
Seat 4: Nazareno1999 (big blind) folded before Flop
Seat 5: easy_sarcasm folded before Flop (didn't bet)
Seat 6: JasperJase01 folded before Flop (didn't bet)



PokerStars Hand #254228567282:  Hold'em No Limit ($0.50/$1.00 USD) - 2025/01/06 15:28:57 WET [2025/01/06 10:28:57 ET]
Table 'Iguassu II' 6-max Seat #3 is the button
Seat 1: YeeesMan ($110.41 in chips) 
Seat 2: Unipoker11 ($103 in chips) 
Seat 3: gudrozd ($100 in chips) 
Seat 4: Nazareno1999 ($100 in chips) 
Seat 5: easy_sarcasm ($104.50 in chips) 
Seat 6: JasperJase01 ($102.06 in chips) 
Nazareno1999: posts small blind $0.50
easy_sarcasm: posts big blind $1
*** HOLE CARDS ***
JasperJase01: folds 
YeeesMan: folds 
Unipoker11: folds 
gudrozd: raises $1.50 to $2.50
Nazareno1999: folds 
easy_sarcasm: calls $1.50
*** FLOP *** [7h 7s 9c]
easy_sarcasm: checks 
gudrozd: bets $1.72
easy_sarcasm: calls $1.72
*** TURN *** [7h 7s 9c] [Qc]
easy_sarcasm: checks 
gudrozd: bets $6.37
easy_sarcasm: folds 
Uncalled bet ($6.37) returned to gudrozd
gudrozd collected $8.49 from pot
gudrozd: doesn't show hand 
*** SUMMARY ***
Total pot $8.94 | Rake $0.45 
Board [7h 7s 9c Qc]
Seat 1: YeeesMan folded before Flop (didn't bet)
Seat 2: Unipoker11 folded before Flop (didn't bet)
Seat 3: gudrozd (button) collected ($8.49)
Seat 4: Nazareno1999 (small blind) folded before Flop
Seat 5: easy_sarcasm (big blind) folded on the Turn
Seat 6: JasperJase01 folded before Flop (didn't bet)



PokerStars Hand #254228579192:  Hold'em No Limit ($0.50/$1.00 USD) - 2025/01/06 15:29:48 WET [2025/01/06 10:29:48 ET]
Table 'Iguassu II' 6-max Seat #4 is the button
Seat 1: YeeesMan ($110.41 in chips) 
Seat 2: Unipoker11 ($103 in chips) 
Seat 3: gudrozd ($104.27 in chips) 
Seat 4: Nazareno1999 ($100 in chips) 
Seat 5: easy_sarcasm ($100.28 in chips) 
Seat 6: JasperJase01 ($102.06 in chips) 
easy_sarcasm: posts small blind $0.50
JasperJase01: posts big blind $1
*** HOLE CARDS ***
YeeesMan: folds 
Unipoker11: folds 
gudrozd: folds 
Nazareno1999: folds 
easy_sarcasm: raises $2 to $3
JasperJase01: calls $2
*** FLOP *** [Td 2s 8d]
easy_sarcasm: checks 
JasperJase01: bets $3
easy_sarcasm: folds 
Uncalled bet ($3) returned to JasperJase01
JasperJase01 collected $5.70 from pot
*** SUMMARY ***
Total pot $6 | Rake $0.30 
Board [Td 2s 8d]
Seat 1: YeeesMan folded before Flop (didn't bet)
Seat 2: Unipoker11 folded before Flop (didn't bet)
Seat 3: gudrozd folded before Flop (didn't bet)
Seat 4: Nazareno1999 (button) folded before Flop (didn't bet)
Seat 5: easy_sarcasm (small blind) folded on the Flop
Seat 6: JasperJase01 (big blind) collected ($5.70)



PokerStars Hand #254228585412:  Hold'em No Limit ($0.50/$1.00 USD) - 2025/01/06 15:30:13 WET [2025/01/06 10:30:13 ET]
Table 'Iguassu II' 6-max Seat #5 is the button
Seat 1: YeeesMan ($110.41 in chips) 
Seat 2: Unipoker11 ($103 in chips) 
Seat 3: gudrozd ($104.27 in chips) 
Seat 4: Nazareno1999 ($100 in chips) 
Seat 5: easy_sarcasm ($100 in chips) 
Seat 6: JasperJase01 ($104.76 in chips) 
JasperJase01: posts small blind $0.50
YeeesMan: posts big blind $1
*** HOLE CARDS ***
Unipoker11: folds 
gudrozd: folds 
Nazareno1999: raises $1.20 to $2.20
easy_sarcasm: folds 
JasperJase01: folds 
YeeesMan: folds 
Uncalled bet ($1.20) returned to Nazareno1999
Nazareno1999 collected $2.50 from pot
Nazareno1999: doesn't show hand 
*** SUMMARY ***
Total pot $2.50 | Rake $0 
Seat 1: YeeesMan (big blind) folded before Flop
Seat 2: Unipoker11 folded before Flop (didn't bet)
Seat 3: gudrozd folded before Flop (didn't bet)
Seat 4: Nazareno1999 collected ($2.50)
Seat 5: easy_sarcasm (button) folded before Flop (didn't bet)
Seat 6: JasperJase01 (small blind) folded before Flop



PokerStars Hand #254228590492:  Hold'em No Limit ($0.50/$1.00 USD) - 2025/01/06 15:30:34 WET [2025/01/06 10:30:34 ET]
Table 'Iguassu II' 6-max Seat #6 is the button
Seat 1: YeeesMan ($109.41 in chips) 
Seat 2: Unipoker11 ($103 in chips) 
Seat 3: gudrozd ($104.27 in chips) 
Seat 4: Nazareno1999 ($101.50 in chips) 
Seat 5: easy_sarcasm ($100 in chips) 
Seat 6: JasperJase01 ($104.26 in chips) 
YeeesMan: posts small blind $0.50
Unipoker11: posts big blind $1
*** HOLE CARDS ***
gudrozd: folds 
Nazareno1999: folds 
easy_sarcasm: raises $2 to $3
JasperJase01: folds 
YeeesMan: folds 
Unipoker11: raises $10 to $13
easy_sarcasm: raises $14 to $27
gudrozd leaves the table
BoyLoc0 joins the table at seat #3 
Unipoker11: folds 
Uncalled bet ($14) returned to easy_sarcasm
easy_sarcasm collected $26.50 from pot
*** SUMMARY ***
Total pot $26.50 | Rake $0 
Seat 1: YeeesMan (small blind) folded before Flop
Seat 2: Unipoker11 (big blind) folded before Flop
Seat 3: gudrozd folded before Flop (didn't bet)
Seat 4: Nazareno1999 folded before Flop (didn't bet)
Seat 5: easy_sarcasm collected ($26.50)
Seat 6: JasperJase01 (button) folded before Flop (didn't bet)



PokerStars Hand #254228605426:  Hold'em No Limit ($0.50/$1.00 USD) - 2025/01/06 15:31:36 WET [2025/01/06 10:31:36 ET]
Table 'Iguassu II' 6-max Seat #1 is the button
Seat 1: YeeesMan ($108.91 in chips) 
Seat 2: Unipoker11 ($100 in chips) 
Seat 3: BoyLoc0 ($100 in chips) 
Seat 4: Nazareno1999 ($101.50 in chips) 
Seat 5: easy_sarcasm ($113.50 in chips) 
Seat 6: JasperJase01 ($104.26 in chips) 
Unipoker11: posts small blind $0.50
BoyLoc0: posts big blind $1
*** HOLE CARDS ***
Nazareno1999: folds 
easy_sarcasm: raises $2 to $3
JasperJase01: calls $3
YeeesMan: folds 
Unipoker11: raises $11 to $14
BoyLoc0: folds 
easy_sarcasm: calls $11
JasperJase01: folds 
*** FLOP *** [Ts 3s 7s]
Unipoker11: bets $7.60
easy_sarcasm: calls $7.60
*** TURN *** [Ts 3s 7s] [6h]
Unipoker11: checks 
easy_sarcasm: bets $22
Unipoker11: raises $56.40 to $78.40 and is all-in
easy_sarcasm: folds 
Uncalled bet ($56.40) returned to Unipoker11
Unipoker11 collected $88.70 from pot
Unipoker11: doesn't show hand 
*** SUMMARY ***
Total pot $91.20 | Rake $2.50 
Board [Ts 3s 7s 6h]
Seat 1: YeeesMan (button) folded before Flop (didn't bet)
Seat 2: Unipoker11 (small blind) collected ($88.70)
Seat 3: BoyLoc0 (big blind) folded before Flop
Seat 4: Nazareno1999 folded before Flop (didn't bet)
Seat 5: easy_sarcasm folded on the Turn
Seat 6: JasperJase01 folded before Flop



PokerStars Hand #254228627870:  Hold'em No Limit ($0.50/$1.00 USD) - 2025/01/06 15:33:08 WET [2025/01/06 10:33:08 ET]
Table 'Iguassu II' 6-max Seat #2 is the button
Seat 1: YeeesMan ($108.91 in chips) 
Seat 2: Unipoker11 ($145.10 in chips) 
Seat 3: BoyLoc0 ($100 in chips) 
Seat 4: Nazareno1999 ($101.50 in chips) 
Seat 5: easy_sarcasm ($100 in chips) 
Seat 6: JasperJase01 ($101.26 in chips) 
BoyLoc0: posts small blind $0.50
Nazareno1999: posts big blind $1
*** HOLE CARDS ***
easy_sarcasm: folds 
easy_sarcasm leaves the table
JasperJase01: raises $1 to $2
YeeesMan: folds 
Unipoker11: folds 
BoyLoc0: folds 
Nazareno1999: calls $1
*** FLOP *** [4h Jh 9s]
Nazareno1999: checks 
JasperJase01: bets $3
Nazareno1999: calls $3
*** TURN *** [4h Jh 9s] [5d]
Nazareno1999: checks 
JasperJase01: checks 
*** RIVER *** [4h Jh 9s 5d] [Td]
Nazareno1999: checks 
JasperJase01: checks 
*** SHOW DOWN ***
Nazareno1999: shows [4d 7d] (a pair of Fours)
JasperJase01: shows [4c Ac] (a pair of Fours - Ace kicker)
JasperJase01 collected $9.98 from pot
*** SUMMARY ***
Total pot $10.50 | Rake $0.52 
Board [4h Jh 9s 5d Td]
Seat 1: YeeesMan folded before Flop (didn't bet)
Seat 2: Unipoker11 (button) folded before Flop (didn't bet)
Seat 3: BoyLoc0 (small blind) folded before Flop
Seat 4: Nazareno1999 (big blind) showed [4d 7d] and lost with a pair of Fours
Seat 5: easy_sarcasm folded before Flop (didn't bet)
Seat 6: JasperJase01 showed [4c Ac] and won ($9.98) with a pair of Fours



PokerStars Hand #254228635914:  Hold'em No Limit ($0.50/$1.00 USD) - 2025/01/06 15:33:42 WET [2025/01/06 10:33:42 ET]
Table 'Iguassu II' 6-max Seat #3 is the button
Seat 1: YeeesMan ($108.91 in chips) 
Seat 2: Unipoker11 ($145.10 in chips) 
Seat 3: BoyLoc0 ($100 in chips) 
Seat 4: Nazareno1999 ($100 in chips) 
Seat 6: JasperJase01 ($106.24 in chips) 
Nazareno1999: posts small blind $0.50
JasperJase01: posts big blind $1
*** HOLE CARDS ***
DAN444513 joins the table at seat #5 
DAN444513 is disconnected 
YeeesMan: folds 
Unipoker11: folds 
BoyLoc0: raises $1.50 to $2.50
Nazareno1999: folds 
JasperJase01: calls $1.50
*** FLOP *** [2c 5d 8c]
JasperJase01: checks 
BoyLoc0: bets $3.92
JasperJase01: folds 
Uncalled bet ($3.92) returned to BoyLoc0
BoyLoc0 collected $5.22 from pot
BoyLoc0: doesn't show hand 
*** SUMMARY ***
Total pot $5.50 | Rake $0.28 
Board [2c 5d 8c]
Seat 1: YeeesMan folded before Flop (didn't bet)
Seat 2: Unipoker11 folded before Flop (didn't bet)
Seat 3: BoyLoc0 (button) collected ($5.22)
Seat 4: Nazareno1999 (small blind) folded before Flop
Seat 6: JasperJase01 (big blind) folded on the Flop



PokerStars Hand #254228642756:  Hold'em No Limit ($0.50/$1.00 USD) - 2025/01/06 15:34:10 WET [2025/01/06 10:34:10 ET]
Table 'Iguassu II' 6-max Seat #4 is the button
Seat 5: DAN444513 ($100 in chips) is sitting out
Seat 1: YeeesMan ($108.91 in chips) 
Seat 2: Unipoker11 ($145.10 in chips) 
Seat 3: BoyLoc0 ($102.72 in chips) 
Seat 4: Nazareno1999 ($100 in chips) 
Seat 6: JasperJase01 ($103.74 in chips) 
JasperJase01: posts small blind $0.50
YeeesMan: posts big blind $1
*** HOLE CARDS ***
Unipoker11: raises $1 to $2
BoyLoc0: folds 
Nazareno1999: folds 
JasperJase01: folds 
YeeesMan: folds 
Uncalled bet ($1) returned to Unipoker11
Unipoker11 collected $2.50 from pot
Unipoker11: doesn't show hand 
*** SUMMARY ***
Total pot $2.50 | Rake $0 
Seat 5: DAN444513
Seat 1: YeeesMan (big blind) folded before Flop
Seat 2: Unipoker11 collected ($2.50)
Seat 3: BoyLoc0 folded before Flop (didn't bet)
Seat 4: Nazareno1999 (button) folded before Flop (didn't bet)
Seat 6: JasperJase01 (small blind) folded before Flop



PokerStars Hand #254228645871:  Hold'em No Limit ($0.50/$1.00 USD) - 2025/01/06 15:34:22 WET [2025/01/06 10:34:22 ET]
Table 'Iguassu II' 6-max Seat #6 is the button
Seat 5: DAN444513 ($100 in chips) is sitting out
Seat 1: YeeesMan ($107.91 in chips) 
Seat 2: Unipoker11 ($146.60 in chips) 
Seat 3: BoyLoc0 ($102.72 in chips) 
Seat 4: Nazareno1999 ($100 in chips) 
Seat 6: JasperJase01 ($103.24 in chips) 
YeeesMan: posts small blind $0.50
Unipoker11: posts big blind $1
DAN444513: sits out 
*** HOLE CARDS ***
BoyLoc0: raises $1.50 to $2.50
Nazareno1999: folds 
JasperJase01: calls $2.50
YeeesMan: folds 
Unipoker11: folds 
*** FLOP *** [Js Ac 4d]
BoyLoc0: bets $4.64
JasperJase01: folds 
Uncalled bet ($4.64) returned to BoyLoc0
BoyLoc0 collected $6.18 from pot
BoyLoc0: doesn't show hand 
*** SUMMARY ***
Total pot $6.50 | Rake $0.32 
Board [Js Ac 4d]
Seat 5: DAN444513
Seat 1: YeeesMan (small blind) folded before Flop
Seat 2: Unipoker11 (big blind) folded before Flop
Seat 3: BoyLoc0 collected ($6.18)
Seat 4: Nazareno1999 folded before Flop (didn't bet)
Seat 6: JasperJase01 (button) folded on the Flop



PokerStars Hand #254228650858:  Hold'em No Limit ($0.50/$1.00 USD) - 2025/01/06 15:34:43 WET [2025/01/06 10:34:43 ET]
Table 'Iguassu II' 6-max Seat #1 is the button
Seat 1: YeeesMan ($107.41 in chips) 
Seat 2: Unipoker11 ($145.60 in chips) 
Seat 3: BoyLoc0 ($106.40 in chips) 
Seat 4: Nazareno1999 ($100 in chips) 
Seat 5: DAN444513 ($100 in chips) 
Seat 6: JasperJase01 ($100.74 in chips) 
Unipoker11: posts small blind $0.50
BoyLoc0: posts big blind $1
DAN444513: posts big blind $1
*** HOLE CARDS ***
Nazareno1999: folds 
DAN444513: raises $2 to $3
JasperJase01: calls $3
YeeesMan: folds 
Unipoker11: raises $11 to $14
BoyLoc0: raises $13 to $27
DAN444513: calls $24
JasperJase01: folds 
Unipoker11: calls $13
*** FLOP *** [6d 5d 9c]
Unipoker11: checks 
BoyLoc0: checks 
DAN444513: bets $73 and is all-in
Unipoker11: folds 
BoyLoc0: folds 
Uncalled bet ($73) returned to DAN444513
DAN444513 collected $81.50 from pot
*** SUMMARY ***
Total pot $84 | Rake $2.50 
Board [6d 5d 9c]
Seat 1: YeeesMan (button) folded before Flop (didn't bet)
Seat 2: Unipoker11 (small blind) folded on the Flop
Seat 3: BoyLoc0 (big blind) folded on the Flop
Seat 4: Nazareno1999 folded before Flop (didn't bet)
Seat 5: DAN444513 collected ($81.50)
Seat 6: JasperJase01 folded before Flop



PokerStars Hand #254228666333:  Hold'em No Limit ($0.50/$1.00 USD) - 2025/01/06 15:35:47 WET [2025/01/06 10:35:47 ET]
Table 'Iguassu II' 6-max Seat #2 is the button
Seat 1: YeeesMan ($107.41 in chips) 
Seat 2: Unipoker11 ($118.60 in chips) 
Seat 3: BoyLoc0 ($100 in chips) 
Seat 4: Nazareno1999 ($100 in chips) 
Seat 5: DAN444513 ($154.50 in chips) 
Seat 6: JasperJase01 ($97.74 in chips) 
BoyLoc0: posts small blind $0.50
Nazareno1999: posts big blind $1
*** HOLE CARDS ***
DAN444513: folds 
JasperJase01: folds 
YeeesMan: folds 
Unipoker11: folds 
BoyLoc0: raises $2 to $3
Nazareno1999: folds 
Uncalled bet ($2) returned to BoyLoc0
BoyLoc0 collected $2 from pot
BoyLoc0: doesn't show hand 
*** SUMMARY ***
Total pot $2 | Rake $0 
Seat 1: YeeesMan folded before Flop (didn't bet)
Seat 2: Unipoker11 (button) folded before Flop (didn't bet)
Seat 3: BoyLoc0 (small blind) collected ($2)
Seat 4: Nazareno1999 (big blind) folded before Flop
Seat 5: DAN444513 folded before Flop (didn't bet)
Seat 6: JasperJase01 folded before Flop (didn't bet)



PokerStars Hand #254228671759:  Hold'em No Limit ($0.50/$1.00 USD) - 2025/01/06 15:36:10 WET [2025/01/06 10:36:10 ET]
Table 'Iguassu II' 6-max Seat #3 is the button
Seat 1: YeeesMan ($107.41 in chips) 
Seat 2: Unipoker11 ($118.60 in chips) 
Seat 3: BoyLoc0 ($101 in chips) 
Seat 4: Nazareno1999 ($100 in chips) 
Seat 5: DAN444513 ($154.50 in chips) 
Seat 6: JasperJase01 ($97.74 in chips) 
Nazareno1999: posts small blind $0.50
DAN444513: posts big blind $1
*** HOLE CARDS ***
JasperJase01: raises $1 to $2
YeeesMan: folds 
Unipoker11: folds 
BoyLoc0: folds 
Nazareno1999: folds 
DAN444513: calls $1
*** FLOP *** [Js 2d 8c]
DAN444513: checks 
JasperJase01: checks 
*** TURN *** [Js 2d 8c] [7s]
DAN444513: bets $2.14
JasperJase01: calls $2.14
*** RIVER *** [Js 2d 8c 7s] [Kd]
DAN444513: checks 
JasperJase01: checks 
*** SHOW DOWN ***
DAN444513: shows [7d Kc] (two pair, Kings and Sevens)
JasperJase01: mucks hand 
DAN444513 collected $8.34 from pot
*** SUMMARY ***
Total pot $8.78 | Rake $0.44 
Board [Js 2d 8c 7s Kd]
Seat 1: YeeesMan folded before Flop (didn't bet)
Seat 2: Unipoker11 folded before Flop (didn't bet)
Seat 3: BoyLoc0 (button) folded before Flop (didn't bet)
Seat 4: Nazareno1999 (small blind) folded before Flop
Seat 5: DAN444513 (big blind) showed [7d Kc] and won ($8.34) with two pair, Kings and Sevens
Seat 6: JasperJase01 mucked



PokerStars Hand #254228681705:  Hold'em No Limit ($0.50/$1.00 USD) - 2025/01/06 15:36:51 WET [2025/01/06 10:36:51 ET]
Table 'Iguassu II' 6-max Seat #4 is the button
Seat 1: YeeesMan ($107.41 in chips) 
Seat 2: Unipoker11 ($118.60 in chips) 
Seat 3: BoyLoc0 ($101 in chips) 
Seat 4: Nazareno1999 ($100 in chips) 
Seat 5: DAN444513 ($158.70 in chips) 
Seat 6: JasperJase01 ($93.60 in chips) 
DAN444513: posts small blind $0.50
JasperJase01: posts big blind $1
*** HOLE CARDS ***
YeeesMan: folds 
Unipoker11: raises $1 to $2
BoyLoc0: folds 
Nazareno1999: calls $2
DAN444513: calls $1.50
JasperJase01: calls $1
*** FLOP *** [Qd 3s Td]
DAN444513: checks 
JasperJase01: checks 
Unipoker11: checks 
Nazareno1999: checks 
*** TURN *** [Qd 3s Td] [4s]
DAN444513: checks 
JasperJase01: bets $3
Unipoker11: raises $10.20 to $13.20
Nazareno1999: folds 
DAN444513: folds 
JasperJase01: folds 
Uncalled bet ($10.20) returned to Unipoker11
Unipoker11 collected $13.30 from pot
Unipoker11: doesn't show hand 
*** SUMMARY ***
Total pot $14 | Rake $0.70 
Board [Qd 3s Td 4s]
Seat 1: YeeesMan folded before Flop (didn't bet)
Seat 2: Unipoker11 collected ($13.30)
Seat 3: BoyLoc0 folded before Flop (didn't bet)
Seat 4: Nazareno1999 (button) folded on the Turn
Seat 5: DAN444513 (small blind) folded on the Turn
Seat 6: JasperJase01 (big blind) folded on the Turn



PokerStars Hand #254228694695:  Hold'em No Limit ($0.50/$1.00 USD) - 2025/01/06 15:37:45 WET [2025/01/06 10:37:45 ET]
Table 'Iguassu II' 6-max Seat #5 is the button
Seat 1: YeeesMan ($107.41 in chips) 
Seat 2: Unipoker11 ($126.90 in chips) 
Seat 3: BoyLoc0 ($101 in chips) 
Seat 4: Nazareno1999 ($100 in chips) 
Seat 5: DAN444513 ($156.70 in chips) 
Seat 6: JasperJase01 ($88.60 in chips) 
JasperJase01: posts small blind $0.50
YeeesMan: posts big blind $1
*** HOLE CARDS ***
Unipoker11: folds 
BoyLoc0: folds 
Nazareno1999: folds 
DAN444513: folds 
JasperJase01: raises $2 to $3
YeeesMan: calls $2
*** FLOP *** [5h Ad 3d]
JasperJase01: checks 
YeeesMan: checks 
*** TURN *** [5h Ad 3d] [5c]
JasperJase01: bets $3
YeeesMan: calls $3
*** RIVER *** [5h Ad 3d 5c] [8s]
JasperJase01: checks 
YeeesMan: bets $3.76
JasperJase01: folds 
Uncalled bet ($3.76) returned to YeeesMan
YeeesMan collected $11.40 from pot
YeeesMan: doesn't show hand 
*** SUMMARY ***
Total pot $12 | Rake $0.60 
Board [5h Ad 3d 5c 8s]
Seat 1: YeeesMan (big blind) collected ($11.40)
Seat 2: Unipoker11 folded before Flop (didn't bet)
Seat 3: BoyLoc0 folded before Flop (didn't bet)
Seat 4: Nazareno1999 folded before Flop (didn't bet)
Seat 5: DAN444513 (button) folded before Flop (didn't bet)
Seat 6: JasperJase01 (small blind) folded on the River



PokerStars Hand #254228708231:  Hold'em No Limit ($0.50/$1.00 USD) - 2025/01/06 15:38:42 WET [2025/01/06 10:38:42 ET]
Table 'Iguassu II' 6-max Seat #6 is the button
Seat 1: YeeesMan ($112.81 in chips) 
Seat 2: Unipoker11 ($126.90 in chips) 
Seat 3: BoyLoc0 ($101 in chips) 
Seat 4: Nazareno1999 ($100 in chips) 
Seat 5: DAN444513 ($156.70 in chips) 
Seat 6: JasperJase01 ($82.60 in chips) 
YeeesMan: posts small blind $0.50
Unipoker11: posts big blind $1
*** HOLE CARDS ***
BoyLoc0: folds 
Nazareno1999: folds 
DAN444513: folds 
JasperJase01: folds 
YeeesMan: raises $2 to $3
Unipoker11: raises $6 to $9
YeeesMan: folds 
Uncalled bet ($6) returned to Unipoker11
Unipoker11 collected $6 from pot
Unipoker11: doesn't show hand 
*** SUMMARY ***
Total pot $6 | Rake $0 
Seat 1: YeeesMan (small blind) folded before Flop
Seat 2: Unipoker11 (big blind) collected ($6)
Seat 3: BoyLoc0 folded before Flop (didn't bet)
Seat 4: Nazareno1999 folded before Flop (didn't bet)
Seat 5: DAN444513 folded before Flop (didn't bet)
Seat 6: JasperJase01 (button) folded before Flop (didn't bet)



PokerStars Hand #254228717553:  Hold'em No Limit ($0.50/$1.00 USD) - 2025/01/06 15:39:20 WET [2025/01/06 10:39:20 ET]
Table 'Iguassu II' 6-max Seat #1 is the button
Seat 1: YeeesMan ($109.81 in chips) 
Seat 2: Unipoker11 ($129.90 in chips) 
Seat 3: BoyLoc0 ($101 in chips) 
Seat 4: Nazareno1999 ($100 in chips) 
Seat 5: DAN444513 ($156.70 in chips) 
Seat 6: JasperJase01 ($96.57 in chips) 
Unipoker11: posts small blind $0.50
BoyLoc0: posts big blind $1
*** HOLE CARDS ***
Nazareno1999: folds 
DAN444513: folds 
JasperJase01: folds 
YeeesMan: folds 
Unipoker11: raises $2 to $3
BoyLoc0: raises $7 to $10
Unipoker11: folds 
Uncalled bet ($7) returned to BoyLoc0
BoyLoc0 collected $6 from pot
BoyLoc0: doesn't show hand 
*** SUMMARY ***
Total pot $6 | Rake $0 
Seat 1: YeeesMan (button) folded before Flop (didn't bet)
Seat 2: Unipoker11 (small blind) folded before Flop
Seat 3: BoyLoc0 (big blind) collected ($6)
Seat 4: Nazareno1999 folded before Flop (didn't bet)
Seat 5: DAN444513 folded before Flop (didn't bet)
Seat 6: JasperJase01 folded before Flop (didn't bet)



PokerStars Hand #254228723472:  Hold'em No Limit ($0.50/$1.00 USD) - 2025/01/06 15:39:44 WET [2025/01/06 10:39:44 ET]
Table 'Iguassu II' 6-max Seat #2 is the button
Seat 1: YeeesMan ($109.81 in chips) 
Seat 2: Unipoker11 ($126.90 in chips) 
Seat 3: BoyLoc0 ($104 in chips) 
Seat 4: Nazareno1999 ($100 in chips) 
Seat 5: DAN444513 ($156.70 in chips) 
Seat 6: JasperJase01 ($96.57 in chips) 
BoyLoc0: posts small blind $0.50
Nazareno1999: posts big blind $1
*** HOLE CARDS ***
DAN444513: raises $1 to $2
JasperJase01: folds 
YeeesMan: folds 
Unipoker11: folds 
BoyLoc0: folds 
Nazareno1999: folds 
Uncalled bet ($1) returned to DAN444513
DAN444513 collected $2.50 from pot
*** SUMMARY ***
Total pot $2.50 | Rake $0 
Seat 1: YeeesMan folded before Flop (didn't bet)
Seat 2: Unipoker11 (button) folded before Flop (didn't bet)
Seat 3: BoyLoc0 (small blind) folded before Flop
Seat 4: Nazareno1999 (big blind) folded before Flop
Seat 5: DAN444513 collected ($2.50)
Seat 6: JasperJase01 folded before Flop (didn't bet)



PokerStars Hand #254228728142:  Hold'em No Limit ($0.50/$1.00 USD) - 2025/01/06 15:40:04 WET [2025/01/06 10:40:04 ET]
Table 'Iguassu II' 6-max Seat #3 is the button
Seat 1: YeeesMan ($109.81 in chips) 
Seat 2: Unipoker11 ($126.90 in chips) 
Seat 3: BoyLoc0 ($103.50 in chips) 
Seat 4: Nazareno1999 ($100 in chips) 
Seat 5: DAN444513 ($158.20 in chips) 
Seat 6: JasperJase01 ($96.57 in chips) 
Nazareno1999: posts small blind $0.50
DAN444513: posts big blind $1
*** HOLE CARDS ***
JasperJase01: raises $2 to $3
YeeesMan: folds 
Unipoker11: folds 
BoyLoc0: raises $6 to $9
Nazareno1999: folds 
DAN444513: folds 
JasperJase01: calls $6
*** FLOP *** [6d Jc 5c]
JasperJase01: checks 
BoyLoc0: bets $6.11
JasperJase01: calls $6.11
*** TURN *** [6d Jc 5c] [4d]
JasperJase01: checks 
BoyLoc0: bets $20
JasperJase01: folds [3c 3s]
Uncalled bet ($20) returned to BoyLoc0
BoyLoc0 collected $30.13 from pot
BoyLoc0: doesn't show hand 
*** SUMMARY ***
Total pot $31.72 | Rake $1.59 
Board [6d Jc 5c 4d]
Seat 1: YeeesMan folded before Flop (didn't bet)
Seat 2: Unipoker11 folded before Flop (didn't bet)
Seat 3: BoyLoc0 (button) collected ($30.13)
Seat 4: Nazareno1999 (small blind) folded before Flop
Seat 5: DAN444513 (big blind) folded before Flop
Seat 6: JasperJase01 folded on the Turn



PokerStars Hand #254228741409:  Hold'em No Limit ($0.50/$1.00 USD) - 2025/01/06 15:40:59 WET [2025/01/06 10:40:59 ET]
Table 'Iguassu II' 6-max Seat #4 is the button
Seat 1: YeeesMan ($109.81 in chips) 
Seat 2: Unipoker11 ($126.90 in chips) 
Seat 3: BoyLoc0 ($118.52 in chips) 
Seat 4: Nazareno1999 ($100 in chips) 
Seat 5: DAN444513 ($157.20 in chips) 
Seat 6: JasperJase01 ($81.46 in chips) 
DAN444513: posts small blind $0.50
JasperJase01: posts big blind $1
*** HOLE CARDS ***
YeeesMan: folds 
Unipoker11: raises $1 to $2
BoyLoc0: folds 
Nazareno1999: calls $2
DAN444513: calls $1.50
JasperJase01: calls $1
*** FLOP *** [Jd Ks 3c]
DAN444513: checks 
JasperJase01: bets $3
Unipoker11: calls $3
Nazareno1999: calls $3
DAN444513: folds 
*** TURN *** [Jd Ks 3c] [9d]
JasperJase01: bets $3
Unipoker11: calls $3
Nazareno1999: calls $3
*** RIVER *** [Jd Ks 3c 9d] [Tc]
JasperJase01: bets $3
Unipoker11: calls $3
Nazareno1999: folds 
*** SHOW DOWN ***
JasperJase01: shows [Ts Qh] (a straight, Nine to King)
Unipoker11: mucks hand 
JasperJase01 collected $30.40 from pot
*** SUMMARY ***
Total pot $32 | Rake $1.60 
Board [Jd Ks 3c 9d Tc]
Seat 1: YeeesMan folded before Flop (didn't bet)
Seat 2: Unipoker11 mucked
Seat 3: BoyLoc0 folded before Flop (didn't bet)
Seat 4: Nazareno1999 (button) folded on the River
Seat 5: DAN444513 (small blind) folded on the Flop
Seat 6: JasperJase01 (big blind) showed [Ts Qh] and won ($30.40) with a straight, Nine to King



PokerStars Hand #254228758982:  Hold'em No Limit ($0.50/$1.00 USD) - 2025/01/06 15:42:13 WET [2025/01/06 10:42:13 ET]
Table 'Iguassu II' 6-max Seat #5 is the button
Seat 1: YeeesMan ($109.81 in chips) 
Seat 2: Unipoker11 ($115.90 in chips) 
Seat 3: BoyLoc0 ($118.52 in chips) 
Seat 4: Nazareno1999 ($100 in chips) 
Seat 5: DAN444513 ($155.20 in chips) 
Seat 6: JasperJase01 ($100.86 in chips) 
JasperJase01: posts small blind $0.50
YeeesMan: posts big blind $1
*** HOLE CARDS ***
Unipoker11: folds 
BoyLoc0: raises $1.50 to $2.50
Nazareno1999: folds 
DAN444513: calls $2.50
JasperJase01: folds 
YeeesMan: folds 
*** FLOP *** [9c 2c 2h]
BoyLoc0: checks 
DAN444513: bets $3
BoyLoc0: calls $3
*** TURN *** [9c 2c 2h] [5s]
BoyLoc0: checks 
DAN444513: bets $11.88
BoyLoc0: folds 
Uncalled bet ($11.88) returned to DAN444513
DAN444513 collected $11.88 from pot
*** SUMMARY ***
Total pot $12.50 | Rake $0.62 
Board [9c 2c 2h 5s]
Seat 1: YeeesMan (big blind) folded before Flop
Seat 2: Unipoker11 folded before Flop (didn't bet)
Seat 3: BoyLoc0 folded on the Turn
Seat 4: Nazareno1999 folded before Flop (didn't bet)
Seat 5: DAN444513 (button) collected ($11.88)
Seat 6: JasperJase01 (small blind) folded before Flop



PokerStars Hand #254228774168:  Hold'em No Limit ($0.50/$1.00 USD) - 2025/01/06 15:43:16 WET [2025/01/06 10:43:16 ET]
Table 'Iguassu II' 6-max Seat #6 is the button
Seat 1: YeeesMan ($108.81 in chips) 
Seat 2: Unipoker11 ($115.90 in chips) 
Seat 3: BoyLoc0 ($113.02 in chips) 
Seat 4: Nazareno1999 ($100 in chips) 
Seat 5: DAN444513 ($161.58 in chips) 
Seat 6: JasperJase01 ($100.36 in chips) 
YeeesMan: posts small blind $0.50
Unipoker11: posts big blind $1
*** HOLE CARDS ***
BoyLoc0: folds 
Nazareno1999: folds 
DAN444513: raises $1 to $2
JasperJase01: calls $2
YeeesMan: folds 
Unipoker11: raises $10 to $12
DAN444513: calls $10
JasperJase01: folds 
*** FLOP *** [6d Kc 8c]
Unipoker11: checks 
DAN444513: bets $4
Unipoker11: calls $4
*** TURN *** [6d Kc 8c] [2c]
Unipoker11: checks 
DAN444513: bets $16.39
Unipoker11: folds 
Uncalled bet ($16.39) returned to DAN444513
JasperJase01 is disconnected 
DAN444513 collected $32.78 from pot
*** SUMMARY ***
Total pot $34.50 | Rake $1.72 
Board [6d Kc 8c 2c]
Seat 1: YeeesMan (small blind) folded before Flop
Seat 2: Unipoker11 (big blind) folded on the Turn
Seat 3: BoyLoc0 folded before Flop (didn't bet)
Seat 4: Nazareno1999 folded before Flop (didn't bet)
Seat 5: DAN444513 collected ($32.78)
Seat 6: JasperJase01 (button) folded before Flop



PokerStars Hand #254228785258:  Hold'em No Limit ($0.50/$1.00 USD) - 2025/01/06 15:44:02 WET [2025/01/06 10:44:02 ET]
Table 'Iguassu II' 6-max Seat #1 is the button
Seat 6: JasperJase01 ($98.36 in chips) is sitting out
Seat 1: YeeesMan ($108.31 in chips) 
Seat 2: Unipoker11 ($100 in chips) 
Seat 3: BoyLoc0 ($113.02 in chips) 
Seat 4: Nazareno1999 ($100 in chips) 
Seat 5: DAN444513 ($178.36 in chips) 
Unipoker11: posts small blind $0.50
BoyLoc0: posts big blind $1
*** HOLE CARDS ***
Nazareno1999: folds 
DAN444513: raises $1 to $2
YeeesMan: raises $6 to $8
Unipoker11: folds 
BoyLoc0: folds 
DAN444513: folds [Ac]
Uncalled bet ($6) returned to YeeesMan
YeeesMan collected $5.50 from pot
YeeesMan: doesn't show hand 
*** SUMMARY ***
Total pot $5.50 | Rake $0 
Seat 6: JasperJase01
Seat 1: YeeesMan (button) collected ($5.50)
Seat 2: Unipoker11 (small blind) folded before Flop
Seat 3: BoyLoc0 (big blind) folded before Flop
Seat 4: Nazareno1999 folded before Flop (didn't bet)
Seat 5: DAN444513 folded before Flop



PokerStars Hand #254228792659:  Hold'em No Limit ($0.50/$1.00 USD) - 2025/01/06 15:44:33 WET [2025/01/06 10:44:33 ET]
Table 'Iguassu II' 6-max Seat #2 is the button
Seat 6: JasperJase01 ($98.36 in chips) is sitting out
Seat 1: YeeesMan ($111.81 in chips) 
Seat 2: Unipoker11 ($100 in chips) 
Seat 3: BoyLoc0 ($112.02 in chips) 
Seat 4: Nazareno1999 ($100 in chips) 
Seat 5: DAN444513 ($176.36 in chips) 
BoyLoc0: posts small blind $0.50
Nazareno1999: posts big blind $1
*** HOLE CARDS ***
DAN444513: raises $1 to $2
YeeesMan: folds 
Unipoker11: folds 
BoyLoc0: folds 
Nazareno1999: folds 
Uncalled bet ($1) returned to DAN444513
DAN444513 collected $2.50 from pot
*** SUMMARY ***
Total pot $2.50 | Rake $0 
Seat 6: JasperJase01
Seat 1: YeeesMan folded before Flop (didn't bet)
Seat 2: Unipoker11 (button) folded before Flop (didn't bet)
Seat 3: BoyLoc0 (small blind) folded before Flop
Seat 4: Nazareno1999 (big blind) folded before Flop
Seat 5: DAN444513 collected ($2.50)



PokerStars Hand #254228797301:  Hold'em No Limit ($0.50/$1.00 USD) - 2025/01/06 15:44:52 WET [2025/01/06 10:44:52 ET]
Table 'Iguassu II' 6-max Seat #3 is the button
Seat 6: JasperJase01 ($98.36 in chips) is sitting out
Seat 1: YeeesMan ($111.81 in chips) 
Seat 2: Unipoker11 ($100 in chips) 
Seat 3: BoyLoc0 ($111.52 in chips) 
Seat 4: Nazareno1999 ($100 in chips) 
Seat 5: DAN444513 ($177.86 in chips) 
Nazareno1999: posts small blind $0.50
DAN444513: posts big blind $1
*** HOLE CARDS ***
YeeesMan: folds 
Unipoker11: folds 
BoyLoc0: folds 
Nazareno1999: raises $1 to $2
DAN444513: calls $1
*** FLOP *** [Kc Jd Qd]
Nazareno1999: checks 
DAN444513: checks 
*** TURN *** [Kc Jd Qd] [Kh]
Nazareno1999: checks 
DAN444513: checks 
*** RIVER *** [Kc Jd Qd Kh] [7h]
Nazareno1999: bets $1
DAN444513: calls $1
*** SHOW DOWN ***
Nazareno1999: shows [6s Jc] (two pair, Kings and Jacks)
DAN444513: mucks hand 
Nazareno1999 collected $5.70 from pot
*** SUMMARY ***
Total pot $6 | Rake $0.30 
Board [Kc Jd Qd Kh 7h]
Seat 6: JasperJase01
Seat 1: YeeesMan folded before Flop (didn't bet)
Seat 2: Unipoker11 folded before Flop (didn't bet)
Seat 3: BoyLoc0 (button) folded before Flop (didn't bet)
Seat 4: Nazareno1999 (small blind) showed [6s Jc] and won ($5.70) with two pair, Kings and Jacks
Seat 5: DAN444513 (big blind) mucked



PokerStars Hand #254228806980:  Hold'em No Limit ($0.50/$1.00 USD) - 2025/01/06 15:45:32 WET [2025/01/06 10:45:32 ET]
Table 'Iguassu II' 6-max Seat #4 is the button
Seat 6: JasperJase01 ($98.36 in chips) is sitting out
Seat 1: YeeesMan ($111.81 in chips) 
Seat 2: Unipoker11 ($100 in chips) 
Seat 3: BoyLoc0 ($111.52 in chips) 
Seat 4: Nazareno1999 ($102.70 in chips) 
Seat 5: DAN444513 ($174.86 in chips) 
DAN444513: posts small blind $0.50
YeeesMan: posts big blind $1
*** HOLE CARDS ***
Unipoker11: folds 
BoyLoc0: folds 
Nazareno1999: raises $1.20 to $2.20
DAN444513: calls $1.70
YeeesMan: folds 
*** FLOP *** [Kd 9s Ts]
DAN444513: checks 
Nazareno1999: bets $1.69
DAN444513: calls $1.69
*** TURN *** [Kd 9s Ts] [9d]
DAN444513: checks 
Nazareno1999: bets $14.50
DAN444513: calls $14.50
*** RIVER *** [Kd 9s Ts 9d] [Qc]
DAN444513: checks 
Nazareno1999: bets $84.30
DAN444513: folds [5c]
Uncalled bet ($84.30) returned to Nazareno1999
Nazareno1999 collected $35.89 from pot
Nazareno1999: doesn't show hand 
*** SUMMARY ***
Total pot $37.78 | Rake $1.89 
Board [Kd 9s Ts 9d Qc]
Seat 6: JasperJase01
Seat 1: YeeesMan (big blind) folded before Flop
Seat 2: Unipoker11 folded before Flop (didn't bet)
Seat 3: BoyLoc0 folded before Flop (didn't bet)
Seat 4: Nazareno1999 (button) collected ($35.89)
Seat 5: DAN444513 (small blind) folded on the River



PokerStars Hand #254228822824:  Hold'em No Limit ($0.50/$1.00 USD) - 2025/01/06 15:46:37 WET [2025/01/06 10:46:37 ET]
Table 'Iguassu II' 6-max Seat #5 is the button
Seat 6: JasperJase01 ($98.36 in chips) is sitting out
Seat 1: YeeesMan ($110.81 in chips) 
Seat 2: Unipoker11 ($100 in chips) 
Seat 3: BoyLoc0 ($111.52 in chips) 
Seat 4: Nazareno1999 ($120.20 in chips) 
Seat 5: DAN444513 ($156.47 in chips) 
YeeesMan: posts small blind $0.50
Unipoker11: posts big blind $1
*** HOLE CARDS ***
BoyLoc0: folds 
Nazareno1999: raises $1.20 to $2.20
DAN444513: calls $2.20
YeeesMan: folds 
Unipoker11: raises $10.80 to $13
Nazareno1999: folds 
DAN444513: folds 
Uncalled bet ($10.80) returned to Unipoker11
Unipoker11 collected $7.10 from pot
Unipoker11: doesn't show hand 
*** SUMMARY ***
Total pot $7.10 | Rake $0 
Seat 6: JasperJase01
Seat 1: YeeesMan (small blind) folded before Flop
Seat 2: Unipoker11 (big blind) collected ($7.10)
Seat 3: BoyLoc0 folded before Flop (didn't bet)
Seat 4: Nazareno1999 folded before Flop
Seat 5: DAN444513 (button) folded before Flop



PokerStars Hand #254228834096:  Hold'em No Limit ($0.50/$1.00 USD) - 2025/01/06 15:47:24 WET [2025/01/06 10:47:24 ET]
Table 'Iguassu II' 6-max Seat #1 is the button
Seat 1: YeeesMan ($110.31 in chips) 
Seat 2: Unipoker11 ($104.90 in chips) 
Seat 3: BoyLoc0 ($111.52 in chips) 
Seat 4: Nazareno1999 ($118 in chips) 
Seat 5: DAN444513 ($154.27 in chips) 
Seat 6: JasperJase01 ($98.36 in chips) 
Unipoker11: posts small blind $0.50
BoyLoc0: posts big blind $1
JasperJase01: posts small & big blinds $1.50
*** HOLE CARDS ***
Nazareno1999: folds 
DAN444513: raises $1 to $2
JasperJase01: raises $1 to $3
YeeesMan: folds 
Unipoker11: folds 
BoyLoc0: folds 
DAN444513: raises $3 to $6
JasperJase01: calls $3
*** FLOP *** [Jd Ts 4c]
DAN444513: bets $6.65
JasperJase01: folds 
Uncalled bet ($6.65) returned to DAN444513
DAN444513 collected $13.30 from pot
*** SUMMARY ***
Total pot $14 | Rake $0.70 
Board [Jd Ts 4c]
Seat 1: YeeesMan (button) folded before Flop (didn't bet)
Seat 2: Unipoker11 (small blind) folded before Flop
Seat 3: BoyLoc0 (big blind) folded before Flop
Seat 4: Nazareno1999 folded before Flop (didn't bet)
Seat 5: DAN444513 collected ($13.30)
Seat 6: JasperJase01 folded on the Flop



PokerStars Hand #254228843228:  Hold'em No Limit ($0.50/$1.00 USD) - 2025/01/06 15:48:02 WET [2025/01/06 10:48:02 ET]
Table 'Iguassu II' 6-max Seat #2 is the button
Seat 1: YeeesMan ($110.31 in chips) 
Seat 2: Unipoker11 ($104.40 in chips) 
Seat 3: BoyLoc0 ($110.52 in chips) 
Seat 4: Nazareno1999 ($118 in chips) 
Seat 5: DAN444513 ($161.57 in chips) 
Seat 6: JasperJase01 ($91.86 in chips) 
BoyLoc0: posts small blind $0.50
Nazareno1999: posts big blind $1
*** HOLE CARDS ***
DAN444513: raises $1 to $2
JasperJase01: raises $2 to $4
YeeesMan: folds 
Unipoker11: folds 
BoyLoc0: folds 
Nazareno1999: folds 
DAN444513: calls $2
*** FLOP *** [7s Th 6d]
DAN444513: checks 
JasperJase01: bets $4.51
DAN444513: calls $4.51
*** TURN *** [7s Th 6d] [2c]
DAN444513: checks 
JasperJase01: checks 
*** RIVER *** [7s Th 6d 2c] [Qh]
DAN444513: checks 
JasperJase01: bets $8.80
DAN444513: raises $12.80 to $21.60
JasperJase01: calls $12.80
*** SHOW DOWN ***
DAN444513: shows [8c 9s] (a straight, Six to Ten)
JasperJase01: mucks hand 
DAN444513 collected $59.22 from pot
*** SUMMARY ***
Total pot $61.72 | Rake $2.50 
Board [7s Th 6d 2c Qh]
Seat 1: YeeesMan folded before Flop (didn't bet)
Seat 2: Unipoker11 (button) folded before Flop (didn't bet)
Seat 3: BoyLoc0 (small blind) folded before Flop
Seat 4: Nazareno1999 (big blind) folded before Flop
Seat 5: DAN444513 showed [8c 9s] and won ($59.22) with a straight, Six to Ten
Seat 6: JasperJase01 mucked



PokerStars Hand #254228856370:  Hold'em No Limit ($0.50/$1.00 USD) - 2025/01/06 15:48:57 WET [2025/01/06 10:48:57 ET]
Table 'Iguassu II' 6-max Seat #3 is the button
Seat 1: YeeesMan ($110.31 in chips) 
Seat 2: Unipoker11 ($104.40 in chips) 
Seat 3: BoyLoc0 ($110.02 in chips) 
Seat 4: Nazareno1999 ($117 in chips) 
Seat 5: DAN444513 ($190.68 in chips) 
Seat 6: JasperJase01 ($61.75 in chips) 
Nazareno1999: posts small blind $0.50
DAN444513: posts big blind $1
*** HOLE CARDS ***
JasperJase01: folds 
YeeesMan: raises $1.50 to $2.50
Unipoker11: folds 
BoyLoc0: folds 
Nazareno1999: folds 
DAN444513: calls $1.50
*** FLOP *** [6h Qh Ks]
DAN444513: checks 
YeeesMan: bets $3.92
DAN444513: calls $3.92
*** TURN *** [6h Qh Ks] [3d]
DAN444513: checks 
YeeesMan: bets $9.50
DAN444513: calls $9.50
*** RIVER *** [6h Qh Ks 3d] [2c]
DAN444513: checks 
YeeesMan: checks 
*** SHOW DOWN ***
DAN444513: shows [Qc 7d] (a pair of Queens)
YeeesMan: shows [As Qs] (a pair of Queens - Ace kicker)
YeeesMan collected $30.72 from pot
*** SUMMARY ***
Total pot $32.34 | Rake $1.62 
Board [6h Qh Ks 3d 2c]
Seat 1: YeeesMan showed [As Qs] and won ($30.72) with a pair of Queens
Seat 2: Unipoker11 folded before Flop (didn't bet)
Seat 3: BoyLoc0 (button) folded before Flop (didn't bet)
Seat 4: Nazareno1999 (small blind) folded before Flop
Seat 5: DAN444513 (big blind) showed [Qc 7d] and lost with a pair of Queens
Seat 6: JasperJase01 folded before Flop (didn't bet)



PokerStars Hand #254228874708:  Hold'em No Limit ($0.50/$1.00 USD) - 2025/01/06 15:50:13 WET [2025/01/06 10:50:13 ET]
Table 'Iguassu II' 6-max Seat #4 is the button
Seat 1: YeeesMan ($125.11 in chips) 
Seat 2: Unipoker11 ($104.40 in chips) 
Seat 3: BoyLoc0 ($110.02 in chips) 
Seat 4: Nazareno1999 ($116.50 in chips) 
Seat 5: DAN444513 ($174.76 in chips) 
Seat 6: JasperJase01 ($61.75 in chips) 
DAN444513: posts small blind $0.50
JasperJase01: posts big blind $1
*** HOLE CARDS ***
YeeesMan: raises $1.50 to $2.50
Unipoker11: folds 
JasperJase01 is disconnected 
BoyLoc0: folds 
Nazareno1999: calls $2.50
DAN444513: calls $2
JasperJase01 is connected 
JasperJase01: folds 
*** FLOP *** [3h Tc 7h]
DAN444513: checks 
YeeesMan: bets $6.06
Nazareno1999: folds 
DAN444513: calls $6.06
*** TURN *** [3h Tc 7h] [Jd]
DAN444513: checks 
YeeesMan: bets $14.69
DAN444513: folds 
Uncalled bet ($14.69) returned to YeeesMan
YeeesMan collected $19.59 from pot
YeeesMan: doesn't show hand 
*** SUMMARY ***
Total pot $20.62 | Rake $1.03 
Board [3h Tc 7h Jd]
Seat 1: YeeesMan collected ($19.59)
Seat 2: Unipoker11 folded before Flop (didn't bet)
Seat 3: BoyLoc0 folded before Flop (didn't bet)
Seat 4: Nazareno1999 (button) folded on the Flop
Seat 5: DAN444513 (small blind) folded on the Turn
Seat 6: JasperJase01 (big blind) folded before Flop



PokerStars Hand #254228896318:  Hold'em No Limit ($0.50/$1.00 USD) - 2025/01/06 15:51:43 WET [2025/01/06 10:51:43 ET]
Table 'Iguassu II' 6-max Seat #5 is the button
Seat 1: YeeesMan ($136.14 in chips) 
Seat 2: Unipoker11 ($104.40 in chips) 
Seat 3: BoyLoc0 ($110.02 in chips) 
Seat 4: Nazareno1999 ($114 in chips) 
Seat 5: DAN444513 ($166.20 in chips) 
Seat 6: JasperJase01 ($60.75 in chips) 
JasperJase01: posts small blind $0.50
YeeesMan: posts big blind $1
*** HOLE CARDS ***
Unipoker11: folds 
BoyLoc0: raises $1.50 to $2.50
Nazareno1999: folds 
DAN444513: calls $2.50
JasperJase01: calls $2
YeeesMan: calls $1.50
*** FLOP *** [7h Ah Ks]
JasperJase01: checks 
YeeesMan: checks 
BoyLoc0: checks 
DAN444513: checks 
*** TURN *** [7h Ah Ks] [4c]
JasperJase01: bets $3
YeeesMan: folds 
BoyLoc0: raises $11.63 to $14.63
DAN444513: folds 
JasperJase01: folds 
Uncalled bet ($11.63) returned to BoyLoc0
BoyLoc0 collected $15.20 from pot
BoyLoc0: doesn't show hand 
*** SUMMARY ***
Total pot $16 | Rake $0.80 
Board [7h Ah Ks 4c]
Seat 1: YeeesMan (big blind) folded on the Turn
Seat 2: Unipoker11 folded before Flop (didn't bet)
Seat 3: BoyLoc0 collected ($15.20)
Seat 4: Nazareno1999 folded before Flop (didn't bet)
Seat 5: DAN444513 (button) folded on the Turn
Seat 6: JasperJase01 (small blind) folded on the Turn



PokerStars Hand #254228909523:  Hold'em No Limit ($0.50/$1.00 USD) - 2025/01/06 15:52:38 WET [2025/01/06 10:52:38 ET]
Table 'Iguassu II' 6-max Seat #6 is the button
Seat 1: YeeesMan ($133.64 in chips) 
Seat 2: Unipoker11 ($104.40 in chips) 
Seat 3: BoyLoc0 ($119.72 in chips) 
Seat 4: Nazareno1999 ($114 in chips) 
Seat 5: DAN444513 ($163.70 in chips) 
Seat 6: JasperJase01 ($55.25 in chips) 
YeeesMan: posts small blind $0.50
Unipoker11: posts big blind $1
*** HOLE CARDS ***
BoyLoc0: folds 
Nazareno1999: raises $1.20 to $2.20
DAN444513: calls $2.20
JasperJase01: calls $2.20
YeeesMan: folds 
Unipoker11: calls $1.20
*** FLOP *** [8s Jc 7h]
Unipoker11: checks 
Nazareno1999: checks 
DAN444513: checks 
JasperJase01: bets $2
Unipoker11: folds 
Nazareno1999: calls $2
DAN444513: calls $2
*** TURN *** [8s Jc 7h] [5d]
Nazareno1999: checks 
DAN444513: checks 
JasperJase01: checks 
*** RIVER *** [8s Jc 7h 5d] [9s]
Nazareno1999: checks 
DAN444513: bets $14.54
JasperJase01: folds 
Nazareno1999: folds 
Uncalled bet ($14.54) returned to DAN444513
DAN444513 collected $14.54 from pot
*** SUMMARY ***
Total pot $15.30 | Rake $0.76 
Board [8s Jc 7h 5d 9s]
Seat 1: YeeesMan (small blind) folded before Flop
Seat 2: Unipoker11 (big blind) folded on the Flop
Seat 3: BoyLoc0 folded before Flop (didn't bet)
Seat 4: Nazareno1999 folded on the River
Seat 5: DAN444513 collected ($14.54)
Seat 6: JasperJase01 (button) folded on the River



PokerStars Hand #254228921208:  Hold'em No Limit ($0.50/$1.00 USD) - 2025/01/06 15:53:26 WET [2025/01/06 10:53:26 ET]
Table 'Iguassu II' 6-max Seat #1 is the button
Seat 1: YeeesMan ($133.14 in chips) 
Seat 2: Unipoker11 ($102.20 in chips) 
Seat 3: BoyLoc0 ($119.72 in chips) 
Seat 4: Nazareno1999 ($109.80 in chips) 
Seat 5: DAN444513 ($174.04 in chips) 
Seat 6: JasperJase01 ($51.05 in chips) 
Unipoker11: posts small blind $0.50
BoyLoc0: posts big blind $1
*** HOLE CARDS ***
Nazareno1999: folds 
DAN444513: raises $2 to $3
JasperJase01: folds 
YeeesMan: folds 
Unipoker11: folds 
BoyLoc0: calls $2
*** FLOP *** [Qc As 8c]
JasperJase01 leaves the table
BoyLoc0: checks 
DAN444513: bets $3.09
BoyLoc0: calls $3.09
*** TURN *** [Qc As 8c] [4s]
BoyLoc0: checks 
DAN444513: bets $12.05
BoyLoc0: folds 
Uncalled bet ($12.05) returned to DAN444513
DAN444513 collected $12.05 from pot
*** SUMMARY ***
Total pot $12.68 | Rake $0.63 
Board [Qc As 8c 4s]
Seat 1: YeeesMan (button) folded before Flop (didn't bet)
Seat 2: Unipoker11 (small blind) folded before Flop
Seat 3: BoyLoc0 (big blind) folded on the Turn
Seat 4: Nazareno1999 folded before Flop (didn't bet)
Seat 5: DAN444513 collected ($12.05)
Seat 6: JasperJase01 folded before Flop (didn't bet)



PokerStars Hand #254228940061:  Hold'em No Limit ($0.50/$1.00 USD) - 2025/01/06 15:54:44 WET [2025/01/06 10:54:44 ET]
Table 'Iguassu II' 6-max Seat #2 is the button
Seat 1: YeeesMan ($133.14 in chips) 
Seat 2: Unipoker11 ($101.70 in chips) 
Seat 3: BoyLoc0 ($113.63 in chips) 
Seat 4: Nazareno1999 ($109.80 in chips) 
Seat 5: DAN444513 ($180 in chips) 
BoyLoc0: posts small blind $0.50
Nazareno1999: posts big blind $1
*** HOLE CARDS ***
DAN444513: raises $2 to $3
erpaye joins the table at seat #6 
YeeesMan: folds 
Unipoker11: folds 
BoyLoc0: folds 
Nazareno1999: calls $2
*** FLOP *** [Kd 4c 4d]
Nazareno1999: checks 
DAN444513: bets $3.09
Nazareno1999: folds 
Uncalled bet ($3.09) returned to DAN444513
DAN444513 collected $6.18 from pot
*** SUMMARY ***
Total pot $6.50 | Rake $0.32 
Board [Kd 4c 4d]
Seat 1: YeeesMan folded before Flop (didn't bet)
Seat 2: Unipoker11 (button) folded before Flop (didn't bet)
Seat 3: BoyLoc0 (small blind) folded before Flop
Seat 4: Nazareno1999 (big blind) folded on the Flop
Seat 5: DAN444513 collected ($6.18)



PokerStars Hand #254228945499:  Hold'em No Limit ($0.50/$1.00 USD) - 2025/01/06 15:55:07 WET [2025/01/06 10:55:07 ET]
Table 'Iguassu II' 6-max Seat #3 is the button
Seat 6: erpaye ($100 in chips) is sitting out
Seat 1: YeeesMan ($133.14 in chips) 
Seat 2: Unipoker11 ($101.70 in chips) 
Seat 3: BoyLoc0 ($113.13 in chips) 
Seat 4: Nazareno1999 ($106.80 in chips) 
Seat 5: DAN444513 ($183.18 in chips) 
Nazareno1999: posts small blind $0.50
DAN444513: posts big blind $1
erpaye: sits out 
*** HOLE CARDS ***
YeeesMan: folds 
Unipoker11: folds 
BoyLoc0: raises $1.50 to $2.50
Nazareno1999: raises $8.50 to $11
DAN444513: folds 
BoyLoc0: folds 
Uncalled bet ($8.50) returned to Nazareno1999
Nazareno1999 collected $6 from pot
Nazareno1999: doesn't show hand 
*** SUMMARY ***
Total pot $6 | Rake $0 
Seat 6: erpaye
Seat 1: YeeesMan folded before Flop (didn't bet)
Seat 2: Unipoker11 folded before Flop (didn't bet)
Seat 3: BoyLoc0 (button) folded before Flop
Seat 4: Nazareno1999 (small blind) collected ($6)
Seat 5: DAN444513 (big blind) folded before Flop



PokerStars Hand #254228949609:  Hold'em No Limit ($0.50/$1.00 USD) - 2025/01/06 15:55:28 WET [2025/01/06 10:55:28 ET]
Table 'Iguassu II' 6-max Seat #4 is the button
Seat 1: YeeesMan ($133.14 in chips) 
Seat 2: Unipoker11 ($101.70 in chips) 
Seat 3: BoyLoc0 ($110.63 in chips) 
Seat 4: Nazareno1999 ($110.30 in chips) 
Seat 5: DAN444513 ($182.18 in chips) 
Seat 6: erpaye ($100 in chips) 
DAN444513: posts small blind $0.50
erpaye: posts big blind $1
*** HOLE CARDS ***
YeeesMan: folds 
Unipoker11: raises $1 to $2
BoyLoc0: folds 
Nazareno1999: folds 
DAN444513: raises $8 to $10
erpaye: folds 
Unipoker11: folds 
Uncalled bet ($8) returned to DAN444513
DAN444513 collected $5 from pot
*** SUMMARY ***
Total pot $5 | Rake $0 
Seat 1: YeeesMan folded before Flop (didn't bet)
Seat 2: Unipoker11 folded before Flop
Seat 3: BoyLoc0 folded before Flop (didn't bet)
Seat 4: Nazareno1999 (button) folded before Flop (didn't bet)
Seat 5: DAN444513 (small blind) collected ($5)
Seat 6: erpaye (big blind) folded before Flop



PokerStars Hand #254228956703:  Hold'em No Limit ($0.50/$1.00 USD) - 2025/01/06 15:56:06 WET [2025/01/06 10:56:06 ET]
Table 'Iguassu II' 6-max Seat #5 is the button
Seat 1: YeeesMan ($133.14 in chips) 
Seat 2: Unipoker11 ($100 in chips) 
Seat 3: BoyLoc0 ($110.63 in chips) 
Seat 4: Nazareno1999 ($110.30 in chips) 
Seat 5: DAN444513 ($185.18 in chips) 
Seat 6: erpaye ($100 in chips) 
erpaye: posts small blind $0.50
YeeesMan: posts big blind $1
*** HOLE CARDS ***
Unipoker11: folds 
BoyLoc0: raises $1.50 to $2.50
Nazareno1999: folds 
DAN444513: raises $4.50 to $7
erpaye: folds 
YeeesMan: folds 
BoyLoc0: calls $4.50
*** FLOP *** [Th Ks 6c]
BoyLoc0: checks 
DAN444513: bets $7.36
BoyLoc0: raises $14.72 to $22.08
DAN444513: calls $14.72
*** TURN *** [Th Ks 6c] [4s]
BoyLoc0: bets $42.87
DAN444513: raises $113.23 to $156.10 and is all-in
BoyLoc0: calls $38.68 and is all-in
Uncalled bet ($74.55) returned to DAN444513
*** RIVER *** [Th Ks 6c 4s] [7d]
*** SHOW DOWN ***
BoyLoc0: shows [6d Kd] (two pair, Kings and Sixes)
DAN444513: shows [Kc Ac] (a pair of Kings)
BoyLoc0 collected $220.26 from pot
*** SUMMARY ***
Total pot $222.76 | Rake $2.50 
Board [Th Ks 6c 4s 7d]
Seat 1: YeeesMan (big blind) folded before Flop
Seat 2: Unipoker11 folded before Flop (didn't bet)
Seat 3: BoyLoc0 showed [6d Kd] and won ($220.26) with two pair, Kings and Sixes
Seat 4: Nazareno1999 folded before Flop (didn't bet)
Seat 5: DAN444513 (button) showed [Kc Ac] and lost with a pair of Kings
Seat 6: erpaye (small blind) folded before Flop



PokerStars Hand #254228966899:  Hold'em No Limit ($0.50/$1.00 USD) - 2025/01/06 15:57:00 WET [2025/01/06 10:57:00 ET]
Table 'Iguassu II' 6-max Seat #6 is the button
Seat 1: YeeesMan ($132.14 in chips) 
Seat 2: Unipoker11 ($100 in chips) 
Seat 3: BoyLoc0 ($220.26 in chips) 
Seat 4: Nazareno1999 ($110.30 in chips) 
Seat 5: DAN444513 ($74.55 in chips) 
Seat 6: erpaye ($100 in chips) 
YeeesMan: posts small blind $0.50
Unipoker11: posts big blind $1
*** HOLE CARDS ***
BoyLoc0: folds 
Nazareno1999: folds 
DAN444513: raises $1 to $2
erpaye: folds 
YeeesMan: folds 
Unipoker11: folds 
Uncalled bet ($1) returned to DAN444513
DAN444513 collected $2.50 from pot
*** SUMMARY ***
Total pot $2.50 | Rake $0 
Seat 1: YeeesMan (small blind) folded before Flop
Seat 2: Unipoker11 (big blind) folded before Flop
Seat 3: BoyLoc0 folded before Flop (didn't bet)
Seat 4: Nazareno1999 folded before Flop (didn't bet)
Seat 5: DAN444513 collected ($2.50)
Seat 6: erpaye (button) folded before Flop (didn't bet)



PokerStars Hand #254228970729:  Hold'em No Limit ($0.50/$1.00 USD) - 2025/01/06 15:57:20 WET [2025/01/06 10:57:20 ET]
Table 'Iguassu II' 6-max Seat #1 is the button
Seat 1: YeeesMan ($131.64 in chips) 
Seat 2: Unipoker11 ($100 in chips) 
Seat 3: BoyLoc0 ($220.26 in chips) 
Seat 4: Nazareno1999 ($110.30 in chips) 
Seat 5: DAN444513 ($76.05 in chips) 
Seat 6: erpaye ($100 in chips) 
Unipoker11: posts small blind $0.50
BoyLoc0: posts big blind $1
*** HOLE CARDS ***
Nazareno1999: folds 
DAN444513: raises $2 to $3
erpaye: folds 
YeeesMan: folds 
Unipoker11: folds 
BoyLoc0: calls $2
*** FLOP *** [Jh Kh Qs]
BoyLoc0: checks 
DAN444513: bets $6.18
BoyLoc0: raises $9.27 to $15.45
DAN444513: calls $9.27
*** TURN *** [Jh Kh Qs] [8c]
BoyLoc0: bets $26.65
DAN444513: calls $26.65
*** RIVER *** [Jh Kh Qs 8c] [8h]
BoyLoc0: bets $44.10
DAN444513: calls $30.95 and is all-in
Uncalled bet ($13.15) returned to BoyLoc0
*** SHOW DOWN ***
BoyLoc0: shows [9d Ts] (a straight, Nine to King)
DAN444513: shows [6h 4h] (a flush, King high)
DAN444513 collected $150.10 from pot
*** SUMMARY ***
Total pot $152.60 | Rake $2.50 
Board [Jh Kh Qs 8c 8h]
Seat 1: YeeesMan (button) folded before Flop (didn't bet)
Seat 2: Unipoker11 (small blind) folded before Flop
Seat 3: BoyLoc0 (big blind) showed [9d Ts] and lost with a straight, Nine to King
Seat 4: Nazareno1999 folded before Flop (didn't bet)
Seat 5: DAN444513 showed [6h 4h] and won ($150.10) with a flush, King high
Seat 6: erpaye folded before Flop (didn't bet)



PokerStars Hand #254228980167:  Hold'em No Limit ($0.50/$1.00 USD) - 2025/01/06 15:58:10 WET [2025/01/06 10:58:10 ET]
Table 'Iguassu II' 6-max Seat #2 is the button
Seat 1: YeeesMan ($131.64 in chips) 
Seat 2: Unipoker11 ($100 in chips) 
Seat 3: BoyLoc0 ($144.21 in chips) 
Seat 4: Nazareno1999 ($110.30 in chips) 
Seat 5: DAN444513 ($150.10 in chips) 
Seat 6: erpaye ($100 in chips) 
BoyLoc0: posts small blind $0.50
Nazareno1999: posts big blind $1
*** HOLE CARDS ***
DAN444513: raises $1 to $2
erpaye: folds 
YeeesMan: folds 
Unipoker11: folds 
BoyLoc0: folds 
Nazareno1999: folds 
Uncalled bet ($1) returned to DAN444513
DAN444513 collected $2.50 from pot
*** SUMMARY ***
Total pot $2.50 | Rake $0 
Seat 1: YeeesMan folded before Flop (didn't bet)
Seat 2: Unipoker11 (button) folded before Flop (didn't bet)
Seat 3: BoyLoc0 (small blind) folded before Flop
Seat 4: Nazareno1999 (big blind) folded before Flop
Seat 5: DAN444513 collected ($2.50)
Seat 6: erpaye folded before Flop (didn't bet)



PokerStars Hand #254228983625:  Hold'em No Limit ($0.50/$1.00 USD) - 2025/01/06 15:58:28 WET [2025/01/06 10:58:28 ET]
Table 'Iguassu II' 6-max Seat #3 is the button
Seat 1: YeeesMan ($131.64 in chips) 
Seat 2: Unipoker11 ($100 in chips) 
Seat 3: BoyLoc0 ($143.71 in chips) 
Seat 4: Nazareno1999 ($109.30 in chips) 
Seat 5: DAN444513 ($151.60 in chips) 
Seat 6: erpaye ($100 in chips) 
Nazareno1999: posts small blind $0.50
DAN444513: posts big blind $1
*** HOLE CARDS ***
erpaye: folds 
YeeesMan: folds 
Unipoker11: folds 
BoyLoc0: folds 
Nazareno1999: raises $1.50 to $2.50
DAN444513: calls $1.50
*** FLOP *** [As 7c 6d]
Nazareno1999: checks 
DAN444513: checks 
*** TURN *** [As 7c 6d] [4c]
Nazareno1999: bets $1.57
DAN444513: calls $1.57
*** RIVER *** [As 7c 6d 4c] [Qh]
Nazareno1999: checks 
DAN444513: checks 
*** SHOW DOWN ***
Nazareno1999: shows [7s 8d] (a pair of Sevens)
DAN444513: shows [8h Qd] (a pair of Queens)
DAN444513 collected $7.73 from pot
*** SUMMARY ***
Total pot $8.14 | Rake $0.41 
Board [As 7c 6d 4c Qh]
Seat 1: YeeesMan folded before Flop (didn't bet)
Seat 2: Unipoker11 folded before Flop (didn't bet)
Seat 3: BoyLoc0 (button) folded before Flop (didn't bet)
Seat 4: Nazareno1999 (small blind) showed [7s 8d] and lost with a pair of Sevens
Seat 5: DAN444513 (big blind) showed [8h Qd] and won ($7.73) with a pair of Queens
Seat 6: erpaye folded before Flop (didn't bet)



PokerStars Hand #254229111972:  Hold'em No Limit ($0.50/$1.00 USD) - 2025/01/06 16:07:44 WET [2025/01/06 11:07:44 ET]
Table 'Iguassu II' 6-max Seat #5 is the button
Seat 2: Pippa83 ($100 in chips) is sitting out
Seat 3: NISIY ($100 in chips) is sitting out
Seat 1: YeeesMan ($148.32 in chips) 
Seat 4: Nazareno1999 ($134.08 in chips) 
Seat 5: DAN444513 ($121.54 in chips) 
Seat 6: erpaye ($100 in chips) 
erpaye: posts small blind $0.50
YeeesMan: posts big blind $1
Pippa83: sits out 
NISIY: sits out 
*** HOLE CARDS ***
Nazareno1999: folds 
DAN444513 has timed out
DAN444513: folds 
erpaye: calls $0.50
YeeesMan: raises $2.50 to $3.50
erpaye: calls $2.50
*** FLOP *** [5c Qs Ah]
erpaye: checks 
YeeesMan: checks 
*** TURN *** [5c Qs Ah] [8d]
erpaye: checks 
YeeesMan: checks 
*** RIVER *** [5c Qs Ah 8d] [4s]
erpaye: checks 
YeeesMan: checks 
*** SHOW DOWN ***
erpaye: shows [Jd Kh] (high card Ace)
YeeesMan: shows [7d 4d] (a pair of Fours)
YeeesMan collected $6.65 from pot
*** SUMMARY ***
Total pot $7 | Rake $0.35 
Board [5c Qs Ah 8d 4s]
Seat 2: Pippa83
Seat 3: NISIY
Seat 1: YeeesMan (big blind) showed [7d 4d] and won ($6.65) with a pair of Fours
Seat 4: Nazareno1999 folded before Flop (didn't bet)
Seat 5: DAN444513 (button) folded before Flop (didn't bet)
Seat 6: erpaye (small blind) showed [Jd Kh] and lost with high card Ace



PokerStars Hand #254229134601:  Hold'em No Limit ($0.50/$1.00 USD) - 2025/01/06 16:09:16 WET [2025/01/06 11:09:16 ET]
Table 'Iguassu II' 6-max Seat #6 is the button
Seat 3: NISIY ($100 in chips) is sitting out
Seat 1: YeeesMan ($151.47 in chips) 
Seat 2: Pippa83 ($100 in chips) 
Seat 4: Nazareno1999 ($134.08 in chips) 
Seat 5: DAN444513 ($121.54 in chips) 
Seat 6: erpaye ($100 in chips) 
YeeesMan: posts small blind $0.50
Pippa83: posts big blind $1
NISIY: sits out 
*** HOLE CARDS ***
Nazareno1999: folds 
DAN444513: raises $1 to $2
erpaye: folds 
YeeesMan: raises $8 to $10
Pippa83: folds 
DAN444513 has timed out
DAN444513: folds 
Uncalled bet ($8) returned to YeeesMan
YeeesMan collected $5 from pot
YeeesMan: doesn't show hand 
*** SUMMARY ***
Total pot $5 | Rake $0 
Seat 3: NISIY
Seat 1: YeeesMan (small blind) collected ($5)
Seat 2: Pippa83 (big blind) folded before Flop
Seat 4: Nazareno1999 folded before Flop (didn't bet)
Seat 5: DAN444513 folded before Flop
Seat 6: erpaye (button) folded before Flop (didn't bet)



PokerStars Hand #254229147388:  Hold'em No Limit ($0.50/$1.00 USD) - 2025/01/06 16:10:08 WET [2025/01/06 11:10:08 ET]
Table 'Iguassu II' 6-max Seat #1 is the button
Seat 5: DAN444513 ($119.54 in chips) is sitting out
Seat 1: YeeesMan ($154.47 in chips) 
Seat 2: Pippa83 ($100 in chips) 
Seat 3: NISIY ($100 in chips) 
Seat 4: Nazareno1999 ($134.08 in chips) 
Seat 6: erpaye ($100 in chips) 
Pippa83: posts small blind $0.50
NISIY: posts big blind $1
*** HOLE CARDS ***
Nazareno1999: folds 
erpaye: folds 
YeeesMan: folds 
Pippa83: folds 
Uncalled bet ($0.50) returned to NISIY
NISIY collected $1 from pot
NISIY: doesn't show hand 
*** SUMMARY ***
Total pot $1 | Rake $0 
Seat 5: DAN444513
Seat 1: YeeesMan (button) folded before Flop (didn't bet)
Seat 2: Pippa83 (small blind) folded before Flop
Seat 3: NISIY (big blind) collected ($1)
Seat 4: Nazareno1999 folded before Flop (didn't bet)
Seat 6: erpaye folded before Flop (didn't bet)



PokerStars Hand #254229151589:  Hold'em No Limit ($0.50/$1.00 USD) - 2025/01/06 16:10:25 WET [2025/01/06 11:10:25 ET]
Table 'Iguassu II' 6-max Seat #2 is the button
Seat 1: YeeesMan ($154.47 in chips) 
Seat 2: Pippa83 ($100 in chips) 
Seat 3: NISIY ($100.50 in chips) 
Seat 4: Nazareno1999 ($134.08 in chips) 
Seat 5: DAN444513 ($119.54 in chips) 
Seat 6: erpaye ($100 in chips) 
NISIY: posts small blind $0.50
Nazareno1999: posts big blind $1
*** HOLE CARDS ***
DAN444513: folds 
erpaye: folds 
YeeesMan: folds 
Pippa83: raises $1.50 to $2.50
NISIY: folds 
Nazareno1999: raises $9 to $11.50
Pippa83: folds 
Uncalled bet ($9) returned to Nazareno1999
Nazareno1999 collected $5.50 from pot
Nazareno1999: doesn't show hand 
*** SUMMARY ***
Total pot $5.50 | Rake $0 
Seat 1: YeeesMan folded before Flop (didn't bet)
Seat 2: Pippa83 (button) folded before Flop
Seat 3: NISIY (small blind) folded before Flop
Seat 4: Nazareno1999 (big blind) collected ($5.50)
Seat 5: DAN444513 folded before Flop (didn't bet)
Seat 6: erpaye folded before Flop (didn't bet)



PokerStars Hand #254229157610:  Hold'em No Limit ($0.50/$1.00 USD) - 2025/01/06 16:10:49 WET [2025/01/06 11:10:49 ET]
Table 'Iguassu II' 6-max Seat #3 is the button
Seat 1: YeeesMan ($154.47 in chips) 
Seat 2: Pippa83 ($100 in chips) 
Seat 3: NISIY ($100 in chips) 
Seat 4: Nazareno1999 ($137.08 in chips) 
Seat 5: DAN444513 ($119.54 in chips) 
Seat 6: erpaye ($100 in chips) 
Nazareno1999: posts small blind $0.50
DAN444513: posts big blind $1
*** HOLE CARDS ***
erpaye: folds 
YeeesMan: folds 
Pippa83: raises $1.50 to $2.50
NISIY: folds 
Nazareno1999: folds 
DAN444513: calls $1.50
*** FLOP *** [Qc 6c 9s]
DAN444513: checks 
Pippa83: bets $1.04
DAN444513: raises $3.04 to $4.08
Pippa83: calls $3.04
*** TURN *** [Qc 6c 9s] [6s]
DAN444513: checks 
Pippa83: checks 
*** RIVER *** [Qc 6c 9s 6s] [Jc]
DAN444513: checks 
Pippa83: checks 
*** SHOW DOWN ***
DAN444513: shows [Ad 9d] (two pair, Nines and Sixes)
Pippa83: shows [Js Kd] (two pair, Jacks and Sixes)
Pippa83 collected $12.98 from pot
*** SUMMARY ***
Total pot $13.66 | Rake $0.68 
Board [Qc 6c 9s 6s Jc]
Seat 1: YeeesMan folded before Flop (didn't bet)
Seat 2: Pippa83 showed [Js Kd] and won ($12.98) with two pair, Jacks and Sixes
Seat 3: NISIY (button) folded before Flop (didn't bet)
Seat 4: Nazareno1999 (small blind) folded before Flop
Seat 5: DAN444513 (big blind) showed [Ad 9d] and lost with two pair, Nines and Sixes
Seat 6: erpaye folded before Flop (didn't bet)



PokerStars Hand #254229170916:  Hold'em No Limit ($0.50/$1.00 USD) - 2025/01/06 16:11:43 WET [2025/01/06 11:11:43 ET]
Table 'Iguassu II' 6-max Seat #4 is the button
Seat 1: YeeesMan ($154.47 in chips) 
Seat 2: Pippa83 ($106.40 in chips) 
Seat 3: NISIY ($100 in chips) 
Seat 4: Nazareno1999 ($136.58 in chips) 
Seat 5: DAN444513 ($112.96 in chips) 
Seat 6: erpaye ($100 in chips) 
DAN444513: posts small blind $0.50
erpaye: posts big blind $1
*** HOLE CARDS ***
YeeesMan: folds 
Pippa83: folds 
NISIY: folds 
Nazareno1999: folds 
DAN444513: raises $4 to $5
erpaye: folds 
Uncalled bet ($4) returned to DAN444513
DAN444513 collected $2 from pot
*** SUMMARY ***
Total pot $2 | Rake $0 
Seat 1: YeeesMan folded before Flop (didn't bet)
Seat 2: Pippa83 folded before Flop (didn't bet)
Seat 3: NISIY folded before Flop (didn't bet)
Seat 4: Nazareno1999 (button) folded before Flop (didn't bet)
Seat 5: DAN444513 (small blind) collected ($2)
Seat 6: erpaye (big blind) folded before Flop



PokerStars Hand #254229174883:  Hold'em No Limit ($0.50/$1.00 USD) - 2025/01/06 16:11:59 WET [2025/01/06 11:11:59 ET]
Table 'Iguassu II' 6-max Seat #5 is the button
Seat 1: YeeesMan ($154.47 in chips) 
Seat 2: Pippa83 ($106.40 in chips) 
Seat 3: NISIY ($100 in chips) 
Seat 4: Nazareno1999 ($136.58 in chips) 
Seat 5: DAN444513 ($113.96 in chips) 
Seat 6: erpaye ($100 in chips) 
erpaye: posts small blind $0.50
YeeesMan: posts big blind $1
*** HOLE CARDS ***
Pippa83: folds 
NISIY: folds 
Nazareno1999: raises $1.20 to $2.20
DAN444513: calls $2.20
erpaye: folds 
YeeesMan: calls $1.20
*** FLOP *** [6c Kd Qc]
YeeesMan: checks 
Nazareno1999: bets $2.22
DAN444513: calls $2.22
YeeesMan: folds 
*** TURN *** [6c Kd Qc] [5s]
Nazareno1999: bets $16.44
DAN444513: folds 
Uncalled bet ($16.44) returned to Nazareno1999
Nazareno1999 collected $10.96 from pot
Nazareno1999: doesn't show hand 
*** SUMMARY ***
Total pot $11.54 | Rake $0.58 
Board [6c Kd Qc 5s]
Seat 1: YeeesMan (big blind) folded on the Flop
Seat 2: Pippa83 folded before Flop (didn't bet)
Seat 3: NISIY folded before Flop (didn't bet)
Seat 4: Nazareno1999 collected ($10.96)
Seat 5: DAN444513 (button) folded on the Turn
Seat 6: erpaye (small blind) folded before Flop



PokerStars Hand #254229184961:  Hold'em No Limit ($0.50/$1.00 USD) - 2025/01/06 16:12:39 WET [2025/01/06 11:12:39 ET]
Table 'Iguassu II' 6-max Seat #6 is the button
Seat 1: YeeesMan ($152.27 in chips) 
Seat 2: Pippa83 ($106.40 in chips) 
Seat 3: NISIY ($100 in chips) 
Seat 4: Nazareno1999 ($143.12 in chips) 
Seat 5: DAN444513 ($109.54 in chips) 
Seat 6: erpaye ($100 in chips) 
YeeesMan: posts small blind $0.50
Pippa83: posts big blind $1
*** HOLE CARDS ***
NISIY: folds 
Nazareno1999: folds 
DAN444513: folds 
erpaye: raises $1.30 to $2.30
DAN444513 leaves the table
YeeesMan: raises $8.70 to $11
Pippa83: folds 
erpaye: folds 
Uncalled bet ($8.70) returned to YeeesMan
YeeesMan collected $5.60 from pot
YeeesMan: doesn't show hand 
*** SUMMARY ***
Total pot $5.60 | Rake $0 
Seat 1: YeeesMan (small blind) collected ($5.60)
Seat 2: Pippa83 (big blind) folded before Flop
Seat 3: NISIY folded before Flop (didn't bet)
Seat 4: Nazareno1999 folded before Flop (didn't bet)
Seat 5: DAN444513 folded before Flop (didn't bet)
Seat 6: erpaye (button) folded before Flop



PokerStars Hand #254229190476:  Hold'em No Limit ($0.50/$1.00 USD) - 2025/01/06 16:13:02 WET [2025/01/06 11:13:02 ET]
Table 'Iguassu II' 6-max Seat #1 is the button
Seat 1: YeeesMan ($155.57 in chips) 
Seat 2: Pippa83 ($105.40 in chips) 
Seat 3: NISIY ($100 in chips) 
Seat 4: Nazareno1999 ($143.12 in chips) 
Seat 6: erpaye ($100 in chips) 
Pippa83: posts small blind $0.50
NISIY: posts big blind $1
*** HOLE CARDS ***
Nazareno1999: folds 
erpaye: folds 
YeeesMan: folds 
Pippa83: raises $2 to $3
NISIY: raises $6 to $9
Pippa83: folds 
Uncalled bet ($6) returned to NISIY
NISIY collected $6 from pot
NISIY: doesn't show hand 
*** SUMMARY ***
Total pot $6 | Rake $0 
Seat 1: YeeesMan (button) folded before Flop (didn't bet)
Seat 2: Pippa83 (small blind) folded before Flop
Seat 3: NISIY (big blind) collected ($6)
Seat 4: Nazareno1999 folded before Flop (didn't bet)
Seat 6: erpaye folded before Flop (didn't bet)



PokerStars Hand #254229234520:  Hold'em No Limit ($0.50/$1.00 USD) - 2025/01/06 16:16:00 WET [2025/01/06 11:16:00 ET]
Table 'Iguassu II' 6-max Seat #4 is the button
Seat 5: UK Boetseun ($99 in chips) is sitting out
Seat 1: YeeesMan ($156.57 in chips) 
Seat 2: NISIY ($103 in chips) 
Seat 3: Joe_Li7 ($100 in chips) 
Seat 4: Mr_Dick666 ($103.50 in chips) 
Seat 6: blistein ($100.50 in chips) 
blistein: posts small blind $0.50
YeeesMan: posts big blind $1
*** HOLE CARDS ***
NISIY: folds 
Joe_Li7: folds 
Mr_Dick666: folds 
blistein: folds 
Uncalled bet ($0.50) returned to YeeesMan
YeeesMan collected $1 from pot
YeeesMan: doesn't show hand 
*** SUMMARY ***
Total pot $1 | Rake $0 
Seat 5: UK Boetseun
Seat 1: YeeesMan (big blind) collected ($1)
Seat 2: NISIY folded before Flop (didn't bet)
Seat 3: Joe_Li7 folded before Flop (didn't bet)
Seat 4: Mr_Dick666 (button) folded before Flop (didn't bet)
Seat 6: blistein (small blind) folded before Flop



PokerStars Hand #254229236537:  Hold'em No Limit ($0.50/$1.00 USD) - 2025/01/06 16:16:08 WET [2025/01/06 11:16:08 ET]
Table 'Iguassu II' 6-max Seat #6 is the button
Seat 5: UK Boetseun ($99 in chips) is sitting out
Seat 1: YeeesMan ($157.07 in chips) 
Seat 2: NISIY ($103 in chips) 
Seat 3: Joe_Li7 ($100 in chips) 
Seat 4: Mr_Dick666 ($103.50 in chips) 
Seat 6: blistein ($100 in chips) 
YeeesMan: posts small blind $0.50
NISIY: posts big blind $1
UK Boetseun: sits out 
*** HOLE CARDS ***
Joe_Li7: folds 
Mr_Dick666: folds 
blistein: folds 
YeeesMan: folds 
Uncalled bet ($0.50) returned to NISIY
NISIY collected $1 from pot
NISIY: doesn't show hand 
*** SUMMARY ***
Total pot $1 | Rake $0 
Seat 5: UK Boetseun
Seat 1: YeeesMan (small blind) folded before Flop
Seat 2: NISIY (big blind) collected ($1)
Seat 3: Joe_Li7 folded before Flop (didn't bet)
Seat 4: Mr_Dick666 folded before Flop (didn't bet)
Seat 6: blistein (button) folded before Flop (didn't bet)



PokerStars Hand #254229239068:  Hold'em No Limit ($0.50/$1.00 USD) - 2025/01/06 16:16:18 WET [2025/01/06 11:16:18 ET]
Table 'Iguassu II' 6-max Seat #1 is the button
Seat 5: UK Boetseun ($99 in chips) is sitting out
Seat 1: YeeesMan ($156.57 in chips) 
Seat 2: NISIY ($103.50 in chips) 
Seat 3: Joe_Li7 ($100 in chips) 
Seat 4: Mr_Dick666 ($103.50 in chips) 
Seat 6: blistein ($100 in chips) 
NISIY: posts small blind $0.50
Joe_Li7: posts big blind $1
UK Boetseun: sits out 
*** HOLE CARDS ***
Mr_Dick666: folds 
blistein: folds 
YeeesMan: folds 
NISIY: raises $2 to $3
Joe_Li7: calls $2
*** FLOP *** [2d Tc Ks]
NISIY: bets $1.88
Joe_Li7: folds 
Uncalled bet ($1.88) returned to NISIY
NISIY collected $5.70 from pot
NISIY: doesn't show hand 
*** SUMMARY ***
Total pot $6 | Rake $0.30 
Board [2d Tc Ks]
Seat 5: UK Boetseun
Seat 1: YeeesMan (button) folded before Flop (didn't bet)
Seat 2: NISIY (small blind) collected ($5.70)
Seat 3: Joe_Li7 (big blind) folded on the Flop
Seat 4: Mr_Dick666 folded before Flop (didn't bet)
Seat 6: blistein folded before Flop (didn't bet)



PokerStars Hand #254229245883:  Hold'em No Limit ($0.50/$1.00 USD) - 2025/01/06 16:16:46 WET [2025/01/06 11:16:46 ET]
Table 'Iguassu II' 6-max Seat #2 is the button
Seat 5: UK Boetseun ($99 in chips) is sitting out
Seat 1: YeeesMan ($156.57 in chips) 
Seat 2: NISIY ($106.20 in chips) 
Seat 3: Joe_Li7 ($100 in chips) 
Seat 4: Mr_Dick666 ($103.50 in chips) 
Seat 6: blistein ($100 in chips) 
Joe_Li7: posts small blind $0.50
Mr_Dick666: posts big blind $1
UK Boetseun: sits out 
*** HOLE CARDS ***
blistein: folds 
YeeesMan: raises $1.50 to $2.50
NISIY: folds 
Joe_Li7: folds 
Mr_Dick666: folds 
Uncalled bet ($1.50) returned to YeeesMan
YeeesMan collected $2.50 from pot
YeeesMan: doesn't show hand 
*** SUMMARY ***
Total pot $2.50 | Rake $0 
Seat 5: UK Boetseun
Seat 1: YeeesMan collected ($2.50)
Seat 2: NISIY (button) folded before Flop (didn't bet)
Seat 3: Joe_Li7 (small blind) folded before Flop
Seat 4: Mr_Dick666 (big blind) folded before Flop
Seat 6: blistein folded before Flop (didn't bet)



PokerStars Hand #254229251300:  Hold'em No Limit ($0.50/$1.00 USD) - 2025/01/06 16:17:08 WET [2025/01/06 11:17:08 ET]
Table 'Iguassu II' 6-max Seat #3 is the button
Seat 1: YeeesMan ($158.07 in chips) 
Seat 2: NISIY ($106.20 in chips) 
Seat 3: Joe_Li7 ($100 in chips) 
Seat 4: Mr_Dick666 ($102.50 in chips) 
Seat 5: UK Boetseun ($99 in chips) 
Seat 6: blistein ($100 in chips) 
Mr_Dick666: posts small blind $0.50
UK Boetseun: posts big blind $1
*** HOLE CARDS ***
blistein: folds 
YeeesMan: folds 
NISIY: folds 
Joe_Li7: raises $2.50 to $3.50
Mr_Dick666: folds 
UK Boetseun: folds 
Uncalled bet ($2.50) returned to Joe_Li7
Joe_Li7 collected $2.50 from pot
*** SUMMARY ***
Total pot $2.50 | Rake $0 
Seat 1: YeeesMan folded before Flop (didn't bet)
Seat 2: NISIY folded before Flop (didn't bet)
Seat 3: Joe_Li7 (button) collected ($2.50)
Seat 4: Mr_Dick666 (small blind) folded before Flop
Seat 5: UK Boetseun (big blind) folded before Flop
Seat 6: blistein folded before Flop (didn't bet)



PokerStars Hand #254229258832:  Hold'em No Limit ($0.50/$1.00 USD) - 2025/01/06 16:17:39 WET [2025/01/06 11:17:39 ET]
Table 'Iguassu II' 6-max Seat #4 is the button
Seat 1: YeeesMan ($158.07 in chips) 
Seat 2: NISIY ($106.20 in chips) 
Seat 3: Joe_Li7 ($101.50 in chips) 
Seat 4: Mr_Dick666 ($102 in chips) 
Seat 5: UK Boetseun ($98 in chips) 
Seat 6: blistein ($100 in chips) 
UK Boetseun: posts small blind $0.50
blistein: posts big blind $1
*** HOLE CARDS ***
YeeesMan: folds 
NISIY: folds 
Joe_Li7: folds 
Mr_Dick666: raises $1.50 to $2.50
UK Boetseun: folds 
blistein: raises $10.50 to $13
Mr_Dick666: folds 
Uncalled bet ($10.50) returned to blistein
blistein collected $5.50 from pot
blistein: doesn't show hand 
*** SUMMARY ***
Total pot $5.50 | Rake $0 
Seat 1: YeeesMan folded before Flop (didn't bet)
Seat 2: NISIY folded before Flop (didn't bet)
Seat 3: Joe_Li7 folded before Flop (didn't bet)
Seat 4: Mr_Dick666 (button) folded before Flop
Seat 5: UK Boetseun (small blind) folded before Flop
Seat 6: blistein (big blind) collected ($5.50)



PokerStars Hand #254229265368:  Hold'em No Limit ($0.50/$1.00 USD) - 2025/01/06 16:18:05 WET [2025/01/06 11:18:05 ET]
Table 'Iguassu II' 6-max Seat #5 is the button
Seat 1: YeeesMan ($158.07 in chips) 
Seat 2: NISIY ($106.20 in chips) 
Seat 3: Joe_Li7 ($101.50 in chips) 
Seat 4: Mr_Dick666 ($100 in chips) 
Seat 5: UK Boetseun ($97.50 in chips) 
Seat 6: blistein ($103 in chips) 
blistein: posts small blind $0.50
YeeesMan: posts big blind $1
*** HOLE CARDS ***
NISIY: folds 
Joe_Li7: raises $1.20 to $2.20
Mr_Dick666: raises $5.30 to $7.50
UK Boetseun: calls $7.50
blistein: folds 
YeeesMan: folds 
Joe_Li7: raises $15.50 to $23
Mr_Dick666: calls $15.50
UK Boetseun: folds 
*** FLOP *** [6s 8s 5s]
Joe_Li7: bets $5.25
Mr_Dick666: calls $5.25
*** TURN *** [6s 8s 5s] [7h]
Joe_Li7: checks 
Mr_Dick666: bets $15.75
Joe_Li7: calls $15.75
*** RIVER *** [6s 8s 5s 7h] [9s]
Joe_Li7: checks 
Mr_Dick666: bets $56 and is all-in
Joe_Li7: folds 
Uncalled bet ($56) returned to Mr_Dick666
Joe_Li7 leaves the table
Mr_Dick666 collected $94.50 from pot
Mr_Dick666: doesn't show hand 
*** SUMMARY ***
Total pot $97 | Rake $2.50 
Board [6s 8s 5s 7h 9s]
Seat 1: YeeesMan (big blind) folded before Flop
Seat 2: NISIY folded before Flop (didn't bet)
Seat 3: Joe_Li7 folded on the River
Seat 4: Mr_Dick666 collected ($94.50)
Seat 5: UK Boetseun (button) folded before Flop
Seat 6: blistein (small blind) folded before Flop



PokerStars Hand #254229303487:  Hold'em No Limit ($0.50/$1.00 USD) - 2025/01/06 16:20:36 WET [2025/01/06 11:20:36 ET]
Table 'Iguassu II' 6-max Seat #6 is the button
Seat 1: YeeesMan ($157.07 in chips) 
Seat 2: NISIY ($106.20 in chips) 
Seat 4: Mr_Dick666 ($150.50 in chips) 
Seat 5: UK Boetseun ($90 in chips) 
Seat 6: blistein ($102.50 in chips) 
YeeesMan: posts small blind $0.50
NISIY: posts big blind $1
*** HOLE CARDS ***
yzuk joins the table at seat #3 
Mr_Dick666: folds 
UK Boetseun: raises $1 to $2
blistein: folds 
YeeesMan: folds 
NISIY: calls $1
*** FLOP *** [As 7s 9c]
NISIY: checks 
UK Boetseun: bets $2.14
NISIY: folds 
Uncalled bet ($2.14) returned to UK Boetseun
UK Boetseun collected $4.28 from pot
*** SUMMARY ***
Total pot $4.50 | Rake $0.22 
Board [As 7s 9c]
Seat 1: YeeesMan (small blind) folded before Flop
Seat 2: NISIY (big blind) folded on the Flop
Seat 4: Mr_Dick666 folded before Flop (didn't bet)
Seat 5: UK Boetseun collected ($4.28)
Seat 6: blistein (button) folded before Flop (didn't bet)



PokerStars Hand #254229309366:  Hold'em No Limit ($0.50/$1.00 USD) - 2025/01/06 16:20:59 WET [2025/01/06 11:20:59 ET]
Table 'Iguassu II' 6-max Seat #1 is the button
Seat 1: YeeesMan ($156.57 in chips) 
Seat 2: NISIY ($104.20 in chips) 
Seat 3: yzuk ($100 in chips) 
Seat 4: Mr_Dick666 ($150.50 in chips) 
Seat 5: UK Boetseun ($92.28 in chips) 
Seat 6: blistein ($102.50 in chips) 
NISIY: posts small blind $0.50
yzuk: posts big blind $1
*** HOLE CARDS ***
Mr_Dick666: folds 
UK Boetseun: folds 
blistein: folds 
YeeesMan: raises $1.50 to $2.50
NISIY: raises $9.50 to $12
yzuk: folds 
YeeesMan: folds 
Uncalled bet ($9.50) returned to NISIY
NISIY collected $6 from pot
NISIY: doesn't show hand 
*** SUMMARY ***
Total pot $6 | Rake $0 
Seat 1: YeeesMan (button) folded before Flop
Seat 2: NISIY (small blind) collected ($6)
Seat 3: yzuk (big blind) folded before Flop
Seat 4: Mr_Dick666 folded before Flop (didn't bet)
Seat 5: UK Boetseun folded before Flop (didn't bet)
Seat 6: blistein folded before Flop (didn't bet)



PokerStars Hand #254229318019:  Hold'em No Limit ($0.50/$1.00 USD) - 2025/01/06 16:21:33 WET [2025/01/06 11:21:33 ET]
Table 'Iguassu II' 6-max Seat #2 is the button
Seat 1: YeeesMan ($154.07 in chips) 
Seat 2: NISIY ($107.70 in chips) 
Seat 3: yzuk ($100 in chips) 
Seat 4: Mr_Dick666 ($150.50 in chips) 
Seat 5: UK Boetseun ($92.28 in chips) 
Seat 6: blistein ($102.50 in chips) 
yzuk: posts small blind $0.50
Mr_Dick666: posts big blind $1
*** HOLE CARDS ***
UK Boetseun: folds 
blistein: folds 
YeeesMan: raises $1.50 to $2.50
NISIY: folds 
yzuk: raises $10 to $12.50
Mr_Dick666: folds 
YeeesMan: folds 
Uncalled bet ($10) returned to yzuk
yzuk collected $6 from pot
yzuk: doesn't show hand 
*** SUMMARY ***
Total pot $6 | Rake $0 
Seat 1: YeeesMan folded before Flop
Seat 2: NISIY (button) folded before Flop (didn't bet)
Seat 3: yzuk (small blind) collected ($6)
Seat 4: Mr_Dick666 (big blind) folded before Flop
Seat 5: UK Boetseun folded before Flop (didn't bet)
Seat 6: blistein folded before Flop (didn't bet)



PokerStars Hand #254229324251:  Hold'em No Limit ($0.50/$1.00 USD) - 2025/01/06 16:21:58 WET [2025/01/06 11:21:58 ET]
Table 'Iguassu II' 6-max Seat #3 is the button
Seat 1: YeeesMan ($151.57 in chips) 
Seat 2: NISIY ($107.70 in chips) 
Seat 3: yzuk ($103.50 in chips) 
Seat 4: Mr_Dick666 ($149.50 in chips) 
Seat 5: UK Boetseun ($92.28 in chips) 
Seat 6: blistein ($102.50 in chips) 
Mr_Dick666: posts small blind $0.50
UK Boetseun: posts big blind $1
*** HOLE CARDS ***
blistein: folds 
YeeesMan: folds 
NISIY: raises $1.50 to $2.50
yzuk: folds 
Mr_Dick666: calls $2
UK Boetseun: calls $1.50
*** FLOP *** [2c 9h Ad]
Mr_Dick666: checks 
UK Boetseun: bets $3
NISIY: calls $3
Mr_Dick666: folds 
*** TURN *** [2c 9h Ad] [Qs]
UK Boetseun: checks 
NISIY: checks 
*** RIVER *** [2c 9h Ad Qs] [Ah]
UK Boetseun: bets $4
NISIY: calls $4
*** SHOW DOWN ***
UK Boetseun: shows [8d 9c] (two pair, Aces and Nines)
NISIY: shows [Ts Tc] (two pair, Aces and Tens)
NISIY collected $20.42 from pot
*** SUMMARY ***
Total pot $21.50 | Rake $1.08 
Board [2c 9h Ad Qs Ah]
Seat 1: YeeesMan folded before Flop (didn't bet)
Seat 2: NISIY showed [Ts Tc] and won ($20.42) with two pair, Aces and Tens
Seat 3: yzuk (button) folded before Flop (didn't bet)
Seat 4: Mr_Dick666 (small blind) folded on the Flop
Seat 5: UK Boetseun (big blind) showed [8d 9c] and lost with two pair, Aces and Nines
Seat 6: blistein folded before Flop (didn't bet)



PokerStars Hand #254229339126:  Hold'em No Limit ($0.50/$1.00 USD) - 2025/01/06 16:22:56 WET [2025/01/06 11:22:56 ET]
Table 'Iguassu II' 6-max Seat #4 is the button
Seat 1: YeeesMan ($151.57 in chips) 
Seat 2: NISIY ($118.62 in chips) 
Seat 3: yzuk ($103.50 in chips) 
Seat 4: Mr_Dick666 ($147 in chips) 
Seat 5: UK Boetseun ($82.78 in chips) 
Seat 6: blistein ($102.50 in chips) 
UK Boetseun: posts small blind $0.50
blistein: posts big blind $1
*** HOLE CARDS ***
YeeesMan: folds 
NISIY: folds 
yzuk: folds 
Mr_Dick666: folds 
UK Boetseun: folds 
Uncalled bet ($0.50) returned to blistein
blistein collected $1 from pot
blistein: doesn't show hand 
*** SUMMARY ***
Total pot $1 | Rake $0 
Seat 1: YeeesMan folded before Flop (didn't bet)
Seat 2: NISIY folded before Flop (didn't bet)
Seat 3: yzuk folded before Flop (didn't bet)
Seat 4: Mr_Dick666 (button) folded before Flop (didn't bet)
Seat 5: UK Boetseun (small blind) folded before Flop
Seat 6: blistein (big blind) collected ($1)



PokerStars Hand #254229341203:  Hold'em No Limit ($0.50/$1.00 USD) - 2025/01/06 16:23:05 WET [2025/01/06 11:23:05 ET]
Table 'Iguassu II' 6-max Seat #5 is the button
Seat 1: YeeesMan ($151.57 in chips) 
Seat 2: NISIY ($118.62 in chips) 
Seat 3: yzuk ($103.50 in chips) 
Seat 4: Mr_Dick666 ($147 in chips) 
Seat 5: UK Boetseun ($82.28 in chips) 
Seat 6: blistein ($103 in chips) 
blistein: posts small blind $0.50
YeeesMan: posts big blind $1
*** HOLE CARDS ***
NISIY: folds 
yzuk: folds 
Mr_Dick666: raises $1.50 to $2.50
UK Boetseun: folds 
blistein: folds 
YeeesMan: calls $1.50
*** FLOP *** [9h 2h Tc]
YeeesMan: checks 
Mr_Dick666: bets $6
YeeesMan: folds 
Uncalled bet ($6) returned to Mr_Dick666
Mr_Dick666 collected $5.22 from pot
Mr_Dick666: doesn't show hand 
*** SUMMARY ***
Total pot $5.50 | Rake $0.28 
Board [9h 2h Tc]
Seat 1: YeeesMan (big blind) folded on the Flop
Seat 2: NISIY folded before Flop (didn't bet)
Seat 3: yzuk folded before Flop (didn't bet)
Seat 4: Mr_Dick666 collected ($5.22)
Seat 5: UK Boetseun (button) folded before Flop (didn't bet)
Seat 6: blistein (small blind) folded before Flop



PokerStars Hand #254229352942:  Hold'em No Limit ($0.50/$1.00 USD) - 2025/01/06 16:23:52 WET [2025/01/06 11:23:52 ET]
Table 'Iguassu II' 6-max Seat #6 is the button
Seat 1: YeeesMan ($149.07 in chips) 
Seat 2: NISIY ($118.62 in chips) 
Seat 3: yzuk ($103.50 in chips) 
Seat 4: Mr_Dick666 ($149.72 in chips) 
Seat 5: UK Boetseun ($82.28 in chips) 
Seat 6: blistein ($102.50 in chips) 
YeeesMan: posts small blind $0.50
NISIY: posts big blind $1
*** HOLE CARDS ***
yzuk has timed out
yzuk: folds 
Mr_Dick666: folds 
UK Boetseun: folds 
blistein: raises $1.50 to $2.50
YeeesMan: folds 
NISIY: calls $1.50
*** FLOP *** [9c Jd 6d]
NISIY: checks 
blistein: bets $3.50
NISIY: calls $3.50
*** TURN *** [9c Jd 6d] [2s]
NISIY: checks 
blistein: bets $14.85
NISIY: folds 
Uncalled bet ($14.85) returned to blistein
blistein collected $11.88 from pot
blistein: doesn't show hand 
*** SUMMARY ***
Total pot $12.50 | Rake $0.62 
Board [9c Jd 6d 2s]
Seat 1: YeeesMan (small blind) folded before Flop
Seat 2: NISIY (big blind) folded on the Turn
Seat 3: yzuk folded before Flop (didn't bet)
Seat 4: Mr_Dick666 folded before Flop (didn't bet)
Seat 5: UK Boetseun folded before Flop (didn't bet)
Seat 6: blistein (button) collected ($11.88)



PokerStars Hand #254229372423:  Hold'em No Limit ($0.50/$1.00 USD) - 2025/01/06 16:25:10 WET [2025/01/06 11:25:10 ET]
Table 'Iguassu II' 6-max Seat #1 is the button
Seat 1: YeeesMan ($148.57 in chips) 
Seat 2: NISIY ($112.62 in chips) 
Seat 3: yzuk ($103.50 in chips) 
Seat 4: Mr_Dick666 ($149.72 in chips) 
Seat 5: UK Boetseun ($82.28 in chips) 
Seat 6: blistein ($108.38 in chips) 
NISIY: posts small blind $0.50
yzuk: posts big blind $1
*** HOLE CARDS ***
Mr_Dick666: folds 
UK Boetseun: folds 
blistein: folds 
YeeesMan: folds 
NISIY: raises $2 to $3
yzuk: calls $2
*** FLOP *** [7h 6c 9h]
NISIY: checks 
yzuk: bets $1.94
NISIY: calls $1.94
*** TURN *** [7h 6c 9h] [Ah]
NISIY: checks 
yzuk: bets $7.23
NISIY: raises $20.87 to $28.10
yzuk: calls $20.87
*** RIVER *** [7h 6c 9h Ah] [2s]
NISIY: bets $79.58 and is all-in
yzuk: folds 
Uncalled bet ($79.58) returned to NISIY
NISIY collected $63.58 from pot
NISIY: doesn't show hand 
*** SUMMARY ***
Total pot $66.08 | Rake $2.50 
Board [7h 6c 9h Ah 2s]
Seat 1: YeeesMan (button) folded before Flop (didn't bet)
Seat 2: NISIY (small blind) collected ($63.58)
Seat 3: yzuk (big blind) folded on the River
Seat 4: Mr_Dick666 folded before Flop (didn't bet)
Seat 5: UK Boetseun folded before Flop (didn't bet)
Seat 6: blistein folded before Flop (didn't bet)



PokerStars Hand #254229395533:  Hold'em No Limit ($0.50/$1.00 USD) - 2025/01/06 16:26:42 WET [2025/01/06 11:26:42 ET]
Table 'Iguassu II' 6-max Seat #2 is the button
Seat 1: YeeesMan ($148.57 in chips) 
Seat 2: NISIY ($143.16 in chips) 
Seat 3: yzuk ($100 in chips) 
Seat 4: Mr_Dick666 ($149.72 in chips) 
Seat 5: UK Boetseun ($82.28 in chips) 
Seat 6: blistein ($108.38 in chips) 
yzuk: posts small blind $0.50
Mr_Dick666: posts big blind $1
*** HOLE CARDS ***
UK Boetseun: raises $1 to $2
blistein: folds 
YeeesMan: folds 
NISIY: folds 
yzuk: folds 
Mr_Dick666: folds 
Uncalled bet ($1) returned to UK Boetseun
UK Boetseun collected $2.50 from pot
*** SUMMARY ***
Total pot $2.50 | Rake $0 
Seat 1: YeeesMan folded before Flop (didn't bet)
Seat 2: NISIY (button) folded before Flop (didn't bet)
Seat 3: yzuk (small blind) folded before Flop
Seat 4: Mr_Dick666 (big blind) folded before Flop
Seat 5: UK Boetseun collected ($2.50)
Seat 6: blistein folded before Flop (didn't bet)



PokerStars Hand #254229399111:  Hold'em No Limit ($0.50/$1.00 USD) - 2025/01/06 16:26:57 WET [2025/01/06 11:26:57 ET]
Table 'Iguassu II' 6-max Seat #3 is the button
Seat 1: YeeesMan ($148.57 in chips) 
Seat 2: NISIY ($143.16 in chips) 
Seat 3: yzuk ($100 in chips) 
Seat 4: Mr_Dick666 ($148.72 in chips) 
Seat 5: UK Boetseun ($83.78 in chips) 
Seat 6: blistein ($108.38 in chips) 
Mr_Dick666: posts small blind $0.50
UK Boetseun: posts big blind $1
*** HOLE CARDS ***
blistein: folds 
YeeesMan: folds 
NISIY: folds 
yzuk: raises $1.50 to $2.50
Mr_Dick666: folds 
UK Boetseun: calls $1.50
*** FLOP *** [2d 4d Qs]
UK Boetseun: bets $1
yzuk: raises $2.45 to $3.45
UK Boetseun: folds 
Uncalled bet ($2.45) returned to yzuk
yzuk collected $7.12 from pot
yzuk: doesn't show hand 
*** SUMMARY ***
Total pot $7.50 | Rake $0.38 
Board [2d 4d Qs]
Seat 1: YeeesMan folded before Flop (didn't bet)
Seat 2: NISIY folded before Flop (didn't bet)
Seat 3: yzuk (button) collected ($7.12)
Seat 4: Mr_Dick666 (small blind) folded before Flop
Seat 5: UK Boetseun (big blind) folded on the Flop
Seat 6: blistein folded before Flop (didn't bet)



PokerStars Hand #254229404735:  Hold'em No Limit ($0.50/$1.00 USD) - 2025/01/06 16:27:19 WET [2025/01/06 11:27:19 ET]
Table 'Iguassu II' 6-max Seat #4 is the button
Seat 1: YeeesMan ($148.57 in chips) 
Seat 2: NISIY ($143.16 in chips) 
Seat 3: yzuk ($103.62 in chips) 
Seat 4: Mr_Dick666 ($148.22 in chips) 
Seat 5: UK Boetseun ($80.28 in chips) 
Seat 6: blistein ($108.38 in chips) 
UK Boetseun: posts small blind $0.50
blistein: posts big blind $1
*** HOLE CARDS ***
YeeesMan: folds 
NISIY: folds 
yzuk: raises $1.50 to $2.50
Mr_Dick666: folds 
UK Boetseun: folds 
blistein: folds 
Uncalled bet ($1.50) returned to yzuk
yzuk collected $2.50 from pot
yzuk: doesn't show hand 
*** SUMMARY ***
Total pot $2.50 | Rake $0 
Seat 1: YeeesMan folded before Flop (didn't bet)
Seat 2: NISIY folded before Flop (didn't bet)
Seat 3: yzuk collected ($2.50)
Seat 4: Mr_Dick666 (button) folded before Flop (didn't bet)
Seat 5: UK Boetseun (small blind) folded before Flop
Seat 6: blistein (big blind) folded before Flop



PokerStars Hand #254229407776:  Hold'em No Limit ($0.50/$1.00 USD) - 2025/01/06 16:27:31 WET [2025/01/06 11:27:31 ET]
Table 'Iguassu II' 6-max Seat #5 is the button
Seat 1: YeeesMan ($148.57 in chips) 
Seat 2: NISIY ($143.16 in chips) 
Seat 3: yzuk ($105.12 in chips) 
Seat 4: Mr_Dick666 ($148.22 in chips) 
Seat 5: UK Boetseun ($79.78 in chips) 
Seat 6: blistein ($107.38 in chips) 
blistein: posts small blind $0.50
YeeesMan: posts big blind $1
*** HOLE CARDS ***
NISIY: raises $1.50 to $2.50
yzuk: folds 
Mr_Dick666: folds 
UK Boetseun: folds 
blistein: folds 
YeeesMan: calls $1.50
*** FLOP *** [5c Tc Jc]
YeeesMan: checks 
NISIY: checks 
*** TURN *** [5c Tc Jc] [8d]
YeeesMan: checks 
NISIY: checks 
*** RIVER *** [5c Tc Jc 8d] [Kh]
YeeesMan: checks 
NISIY: checks 
*** SHOW DOWN ***
YeeesMan: shows [7s 7h] (a pair of Sevens)
NISIY: shows [9d 9c] (a pair of Nines)
NISIY collected $5.22 from pot
*** SUMMARY ***
Total pot $5.50 | Rake $0.28 
Board [5c Tc Jc 8d Kh]
Seat 1: YeeesMan (big blind) showed [7s 7h] and lost with a pair of Sevens
Seat 2: NISIY showed [9d 9c] and won ($5.22) with a pair of Nines
Seat 3: yzuk folded before Flop (didn't bet)
Seat 4: Mr_Dick666 folded before Flop (didn't bet)
Seat 5: UK Boetseun (button) folded before Flop (didn't bet)
Seat 6: blistein (small blind) folded before Flop



PokerStars Hand #254229422359:  Hold'em No Limit ($0.50/$1.00 USD) - 2025/01/06 16:28:30 WET [2025/01/06 11:28:30 ET]
Table 'Iguassu II' 6-max Seat #6 is the button
Seat 1: YeeesMan ($146.07 in chips) 
Seat 2: NISIY ($145.88 in chips) 
Seat 3: yzuk ($105.12 in chips) 
Seat 4: Mr_Dick666 ($148.22 in chips) 
Seat 5: UK Boetseun ($79.78 in chips) 
Seat 6: blistein ($106.88 in chips) 
YeeesMan: posts small blind $0.50
NISIY: posts big blind $1
*** HOLE CARDS ***
yzuk: folds 
Mr_Dick666: folds 
UK Boetseun: folds 
blistein: folds 
YeeesMan: folds 
Uncalled bet ($0.50) returned to NISIY
NISIY collected $1 from pot
NISIY: doesn't show hand 
*** SUMMARY ***
Total pot $1 | Rake $0 
Seat 1: YeeesMan (small blind) folded before Flop
Seat 2: NISIY (big blind) collected ($1)
Seat 3: yzuk folded before Flop (didn't bet)
Seat 4: Mr_Dick666 folded before Flop (didn't bet)
Seat 5: UK Boetseun folded before Flop (didn't bet)
Seat 6: blistein (button) folded before Flop (didn't bet)



PokerStars Hand #254229425302:  Hold'em No Limit ($0.50/$1.00 USD) - 2025/01/06 16:28:42 WET [2025/01/06 11:28:42 ET]
Table 'Iguassu II' 6-max Seat #1 is the button
Seat 1: YeeesMan ($145.57 in chips) 
Seat 2: NISIY ($146.38 in chips) 
Seat 3: yzuk ($105.12 in chips) 
Seat 4: Mr_Dick666 ($148.22 in chips) 
Seat 5: UK Boetseun ($79.78 in chips) 
Seat 6: blistein ($106.88 in chips) 
NISIY: posts small blind $0.50
yzuk: posts big blind $1
*** HOLE CARDS ***
Mr_Dick666: folds 
UK Boetseun: folds 
blistein: folds 
YeeesMan: folds 
NISIY: folds 
Uncalled bet ($0.50) returned to yzuk
yzuk collected $1 from pot
yzuk: doesn't show hand 
*** SUMMARY ***
Total pot $1 | Rake $0 
Seat 1: YeeesMan (button) folded before Flop (didn't bet)
Seat 2: NISIY (small blind) folded before Flop
Seat 3: yzuk (big blind) collected ($1)
Seat 4: Mr_Dick666 folded before Flop (didn't bet)
Seat 5: UK Boetseun folded before Flop (didn't bet)
Seat 6: blistein folded before Flop (didn't bet)



PokerStars Hand #254229427152:  Hold'em No Limit ($0.50/$1.00 USD) - 2025/01/06 16:28:50 WET [2025/01/06 11:28:50 ET]
Table 'Iguassu II' 6-max Seat #2 is the button
Seat 1: YeeesMan ($145.57 in chips) 
Seat 2: NISIY ($145.88 in chips) 
Seat 3: yzuk ($105.62 in chips) 
Seat 4: Mr_Dick666 ($148.22 in chips) 
Seat 5: UK Boetseun ($79.78 in chips) 
Seat 6: blistein ($106.88 in chips) 
yzuk: posts small blind $0.50
Mr_Dick666: posts big blind $1
*** HOLE CARDS ***
UK Boetseun: folds 
blistein: folds 
YeeesMan: raises $1.50 to $2.50
NISIY: folds 
yzuk: folds 
Mr_Dick666: folds 
Uncalled bet ($1.50) returned to YeeesMan
YeeesMan collected $2.50 from pot
YeeesMan: doesn't show hand 
*** SUMMARY ***
Total pot $2.50 | Rake $0 
Seat 1: YeeesMan collected ($2.50)
Seat 2: NISIY (button) folded before Flop (didn't bet)
Seat 3: yzuk (small blind) folded before Flop
Seat 4: Mr_Dick666 (big blind) folded before Flop
Seat 5: UK Boetseun folded before Flop (didn't bet)
Seat 6: blistein folded before Flop (didn't bet)



PokerStars Hand #254229432435:  Hold'em No Limit ($0.50/$1.00 USD) - 2025/01/06 16:29:11 WET [2025/01/06 11:29:11 ET]
Table 'Iguassu II' 6-max Seat #3 is the button
Seat 1: YeeesMan ($147.07 in chips) 
Seat 2: NISIY ($145.88 in chips) 
Seat 3: yzuk ($105.12 in chips) 
Seat 4: Mr_Dick666 ($147.22 in chips) 
Seat 5: UK Boetseun ($79.78 in chips) 
Seat 6: blistein ($106.88 in chips) 
Mr_Dick666: posts small blind $0.50
UK Boetseun: posts big blind $1
*** HOLE CARDS ***
blistein: folds 
YeeesMan: folds 
NISIY: folds 
yzuk: folds 
Mr_Dick666: folds 
Uncalled bet ($0.50) returned to UK Boetseun
UK Boetseun collected $1 from pot
*** SUMMARY ***
Total pot $1 | Rake $0 
Seat 1: YeeesMan folded before Flop (didn't bet)
Seat 2: NISIY folded before Flop (didn't bet)
Seat 3: yzuk (button) folded before Flop (didn't bet)
Seat 4: Mr_Dick666 (small blind) folded before Flop
Seat 5: UK Boetseun (big blind) collected ($1)
Seat 6: blistein folded before Flop (didn't bet)



PokerStars Hand #254229435693:  Hold'em No Limit ($0.50/$1.00 USD) - 2025/01/06 16:29:24 WET [2025/01/06 11:29:24 ET]
Table 'Iguassu II' 6-max Seat #4 is the button
Seat 1: YeeesMan ($147.07 in chips) 
Seat 2: NISIY ($145.88 in chips) 
Seat 3: yzuk ($105.12 in chips) 
Seat 4: Mr_Dick666 ($146.72 in chips) 
Seat 5: UK Boetseun ($80.28 in chips) 
Seat 6: blistein ($106.88 in chips) 
UK Boetseun: posts small blind $0.50
blistein: posts big blind $1
*** HOLE CARDS ***
YeeesMan: raises $1.50 to $2.50
NISIY: folds 
yzuk: folds 
Mr_Dick666: folds 
UK Boetseun: folds 
blistein: folds 
Uncalled bet ($1.50) returned to YeeesMan
YeeesMan collected $2.50 from pot
YeeesMan: doesn't show hand 
*** SUMMARY ***
Total pot $2.50 | Rake $0 
Seat 1: YeeesMan collected ($2.50)
Seat 2: NISIY folded before Flop (didn't bet)
Seat 3: yzuk folded before Flop (didn't bet)
Seat 4: Mr_Dick666 (button) folded before Flop (didn't bet)
Seat 5: UK Boetseun (small blind) folded before Flop
Seat 6: blistein (big blind) folded before Flop



PokerStars Hand #254229440595:  Hold'em No Limit ($0.50/$1.00 USD) - 2025/01/06 16:29:43 WET [2025/01/06 11:29:43 ET]
Table 'Iguassu II' 6-max Seat #5 is the button
Seat 1: YeeesMan ($148.57 in chips) 
Seat 2: NISIY ($145.88 in chips) 
Seat 3: yzuk ($105.12 in chips) 
Seat 4: Mr_Dick666 ($146.72 in chips) 
Seat 5: UK Boetseun ($79.78 in chips) 
Seat 6: blistein ($105.88 in chips) 
blistein: posts small blind $0.50
YeeesMan: posts big blind $1
*** HOLE CARDS ***
NISIY: folds 
yzuk: folds 
Mr_Dick666: raises $1.50 to $2.50
UK Boetseun: folds 
blistein: folds 
YeeesMan: folds 
Uncalled bet ($1.50) returned to Mr_Dick666
Mr_Dick666 collected $2.50 from pot
Mr_Dick666: doesn't show hand 
*** SUMMARY ***
Total pot $2.50 | Rake $0 
Seat 1: YeeesMan (big blind) folded before Flop
Seat 2: NISIY folded before Flop (didn't bet)
Seat 3: yzuk folded before Flop (didn't bet)
Seat 4: Mr_Dick666 collected ($2.50)
Seat 5: UK Boetseun (button) folded before Flop (didn't bet)
Seat 6: blistein (small blind) folded before Flop



PokerStars Hand #254229444317:  Hold'em No Limit ($0.50/$1.00 USD) - 2025/01/06 16:29:58 WET [2025/01/06 11:29:58 ET]
Table 'Iguassu II' 6-max Seat #6 is the button
Seat 1: YeeesMan ($147.57 in chips) 
Seat 2: NISIY ($145.88 in chips) 
Seat 3: yzuk ($105.12 in chips) 
Seat 4: Mr_Dick666 ($148.22 in chips) 
Seat 5: UK Boetseun ($79.78 in chips) 
Seat 6: blistein ($105.38 in chips) 
YeeesMan: posts small blind $0.50
NISIY: posts big blind $1
*** HOLE CARDS ***
yzuk: folds 
Mr_Dick666: folds 
UK Boetseun: folds 
blistein: folds 
YeeesMan: folds 
Uncalled bet ($0.50) returned to NISIY
NISIY collected $1 from pot
NISIY: doesn't show hand 
*** SUMMARY ***
Total pot $1 | Rake $0 
Seat 1: YeeesMan (small blind) folded before Flop
Seat 2: NISIY (big blind) collected ($1)
Seat 3: yzuk folded before Flop (didn't bet)
Seat 4: Mr_Dick666 folded before Flop (didn't bet)
Seat 5: UK Boetseun folded before Flop (didn't bet)
Seat 6: blistein (button) folded before Flop (didn't bet)



PokerStars Hand #254229448504:  Hold'em No Limit ($0.50/$1.00 USD) - 2025/01/06 16:30:13 WET [2025/01/06 11:30:13 ET]
Table 'Iguassu II' 6-max Seat #1 is the button
Seat 1: YeeesMan ($147.07 in chips) 
Seat 2: NISIY ($146.38 in chips) 
Seat 3: yzuk ($105.12 in chips) 
Seat 4: Mr_Dick666 ($148.22 in chips) 
Seat 5: UK Boetseun ($79.78 in chips) 
Seat 6: blistein ($105.38 in chips) 
NISIY: posts small blind $0.50
yzuk: posts big blind $1
*** HOLE CARDS ***
Mr_Dick666: folds 
UK Boetseun: raises $1 to $2
blistein: raises $4 to $6
YeeesMan: folds 
NISIY: folds 
yzuk: folds 
UK Boetseun: calls $4
*** FLOP *** [3d 9d 3c]
UK Boetseun: checks 
blistein: checks 
*** TURN *** [3d 9d 3c] [Qs]
UK Boetseun: bets $6.41
blistein: calls $6.41
*** RIVER *** [3d 9d 3c Qs] [6c]
UK Boetseun: bets $12.50
blistein: calls $12.50
*** SHOW DOWN ***
UK Boetseun: shows [Ts Qd] (two pair, Queens and Threes)
blistein: mucks hand 
UK Boetseun collected $48.82 from pot
*** SUMMARY ***
Total pot $51.32 | Rake $2.50 
Board [3d 9d 3c Qs 6c]
Seat 1: YeeesMan (button) folded before Flop (didn't bet)
Seat 2: NISIY (small blind) folded before Flop
Seat 3: yzuk (big blind) folded before Flop
Seat 4: Mr_Dick666 folded before Flop (didn't bet)
Seat 5: UK Boetseun showed [Ts Qd] and won ($48.82) with two pair, Queens and Threes
Seat 6: blistein mucked



PokerStars Hand #254229462751:  Hold'em No Limit ($0.50/$1.00 USD) - 2025/01/06 16:31:09 WET [2025/01/06 11:31:09 ET]
Table 'Iguassu II' 6-max Seat #2 is the button
Seat 1: YeeesMan ($147.07 in chips) 
Seat 2: NISIY ($145.88 in chips) 
Seat 3: yzuk ($104.12 in chips) 
Seat 4: Mr_Dick666 ($148.22 in chips) 
Seat 5: UK Boetseun ($103.69 in chips) 
Seat 6: blistein ($100 in chips) 
yzuk: posts small blind $0.50
Mr_Dick666: posts big blind $1
*** HOLE CARDS ***
UK Boetseun: folds 
blistein: folds 
YeeesMan: folds 
NISIY: raises $1.50 to $2.50
yzuk: folds 
Mr_Dick666: folds 
Uncalled bet ($1.50) returned to NISIY
NISIY collected $2.50 from pot
NISIY: doesn't show hand 
*** SUMMARY ***
Total pot $2.50 | Rake $0 
Seat 1: YeeesMan folded before Flop (didn't bet)
Seat 2: NISIY (button) collected ($2.50)
Seat 3: yzuk (small blind) folded before Flop
Seat 4: Mr_Dick666 (big blind) folded before Flop
Seat 5: UK Boetseun folded before Flop (didn't bet)
Seat 6: blistein folded before Flop (didn't bet)



PokerStars Hand #254229467057:  Hold'em No Limit ($0.50/$1.00 USD) - 2025/01/06 16:31:25 WET [2025/01/06 11:31:25 ET]
Table 'Iguassu II' 6-max Seat #3 is the button
Seat 1: YeeesMan ($147.07 in chips) 
Seat 2: NISIY ($147.38 in chips) 
Seat 3: yzuk ($103.62 in chips) 
Seat 4: Mr_Dick666 ($147.22 in chips) 
Seat 5: UK Boetseun ($103.69 in chips) 
Seat 6: blistein ($100 in chips) 
Mr_Dick666: posts small blind $0.50
UK Boetseun: posts big blind $1
*** HOLE CARDS ***
blistein: folds 
YeeesMan: raises $1.50 to $2.50
NISIY: folds 
yzuk: folds 
Mr_Dick666: folds 
UK Boetseun: folds 
Uncalled bet ($1.50) returned to YeeesMan
YeeesMan collected $2.50 from pot
YeeesMan: doesn't show hand 
*** SUMMARY ***
Total pot $2.50 | Rake $0 
Seat 1: YeeesMan collected ($2.50)
Seat 2: NISIY folded before Flop (didn't bet)
Seat 3: yzuk (button) folded before Flop (didn't bet)
Seat 4: Mr_Dick666 (small blind) folded before Flop
Seat 5: UK Boetseun (big blind) folded before Flop
Seat 6: blistein folded before Flop (didn't bet)



PokerStars Hand #254229470871:  Hold'em No Limit ($0.50/$1.00 USD) - 2025/01/06 16:31:40 WET [2025/01/06 11:31:40 ET]
Table 'Iguassu II' 6-max Seat #4 is the button
Seat 1: YeeesMan ($148.57 in chips) 
Seat 2: NISIY ($147.38 in chips) 
Seat 3: yzuk ($103.62 in chips) 
Seat 4: Mr_Dick666 ($146.72 in chips) 
Seat 5: UK Boetseun ($102.69 in chips) 
Seat 6: blistein ($100 in chips) 
UK Boetseun: posts small blind $0.50
blistein: posts big blind $1
*** HOLE CARDS ***
YeeesMan: folds 
NISIY: folds 
yzuk: folds 
Mr_Dick666: folds 
UK Boetseun: folds 
Uncalled bet ($0.50) returned to blistein
blistein collected $1 from pot
blistein: doesn't show hand 
*** SUMMARY ***
Total pot $1 | Rake $0 
Seat 1: YeeesMan folded before Flop (didn't bet)
Seat 2: NISIY folded before Flop (didn't bet)
Seat 3: yzuk folded before Flop (didn't bet)
Seat 4: Mr_Dick666 (button) folded before Flop (didn't bet)
Seat 5: UK Boetseun (small blind) folded before Flop
Seat 6: blistein (big blind) collected ($1)



PokerStars Hand #254229474541:  Hold'em No Limit ($0.50/$1.00 USD) - 2025/01/06 16:31:54 WET [2025/01/06 11:31:54 ET]
Table 'Iguassu II' 6-max Seat #5 is the button
Seat 1: YeeesMan ($148.57 in chips) 
Seat 2: NISIY ($147.38 in chips) 
Seat 3: yzuk ($103.62 in chips) 
Seat 4: Mr_Dick666 ($146.72 in chips) 
Seat 5: UK Boetseun ($102.19 in chips) 
Seat 6: blistein ($100.50 in chips) 
blistein: posts small blind $0.50
YeeesMan: posts big blind $1
*** HOLE CARDS ***
NISIY: folds 
yzuk: folds 
Mr_Dick666: folds 
UK Boetseun: raises $1 to $2
blistein: raises $9 to $11
YeeesMan: raises $13 to $24
UK Boetseun: folds 
blistein: raises $76.50 to $100.50 and is all-in
YeeesMan: calls $76.50
*** FIRST FLOP *** [8c 2h 8d]
*** FIRST TURN *** [8c 2h 8d] [5s]
*** FIRST RIVER *** [8c 2h 8d 5s] [Td]
*** SECOND FLOP *** [7c 9d Qc]
*** SECOND TURN *** [7c 9d Qc] [8s]
*** SECOND RIVER *** [7c 9d Qc 8s] [3c]
*** FIRST SHOW DOWN ***
blistein: shows [As Ks] (a pair of Eights)
YeeesMan: shows [Tc Ts] (a full house, Tens full of Eights)
YeeesMan collected $100.25 from pot
*** SECOND SHOW DOWN ***
blistein: shows [As Ks] (high card Ace)
YeeesMan: shows [Tc Ts] (a pair of Tens)
YeeesMan collected $100.25 from pot
*** SUMMARY ***
Total pot $203 | Rake $2.50 
Hand was run twice
FIRST Board [8c 2h 8d 5s Td]
SECOND Board [7c 9d Qc 8s 3c]
Seat 1: YeeesMan (big blind) showed [Tc Ts] and won ($100.25) with a full house, Tens full of Eights, and won ($100.25) with a pair of Tens
Seat 2: NISIY folded before Flop (didn't bet)
Seat 3: yzuk folded before Flop (didn't bet)
Seat 4: Mr_Dick666 folded before Flop (didn't bet)
Seat 5: UK Boetseun (button) folded before Flop
Seat 6: blistein (small blind) showed [As Ks] and lost with a pair of Eights, and lost with high card Ace



PokerStars Hand #254229491869:  Hold'em No Limit ($0.50/$1.00 USD) - 2025/01/06 16:33:01 WET [2025/01/06 11:33:01 ET]
Table 'Iguassu II' 6-max Seat #6 is the button
Seat 1: YeeesMan ($248.57 in chips) 
Seat 2: NISIY ($147.38 in chips) 
Seat 3: yzuk ($103.62 in chips) 
Seat 4: Mr_Dick666 ($146.72 in chips) 
Seat 5: UK Boetseun ($100.19 in chips) 
Seat 6: blistein ($100 in chips) 
YeeesMan: posts small blind $0.50
NISIY: posts big blind $1
*** HOLE CARDS ***
yzuk: folds 
Mr_Dick666: raises $1 to $2
UK Boetseun: folds 
blistein: folds 
YeeesMan: folds 
NISIY: folds 
Uncalled bet ($1) returned to Mr_Dick666
Mr_Dick666 collected $2.50 from pot
Mr_Dick666: doesn't show hand 
*** SUMMARY ***
Total pot $2.50 | Rake $0 
Seat 1: YeeesMan (small blind) folded before Flop
Seat 2: NISIY (big blind) folded before Flop
Seat 3: yzuk folded before Flop (didn't bet)
Seat 4: Mr_Dick666 collected ($2.50)
Seat 5: UK Boetseun folded before Flop (didn't bet)
Seat 6: blistein (button) folded before Flop (didn't bet)



PokerStars Hand #254229496108:  Hold'em No Limit ($0.50/$1.00 USD) - 2025/01/06 16:33:17 WET [2025/01/06 11:33:17 ET]
Table 'Iguassu II' 6-max Seat #1 is the button
Seat 1: YeeesMan ($248.07 in chips) 
Seat 2: NISIY ($146.38 in chips) 
Seat 3: yzuk ($103.62 in chips) 
Seat 4: Mr_Dick666 ($148.22 in chips) 
Seat 5: UK Boetseun ($100.19 in chips) 
Seat 6: blistein ($100 in chips) 
NISIY: posts small blind $0.50
yzuk: posts big blind $1
*** HOLE CARDS ***
Mr_Dick666: folds 
UK Boetseun: raises $2 to $3
blistein: folds 
YeeesMan: folds 
NISIY: folds 
yzuk: calls $2
*** FLOP *** [9s 7c 6d]
yzuk: checks 
UK Boetseun: bets $3
yzuk: folds 
Uncalled bet ($3) returned to UK Boetseun
UK Boetseun collected $6.18 from pot
*** SUMMARY ***
Total pot $6.50 | Rake $0.32 
Board [9s 7c 6d]
Seat 1: YeeesMan (button) folded before Flop (didn't bet)
Seat 2: NISIY (small blind) folded before Flop
Seat 3: yzuk (big blind) folded on the Flop
Seat 4: Mr_Dick666 folded before Flop (didn't bet)
Seat 5: UK Boetseun collected ($6.18)
Seat 6: blistein folded before Flop (didn't bet)



PokerStars Hand #254229505096:  Hold'em No Limit ($0.50/$1.00 USD) - 2025/01/06 16:33:52 WET [2025/01/06 11:33:52 ET]
Table 'Iguassu II' 6-max Seat #2 is the button
Seat 1: YeeesMan ($248.07 in chips) 
Seat 2: NISIY ($145.88 in chips) 
Seat 3: yzuk ($100.62 in chips) 
Seat 4: Mr_Dick666 ($148.22 in chips) 
Seat 5: UK Boetseun ($103.37 in chips) 
Seat 6: blistein ($100 in chips) 
yzuk: posts small blind $0.50
Mr_Dick666: posts big blind $1
*** HOLE CARDS ***
UK Boetseun: folds 
blistein: folds 
YeeesMan: folds 
NISIY: folds 
yzuk: folds 
Uncalled bet ($0.50) returned to Mr_Dick666
Mr_Dick666 collected $1 from pot
Mr_Dick666: doesn't show hand 
*** SUMMARY ***
Total pot $1 | Rake $0 
Seat 1: YeeesMan folded before Flop (didn't bet)
Seat 2: NISIY (button) folded before Flop (didn't bet)
Seat 3: yzuk (small blind) folded before Flop
Seat 4: Mr_Dick666 (big blind) collected ($1)
Seat 5: UK Boetseun folded before Flop (didn't bet)
Seat 6: blistein folded before Flop (didn't bet)



PokerStars Hand #254229508118:  Hold'em No Limit ($0.50/$1.00 USD) - 2025/01/06 16:34:03 WET [2025/01/06 11:34:03 ET]
Table 'Iguassu II' 6-max Seat #3 is the button
Seat 1: YeeesMan ($248.07 in chips) 
Seat 2: NISIY ($145.88 in chips) 
Seat 3: yzuk ($100.12 in chips) 
Seat 4: Mr_Dick666 ($148.72 in chips) 
Seat 5: UK Boetseun ($103.37 in chips) 
Seat 6: blistein ($100 in chips) 
Mr_Dick666: posts small blind $0.50
UK Boetseun: posts big blind $1
*** HOLE CARDS ***
blistein: raises $1.20 to $2.20
YeeesMan: folds 
NISIY: folds 
yzuk: folds 
Mr_Dick666: folds 
UK Boetseun: raises $1.20 to $3.40
blistein: raises $11 to $14.40
UK Boetseun: calls $11
*** FLOP *** [6c 3c 6h]
UK Boetseun: bets $88.97 and is all-in
blistein: calls $85.60 and is all-in
Uncalled bet ($3.37) returned to UK Boetseun
*** TURN *** [6c 3c 6h] [Kc]
*** RIVER *** [6c 3c 6h Kc] [2d]
*** SHOW DOWN ***
UK Boetseun: shows [7s 7h] (two pair, Sevens and Sixes)
blistein: shows [Qd Qs] (two pair, Queens and Sixes)
blistein collected $198 from pot
*** SUMMARY ***
Total pot $200.50 | Rake $2.50 
Board [6c 3c 6h Kc 2d]
Seat 1: YeeesMan folded before Flop (didn't bet)
Seat 2: NISIY folded before Flop (didn't bet)
Seat 3: yzuk (button) folded before Flop (didn't bet)
Seat 4: Mr_Dick666 (small blind) folded before Flop
Seat 5: UK Boetseun (big blind) showed [7s 7h] and lost with two pair, Sevens and Sixes
Seat 6: blistein showed [Qd Qs] and won ($198) with two pair, Queens and Sixes



PokerStars Hand #254229519503:  Hold'em No Limit ($0.50/$1.00 USD) - 2025/01/06 16:34:47 WET [2025/01/06 11:34:47 ET]
Table 'Iguassu II' 6-max Seat #4 is the button
Seat 1: YeeesMan ($248.07 in chips) 
Seat 2: NISIY ($145.88 in chips) 
Seat 3: yzuk ($100.12 in chips) 
Seat 4: Mr_Dick666 ($148.22 in chips) 
Seat 5: UK Boetseun ($3.37 in chips) 
Seat 6: blistein ($198 in chips) 
UK Boetseun: posts small blind $0.50
blistein: posts big blind $1
*** HOLE CARDS ***
YeeesMan: folds 
NISIY: folds 
yzuk: raises $1.50 to $2.50
Mr_Dick666: folds 
UK Boetseun: raises $0.87 to $3.37 and is all-in
blistein: calls $2.37
yzuk: calls $0.87
*** FLOP *** [5d 5c Js]
blistein: checks 
yzuk: bets $3.26
blistein: folds 
Uncalled bet ($3.26) returned to yzuk
*** TURN *** [5d 5c Js] [7d]
*** RIVER *** [5d 5c Js 7d] [4s]
*** SHOW DOWN ***
UK Boetseun: shows [4d Ad] (two pair, Fives and Fours)
yzuk: shows [Kh Ks] (two pair, Kings and Fives)
yzuk collected $9.60 from pot
*** SUMMARY ***
Total pot $10.11 | Rake $0.51 
Board [5d 5c Js 7d 4s]
Seat 1: YeeesMan folded before Flop (didn't bet)
Seat 2: NISIY folded before Flop (didn't bet)
Seat 3: yzuk showed [Kh Ks] and won ($9.60) with two pair, Kings and Fives
Seat 4: Mr_Dick666 (button) folded before Flop (didn't bet)
Seat 5: UK Boetseun (small blind) showed [4d Ad] and lost with two pair, Fives and Fours
Seat 6: blistein (big blind) folded on the Flop



PokerStars Hand #254229530369:  Hold'em No Limit ($0.50/$1.00 USD) - 2025/01/06 16:35:28 WET [2025/01/06 11:35:28 ET]
Table 'Iguassu II' 6-max Seat #6 is the button
Seat 5: UK Boetseun ($0 in chips) is sitting out
Seat 1: YeeesMan ($248.07 in chips) 
Seat 2: NISIY ($145.88 in chips) 
Seat 3: yzuk ($106.35 in chips) 
Seat 4: Mr_Dick666 ($148.22 in chips) 
Seat 6: blistein ($194.63 in chips) 
YeeesMan: posts small blind $0.50
NISIY: posts big blind $1
*** HOLE CARDS ***
yzuk: folds 
Mr_Dick666: raises $1.50 to $2.50
blistein: folds 
YeeesMan: folds 
yzuk leaves the table
UK Boetseun leaves the table
NISIY: calls $1.50
*** FLOP *** [9c Jc Qh]
NISIY: checks 
Mr_Dick666: bets $3.92
NISIY: folds 
Uncalled bet ($3.92) returned to Mr_Dick666
Mr_Dick666 collected $5.22 from pot
Mr_Dick666: doesn't show hand 
*** SUMMARY ***
Total pot $5.50 | Rake $0.28 
Board [9c Jc Qh]
Seat 5: UK Boetseun
Seat 1: YeeesMan (small blind) folded before Flop
Seat 2: NISIY (big blind) folded on the Flop
Seat 3: yzuk folded before Flop (didn't bet)
Seat 4: Mr_Dick666 collected ($5.22)
Seat 6: blistein (button) folded before Flop (didn't bet)



