PokerStars Hand #254233373237:  Hold'em No Limit ($0.50/$1.00 USD) - 2025/01/06 20:05:53 WET [2025/01/06 15:05:53 ET]
Table 'Iapetus III' 6-max Seat #6 is the button
Seat 1: illarins ($100 in chips) 
Seat 2: InteRRio ($100 in chips) 
Seat 3: Nazareno1999 ($100 in chips) 
Seat 4: Madmaxllll ($14.59 in chips) 
Seat 5: Gfoer ($119.41 in chips) 
Seat 6: easy_sarcasm ($100 in chips) 
illarins: posts small blind $0.50
InteRRio: posts big blind $1
*** HOLE CARDS ***
Nazareno1999: folds 
Madmaxllll: folds 
Gfoer: folds 
easy_sarcasm: folds 
illarins: folds 
Uncalled bet ($0.50) returned to InteRRio
InteRRio collected $1 from pot
InteRRio: doesn't show hand 
*** SUMMARY ***
Total pot $1 | Rake $0 
Seat 1: illarins (small blind) folded before Flop
Seat 2: InteRRio (big blind) collected ($1)
Seat 3: Nazareno1999 folded before Flop (didn't bet)
Seat 4: Madmaxllll folded before Flop (didn't bet)
Seat 5: Gfoer folded before Flop (didn't bet)
Seat 6: easy_sarcasm (button) folded before Flop (didn't bet)



PokerStars Hand #254233376282:  Hold'em No Limit ($0.50/$1.00 USD) - 2025/01/06 20:06:01 WET [2025/01/06 15:06:01 ET]
Table 'Iapetus III' 6-max Seat #1 is the button
Seat 1: illarins ($100 in chips) 
Seat 2: InteRRio ($100.50 in chips) 
Seat 3: Nazareno1999 ($100 in chips) 
Seat 4: Madmaxllll ($14.59 in chips) 
Seat 5: Gfoer ($119.41 in chips) 
Seat 6: easy_sarcasm ($100 in chips) 
InteRRio: posts small blind $0.50
Nazareno1999: posts big blind $1
*** HOLE CARDS ***
Madmaxllll: folds 
Gfoer: folds 
easy_sarcasm: raises $2 to $3
illarins: folds 
InteRRio: folds 
Nazareno1999: folds 
Uncalled bet ($2) returned to easy_sarcasm
easy_sarcasm collected $2.50 from pot
*** SUMMARY ***
Total pot $2.50 | Rake $0 
Seat 1: illarins (button) folded before Flop (didn't bet)
Seat 2: InteRRio (small blind) folded before Flop
Seat 3: Nazareno1999 (big blind) folded before Flop
Seat 4: Madmaxllll folded before Flop (didn't bet)
Seat 5: Gfoer folded before Flop (didn't bet)
Seat 6: easy_sarcasm collected ($2.50)



PokerStars Hand #254233383234:  Hold'em No Limit ($0.50/$1.00 USD) - 2025/01/06 20:06:20 WET [2025/01/06 15:06:20 ET]
Table 'Iapetus III' 6-max Seat #2 is the button
Seat 1: illarins ($100 in chips) 
Seat 2: InteRRio ($100 in chips) 
Seat 3: Nazareno1999 ($100 in chips) 
Seat 4: Madmaxllll ($14.59 in chips) 
Seat 5: Gfoer ($119.41 in chips) 
Seat 6: easy_sarcasm ($101.50 in chips) 
Nazareno1999: posts small blind $0.50
Madmaxllll: posts big blind $1
*** HOLE CARDS ***
Gfoer: folds 
easy_sarcasm: folds 
illarins: folds 
InteRRio: raises $1 to $2
Nazareno1999: folds 
Madmaxllll: folds 
Uncalled bet ($1) returned to InteRRio
InteRRio collected $2.50 from pot
InteRRio: doesn't show hand 
*** SUMMARY ***
Total pot $2.50 | Rake $0 
Seat 1: illarins folded before Flop (didn't bet)
Seat 2: InteRRio (button) collected ($2.50)
Seat 3: Nazareno1999 (small blind) folded before Flop
Seat 4: Madmaxllll (big blind) folded before Flop
Seat 5: Gfoer folded before Flop (didn't bet)
Seat 6: easy_sarcasm folded before Flop (didn't bet)



PokerStars Hand #254233389512:  Hold'em No Limit ($0.50/$1.00 USD) - 2025/01/06 20:06:37 WET [2025/01/06 15:06:37 ET]
Table 'Iapetus III' 6-max Seat #3 is the button
Seat 1: illarins ($100 in chips) 
Seat 2: InteRRio ($101.50 in chips) 
Seat 3: Nazareno1999 ($100 in chips) 
Seat 4: Madmaxllll ($13.59 in chips) 
Seat 5: Gfoer ($119.41 in chips) 
Seat 6: easy_sarcasm ($101.50 in chips) 
Madmaxllll: posts small blind $0.50
Gfoer: posts big blind $1
*** HOLE CARDS ***
easy_sarcasm: folds 
illarins: folds 
InteRRio: raises $1.50 to $2.50
Nazareno1999: folds 
Madmaxllll: calls $2
Gfoer: raises $11.50 to $14
InteRRio: calls $11.50
Madmaxllll: calls $11.09 and is all-in
*** FLOP *** [Kh Tc 2c]
Gfoer: bets $9.98
InteRRio: folds 
Uncalled bet ($9.98) returned to Gfoer
*** TURN *** [Kh Tc 2c] [Qd]
*** RIVER *** [Kh Tc 2c Qd] [Qc]
*** SHOW DOWN ***
Gfoer: shows [7c 7s] (two pair, Queens and Sevens)
Gfoer collected $0.78 from side pot
Madmaxllll: shows [Ks 7h] (two pair, Kings and Queens)
Madmaxllll collected $38.73 from main pot
*** SUMMARY ***
Total pot $41.59 Main pot $38.73. Side pot $0.78. | Rake $2.08 
Board [Kh Tc 2c Qd Qc]
Seat 1: illarins folded before Flop (didn't bet)
Seat 2: InteRRio folded on the Flop
Seat 3: Nazareno1999 (button) folded before Flop (didn't bet)
Seat 4: Madmaxllll (small blind) showed [Ks 7h] and won ($38.73) with two pair, Kings and Queens
Seat 5: Gfoer (big blind) showed [7c 7s] and won ($0.78) with two pair, Queens and Sevens
Seat 6: easy_sarcasm folded before Flop (didn't bet)



PokerStars Hand #254233414354:  Hold'em No Limit ($0.50/$1.00 USD) - 2025/01/06 20:07:43 WET [2025/01/06 15:07:43 ET]
Table 'Iapetus III' 6-max Seat #4 is the button
Seat 1: illarins ($100 in chips) 
Seat 2: InteRRio ($100 in chips) 
Seat 3: Nazareno1999 ($100 in chips) 
Seat 4: Madmaxllll ($38.73 in chips) 
Seat 5: Gfoer ($106.19 in chips) 
Seat 6: easy_sarcasm ($101.50 in chips) 
Gfoer: posts small blind $0.50
easy_sarcasm: posts big blind $1
*** HOLE CARDS ***
illarins: folds 
InteRRio: folds 
Nazareno1999: folds 
Madmaxllll: folds 
Gfoer: folds 
Uncalled bet ($0.50) returned to easy_sarcasm
easy_sarcasm collected $1 from pot
*** SUMMARY ***
Total pot $1 | Rake $0 
Seat 1: illarins folded before Flop (didn't bet)
Seat 2: InteRRio folded before Flop (didn't bet)
Seat 3: Nazareno1999 folded before Flop (didn't bet)
Seat 4: Madmaxllll (button) folded before Flop (didn't bet)
Seat 5: Gfoer (small blind) folded before Flop
Seat 6: easy_sarcasm (big blind) collected ($1)



PokerStars Hand #254233420049:  Hold'em No Limit ($0.50/$1.00 USD) - 2025/01/06 20:07:58 WET [2025/01/06 15:07:58 ET]
Table 'Iapetus III' 6-max Seat #5 is the button
Seat 1: illarins ($100 in chips) 
Seat 2: InteRRio ($100 in chips) 
Seat 3: Nazareno1999 ($100 in chips) 
Seat 4: Madmaxllll ($38.73 in chips) 
Seat 5: Gfoer ($105.69 in chips) 
Seat 6: easy_sarcasm ($102 in chips) 
easy_sarcasm: posts small blind $0.50
illarins: posts big blind $1
*** HOLE CARDS ***
InteRRio: raises $1.50 to $2.50
Nazareno1999: folds 
Madmaxllll: calls $2.50
Gfoer: folds 
easy_sarcasm: raises $10 to $12.50
illarins: folds 
InteRRio: calls $10
Madmaxllll: folds 
*** FLOP *** [Jd 2s 8h]
easy_sarcasm: checks 
InteRRio: checks 
*** TURN *** [Jd 2s 8h] [5h]
easy_sarcasm: checks 
InteRRio: bets $13.54
easy_sarcasm: folds 
Uncalled bet ($13.54) returned to InteRRio
InteRRio collected $27.08 from pot
InteRRio: doesn't show hand 
*** SUMMARY ***
Total pot $28.50 | Rake $1.42 
Board [Jd 2s 8h 5h]
Seat 1: illarins (big blind) folded before Flop
Seat 2: InteRRio collected ($27.08)
Seat 3: Nazareno1999 folded before Flop (didn't bet)
Seat 4: Madmaxllll folded before Flop
Seat 5: Gfoer (button) folded before Flop (didn't bet)
Seat 6: easy_sarcasm (small blind) folded on the Turn



PokerStars Hand #254233448742:  Hold'em No Limit ($0.50/$1.00 USD) - 2025/01/06 20:09:15 WET [2025/01/06 15:09:15 ET]
Table 'Iapetus III' 6-max Seat #6 is the button
Seat 1: illarins ($100 in chips) 
Seat 2: InteRRio ($114.58 in chips) 
Seat 3: Nazareno1999 ($100 in chips) 
Seat 4: Madmaxllll ($36.23 in chips) 
Seat 5: Gfoer ($105.69 in chips) 
Seat 6: easy_sarcasm ($100 in chips) 
illarins: posts small blind $0.50
InteRRio: posts big blind $1
*** HOLE CARDS ***
Nazareno1999: folds 
Madmaxllll: folds 
Gfoer: folds 
easy_sarcasm: raises $1.20 to $2.20
illarins: folds 
InteRRio: folds 
Uncalled bet ($1.20) returned to easy_sarcasm
easy_sarcasm collected $2.50 from pot
*** SUMMARY ***
Total pot $2.50 | Rake $0 
Seat 1: illarins (small blind) folded before Flop
Seat 2: InteRRio (big blind) folded before Flop
Seat 3: Nazareno1999 folded before Flop (didn't bet)
Seat 4: Madmaxllll folded before Flop (didn't bet)
Seat 5: Gfoer folded before Flop (didn't bet)
Seat 6: easy_sarcasm (button) collected ($2.50)



PokerStars Hand #254233456191:  Hold'em No Limit ($0.50/$1.00 USD) - 2025/01/06 20:09:35 WET [2025/01/06 15:09:35 ET]
Table 'Iapetus III' 6-max Seat #1 is the button
Seat 1: illarins ($100 in chips) 
Seat 2: InteRRio ($113.58 in chips) 
Seat 3: Nazareno1999 ($100 in chips) 
Seat 4: Madmaxllll ($36.23 in chips) 
Seat 5: Gfoer ($105.69 in chips) 
Seat 6: easy_sarcasm ($101.50 in chips) 
InteRRio: posts small blind $0.50
Nazareno1999: posts big blind $1
*** HOLE CARDS ***
Madmaxllll: calls $1
Gfoer: folds 
easy_sarcasm: folds 
illarins: folds 
InteRRio: folds 
Nazareno1999: checks 
*** FLOP *** [2d 3s Ad]
Nazareno1999: checks 
Madmaxllll: checks 
*** TURN *** [2d 3s Ad] [Jc]
Nazareno1999: checks 
Madmaxllll: checks 
*** RIVER *** [2d 3s Ad Jc] [7c]
Nazareno1999: checks 
Madmaxllll: checks 
*** SHOW DOWN ***
Nazareno1999: shows [Qh 6d] (high card Ace)
Madmaxllll: shows [Kd 6s] (high card Ace - King kicker)
Madmaxllll collected $2.38 from pot
*** SUMMARY ***
Total pot $2.50 | Rake $0.12 
Board [2d 3s Ad Jc 7c]
Seat 1: illarins (button) folded before Flop (didn't bet)
Seat 2: InteRRio (small blind) folded before Flop
Seat 3: Nazareno1999 (big blind) showed [Qh 6d] and lost with high card Ace
Seat 4: Madmaxllll showed [Kd 6s] and won ($2.38) with high card Ace
Seat 5: Gfoer folded before Flop (didn't bet)
Seat 6: easy_sarcasm folded before Flop (didn't bet)



PokerStars Hand #254233469473:  Hold'em No Limit ($0.50/$1.00 USD) - 2025/01/06 20:10:09 WET [2025/01/06 15:10:09 ET]
Table 'Iapetus III' 6-max Seat #2 is the button
Seat 1: illarins ($100 in chips) 
Seat 2: InteRRio ($113.08 in chips) 
Seat 3: Nazareno1999 ($100 in chips) 
Seat 4: Madmaxllll ($37.61 in chips) 
Seat 5: Gfoer ($105.69 in chips) 
Seat 6: easy_sarcasm ($101.50 in chips) 
Nazareno1999: posts small blind $0.50
Madmaxllll: posts big blind $1
*** HOLE CARDS ***
Gfoer: folds 
easy_sarcasm: folds 
illarins: folds 
InteRRio: folds 
Nazareno1999: raises $1 to $2
Madmaxllll: calls $1
*** FLOP *** [4s 2d 5c]
Nazareno1999: checks 
Madmaxllll: bets $1
Nazareno1999: calls $1
*** TURN *** [4s 2d 5c] [Kh]
Nazareno1999: checks 
Madmaxllll: bets $1
Nazareno1999: calls $1
*** RIVER *** [4s 2d 5c Kh] [3s]
Nazareno1999: checks 
Madmaxllll: bets $2
Nazareno1999: raises $32 to $34
Madmaxllll: folds 
Uncalled bet ($32) returned to Nazareno1999
Nazareno1999 collected $11.40 from pot
Nazareno1999: doesn't show hand 
*** SUMMARY ***
Total pot $12 | Rake $0.60 
Board [4s 2d 5c Kh 3s]
Seat 1: illarins folded before Flop (didn't bet)
Seat 2: InteRRio (button) folded before Flop (didn't bet)
Seat 3: Nazareno1999 (small blind) collected ($11.40)
Seat 4: Madmaxllll (big blind) folded on the River
Seat 5: Gfoer folded before Flop (didn't bet)
Seat 6: easy_sarcasm folded before Flop (didn't bet)



PokerStars Hand #254233483498:  Hold'em No Limit ($0.50/$1.00 USD) - 2025/01/06 20:10:47 WET [2025/01/06 15:10:47 ET]
Table 'Iapetus III' 6-max Seat #3 is the button
Seat 1: illarins ($100 in chips) 
Seat 2: InteRRio ($113.08 in chips) 
Seat 3: Nazareno1999 ($105.40 in chips) 
Seat 4: Madmaxllll ($31.61 in chips) 
Seat 5: Gfoer ($105.69 in chips) 
Seat 6: easy_sarcasm ($101.50 in chips) 
Madmaxllll: posts small blind $0.50
Gfoer: posts big blind $1
*** HOLE CARDS ***
easy_sarcasm: folds 
illarins: folds 
InteRRio: folds 
Nazareno1999: folds 
Madmaxllll: calls $0.50
Gfoer: raises $3.50 to $4.50
Madmaxllll: calls $3.50
*** FLOP *** [5h 8s Tc]
Madmaxllll: bets $6
Gfoer: folds 
Uncalled bet ($6) returned to Madmaxllll
Madmaxllll collected $8.55 from pot
*** SUMMARY ***
Total pot $9 | Rake $0.45 
Board [5h 8s Tc]
Seat 1: illarins folded before Flop (didn't bet)
Seat 2: InteRRio folded before Flop (didn't bet)
Seat 3: Nazareno1999 (button) folded before Flop (didn't bet)
Seat 4: Madmaxllll (small blind) collected ($8.55)
Seat 5: Gfoer (big blind) folded on the Flop
Seat 6: easy_sarcasm folded before Flop (didn't bet)



PokerStars Hand #254233492989:  Hold'em No Limit ($0.50/$1.00 USD) - 2025/01/06 20:11:12 WET [2025/01/06 15:11:12 ET]
Table 'Iapetus III' 6-max Seat #4 is the button
Seat 1: illarins ($100 in chips) 
Seat 2: InteRRio ($113.08 in chips) 
Seat 3: Nazareno1999 ($105.40 in chips) 
Seat 4: Madmaxllll ($35.66 in chips) 
Seat 5: Gfoer ($101.19 in chips) 
Seat 6: easy_sarcasm ($101.50 in chips) 
Gfoer: posts small blind $0.50
easy_sarcasm: posts big blind $1
*** HOLE CARDS ***
illarins: folds 
InteRRio: folds 
Nazareno1999: folds 
Madmaxllll: folds 
Gfoer: folds 
Uncalled bet ($0.50) returned to easy_sarcasm
easy_sarcasm collected $1 from pot
*** SUMMARY ***
Total pot $1 | Rake $0 
Seat 1: illarins folded before Flop (didn't bet)
Seat 2: InteRRio folded before Flop (didn't bet)
Seat 3: Nazareno1999 folded before Flop (didn't bet)
Seat 4: Madmaxllll (button) folded before Flop (didn't bet)
Seat 5: Gfoer (small blind) folded before Flop
Seat 6: easy_sarcasm (big blind) collected ($1)



PokerStars Hand #254233496565:  Hold'em No Limit ($0.50/$1.00 USD) - 2025/01/06 20:11:21 WET [2025/01/06 15:11:21 ET]
Table 'Iapetus III' 6-max Seat #5 is the button
Seat 1: illarins ($100 in chips) 
Seat 2: InteRRio ($113.08 in chips) 
Seat 3: Nazareno1999 ($105.40 in chips) 
Seat 4: Madmaxllll ($35.66 in chips) 
Seat 5: Gfoer ($100.69 in chips) 
Seat 6: easy_sarcasm ($102 in chips) 
easy_sarcasm: posts small blind $0.50
illarins: posts big blind $1
*** HOLE CARDS ***
InteRRio: folds 
Nazareno1999: folds 
Madmaxllll: folds 
Gfoer: folds 
easy_sarcasm: folds 
Uncalled bet ($0.50) returned to illarins
illarins collected $1 from pot
illarins: doesn't show hand 
*** SUMMARY ***
Total pot $1 | Rake $0 
Seat 1: illarins (big blind) collected ($1)
Seat 2: InteRRio folded before Flop (didn't bet)
Seat 3: Nazareno1999 folded before Flop (didn't bet)
Seat 4: Madmaxllll folded before Flop (didn't bet)
Seat 5: Gfoer (button) folded before Flop (didn't bet)
Seat 6: easy_sarcasm (small blind) folded before Flop



PokerStars Hand #254233502133:  Hold'em No Limit ($0.50/$1.00 USD) - 2025/01/06 20:11:36 WET [2025/01/06 15:11:36 ET]
Table 'Iapetus III' 6-max Seat #6 is the button
Seat 1: illarins ($100.50 in chips) 
Seat 2: InteRRio ($113.08 in chips) 
Seat 3: Nazareno1999 ($105.40 in chips) 
Seat 4: Madmaxllll ($35.66 in chips) 
Seat 5: Gfoer ($100.69 in chips) 
Seat 6: easy_sarcasm ($101.50 in chips) 
illarins: posts small blind $0.50
InteRRio: posts big blind $1
*** HOLE CARDS ***
Nazareno1999: folds 
Madmaxllll: calls $1
Gfoer: folds 
easy_sarcasm: folds 
illarins: folds 
InteRRio: checks 
*** FLOP *** [9d Kc 4c]
InteRRio: checks 
Madmaxllll: bets $1
InteRRio: folds 
Uncalled bet ($1) returned to Madmaxllll
Madmaxllll collected $2.38 from pot
*** SUMMARY ***
Total pot $2.50 | Rake $0.12 
Board [9d Kc 4c]
Seat 1: illarins (small blind) folded before Flop
Seat 2: InteRRio (big blind) folded on the Flop
Seat 3: Nazareno1999 folded before Flop (didn't bet)
Seat 4: Madmaxllll collected ($2.38)
Seat 5: Gfoer folded before Flop (didn't bet)
Seat 6: easy_sarcasm (button) folded before Flop (didn't bet)



PokerStars Hand #254233514854:  Hold'em No Limit ($0.50/$1.00 USD) - 2025/01/06 20:12:10 WET [2025/01/06 15:12:10 ET]
Table 'Iapetus III' 6-max Seat #1 is the button
Seat 1: illarins ($100 in chips) 
Seat 2: InteRRio ($112.08 in chips) 
Seat 3: Nazareno1999 ($105.40 in chips) 
Seat 4: Madmaxllll ($37.04 in chips) 
Seat 5: Gfoer ($100.69 in chips) 
Seat 6: easy_sarcasm ($101.50 in chips) 
InteRRio: posts small blind $0.50
Nazareno1999: posts big blind $1
*** HOLE CARDS ***
Madmaxllll: folds 
Gfoer: raises $1.20 to $2.20
easy_sarcasm: folds 
illarins: folds 
InteRRio: folds 
Nazareno1999: folds 
Uncalled bet ($1.20) returned to Gfoer
Gfoer collected $2.50 from pot
Gfoer: doesn't show hand 
*** SUMMARY ***
Total pot $2.50 | Rake $0 
Seat 1: illarins (button) folded before Flop (didn't bet)
Seat 2: InteRRio (small blind) folded before Flop
Seat 3: Nazareno1999 (big blind) folded before Flop
Seat 4: Madmaxllll folded before Flop (didn't bet)
Seat 5: Gfoer collected ($2.50)
Seat 6: easy_sarcasm folded before Flop (didn't bet)



PokerStars Hand #254233521546:  Hold'em No Limit ($0.50/$1.00 USD) - 2025/01/06 20:12:28 WET [2025/01/06 15:12:28 ET]
Table 'Iapetus III' 6-max Seat #2 is the button
Seat 1: illarins ($100 in chips) 
Seat 2: InteRRio ($111.58 in chips) 
Seat 3: Nazareno1999 ($104.40 in chips) 
Seat 4: Madmaxllll ($37.04 in chips) 
Seat 5: Gfoer ($102.19 in chips) 
Seat 6: easy_sarcasm ($101.50 in chips) 
Nazareno1999: posts small blind $0.50
Madmaxllll: posts big blind $1
*** HOLE CARDS ***
Gfoer: raises $1.20 to $2.20
easy_sarcasm: folds 
illarins: folds 
InteRRio: folds 
Nazareno1999: folds 
Madmaxllll: calls $1.20
*** FLOP *** [6d Qh 9h]
Madmaxllll: bets $3
Gfoer: calls $3
*** TURN *** [6d Qh 9h] [Qc]
Madmaxllll: bets $9
Gfoer: folds 
Uncalled bet ($9) returned to Madmaxllll
Madmaxllll collected $10.36 from pot
*** SUMMARY ***
Total pot $10.90 | Rake $0.54 
Board [6d Qh 9h Qc]
Seat 1: illarins folded before Flop (didn't bet)
Seat 2: InteRRio (button) folded before Flop (didn't bet)
Seat 3: Nazareno1999 (small blind) folded before Flop
Seat 4: Madmaxllll (big blind) collected ($10.36)
Seat 5: Gfoer folded on the Turn
Seat 6: easy_sarcasm folded before Flop (didn't bet)



PokerStars Hand #254233535647:  Hold'em No Limit ($0.50/$1.00 USD) - 2025/01/06 20:13:05 WET [2025/01/06 15:13:05 ET]
Table 'Iapetus III' 6-max Seat #3 is the button
Seat 1: illarins ($100 in chips) 
Seat 2: InteRRio ($111.58 in chips) 
Seat 3: Nazareno1999 ($103.90 in chips) 
Seat 4: Madmaxllll ($42.20 in chips) 
Seat 5: Gfoer ($100 in chips) 
Seat 6: easy_sarcasm ($101.50 in chips) 
Madmaxllll: posts small blind $0.50
Gfoer: posts big blind $1
*** HOLE CARDS ***
easy_sarcasm: raises $1.50 to $2.50
illarins: folds 
InteRRio: folds 
Nazareno1999: folds 
Madmaxllll: folds 
Gfoer: folds 
Uncalled bet ($1.50) returned to easy_sarcasm
easy_sarcasm collected $2.50 from pot
*** SUMMARY ***
Total pot $2.50 | Rake $0 
Seat 1: illarins folded before Flop (didn't bet)
Seat 2: InteRRio folded before Flop (didn't bet)
Seat 3: Nazareno1999 (button) folded before Flop (didn't bet)
Seat 4: Madmaxllll (small blind) folded before Flop
Seat 5: Gfoer (big blind) folded before Flop
Seat 6: easy_sarcasm collected ($2.50)



PokerStars Hand #254233541366:  Hold'em No Limit ($0.50/$1.00 USD) - 2025/01/06 20:13:21 WET [2025/01/06 15:13:21 ET]
Table 'Iapetus III' 6-max Seat #4 is the button
Seat 1: illarins ($100 in chips) 
Seat 2: InteRRio ($111.58 in chips) 
Seat 3: Nazareno1999 ($103.90 in chips) 
Seat 4: Madmaxllll ($41.70 in chips) 
Seat 5: Gfoer ($100 in chips) 
Seat 6: easy_sarcasm ($103 in chips) 
Gfoer: posts small blind $0.50
easy_sarcasm: posts big blind $1
*** HOLE CARDS ***
illarins: folds 
InteRRio: folds 
Nazareno1999: folds 
Madmaxllll: calls $1
Gfoer: folds 
easy_sarcasm: checks 
*** FLOP *** [3h Js Ts]
easy_sarcasm: checks 
Madmaxllll: checks 
*** TURN *** [3h Js Ts] [9c]
easy_sarcasm: bets $1.50
Madmaxllll: folds 
Uncalled bet ($1.50) returned to easy_sarcasm
easy_sarcasm collected $2.38 from pot
*** SUMMARY ***
Total pot $2.50 | Rake $0.12 
Board [3h Js Ts 9c]
Seat 1: illarins folded before Flop (didn't bet)
Seat 2: InteRRio folded before Flop (didn't bet)
Seat 3: Nazareno1999 folded before Flop (didn't bet)
Seat 4: Madmaxllll (button) folded on the Turn
Seat 5: Gfoer (small blind) folded before Flop
Seat 6: easy_sarcasm (big blind) collected ($2.38)



PokerStars Hand #254233548369:  Hold'em No Limit ($0.50/$1.00 USD) - 2025/01/06 20:13:39 WET [2025/01/06 15:13:39 ET]
Table 'Iapetus III' 6-max Seat #5 is the button
Seat 1: illarins ($100 in chips) 
Seat 2: InteRRio ($111.58 in chips) 
Seat 3: Nazareno1999 ($103.90 in chips) 
Seat 4: Madmaxllll ($40.70 in chips) 
Seat 5: Gfoer ($100 in chips) 
Seat 6: easy_sarcasm ($104.38 in chips) 
easy_sarcasm: posts small blind $0.50
illarins: posts big blind $1
*** HOLE CARDS ***
InteRRio: folds 
Nazareno1999: folds 
Madmaxllll: calls $1
Gfoer: folds 
easy_sarcasm: folds 
illarins: checks 
*** FLOP *** [8s 7s Ts]
illarins: checks 
Madmaxllll: checks 
*** TURN *** [8s 7s Ts] [Ac]
illarins: checks 
Madmaxllll: checks 
*** RIVER *** [8s 7s Ts Ac] [Th]
illarins: checks 
Madmaxllll: checks 
*** SHOW DOWN ***
illarins: shows [2s 8d] (two pair, Tens and Eights)
Madmaxllll: mucks hand 
illarins collected $2.38 from pot
*** SUMMARY ***
Total pot $2.50 | Rake $0.12 
Board [8s 7s Ts Ac Th]
Seat 1: illarins (big blind) showed [2s 8d] and won ($2.38) with two pair, Tens and Eights
Seat 2: InteRRio folded before Flop (didn't bet)
Seat 3: Nazareno1999 folded before Flop (didn't bet)
Seat 4: Madmaxllll mucked
Seat 5: Gfoer (button) folded before Flop (didn't bet)
Seat 6: easy_sarcasm (small blind) folded before Flop



PokerStars Hand #254233558650:  Hold'em No Limit ($0.50/$1.00 USD) - 2025/01/06 20:14:07 WET [2025/01/06 15:14:07 ET]
Table 'Iapetus III' 6-max Seat #6 is the button
Seat 1: illarins ($101.38 in chips) 
Seat 2: InteRRio ($111.58 in chips) 
Seat 3: Nazareno1999 ($103.90 in chips) 
Seat 4: Madmaxllll ($39.70 in chips) 
Seat 5: Gfoer ($100 in chips) 
Seat 6: easy_sarcasm ($103.88 in chips) 
illarins: posts small blind $0.50
InteRRio: posts big blind $1
*** HOLE CARDS ***
Nazareno1999: folds 
Madmaxllll: folds 
Gfoer: folds 
easy_sarcasm: raises $1.20 to $2.20
illarins: raises $8.80 to $11
InteRRio: folds 
easy_sarcasm: folds 
Uncalled bet ($8.80) returned to illarins
illarins collected $5.40 from pot
illarins: doesn't show hand 
*** SUMMARY ***
Total pot $5.40 | Rake $0 
Seat 1: illarins (small blind) collected ($5.40)
Seat 2: InteRRio (big blind) folded before Flop
Seat 3: Nazareno1999 folded before Flop (didn't bet)
Seat 4: Madmaxllll folded before Flop (didn't bet)
Seat 5: Gfoer folded before Flop (didn't bet)
Seat 6: easy_sarcasm (button) folded before Flop



PokerStars Hand #254233566949:  Hold'em No Limit ($0.50/$1.00 USD) - 2025/01/06 20:14:29 WET [2025/01/06 15:14:29 ET]
Table 'Iapetus III' 6-max Seat #1 is the button
Seat 1: illarins ($104.58 in chips) 
Seat 2: InteRRio ($110.58 in chips) 
Seat 3: Nazareno1999 ($103.90 in chips) 
Seat 4: Madmaxllll ($39.70 in chips) 
Seat 5: Gfoer ($100 in chips) 
Seat 6: easy_sarcasm ($101.68 in chips) 
InteRRio: posts small blind $0.50
Nazareno1999: posts big blind $1
*** HOLE CARDS ***
Madmaxllll: calls $1
Gfoer: raises $3.50 to $4.50
easy_sarcasm: folds 
illarins: folds 
InteRRio: folds 
Nazareno1999: calls $3.50
Madmaxllll: calls $3.50
*** FLOP *** [7d 2c Qd]
Nazareno1999: checks 
Madmaxllll: checks 
Gfoer: checks 
*** TURN *** [7d 2c Qd] [Qc]
Nazareno1999: checks 
Madmaxllll: checks 
Gfoer: bets $3.69
Nazareno1999: folds 
Madmaxllll: folds 
Uncalled bet ($3.69) returned to Gfoer
Gfoer collected $13.30 from pot
Gfoer: doesn't show hand 
*** SUMMARY ***
Total pot $14 | Rake $0.70 
Board [7d 2c Qd Qc]
Seat 1: illarins (button) folded before Flop (didn't bet)
Seat 2: InteRRio (small blind) folded before Flop
Seat 3: Nazareno1999 (big blind) folded on the Turn
Seat 4: Madmaxllll folded on the Turn
Seat 5: Gfoer collected ($13.30)
Seat 6: easy_sarcasm folded before Flop (didn't bet)



PokerStars Hand #254233582279:  Hold'em No Limit ($0.50/$1.00 USD) - 2025/01/06 20:15:10 WET [2025/01/06 15:15:10 ET]
Table 'Iapetus III' 6-max Seat #2 is the button
Seat 1: illarins ($104.58 in chips) 
Seat 2: InteRRio ($110.08 in chips) 
Seat 3: Nazareno1999 ($100 in chips) 
Seat 4: Madmaxllll ($35.20 in chips) 
Seat 5: Gfoer ($108.80 in chips) 
Seat 6: easy_sarcasm ($101.68 in chips) 
Nazareno1999: posts small blind $0.50
Madmaxllll: posts big blind $1
*** HOLE CARDS ***
Gfoer: folds 
easy_sarcasm: folds 
illarins: folds 
InteRRio: folds 
Nazareno1999: raises $4 to $5
Madmaxllll: folds 
Uncalled bet ($4) returned to Nazareno1999
Nazareno1999 collected $2 from pot
Nazareno1999: doesn't show hand 
*** SUMMARY ***
Total pot $2 | Rake $0 
Seat 1: illarins folded before Flop (didn't bet)
Seat 2: InteRRio (button) folded before Flop (didn't bet)
Seat 3: Nazareno1999 (small blind) collected ($2)
Seat 4: Madmaxllll (big blind) folded before Flop
Seat 5: Gfoer folded before Flop (didn't bet)
Seat 6: easy_sarcasm folded before Flop (didn't bet)



PokerStars Hand #254233587532:  Hold'em No Limit ($0.50/$1.00 USD) - 2025/01/06 20:15:24 WET [2025/01/06 15:15:24 ET]
Table 'Iapetus III' 6-max Seat #3 is the button
Seat 1: illarins ($104.58 in chips) 
Seat 2: InteRRio ($110.08 in chips) 
Seat 3: Nazareno1999 ($101 in chips) 
Seat 4: Madmaxllll ($34.20 in chips) 
Seat 5: Gfoer ($108.80 in chips) 
Seat 6: easy_sarcasm ($101.68 in chips) 
Madmaxllll: posts small blind $0.50
Gfoer: posts big blind $1
*** HOLE CARDS ***
easy_sarcasm: folds 
illarins: raises $1.50 to $2.50
InteRRio: folds 
Nazareno1999: folds 
Madmaxllll: calls $2
Gfoer: folds 
*** FLOP *** [5d Kc Qc]
Madmaxllll: checks 
illarins: bets $1.50
Madmaxllll: calls $1.50
*** TURN *** [5d Kc Qc] [Th]
Madmaxllll: checks 
illarins: checks 
*** RIVER *** [5d Kc Qc Th] [Ks]
Madmaxllll: checks 
illarins: checks 
*** SHOW DOWN ***
Madmaxllll: shows [4h Kd] (three of a kind, Kings)
illarins: mucks hand 
Madmaxllll collected $8.55 from pot
*** SUMMARY ***
Total pot $9 | Rake $0.45 
Board [5d Kc Qc Th Ks]
Seat 1: illarins mucked
Seat 2: InteRRio folded before Flop (didn't bet)
Seat 3: Nazareno1999 (button) folded before Flop (didn't bet)
Seat 4: Madmaxllll (small blind) showed [4h Kd] and won ($8.55) with three of a kind, Kings
Seat 5: Gfoer (big blind) folded before Flop
Seat 6: easy_sarcasm folded before Flop (didn't bet)



PokerStars Hand #254233603869:  Hold'em No Limit ($0.50/$1.00 USD) - 2025/01/06 20:16:08 WET [2025/01/06 15:16:08 ET]
Table 'Iapetus III' 6-max Seat #4 is the button
Seat 1: illarins ($100.58 in chips) 
Seat 2: InteRRio ($110.08 in chips) 
Seat 3: Nazareno1999 ($101 in chips) 
Seat 4: Madmaxllll ($38.75 in chips) 
Seat 5: Gfoer ($107.80 in chips) 
Seat 6: easy_sarcasm ($101.68 in chips) 
Gfoer: posts small blind $0.50
easy_sarcasm: posts big blind $1
*** HOLE CARDS ***
illarins: folds 
InteRRio: folds 
Nazareno1999: raises $1.20 to $2.20
Madmaxllll: folds 
Gfoer: folds 
easy_sarcasm: calls $1.20
*** FLOP *** [Jd Ac 2h]
easy_sarcasm: checks 
Nazareno1999: bets $1.54
easy_sarcasm: folds 
Uncalled bet ($1.54) returned to Nazareno1999
Nazareno1999 collected $4.66 from pot
Nazareno1999: doesn't show hand 
*** SUMMARY ***
Total pot $4.90 | Rake $0.24 
Board [Jd Ac 2h]
Seat 1: illarins folded before Flop (didn't bet)
Seat 2: InteRRio folded before Flop (didn't bet)
Seat 3: Nazareno1999 collected ($4.66)
Seat 4: Madmaxllll (button) folded before Flop (didn't bet)
Seat 5: Gfoer (small blind) folded before Flop
Seat 6: easy_sarcasm (big blind) folded on the Flop



PokerStars Hand #254233612746:  Hold'em No Limit ($0.50/$1.00 USD) - 2025/01/06 20:16:32 WET [2025/01/06 15:16:32 ET]
Table 'Iapetus III' 6-max Seat #5 is the button
Seat 1: illarins ($100.58 in chips) 
Seat 2: InteRRio ($110.08 in chips) 
Seat 3: Nazareno1999 ($103.46 in chips) 
Seat 4: Madmaxllll ($38.75 in chips) 
Seat 5: Gfoer ($107.30 in chips) 
Seat 6: easy_sarcasm ($100 in chips) 
easy_sarcasm: posts small blind $0.50
illarins: posts big blind $1
*** HOLE CARDS ***
InteRRio: folds 
Nazareno1999: folds 
Madmaxllll: calls $1
Gfoer: folds 
easy_sarcasm: raises $2.50 to $3.50
illarins: folds 
Madmaxllll: calls $2.50
*** FLOP *** [9h Ah 2h]
easy_sarcasm: bets $3.50
Madmaxllll: folds 
Uncalled bet ($3.50) returned to easy_sarcasm
easy_sarcasm collected $7.60 from pot
*** SUMMARY ***
Total pot $8 | Rake $0.40 
Board [9h Ah 2h]
Seat 1: illarins (big blind) folded before Flop
Seat 2: InteRRio folded before Flop (didn't bet)
Seat 3: Nazareno1999 folded before Flop (didn't bet)
Seat 4: Madmaxllll folded on the Flop
Seat 5: Gfoer (button) folded before Flop (didn't bet)
Seat 6: easy_sarcasm (small blind) collected ($7.60)



PokerStars Hand #254233622408:  Hold'em No Limit ($0.50/$1.00 USD) - 2025/01/06 20:16:58 WET [2025/01/06 15:16:58 ET]
Table 'Iapetus III' 6-max Seat #6 is the button
Seat 1: illarins ($100 in chips) 
Seat 2: InteRRio ($110.08 in chips) 
Seat 3: Nazareno1999 ($103.46 in chips) 
Seat 4: Madmaxllll ($35.25 in chips) 
Seat 5: Gfoer ($107.30 in chips) 
Seat 6: easy_sarcasm ($104.10 in chips) 
illarins: posts small blind $0.50
InteRRio: posts big blind $1
*** HOLE CARDS ***
Nazareno1999: folds 
Madmaxllll: calls $1
Gfoer: folds 
easy_sarcasm: raises $3.50 to $4.50
illarins: folds 
InteRRio: folds 
Madmaxllll: raises $7.50 to $12
easy_sarcasm: raises $92.10 to $104.10 and is all-in
Madmaxllll: calls $23.25 and is all-in
Uncalled bet ($68.85) returned to easy_sarcasm
*** FLOP *** [3s 4c 4s]
*** TURN *** [3s 4c 4s] [8c]
*** RIVER *** [3s 4c 4s 8c] [2s]
*** SHOW DOWN ***
Madmaxllll: shows [Ah 8h] (two pair, Eights and Fours)
easy_sarcasm: shows [As Kc] (a pair of Fours)
Madmaxllll collected $69.50 from pot
*** SUMMARY ***
Total pot $72 | Rake $2.50 
Board [3s 4c 4s 8c 2s]
Seat 1: illarins (small blind) folded before Flop
Seat 2: InteRRio (big blind) folded before Flop
Seat 3: Nazareno1999 folded before Flop (didn't bet)
Seat 4: Madmaxllll showed [Ah 8h] and won ($69.50) with two pair, Eights and Fours
Seat 5: Gfoer folded before Flop (didn't bet)
Seat 6: easy_sarcasm (button) showed [As Kc] and lost with a pair of Fours



PokerStars Hand #254233639718:  Hold'em No Limit ($0.50/$1.00 USD) - 2025/01/06 20:17:45 WET [2025/01/06 15:17:45 ET]
Table 'Iapetus III' 6-max Seat #1 is the button
Seat 1: illarins ($100 in chips) 
Seat 2: InteRRio ($109.08 in chips) 
Seat 3: Nazareno1999 ($103.46 in chips) 
Seat 4: Madmaxllll ($69.50 in chips) 
Seat 5: Gfoer ($107.30 in chips) 
Seat 6: easy_sarcasm ($100 in chips) 
InteRRio: posts small blind $0.50
Nazareno1999: posts big blind $1
*** HOLE CARDS ***
Madmaxllll: calls $1
Gfoer: folds 
easy_sarcasm: folds 
illarins: folds 
InteRRio: folds 
Nazareno1999: checks 
*** FLOP *** [As Ts Js]
Nazareno1999: checks 
Madmaxllll: checks 
*** TURN *** [As Ts Js] [Tc]
Nazareno1999: checks 
Madmaxllll: checks 
*** RIVER *** [As Ts Js Tc] [Qs]
Nazareno1999: bets $1.50
Madmaxllll: folds 
Uncalled bet ($1.50) returned to Nazareno1999
Nazareno1999 collected $2.38 from pot
Nazareno1999: doesn't show hand 
*** SUMMARY ***
Total pot $2.50 | Rake $0.12 
Board [As Ts Js Tc Qs]
Seat 1: illarins (button) folded before Flop (didn't bet)
Seat 2: InteRRio (small blind) folded before Flop
Seat 3: Nazareno1999 (big blind) collected ($2.38)
Seat 4: Madmaxllll folded on the River
Seat 5: Gfoer folded before Flop (didn't bet)
Seat 6: easy_sarcasm folded before Flop (didn't bet)



PokerStars Hand #254233656402:  Hold'em No Limit ($0.50/$1.00 USD) - 2025/01/06 20:18:30 WET [2025/01/06 15:18:30 ET]
Table 'Iapetus III' 6-max Seat #2 is the button
Seat 1: illarins ($100 in chips) 
Seat 2: InteRRio ($108.58 in chips) 
Seat 3: Nazareno1999 ($104.84 in chips) 
Seat 4: Madmaxllll ($68.50 in chips) 
Seat 5: Gfoer ($107.30 in chips) 
Seat 6: easy_sarcasm ($100 in chips) 
Nazareno1999: posts small blind $0.50
Madmaxllll: posts big blind $1
*** HOLE CARDS ***
Gfoer: folds 
easy_sarcasm: folds 
illarins: raises $1.50 to $2.50
InteRRio: calls $2.50
Nazareno1999: folds 
Madmaxllll: calls $1.50
*** FLOP *** [9c Qc Kd]
Madmaxllll: checks 
illarins: bets $2.51
InteRRio: folds 
Madmaxllll: calls $2.51
*** TURN *** [9c Qc Kd] [8d]
Madmaxllll: checks 
illarins: bets $8.04
Madmaxllll: calls $8.04
*** RIVER *** [9c Qc Kd 8d] [9s]
Madmaxllll: bets $10
illarins: calls $10
*** SHOW DOWN ***
Madmaxllll: shows [Ad 2d] (a pair of Nines)
illarins: shows [Kc Tc] (two pair, Kings and Nines)
illarins collected $46.64 from pot
*** SUMMARY ***
Total pot $49.10 | Rake $2.46 
Board [9c Qc Kd 8d 9s]
Seat 1: illarins showed [Kc Tc] and won ($46.64) with two pair, Kings and Nines
Seat 2: InteRRio (button) folded on the Flop
Seat 3: Nazareno1999 (small blind) folded before Flop
Seat 4: Madmaxllll (big blind) showed [Ad 2d] and lost with a pair of Nines
Seat 5: Gfoer folded before Flop (didn't bet)
Seat 6: easy_sarcasm folded before Flop (didn't bet)



PokerStars Hand #254233673843:  Hold'em No Limit ($0.50/$1.00 USD) - 2025/01/06 20:19:18 WET [2025/01/06 15:19:18 ET]
Table 'Iapetus III' 6-max Seat #3 is the button
Seat 1: illarins ($123.59 in chips) 
Seat 2: InteRRio ($106.08 in chips) 
Seat 3: Nazareno1999 ($104.34 in chips) 
Seat 4: Madmaxllll ($45.45 in chips) 
Seat 5: Gfoer ($107.30 in chips) 
Seat 6: easy_sarcasm ($100 in chips) 
Madmaxllll: posts small blind $0.50
Gfoer: posts big blind $1
*** HOLE CARDS ***
easy_sarcasm: folds 
illarins: folds 
InteRRio: folds 
Nazareno1999: folds 
Madmaxllll: calls $0.50
Gfoer: checks 
*** FLOP *** [2d 8d 8c]
Madmaxllll: bets $1
Gfoer: folds 
Uncalled bet ($1) returned to Madmaxllll
Madmaxllll collected $1.90 from pot
*** SUMMARY ***
Total pot $2 | Rake $0.10 
Board [2d 8d 8c]
Seat 1: illarins folded before Flop (didn't bet)
Seat 2: InteRRio folded before Flop (didn't bet)
Seat 3: Nazareno1999 (button) folded before Flop (didn't bet)
Seat 4: Madmaxllll (small blind) collected ($1.90)
Seat 5: Gfoer (big blind) folded on the Flop
Seat 6: easy_sarcasm folded before Flop (didn't bet)



PokerStars Hand #254233681549:  Hold'em No Limit ($0.50/$1.00 USD) - 2025/01/06 20:19:38 WET [2025/01/06 15:19:38 ET]
Table 'Iapetus III' 6-max Seat #4 is the button
Seat 1: illarins ($123.59 in chips) 
Seat 2: InteRRio ($106.08 in chips) 
Seat 3: Nazareno1999 ($104.34 in chips) 
Seat 4: Madmaxllll ($46.35 in chips) 
Seat 5: Gfoer ($106.30 in chips) 
Seat 6: easy_sarcasm ($100 in chips) 
Gfoer: posts small blind $0.50
easy_sarcasm: posts big blind $1
*** HOLE CARDS ***
illarins: folds 
InteRRio: folds 
Nazareno1999: raises $1.20 to $2.20
Madmaxllll: raises $1.20 to $3.40
Gfoer: folds 
easy_sarcasm: folds 
Nazareno1999: raises $15.10 to $18.50
Madmaxllll: raises $15.10 to $33.60
Nazareno1999: raises $15.10 to $48.70
Madmaxllll: calls $12.75 and is all-in
Uncalled bet ($2.35) returned to Nazareno1999
*** FLOP *** [5s 4s 2h]
*** TURN *** [5s 4s 2h] [Qh]
*** RIVER *** [5s 4s 2h Qh] [8d]
*** SHOW DOWN ***
Nazareno1999: shows [Ad Kc] (high card Ace)
Madmaxllll: shows [Ac As] (a pair of Aces)
Madmaxllll collected $91.70 from pot
*** SUMMARY ***
Total pot $94.20 | Rake $2.50 
Board [5s 4s 2h Qh 8d]
Seat 1: illarins folded before Flop (didn't bet)
Seat 2: InteRRio folded before Flop (didn't bet)
Seat 3: Nazareno1999 showed [Ad Kc] and lost with high card Ace
Seat 4: Madmaxllll (button) showed [Ac As] and won ($91.70) with a pair of Aces
Seat 5: Gfoer (small blind) folded before Flop
Seat 6: easy_sarcasm (big blind) folded before Flop



PokerStars Hand #254233695109:  Hold'em No Limit ($0.50/$1.00 USD) - 2025/01/06 20:20:16 WET [2025/01/06 15:20:16 ET]
Table 'Iapetus III' 6-max Seat #5 is the button
Seat 1: illarins ($123.59 in chips) 
Seat 2: InteRRio ($106.08 in chips) 
Seat 3: Nazareno1999 ($100 in chips) 
Seat 4: Madmaxllll ($91.70 in chips) 
Seat 5: Gfoer ($105.80 in chips) 
Seat 6: easy_sarcasm ($100 in chips) 
easy_sarcasm: posts small blind $0.50
illarins: posts big blind $1
*** HOLE CARDS ***
InteRRio: raises $1.50 to $2.50
Nazareno1999: folds 
Madmaxllll: folds 
Gfoer: folds 
easy_sarcasm: folds 
illarins: folds 
Uncalled bet ($1.50) returned to InteRRio
InteRRio collected $2.50 from pot
InteRRio: doesn't show hand 
*** SUMMARY ***
Total pot $2.50 | Rake $0 
Seat 1: illarins (big blind) folded before Flop
Seat 2: InteRRio collected ($2.50)
Seat 3: Nazareno1999 folded before Flop (didn't bet)
Seat 4: Madmaxllll folded before Flop (didn't bet)
Seat 5: Gfoer (button) folded before Flop (didn't bet)
Seat 6: easy_sarcasm (small blind) folded before Flop



PokerStars Hand #254233702936:  Hold'em No Limit ($0.50/$1.00 USD) - 2025/01/06 20:20:37 WET [2025/01/06 15:20:37 ET]
Table 'Iapetus III' 6-max Seat #6 is the button
Seat 1: illarins ($122.59 in chips) 
Seat 2: InteRRio ($107.58 in chips) 
Seat 3: Nazareno1999 ($100 in chips) 
Seat 4: Madmaxllll ($91.70 in chips) 
Seat 5: Gfoer ($105.80 in chips) 
Seat 6: easy_sarcasm ($100 in chips) 
illarins: posts small blind $0.50
InteRRio: posts big blind $1
*** HOLE CARDS ***
Nazareno1999: folds 
Madmaxllll: folds 
Gfoer: folds 
easy_sarcasm: folds 
illarins: folds 
Uncalled bet ($0.50) returned to InteRRio
InteRRio collected $1 from pot
InteRRio: doesn't show hand 
*** SUMMARY ***
Total pot $1 | Rake $0 
Seat 1: illarins (small blind) folded before Flop
Seat 2: InteRRio (big blind) collected ($1)
Seat 3: Nazareno1999 folded before Flop (didn't bet)
Seat 4: Madmaxllll folded before Flop (didn't bet)
Seat 5: Gfoer folded before Flop (didn't bet)
Seat 6: easy_sarcasm (button) folded before Flop (didn't bet)



PokerStars Hand #254233707267:  Hold'em No Limit ($0.50/$1.00 USD) - 2025/01/06 20:20:49 WET [2025/01/06 15:20:49 ET]
Table 'Iapetus III' 6-max Seat #1 is the button
Seat 1: illarins ($122.09 in chips) 
Seat 2: InteRRio ($108.08 in chips) 
Seat 3: Nazareno1999 ($100 in chips) 
Seat 4: Madmaxllll ($91.70 in chips) 
Seat 5: Gfoer ($105.80 in chips) 
Seat 6: easy_sarcasm ($100 in chips) 
InteRRio: posts small blind $0.50
Nazareno1999: posts big blind $1
*** HOLE CARDS ***
Madmaxllll: folds 
Gfoer: folds 
easy_sarcasm: raises $2 to $3
illarins: raises $6 to $9
InteRRio: folds 
Nazareno1999: folds 
easy_sarcasm: calls $6
*** FLOP *** [8c 3c Ad]
easy_sarcasm: checks 
illarins: bets $6.11
easy_sarcasm: calls $6.11
*** TURN *** [8c 3c Ad] [Th]
easy_sarcasm: checks 
illarins: bets $19.58
easy_sarcasm: calls $19.58
*** RIVER *** [8c 3c Ad Th] [Kd]
easy_sarcasm: checks 
illarins: bets $67.50
easy_sarcasm: folds 
Uncalled bet ($67.50) returned to illarins
illarins collected $68.38 from pot
illarins: doesn't show hand 
*** SUMMARY ***
Total pot $70.88 | Rake $2.50 
Board [8c 3c Ad Th Kd]
Seat 1: illarins (button) collected ($68.38)
Seat 2: InteRRio (small blind) folded before Flop
Seat 3: Nazareno1999 (big blind) folded before Flop
Seat 4: Madmaxllll folded before Flop (didn't bet)
Seat 5: Gfoer folded before Flop (didn't bet)
Seat 6: easy_sarcasm folded on the River



PokerStars Hand #254233723486:  Hold'em No Limit ($0.50/$1.00 USD) - 2025/01/06 20:21:34 WET [2025/01/06 15:21:34 ET]
Table 'Iapetus III' 6-max Seat #2 is the button
Seat 1: illarins ($155.78 in chips) 
Seat 2: InteRRio ($107.58 in chips) 
Seat 3: Nazareno1999 ($100 in chips) 
Seat 4: Madmaxllll ($91.70 in chips) 
Seat 5: Gfoer ($105.80 in chips) 
Seat 6: easy_sarcasm ($100 in chips) 
Nazareno1999: posts small blind $0.50
Madmaxllll: posts big blind $1
*** HOLE CARDS ***
Gfoer: folds 
easy_sarcasm: folds 
illarins: raises $1.50 to $2.50
InteRRio: raises $5 to $7.50
Nazareno1999: folds 
Madmaxllll: folds 
illarins: folds 
Uncalled bet ($5) returned to InteRRio
InteRRio collected $6.50 from pot
InteRRio: doesn't show hand 
*** SUMMARY ***
Total pot $6.50 | Rake $0 
Seat 1: illarins folded before Flop
Seat 2: InteRRio (button) collected ($6.50)
Seat 3: Nazareno1999 (small blind) folded before Flop
Seat 4: Madmaxllll (big blind) folded before Flop
Seat 5: Gfoer folded before Flop (didn't bet)
Seat 6: easy_sarcasm folded before Flop (didn't bet)



PokerStars Hand #254233732464:  Hold'em No Limit ($0.50/$1.00 USD) - 2025/01/06 20:21:59 WET [2025/01/06 15:21:59 ET]
Table 'Iapetus III' 6-max Seat #3 is the button
Seat 1: illarins ($153.28 in chips) 
Seat 2: InteRRio ($111.58 in chips) 
Seat 3: Nazareno1999 ($100 in chips) 
Seat 4: Madmaxllll ($90.70 in chips) 
Seat 5: Gfoer ($105.80 in chips) 
Seat 6: easy_sarcasm ($100 in chips) 
Madmaxllll: posts small blind $0.50
Gfoer: posts big blind $1
*** HOLE CARDS ***
easy_sarcasm: raises $2 to $3
illarins: folds 
InteRRio: folds 
Nazareno1999: folds 
Madmaxllll: calls $2.50
Gfoer: folds 
*** FLOP *** [Js 6s Kd]
Madmaxllll: checks 
easy_sarcasm: checks 
*** TURN *** [Js 6s Kd] [As]
Madmaxllll: checks 
easy_sarcasm: checks 
*** RIVER *** [Js 6s Kd As] [7d]
Madmaxllll: checks 
easy_sarcasm: checks 
*** SHOW DOWN ***
Madmaxllll: shows [2d 4d] (high card Ace)
easy_sarcasm: shows [5c 5s] (a pair of Fives)
easy_sarcasm collected $6.65 from pot
*** SUMMARY ***
Total pot $7 | Rake $0.35 
Board [Js 6s Kd As 7d]
Seat 1: illarins folded before Flop (didn't bet)
Seat 2: InteRRio folded before Flop (didn't bet)
Seat 3: Nazareno1999 (button) folded before Flop (didn't bet)
Seat 4: Madmaxllll (small blind) showed [2d 4d] and lost with high card Ace
Seat 5: Gfoer (big blind) folded before Flop
Seat 6: easy_sarcasm showed [5c 5s] and won ($6.65) with a pair of Fives



PokerStars Hand #254233744327:  Hold'em No Limit ($0.50/$1.00 USD) - 2025/01/06 20:22:32 WET [2025/01/06 15:22:32 ET]
Table 'Iapetus III' 6-max Seat #4 is the button
Seat 1: illarins ($153.28 in chips) 
Seat 2: InteRRio ($111.58 in chips) 
Seat 3: Nazareno1999 ($100 in chips) 
Seat 4: Madmaxllll ($87.70 in chips) 
Seat 5: Gfoer ($104.80 in chips) 
Seat 6: easy_sarcasm ($103.65 in chips) 
Gfoer: posts small blind $0.50
easy_sarcasm: posts big blind $1
*** HOLE CARDS ***
illarins: folds 
InteRRio: folds 
Nazareno1999: raises $1.20 to $2.20
Madmaxllll: calls $2.20
Gfoer: folds 
easy_sarcasm: folds 
*** FLOP *** [9c 6c 6d]
Nazareno1999: bets $2.80
Madmaxllll: folds 
Uncalled bet ($2.80) returned to Nazareno1999
Nazareno1999 collected $5.60 from pot
Nazareno1999: doesn't show hand 
*** SUMMARY ***
Total pot $5.90 | Rake $0.30 
Board [9c 6c 6d]
Seat 1: illarins folded before Flop (didn't bet)
Seat 2: InteRRio folded before Flop (didn't bet)
Seat 3: Nazareno1999 collected ($5.60)
Seat 4: Madmaxllll (button) folded on the Flop
Seat 5: Gfoer (small blind) folded before Flop
Seat 6: easy_sarcasm (big blind) folded before Flop



PokerStars Hand #254233750546:  Hold'em No Limit ($0.50/$1.00 USD) - 2025/01/06 20:22:49 WET [2025/01/06 15:22:49 ET]
Table 'Iapetus III' 6-max Seat #5 is the button
Seat 1: illarins ($153.28 in chips) 
Seat 2: InteRRio ($111.58 in chips) 
Seat 3: Nazareno1999 ($103.40 in chips) 
Seat 4: Madmaxllll ($85.50 in chips) 
Seat 5: Gfoer ($104.30 in chips) 
Seat 6: easy_sarcasm ($102.65 in chips) 
easy_sarcasm: posts small blind $0.50
illarins: posts big blind $1
*** HOLE CARDS ***
InteRRio: folds 
Nazareno1999: folds 
Madmaxllll: calls $1
Gfoer: folds 
easy_sarcasm: folds 
illarins: checks 
*** FLOP *** [Kc 7h 5d]
illarins: checks 
Madmaxllll: checks 
*** TURN *** [Kc 7h 5d] [6h]
illarins: bets $4.50
Madmaxllll: calls $4.50
*** RIVER *** [Kc 7h 5d 6h] [9c]
illarins: bets $10
Madmaxllll: calls $10
*** SHOW DOWN ***
illarins: shows [6c Kd] (two pair, Kings and Sixes)
Madmaxllll: mucks hand 
illarins collected $29.92 from pot
*** SUMMARY ***
Total pot $31.50 | Rake $1.58 
Board [Kc 7h 5d 6h 9c]
Seat 1: illarins (big blind) showed [6c Kd] and won ($29.92) with two pair, Kings and Sixes
Seat 2: InteRRio folded before Flop (didn't bet)
Seat 3: Nazareno1999 folded before Flop (didn't bet)
Seat 4: Madmaxllll mucked
Seat 5: Gfoer (button) folded before Flop (didn't bet)
Seat 6: easy_sarcasm (small blind) folded before Flop



PokerStars Hand #254233767854:  Hold'em No Limit ($0.50/$1.00 USD) - 2025/01/06 20:23:37 WET [2025/01/06 15:23:37 ET]
Table 'Iapetus III' 6-max Seat #6 is the button
Seat 1: illarins ($167.70 in chips) 
Seat 2: InteRRio ($111.58 in chips) 
Seat 3: Nazareno1999 ($103.40 in chips) 
Seat 4: Madmaxllll ($70 in chips) 
Seat 5: Gfoer ($104.30 in chips) 
Seat 6: easy_sarcasm ($102.15 in chips) 
illarins: posts small blind $0.50
InteRRio: posts big blind $1
*** HOLE CARDS ***
Nazareno1999: folds 
Madmaxllll: calls $1
Gfoer: folds 
easy_sarcasm: raises $3.50 to $4.50
illarins: folds 
InteRRio: folds 
Madmaxllll: folds 
Uncalled bet ($3.50) returned to easy_sarcasm
easy_sarcasm collected $3.50 from pot
*** SUMMARY ***
Total pot $3.50 | Rake $0 
Seat 1: illarins (small blind) folded before Flop
Seat 2: InteRRio (big blind) folded before Flop
Seat 3: Nazareno1999 folded before Flop (didn't bet)
Seat 4: Madmaxllll folded before Flop
Seat 5: Gfoer folded before Flop (didn't bet)
Seat 6: easy_sarcasm (button) collected ($3.50)



PokerStars Hand #254233774091:  Hold'em No Limit ($0.50/$1.00 USD) - 2025/01/06 20:23:54 WET [2025/01/06 15:23:54 ET]
Table 'Iapetus III' 6-max Seat #1 is the button
Seat 1: illarins ($167.20 in chips) 
Seat 2: InteRRio ($110.58 in chips) 
Seat 3: Nazareno1999 ($103.40 in chips) 
Seat 4: Madmaxllll ($69 in chips) 
Seat 5: Gfoer ($104.30 in chips) 
Seat 6: easy_sarcasm ($104.65 in chips) 
InteRRio: posts small blind $0.50
Nazareno1999: posts big blind $1
*** HOLE CARDS ***
Madmaxllll: calls $1
Gfoer: folds 
easy_sarcasm: folds 
illarins: raises $3 to $4
InteRRio: folds 
Nazareno1999: folds 
Madmaxllll: calls $3
*** FLOP *** [Qs Kc 6s]
Madmaxllll: checks 
illarins: bets $4.51
Madmaxllll: calls $4.51
*** TURN *** [Qs Kc 6s] [8d]
Madmaxllll: checks 
illarins: bets $14.50
Madmaxllll: calls $14.50
*** RIVER *** [Qs Kc 6s 8d] [2c]
Madmaxllll: checks 
illarins: bets $46.50
Madmaxllll: calls $45.99 and is all-in
Uncalled bet ($0.51) returned to illarins
*** SHOW DOWN ***
illarins: shows [Ks Ts] (a pair of Kings)
Madmaxllll: shows [Kh 3d] (a pair of Kings - lower kicker)
illarins collected $137 from pot
*** SUMMARY ***
Total pot $139.50 | Rake $2.50 
Board [Qs Kc 6s 8d 2c]
Seat 1: illarins (button) showed [Ks Ts] and won ($137) with a pair of Kings
Seat 2: InteRRio (small blind) folded before Flop
Seat 3: Nazareno1999 (big blind) folded before Flop
Seat 4: Madmaxllll showed [Kh 3d] and lost with a pair of Kings
Seat 5: Gfoer folded before Flop (didn't bet)
Seat 6: easy_sarcasm folded before Flop (didn't bet)



PokerStars Hand #254233793323:  Hold'em No Limit ($0.50/$1.00 USD) - 2025/01/06 20:24:48 WET [2025/01/06 15:24:48 ET]
Table 'Iapetus III' 6-max Seat #2 is the button
Seat 4: Madmaxllll ($0 in chips) is sitting out
Seat 1: illarins ($235.20 in chips) 
Seat 2: InteRRio ($110.08 in chips) 
Seat 3: Nazareno1999 ($102.40 in chips) 
Seat 5: Gfoer ($104.30 in chips) 
Seat 6: easy_sarcasm ($104.65 in chips) 
Nazareno1999: posts small blind $0.50
Gfoer: posts big blind $1
*** HOLE CARDS ***
easy_sarcasm: folds 
illarins: folds 
InteRRio: folds 
Madmaxllll leaves the table
Nazareno1999: raises $1.50 to $2.50
Gfoer: calls $1.50
*** FLOP *** [Js Kh 6d]
Nazareno1999: checks 
Gfoer: checks 
*** TURN *** [Js Kh 6d] [Jd]
Nazareno1999: bets $3.56
Gfoer: calls $3.56
*** RIVER *** [Js Kh 6d Jd] [Ts]
Nazareno1999: bets $8.63
Gfoer: calls $8.63
*** SHOW DOWN ***
Nazareno1999: shows [Qc Jc] (three of a kind, Jacks)
Gfoer: mucks hand 
Nazareno1999 collected $27.91 from pot
*** SUMMARY ***
Total pot $29.38 | Rake $1.47 
Board [Js Kh 6d Jd Ts]
Seat 4: Madmaxllll
Seat 1: illarins folded before Flop (didn't bet)
Seat 2: InteRRio (button) folded before Flop (didn't bet)
Seat 3: Nazareno1999 (small blind) showed [Qc Jc] and won ($27.91) with three of a kind, Jacks
Seat 5: Gfoer (big blind) mucked
Seat 6: easy_sarcasm folded before Flop (didn't bet)



