PokerStars Hand #254231010461:  Hold'em No Limit ($0.50/$1.00 USD) - 2025/01/06 18:02:48 WET [2025/01/06 13:02:48 ET]
Table 'Azalea II' 6-max Seat #4 is the button
Seat 2: SorinS28 ($100 in chips) is sitting out
Seat 1: Alpha$tunZ ($100 in chips) 
Seat 3: Taffs67 ($94.20 in chips) 
Seat 4: zizizib ($104.72 in chips) 
Seat 5: NikoPale ($107.77 in chips) 
Seat 6: EvilReality ($100 in chips) 
NikoPale: posts small blind $0.50
EvilReality: posts big blind $1
SorinS28: sits out 
*** HOLE CARDS ***
Alpha$tunZ: folds 
Taffs67: folds 
zizizib: raises $1.50 to $2.50
NikoPale: folds 
EvilReality: folds 
Uncalled bet ($1.50) returned to zizizib
zizizib collected $2.50 from pot
zizizib: doesn't show hand 
*** SUMMARY ***
Total pot $2.50 | Rake $0 
Seat 2: SorinS28
Seat 1: Alpha$tunZ folded before Flop (didn't bet)
Seat 3: Taffs67 folded before Flop (didn't bet)
Seat 4: zizizib (button) collected ($2.50)
Seat 5: NikoPale (small blind) folded before Flop
Seat 6: EvilReality (big blind) folded before Flop



PokerStars Hand #254231017409:  Hold'em No Limit ($0.50/$1.00 USD) - 2025/01/06 18:03:11 WET [2025/01/06 13:03:11 ET]
Table 'Azalea II' 6-max Seat #5 is the button
Seat 2: SorinS28 ($100 in chips) is sitting out
Seat 1: Alpha$tunZ ($100 in chips) 
Seat 3: Taffs67 ($94.20 in chips) 
Seat 4: zizizib ($106.22 in chips) 
Seat 5: NikoPale ($107.27 in chips) 
Seat 6: EvilReality ($100 in chips) 
EvilReality: posts small blind $0.50
Alpha$tunZ: posts big blind $1
SorinS28: sits out 
*** HOLE CARDS ***
Taffs67: folds 
zizizib: folds 
NikoPale: folds 
EvilReality: raises $2 to $3
Alpha$tunZ: calls $2
*** FLOP *** [Js Qs Qh]
EvilReality: checks 
Alpha$tunZ has timed out
Alpha$tunZ: checks 
*** TURN *** [Js Qs Qh] [2c]
EvilReality: checks 
Alpha$tunZ: checks 
*** RIVER *** [Js Qs Qh 2c] [3s]
EvilReality: checks 
Alpha$tunZ: checks 
*** SHOW DOWN ***
EvilReality: shows [Ac 4d] (a pair of Queens)
Alpha$tunZ: shows [Ad 7c] (a pair of Queens - Ace+Jack+Seven kicker)
Alpha$tunZ collected $5.70 from pot
*** SUMMARY ***
Total pot $6 | Rake $0.30 
Board [Js Qs Qh 2c 3s]
Seat 2: SorinS28
Seat 1: Alpha$tunZ (big blind) showed [Ad 7c] and won ($5.70) with a pair of Queens
Seat 3: Taffs67 folded before Flop (didn't bet)
Seat 4: zizizib folded before Flop (didn't bet)
Seat 5: NikoPale (button) folded before Flop (didn't bet)
Seat 6: EvilReality (small blind) showed [Ac 4d] and lost with a pair of Queens



PokerStars Hand #254231044763:  Hold'em No Limit ($0.50/$1.00 USD) - 2025/01/06 18:04:39 WET [2025/01/06 13:04:39 ET]
Table 'Azalea II' 6-max Seat #6 is the button
Seat 1: Alpha$tunZ ($102.70 in chips) 
Seat 2: SorinS28 ($100 in chips) 
Seat 3: Taffs67 ($94.20 in chips) 
Seat 4: zizizib ($106.22 in chips) 
Seat 5: NikoPale ($107.27 in chips) 
Seat 6: EvilReality ($100 in chips) 
Alpha$tunZ: posts small blind $0.50
SorinS28: posts big blind $1
*** HOLE CARDS ***
Taffs67: folds 
zizizib: folds 
NikoPale: folds 
EvilReality: raises $1.50 to $2.50
Alpha$tunZ: folds 
SorinS28: folds 
Uncalled bet ($1.50) returned to EvilReality
EvilReality collected $2.50 from pot
EvilReality: doesn't show hand 
*** SUMMARY ***
Total pot $2.50 | Rake $0 
Seat 1: Alpha$tunZ (small blind) folded before Flop
Seat 2: SorinS28 (big blind) folded before Flop
Seat 3: Taffs67 folded before Flop (didn't bet)
Seat 4: zizizib folded before Flop (didn't bet)
Seat 5: NikoPale folded before Flop (didn't bet)
Seat 6: EvilReality (button) collected ($2.50)



PokerStars Hand #254231050657:  Hold'em No Limit ($0.50/$1.00 USD) - 2025/01/06 18:04:57 WET [2025/01/06 13:04:57 ET]
Table 'Azalea II' 6-max Seat #1 is the button
Seat 1: Alpha$tunZ ($102.20 in chips) 
Seat 2: SorinS28 ($100 in chips) 
Seat 3: Taffs67 ($94.20 in chips) 
Seat 4: zizizib ($106.22 in chips) 
Seat 5: NikoPale ($107.27 in chips) 
Seat 6: EvilReality ($101.50 in chips) 
SorinS28: posts small blind $0.50
Taffs67: posts big blind $1
*** HOLE CARDS ***
zizizib: folds 
NikoPale: folds 
EvilReality: raises $1.50 to $2.50
Alpha$tunZ: raises $6.50 to $9
SorinS28: folds 
Taffs67: folds 
EvilReality: folds 
Uncalled bet ($6.50) returned to Alpha$tunZ
Alpha$tunZ collected $6.50 from pot
Alpha$tunZ: doesn't show hand 
*** SUMMARY ***
Total pot $6.50 | Rake $0 
Seat 1: Alpha$tunZ (button) collected ($6.50)
Seat 2: SorinS28 (small blind) folded before Flop
Seat 3: Taffs67 (big blind) folded before Flop
Seat 4: zizizib folded before Flop (didn't bet)
Seat 5: NikoPale folded before Flop (didn't bet)
Seat 6: EvilReality folded before Flop



PokerStars Hand #254231059664:  Hold'em No Limit ($0.50/$1.00 USD) - 2025/01/06 18:05:26 WET [2025/01/06 13:05:26 ET]
Table 'Azalea II' 6-max Seat #2 is the button
Seat 1: Alpha$tunZ ($106.20 in chips) 
Seat 2: SorinS28 ($100 in chips) 
Seat 3: Taffs67 ($93.20 in chips) 
Seat 4: zizizib ($106.22 in chips) 
Seat 5: NikoPale ($107.27 in chips) 
Seat 6: EvilReality ($100 in chips) 
Taffs67: posts small blind $0.50
zizizib: posts big blind $1
*** HOLE CARDS ***
NikoPale: folds 
EvilReality: folds 
Alpha$tunZ: raises $1.25 to $2.25
SorinS28: folds 
Taffs67: folds 
zizizib: folds 
Uncalled bet ($1.25) returned to Alpha$tunZ
Alpha$tunZ collected $2.50 from pot
Alpha$tunZ: doesn't show hand 
*** SUMMARY ***
Total pot $2.50 | Rake $0 
Seat 1: Alpha$tunZ collected ($2.50)
Seat 2: SorinS28 (button) folded before Flop (didn't bet)
Seat 3: Taffs67 (small blind) folded before Flop
Seat 4: zizizib (big blind) folded before Flop
Seat 5: NikoPale folded before Flop (didn't bet)
Seat 6: EvilReality folded before Flop (didn't bet)



PokerStars Hand #254231064629:  Hold'em No Limit ($0.50/$1.00 USD) - 2025/01/06 18:05:41 WET [2025/01/06 13:05:41 ET]
Table 'Azalea II' 6-max Seat #3 is the button
Seat 1: Alpha$tunZ ($107.70 in chips) 
Seat 2: SorinS28 ($100 in chips) 
Seat 3: Taffs67 ($92.70 in chips) 
Seat 4: zizizib ($105.22 in chips) 
Seat 5: NikoPale ($107.27 in chips) 
Seat 6: EvilReality ($100 in chips) 
zizizib: posts small blind $0.50
NikoPale: posts big blind $1
*** HOLE CARDS ***
EvilReality: folds 
Alpha$tunZ: raises $1.25 to $2.25
SorinS28: folds 
Taffs67: folds 
zizizib: folds 
NikoPale: folds 
Uncalled bet ($1.25) returned to Alpha$tunZ
Alpha$tunZ collected $2.50 from pot
Alpha$tunZ: doesn't show hand 
*** SUMMARY ***
Total pot $2.50 | Rake $0 
Seat 1: Alpha$tunZ collected ($2.50)
Seat 2: SorinS28 folded before Flop (didn't bet)
Seat 3: Taffs67 (button) folded before Flop (didn't bet)
Seat 4: zizizib (small blind) folded before Flop
Seat 5: NikoPale (big blind) folded before Flop
Seat 6: EvilReality folded before Flop (didn't bet)



PokerStars Hand #254231072501:  Hold'em No Limit ($0.50/$1.00 USD) - 2025/01/06 18:06:06 WET [2025/01/06 13:06:06 ET]
Table 'Azalea II' 6-max Seat #4 is the button
Seat 6: EvilReality ($100 in chips) is sitting out
Seat 1: Alpha$tunZ ($109.20 in chips) 
Seat 2: SorinS28 ($100 in chips) 
Seat 3: Taffs67 ($92.70 in chips) 
Seat 4: zizizib ($104.72 in chips) 
Seat 5: NikoPale ($106.27 in chips) 
NikoPale: posts small blind $0.50
EvilReality: is sitting out 
Alpha$tunZ: posts big blind $1
*** HOLE CARDS ***
EvilReality leaves the table
SorinS28: folds 
Taffs67: folds 
zizizib: folds 
NikoPale: folds 
Uncalled bet ($0.50) returned to Alpha$tunZ
Alpha$tunZ collected $1 from pot
Alpha$tunZ: doesn't show hand 
*** SUMMARY ***
Total pot $1 | Rake $0 
Seat 6: EvilReality
Seat 1: Alpha$tunZ (big blind) collected ($1)
Seat 2: SorinS28 folded before Flop (didn't bet)
Seat 3: Taffs67 folded before Flop (didn't bet)
Seat 4: zizizib (button) folded before Flop (didn't bet)
Seat 5: NikoPale (small blind) folded before Flop



PokerStars Hand #254231078546:  Hold'em No Limit ($0.50/$1.00 USD) - 2025/01/06 18:06:25 WET [2025/01/06 13:06:25 ET]
Table 'Azalea II' 6-max Seat #5 is the button
Seat 1: Alpha$tunZ ($109.70 in chips) 
Seat 2: SorinS28 ($100 in chips) 
Seat 3: Taffs67 ($92.70 in chips) 
Seat 4: zizizib ($104.72 in chips) 
Seat 5: NikoPale ($105.77 in chips) 
Alpha$tunZ: posts small blind $0.50
SorinS28: posts big blind $1
*** HOLE CARDS ***
Taffs67: folds 
Supermegopro joins the table at seat #6 
zizizib: raises $1.30 to $2.30
NikoPale: folds 
Alpha$tunZ: folds 
SorinS28: folds 
Uncalled bet ($1.30) returned to zizizib
zizizib collected $2.50 from pot
zizizib: doesn't show hand 
*** SUMMARY ***
Total pot $2.50 | Rake $0 
Seat 1: Alpha$tunZ (small blind) folded before Flop
Seat 2: SorinS28 (big blind) folded before Flop
Seat 3: Taffs67 folded before Flop (didn't bet)
Seat 4: zizizib collected ($2.50)
Seat 5: NikoPale (button) folded before Flop (didn't bet)



PokerStars Hand #254231085601:  Hold'em No Limit ($0.50/$1.00 USD) - 2025/01/06 18:06:47 WET [2025/01/06 13:06:47 ET]
Table 'Azalea II' 6-max Seat #1 is the button
Seat 6: Supermegopro ($100 in chips) is sitting out
Seat 1: Alpha$tunZ ($109.20 in chips) 
Seat 2: SorinS28 ($100 in chips) 
Seat 3: Taffs67 ($92.70 in chips) 
Seat 4: zizizib ($106.22 in chips) 
Seat 5: NikoPale ($105.77 in chips) 
SorinS28: posts small blind $0.50
Taffs67: posts big blind $1
Supermegopro: sits out 
*** HOLE CARDS ***
zizizib: folds 
NikoPale: folds 
Alpha$tunZ: folds 
Alpha$tunZ leaves the table
SorinS28: raises $2 to $3
Taffs67: calls $2
*** FLOP *** [Qd 8s Qc]
sta$igk joins the table at seat #1 
SorinS28: bets $1.60
Taffs67: raises $4.60 to $6.20
SorinS28: folds 
Uncalled bet ($4.60) returned to Taffs67
Taffs67 collected $8.74 from pot
*** SUMMARY ***
Total pot $9.20 | Rake $0.46 
Board [Qd 8s Qc]
Seat 6: Supermegopro
Seat 1: Alpha$tunZ (button) folded before Flop (didn't bet)
Seat 2: SorinS28 (small blind) folded on the Flop
Seat 3: Taffs67 (big blind) collected ($8.74)
Seat 4: zizizib folded before Flop (didn't bet)
Seat 5: NikoPale folded before Flop (didn't bet)



PokerStars Hand #254231100353:  Hold'em No Limit ($0.50/$1.00 USD) - 2025/01/06 18:07:34 WET [2025/01/06 13:07:34 ET]
Table 'Azalea II' 6-max Seat #2 is the button
Seat 1: sta$igk ($100 in chips) is sitting out
Seat 6: Supermegopro ($100 in chips) is sitting out
Seat 2: SorinS28 ($100 in chips) 
Seat 3: Taffs67 ($96.84 in chips) 
Seat 4: zizizib ($106.22 in chips) 
Seat 5: NikoPale ($105.77 in chips) 
Taffs67: posts small blind $0.50
zizizib: posts big blind $1
Supermegopro: sits out 
sta$igk: sits out 
*** HOLE CARDS ***
NikoPale: folds 
SorinS28: folds 
Taffs67: raises $1 to $2
zizizib: calls $1
*** FLOP *** [Qd 4d Tc]
Taffs67: bets $1.90
zizizib: calls $1.90
*** TURN *** [Qd 4d Tc] [9c]
Taffs67: checks 
zizizib: checks 
*** RIVER *** [Qd 4d Tc 9c] [5c]
Taffs67: bets $7.41
zizizib: folds 
Uncalled bet ($7.41) returned to Taffs67
Taffs67 collected $7.41 from pot
*** SUMMARY ***
Total pot $7.80 | Rake $0.39 
Board [Qd 4d Tc 9c 5c]
Seat 1: sta$igk
Seat 6: Supermegopro
Seat 2: SorinS28 (button) folded before Flop (didn't bet)
Seat 3: Taffs67 (small blind) collected ($7.41)
Seat 4: zizizib (big blind) folded on the River
Seat 5: NikoPale folded before Flop (didn't bet)



PokerStars Hand #254231122035:  Hold'em No Limit ($0.50/$1.00 USD) - 2025/01/06 18:08:42 WET [2025/01/06 13:08:42 ET]
Table 'Azalea II' 6-max Seat #3 is the button
Seat 1: sta$igk ($100 in chips) is sitting out
Seat 6: Supermegopro ($100 in chips) is sitting out
Seat 2: SorinS28 ($100 in chips) 
Seat 3: Taffs67 ($100.35 in chips) 
Seat 4: zizizib ($102.32 in chips) 
Seat 5: NikoPale ($105.77 in chips) 
zizizib: posts small blind $0.50
NikoPale: posts big blind $1
Supermegopro: sits out 
sta$igk: sits out 
*** HOLE CARDS ***
SorinS28: folds 
Taffs67: calls $1
zizizib: folds 
NikoPale: raises $4 to $5
Taffs67: folds 
Uncalled bet ($4) returned to NikoPale
NikoPale collected $2.50 from pot
NikoPale: doesn't show hand 
*** SUMMARY ***
Total pot $2.50 | Rake $0 
Seat 1: sta$igk
Seat 6: Supermegopro
Seat 2: SorinS28 folded before Flop (didn't bet)
Seat 3: Taffs67 (button) folded before Flop
Seat 4: zizizib (small blind) folded before Flop
Seat 5: NikoPale (big blind) collected ($2.50)



PokerStars Hand #254231128337:  Hold'em No Limit ($0.50/$1.00 USD) - 2025/01/06 18:09:02 WET [2025/01/06 13:09:02 ET]
Table 'Azalea II' 6-max Seat #4 is the button
Seat 1: sta$igk ($100 in chips) is sitting out
Seat 2: SorinS28 ($100 in chips) 
Seat 3: Taffs67 ($99.35 in chips) 
Seat 4: zizizib ($101.82 in chips) 
Seat 5: NikoPale ($107.27 in chips) 
Seat 6: Supermegopro ($100 in chips) 
NikoPale: posts small blind $0.50
Supermegopro: posts big blind $1
sta$igk: sits out 
*** HOLE CARDS ***
SorinS28: folds 
Taffs67: folds 
zizizib: raises $1.50 to $2.50
NikoPale: folds 
Supermegopro: folds 
Uncalled bet ($1.50) returned to zizizib
zizizib collected $2.50 from pot
zizizib: doesn't show hand 
*** SUMMARY ***
Total pot $2.50 | Rake $0 
Seat 1: sta$igk
Seat 2: SorinS28 folded before Flop (didn't bet)
Seat 3: Taffs67 folded before Flop (didn't bet)
Seat 4: zizizib (button) collected ($2.50)
Seat 5: NikoPale (small blind) folded before Flop
Seat 6: Supermegopro (big blind) folded before Flop



PokerStars Hand #254231131814:  Hold'em No Limit ($0.50/$1.00 USD) - 2025/01/06 18:09:13 WET [2025/01/06 13:09:13 ET]
Table 'Azalea II' 6-max Seat #5 is the button
Seat 1: sta$igk ($100 in chips) 
Seat 2: SorinS28 ($100 in chips) 
Seat 3: Taffs67 ($99.35 in chips) 
Seat 4: zizizib ($103.32 in chips) 
Seat 5: NikoPale ($106.77 in chips) 
Seat 6: Supermegopro ($100 in chips) 
Supermegopro: posts small blind $0.50
sta$igk: posts big blind $1
*** HOLE CARDS ***
SorinS28: folds 
Taffs67: folds 
zizizib: folds 
NikoPale: folds 
Supermegopro: raises $2 to $3
sta$igk: raises $6 to $9
Supermegopro: raises $27 to $36
sta$igk: raises $64 to $100 and is all-in
Supermegopro: calls $64 and is all-in
*** FLOP *** [Ah 2c Kd]
*** TURN *** [Ah 2c Kd] [3d]
*** RIVER *** [Ah 2c Kd 3d] [4s]
*** SHOW DOWN ***
Supermegopro: shows [Js Jd] (a pair of Jacks)
sta$igk: shows [Kh As] (two pair, Aces and Kings)
sta$igk collected $197.50 from pot
*** SUMMARY ***
Total pot $200 | Rake $2.50 
Board [Ah 2c Kd 3d 4s]
Seat 1: sta$igk (big blind) showed [Kh As] and won ($197.50) with two pair, Aces and Kings
Seat 2: SorinS28 folded before Flop (didn't bet)
Seat 3: Taffs67 folded before Flop (didn't bet)
Seat 4: zizizib folded before Flop (didn't bet)
Seat 5: NikoPale (button) folded before Flop (didn't bet)
Seat 6: Supermegopro (small blind) showed [Js Jd] and lost with a pair of Jacks



PokerStars Hand #254231145374:  Hold'em No Limit ($0.50/$1.00 USD) - 2025/01/06 18:09:56 WET [2025/01/06 13:09:56 ET]
Table 'Azalea II' 6-max Seat #6 is the button
Seat 1: sta$igk ($197.50 in chips) 
Seat 2: SorinS28 ($100 in chips) 
Seat 3: Taffs67 ($99.35 in chips) 
Seat 4: zizizib ($103.32 in chips) 
Seat 5: NikoPale ($106.77 in chips) 
Seat 6: Supermegopro ($100 in chips) 
sta$igk: posts small blind $0.50
SorinS28: posts big blind $1
*** HOLE CARDS ***
Taffs67: raises $1 to $2
zizizib: folds 
NikoPale: folds 
Supermegopro: folds 
sta$igk: folds 
SorinS28: calls $1
*** FLOP *** [9d 4d 9s]
SorinS28: checks 
Taffs67: bets $2.14
SorinS28: calls $2.14
*** TURN *** [9d 4d 9s] [7c]
SorinS28: checks 
Taffs67: bets $4.17
SorinS28: calls $4.17
*** RIVER *** [9d 4d 9s 7c] [Jh]
SorinS28: checks 
Taffs67: bets $8.13
SorinS28: calls $8.13
*** SHOW DOWN ***
Taffs67: shows [Tc Qd] (a pair of Nines)
SorinS28: shows [Ah 4h] (two pair, Nines and Fours)
SorinS28 collected $31.71 from pot
*** SUMMARY ***
Total pot $33.38 | Rake $1.67 
Board [9d 4d 9s 7c Jh]
Seat 1: sta$igk (small blind) folded before Flop
Seat 2: SorinS28 (big blind) showed [Ah 4h] and won ($31.71) with two pair, Nines and Fours
Seat 3: Taffs67 showed [Tc Qd] and lost with a pair of Nines
Seat 4: zizizib folded before Flop (didn't bet)
Seat 5: NikoPale folded before Flop (didn't bet)
Seat 6: Supermegopro (button) folded before Flop (didn't bet)



PokerStars Hand #254231163069:  Hold'em No Limit ($0.50/$1.00 USD) - 2025/01/06 18:10:51 WET [2025/01/06 13:10:51 ET]
Table 'Azalea II' 6-max Seat #1 is the button
Seat 1: sta$igk ($197 in chips) 
Seat 2: SorinS28 ($115.27 in chips) 
Seat 3: Taffs67 ($82.91 in chips) 
Seat 4: zizizib ($103.32 in chips) 
Seat 5: NikoPale ($106.77 in chips) 
Seat 6: Supermegopro ($100 in chips) 
SorinS28: posts small blind $0.50
Taffs67: posts big blind $1
*** HOLE CARDS ***
zizizib: folds 
NikoPale: raises $1.50 to $2.50
Supermegopro: folds 
sta$igk: folds 
SorinS28: folds 
Taffs67: folds 
Uncalled bet ($1.50) returned to NikoPale
NikoPale collected $2.50 from pot
NikoPale: doesn't show hand 
*** SUMMARY ***
Total pot $2.50 | Rake $0 
Seat 1: sta$igk (button) folded before Flop (didn't bet)
Seat 2: SorinS28 (small blind) folded before Flop
Seat 3: Taffs67 (big blind) folded before Flop
Seat 4: zizizib folded before Flop (didn't bet)
Seat 5: NikoPale collected ($2.50)
Seat 6: Supermegopro folded before Flop (didn't bet)



PokerStars Hand #254231169925:  Hold'em No Limit ($0.50/$1.00 USD) - 2025/01/06 18:11:13 WET [2025/01/06 13:11:13 ET]
Table 'Azalea II' 6-max Seat #2 is the button
Seat 4: zizizib ($103.32 in chips) is sitting out
Seat 1: sta$igk ($197 in chips) 
Seat 2: SorinS28 ($114.77 in chips) 
Seat 3: Taffs67 ($81.91 in chips) 
Seat 5: NikoPale ($108.27 in chips) 
Seat 6: Supermegopro ($100 in chips) 
Taffs67: posts small blind $0.50
zizizib: is sitting out 
zizizib leaves the table
NikoPale: posts big blind $1
*** HOLE CARDS ***
Supermegopro: folds 
sta$igk: folds 
SorinS28: folds 
tintin641 joins the table at seat #4 
Taffs67: raises $1 to $2
NikoPale: raises $5 to $7
Taffs67: calls $5
*** FLOP *** [Kc 6d 5s]
Taffs67: bets $6.65
NikoPale: folds 
Uncalled bet ($6.65) returned to Taffs67
Taffs67 collected $13.30 from pot
*** SUMMARY ***
Total pot $14 | Rake $0.70 
Board [Kc 6d 5s]
Seat 4: zizizib
Seat 1: sta$igk folded before Flop (didn't bet)
Seat 2: SorinS28 (button) folded before Flop (didn't bet)
Seat 3: Taffs67 (small blind) collected ($13.30)
Seat 5: NikoPale (big blind) folded on the Flop
Seat 6: Supermegopro folded before Flop (didn't bet)



PokerStars Hand #254231180726:  Hold'em No Limit ($0.50/$1.00 USD) - 2025/01/06 18:11:47 WET [2025/01/06 13:11:47 ET]
Table 'Azalea II' 6-max Seat #3 is the button
Seat 4: tintin641 ($100 in chips) is sitting out
Seat 1: sta$igk ($197 in chips) 
Seat 2: SorinS28 ($114.77 in chips) 
Seat 3: Taffs67 ($88.21 in chips) 
Seat 5: NikoPale ($101.27 in chips) 
Seat 6: Supermegopro ($100 in chips) 
NikoPale: posts small blind $0.50
Supermegopro: posts big blind $1
*** HOLE CARDS ***
sta$igk: folds 
SorinS28: folds 
Taffs67: calls $1
NikoPale: folds 
Supermegopro: checks 
*** FLOP *** [9h Qs 6d]
Supermegopro: checks 
Taffs67: checks 
*** TURN *** [9h Qs 6d] [Jd]
Supermegopro: bets $1.59
Taffs67: calls $1.59
*** RIVER *** [9h Qs 6d Jd] [5h]
Supermegopro: bets $1.35
Taffs67: folds 
Uncalled bet ($1.35) returned to Supermegopro
Supermegopro collected $5.40 from pot
Supermegopro: doesn't show hand 
*** SUMMARY ***
Total pot $5.68 | Rake $0.28 
Board [9h Qs 6d Jd 5h]
Seat 4: tintin641
Seat 1: sta$igk folded before Flop (didn't bet)
Seat 2: SorinS28 folded before Flop (didn't bet)
Seat 3: Taffs67 (button) folded on the River
Seat 5: NikoPale (small blind) folded before Flop
Seat 6: Supermegopro (big blind) collected ($5.40)



PokerStars Hand #254231190874:  Hold'em No Limit ($0.50/$1.00 USD) - 2025/01/06 18:12:18 WET [2025/01/06 13:12:18 ET]
Table 'Azalea II' 6-max Seat #5 is the button
Seat 4: tintin641 ($100 in chips) is sitting out
Seat 1: sta$igk ($197 in chips) 
Seat 2: SorinS28 ($114.77 in chips) 
Seat 3: Taffs67 ($85.62 in chips) 
Seat 5: NikoPale ($100.77 in chips) 
Seat 6: Supermegopro ($102.81 in chips) 
Supermegopro: posts small blind $0.50
sta$igk: posts big blind $1
tintin641: sits out 
*** HOLE CARDS ***
SorinS28: folds 
Taffs67: calls $1
NikoPale: raises $4 to $5
Supermegopro: folds 
sta$igk: folds 
Taffs67: calls $4
*** FLOP *** [Kc Ac 7h]
Taffs67: checks 
NikoPale: checks 
*** TURN *** [Kc Ac 7h] [2s]
Taffs67: checks 
NikoPale: checks 
*** RIVER *** [Kc Ac 7h 2s] [Jh]
Taffs67: bets $10.92
NikoPale: calls $10.92
*** SHOW DOWN ***
Taffs67: shows [Jd 9d] (a pair of Jacks)
NikoPale: shows [Qc Kh] (a pair of Kings)
NikoPale collected $31.67 from pot
*** SUMMARY ***
Total pot $33.34 | Rake $1.67 
Board [Kc Ac 7h 2s Jh]
Seat 4: tintin641
Seat 1: sta$igk (big blind) folded before Flop
Seat 2: SorinS28 folded before Flop (didn't bet)
Seat 3: Taffs67 showed [Jd 9d] and lost with a pair of Jacks
Seat 5: NikoPale (button) showed [Qc Kh] and won ($31.67) with a pair of Kings
Seat 6: Supermegopro (small blind) folded before Flop



PokerStars Hand #254231201947:  Hold'em No Limit ($0.50/$1.00 USD) - 2025/01/06 18:12:53 WET [2025/01/06 13:12:53 ET]
Table 'Azalea II' 6-max Seat #6 is the button
Seat 4: tintin641 ($100 in chips) is sitting out
Seat 1: sta$igk ($196 in chips) 
Seat 2: SorinS28 ($114.77 in chips) 
Seat 3: Taffs67 ($69.70 in chips) 
Seat 5: NikoPale ($116.52 in chips) 
Seat 6: Supermegopro ($102.31 in chips) 
sta$igk: posts small blind $0.50
SorinS28: posts big blind $1
tintin641: sits out 
*** HOLE CARDS ***
Taffs67: folds 
NikoPale: folds 
Supermegopro: raises $1.50 to $2.50
sta$igk: folds 
SorinS28: folds 
Uncalled bet ($1.50) returned to Supermegopro
Supermegopro collected $2.50 from pot
Supermegopro: doesn't show hand 
*** SUMMARY ***
Total pot $2.50 | Rake $0 
Seat 4: tintin641
Seat 1: sta$igk (small blind) folded before Flop
Seat 2: SorinS28 (big blind) folded before Flop
Seat 3: Taffs67 folded before Flop (didn't bet)
Seat 5: NikoPale folded before Flop (didn't bet)
Seat 6: Supermegopro (button) collected ($2.50)



PokerStars Hand #254231206789:  Hold'em No Limit ($0.50/$1.00 USD) - 2025/01/06 18:13:08 WET [2025/01/06 13:13:08 ET]
Table 'Azalea II' 6-max Seat #1 is the button
Seat 4: tintin641 ($100 in chips) is sitting out
Seat 1: sta$igk ($195.50 in chips) 
Seat 2: SorinS28 ($113.77 in chips) 
Seat 3: Taffs67 ($69.70 in chips) 
Seat 5: NikoPale ($116.52 in chips) 
Seat 6: Supermegopro ($103.81 in chips) 
SorinS28: posts small blind $0.50
Taffs67: posts big blind $1
tintin641: sits out 
*** HOLE CARDS ***
NikoPale: folds 
Supermegopro: folds 
sta$igk: raises $1.50 to $2.50
SorinS28: folds 
Taffs67: raises $5.50 to $8
sta$igk: folds 
Uncalled bet ($5.50) returned to Taffs67
Taffs67 collected $5.50 from pot
*** SUMMARY ***
Total pot $5.50 | Rake $0 
Seat 4: tintin641
Seat 1: sta$igk (button) folded before Flop
Seat 2: SorinS28 (small blind) folded before Flop
Seat 3: Taffs67 (big blind) collected ($5.50)
Seat 5: NikoPale folded before Flop (didn't bet)
Seat 6: Supermegopro folded before Flop (didn't bet)



PokerStars Hand #254231211671:  Hold'em No Limit ($0.50/$1.00 USD) - 2025/01/06 18:13:24 WET [2025/01/06 13:13:24 ET]
Table 'Azalea II' 6-max Seat #2 is the button
Seat 1: sta$igk ($193 in chips) 
Seat 2: SorinS28 ($113.27 in chips) 
Seat 3: Taffs67 ($72.70 in chips) 
Seat 4: tintin641 ($100 in chips) 
Seat 5: NikoPale ($116.52 in chips) 
Seat 6: Supermegopro ($103.81 in chips) 
Taffs67: posts small blind $0.50
tintin641: posts big blind $1
*** HOLE CARDS ***
NikoPale: folds 
Supermegopro: folds 
sta$igk: folds 
SorinS28: raises $1.50 to $2.50
Taffs67: raises $1.50 to $4
tintin641: folds 
SorinS28: calls $1.50
*** FLOP *** [Kh Ad 9h]
Taffs67: bets $4.28
SorinS28: calls $4.28
*** TURN *** [Kh Ad 9h] [Tc]
Taffs67: checks 
SorinS28: bets $11.18
Taffs67: raises $11.18 to $22.36
SorinS28: raises $82.63 to $104.99 and is all-in
Taffs67: calls $42.06 and is all-in
Uncalled bet ($40.57) returned to SorinS28
*** RIVER *** [Kh Ad 9h Tc] [5s]
*** SHOW DOWN ***
Taffs67: shows [Jd Ah] (a pair of Aces)
SorinS28: shows [Qc Jc] (a straight, Ten to Ace)
SorinS28 collected $143.90 from pot
*** SUMMARY ***
Total pot $146.40 | Rake $2.50 
Board [Kh Ad 9h Tc 5s]
Seat 1: sta$igk folded before Flop (didn't bet)
Seat 2: SorinS28 (button) showed [Qc Jc] and won ($143.90) with a straight, Ten to Ace
Seat 3: Taffs67 (small blind) showed [Jd Ah] and lost with a pair of Aces
Seat 4: tintin641 (big blind) folded before Flop
Seat 5: NikoPale folded before Flop (didn't bet)
Seat 6: Supermegopro folded before Flop (didn't bet)



PokerStars Hand #254231236262:  Hold'em No Limit ($0.50/$1.00 USD) - 2025/01/06 18:14:42 WET [2025/01/06 13:14:42 ET]
Table 'Azalea II' 6-max Seat #4 is the button
Seat 3: Taffs67 ($0 in chips) is sitting out
Seat 1: sta$igk ($193 in chips) 
Seat 2: SorinS28 ($184.47 in chips) 
Seat 4: tintin641 ($100 in chips) 
Seat 5: NikoPale ($116.52 in chips) 
Seat 6: Supermegopro ($103.81 in chips) 
NikoPale: posts small blind $0.50
Supermegopro: posts big blind $1
*** HOLE CARDS ***
sta$igk: folds 
SorinS28: raises $1.30 to $2.30
tintin641: folds 
NikoPale: folds 
Supermegopro: folds 
Uncalled bet ($1.30) returned to SorinS28
SorinS28 collected $2.50 from pot
SorinS28: doesn't show hand 
*** SUMMARY ***
Total pot $2.50 | Rake $0 
Seat 3: Taffs67
Seat 1: sta$igk folded before Flop (didn't bet)
Seat 2: SorinS28 collected ($2.50)
Seat 4: tintin641 (button) folded before Flop (didn't bet)
Seat 5: NikoPale (small blind) folded before Flop
Seat 6: Supermegopro (big blind) folded before Flop



PokerStars Hand #254231243005:  Hold'em No Limit ($0.50/$1.00 USD) - 2025/01/06 18:15:02 WET [2025/01/06 13:15:02 ET]
Table 'Azalea II' 6-max Seat #5 is the button
Seat 3: Taffs67 ($0 in chips) is sitting out
Seat 1: sta$igk ($193 in chips) 
Seat 2: SorinS28 ($185.97 in chips) 
Seat 4: tintin641 ($100 in chips) 
Seat 5: NikoPale ($116.02 in chips) 
Seat 6: Supermegopro ($102.81 in chips) 
Supermegopro: posts small blind $0.50
sta$igk: posts big blind $1
*** HOLE CARDS ***
Taffs67 leaves the table
SorinS28: folds 
tintin641: folds 
SorinS28 leaves the table
NikoPale: folds 
Supermegopro: raises $2 to $3
sta$igk: folds 
Uncalled bet ($2) returned to Supermegopro
Supermegopro collected $2 from pot
Supermegopro: doesn't show hand 
*** SUMMARY ***
Total pot $2 | Rake $0 
Seat 3: Taffs67
Seat 1: sta$igk (big blind) folded before Flop
Seat 2: SorinS28 folded before Flop (didn't bet)
Seat 4: tintin641 folded before Flop (didn't bet)
Seat 5: NikoPale (button) folded before Flop (didn't bet)
Seat 6: Supermegopro (small blind) collected ($2)



PokerStars Hand #254231246781:  Hold'em No Limit ($0.50/$1.00 USD) - 2025/01/06 18:15:14 WET [2025/01/06 13:15:14 ET]
Table 'Azalea II' 6-max Seat #6 is the button
Seat 1: sta$igk ($192 in chips) 
Seat 4: tintin641 ($100 in chips) 
Seat 5: NikoPale ($116.02 in chips) 
Seat 6: Supermegopro ($103.81 in chips) 
sta$igk: posts small blind $0.50
tintin641: posts big blind $1
*** HOLE CARDS ***
NikoPale: folds 
Supermegopro: raises $1.50 to $2.50
sta$igk: raises $8.50 to $11
tintin641: folds 
Supermegopro: folds 
Uncalled bet ($8.50) returned to sta$igk
sta$igk collected $6 from pot
sta$igk: doesn't show hand 
*** SUMMARY ***
Total pot $6 | Rake $0 
Seat 1: sta$igk (small blind) collected ($6)
Seat 4: tintin641 (big blind) folded before Flop
Seat 5: NikoPale folded before Flop (didn't bet)
Seat 6: Supermegopro (button) folded before Flop



