PokerStars Hand #254234116857:  Hold'em No Limit ($0.50/$1.00 USD) - 2025/01/06 20:39:39 WET [2025/01/06 15:39:39 ET]
Table 'Fragaria II' 6-max Seat #2 is the button
Seat 3: joaquin612 ($10 in chips) is sitting out
Seat 1: NISIY ($100 in chips) 
Seat 2: Unipoker11 ($100 in chips) 
Unipoker11: posts small blind $0.50
NISIY: posts big blind $1
*** HOLE CARDS ***
Unipoker11: raises $1.50 to $2.50
NISIY: folds 
Uncalled bet ($1.50) returned to Unipoker11
Unipoker11 collected $2 from pot
Unipoker11: doesn't show hand 
*** SUMMARY ***
Total pot $2 | Rake $0 
Seat 3: joaquin612
Seat 1: NISIY (big blind) folded before Flop
Seat 2: Unipoker11 (button) (small blind) collected ($2)



PokerStars Hand #254234123645:  Hold'em No Limit ($0.50/$1.00 USD) - 2025/01/06 20:39:58 WET [2025/01/06 15:39:58 ET]
Table 'Fragaria II' 6-max Seat #1 is the button
Seat 1: NISIY ($100 in chips) 
Seat 2: Unipoker11 ($101 in chips) 
Seat 3: joaquin612 ($100 in chips) 
Unipoker11: posts small blind $0.50
joaquin612: posts big blind $1
*** HOLE CARDS ***
NISIY: raises $1.50 to $2.50
Unipoker11: folds 
joaquin612: calls $1.50
*** FLOP *** [Td 6d 5d]
joaquin612: checks 
NISIY: bets $1.72
joaquin612: folds 
Uncalled bet ($1.72) returned to NISIY
NISIY collected $5.22 from pot
NISIY: doesn't show hand 
*** SUMMARY ***
Total pot $5.50 | Rake $0.28 
Board [Td 6d 5d]
Seat 1: NISIY (button) collected ($5.22)
Seat 2: Unipoker11 (small blind) folded before Flop
Seat 3: joaquin612 (big blind) folded on the Flop



PokerStars Hand #254234134040:  Hold'em No Limit ($0.50/$1.00 USD) - 2025/01/06 20:40:26 WET [2025/01/06 15:40:26 ET]
Table 'Fragaria II' 6-max Seat #2 is the button
Seat 1: NISIY ($102.72 in chips) 
Seat 2: Unipoker11 ($100.50 in chips) 
Seat 3: joaquin612 ($100 in chips) 
joaquin612: posts small blind $0.50
NISIY: posts big blind $1
*** HOLE CARDS ***
Unipoker11: folds 
joaquin612: folds 
Uncalled bet ($0.50) returned to NISIY
NISIY collected $1 from pot
NISIY: doesn't show hand 
*** SUMMARY ***
Total pot $1 | Rake $0 
Seat 1: NISIY (big blind) collected ($1)
Seat 2: Unipoker11 (button) folded before Flop (didn't bet)
Seat 3: joaquin612 (small blind) folded before Flop



PokerStars Hand #254234138305:  Hold'em No Limit ($0.50/$1.00 USD) - 2025/01/06 20:40:38 WET [2025/01/06 15:40:38 ET]
Table 'Fragaria II' 6-max Seat #3 is the button
Seat 1: NISIY ($103.22 in chips) 
Seat 2: Unipoker11 ($100.50 in chips) 
Seat 3: joaquin612 ($100 in chips) 
NISIY: posts small blind $0.50
Unipoker11: posts big blind $1
*** HOLE CARDS ***
joaquin612: raises $1.50 to $2.50
NISIY: raises $9.50 to $12
Unipoker11: folds 
joaquin612: calls $9.50
*** FLOP *** [2c 3s 5s]
InteRRio joins the table at seat #5 
Manifestorr joins the table at seat #6 
lianos54 joins the table at seat #4 
NISIY: bets $7.92
lianos54 is disconnected 
joaquin612: folds 
Uncalled bet ($7.92) returned to NISIY
NISIY collected $24 from pot
NISIY: doesn't show hand 
*** SUMMARY ***
Total pot $25 | Rake $1 
Board [2c 3s 5s]
Seat 1: NISIY (small blind) collected ($24)
Seat 2: Unipoker11 (big blind) folded before Flop
Seat 3: joaquin612 (button) folded on the Flop



PokerStars Hand #254234151032:  Hold'em No Limit ($0.50/$1.00 USD) - 2025/01/06 20:41:13 WET [2025/01/06 15:41:13 ET]
Table 'Fragaria II' 6-max Seat #1 is the button
Seat 4: lianos54 ($41.33 in chips) is sitting out
Seat 5: InteRRio ($100 in chips) is sitting out
Seat 6: Manifestorr ($100 in chips) is sitting out
Seat 1: NISIY ($115.22 in chips) 
Seat 2: Unipoker11 ($100 in chips) 
Seat 3: joaquin612 ($100 in chips) 
Unipoker11: posts small blind $0.50
joaquin612: posts big blind $1
lianos54: sits out 
InteRRio: sits out 
Manifestorr: sits out 
*** HOLE CARDS ***
NISIY: folds 
Unipoker11: raises $2 to $3
joaquin612: raises $6 to $9
Unipoker11: calls $6
*** FLOP *** [As Ts Th]
Unipoker11: checks 
joaquin612: bets $5.64
Unipoker11: folds 
Uncalled bet ($5.64) returned to joaquin612
joaquin612 collected $17.10 from pot
joaquin612: doesn't show hand 
*** SUMMARY ***
Total pot $18 | Rake $0.90 
Board [As Ts Th]
Seat 4: lianos54
Seat 5: InteRRio
Seat 6: Manifestorr
Seat 1: NISIY (button) folded before Flop (didn't bet)
Seat 2: Unipoker11 (small blind) folded on the Flop
Seat 3: joaquin612 (big blind) collected ($17.10)



PokerStars Hand #254234170792:  Hold'em No Limit ($0.50/$1.00 USD) - 2025/01/06 20:42:08 WET [2025/01/06 15:42:08 ET]
Table 'Fragaria II' 6-max Seat #2 is the button
Seat 5: InteRRio ($100 in chips) is sitting out
Seat 6: Manifestorr ($100 in chips) is sitting out
Seat 1: NISIY ($115.22 in chips) 
Seat 2: Unipoker11 ($100 in chips) 
Seat 3: joaquin612 ($108.10 in chips) 
Seat 4: lianos54 ($41.33 in chips) 
joaquin612: posts small blind $0.50
lianos54: posts big blind $1
InteRRio: sits out 
Manifestorr: sits out 
*** HOLE CARDS ***
NISIY: folds 
Unipoker11: folds 
joaquin612: folds 
Uncalled bet ($0.50) returned to lianos54
lianos54 collected $1 from pot
*** SUMMARY ***
Total pot $1 | Rake $0 
Seat 5: InteRRio
Seat 6: Manifestorr
Seat 1: NISIY folded before Flop (didn't bet)
Seat 2: Unipoker11 (button) folded before Flop (didn't bet)
Seat 3: joaquin612 (small blind) folded before Flop
Seat 4: lianos54 (big blind) collected ($1)



PokerStars Hand #254234175263:  Hold'em No Limit ($0.50/$1.00 USD) - 2025/01/06 20:42:21 WET [2025/01/06 15:42:21 ET]
Table 'Fragaria II' 6-max Seat #3 is the button
Seat 6: Manifestorr ($100 in chips) is sitting out
Seat 1: NISIY ($115.22 in chips) 
Seat 2: Unipoker11 ($100 in chips) 
Seat 3: joaquin612 ($107.60 in chips) 
Seat 4: lianos54 ($41.83 in chips) 
Seat 5: InteRRio ($100 in chips) 
lianos54: posts small blind $0.50
InteRRio: posts big blind $1
Manifestorr: sits out 
*** HOLE CARDS ***
NISIY: folds 
Unipoker11: folds 
joaquin612: raises $1.50 to $2.50
lianos54: folds 
InteRRio: folds 
Uncalled bet ($1.50) returned to joaquin612
joaquin612 collected $2.50 from pot
joaquin612: doesn't show hand 
*** SUMMARY ***
Total pot $2.50 | Rake $0 
Seat 6: Manifestorr
Seat 1: NISIY folded before Flop (didn't bet)
Seat 2: Unipoker11 folded before Flop (didn't bet)
Seat 3: joaquin612 (button) collected ($2.50)
Seat 4: lianos54 (small blind) folded before Flop
Seat 5: InteRRio (big blind) folded before Flop



PokerStars Hand #254234182549:  Hold'em No Limit ($0.50/$1.00 USD) - 2025/01/06 20:42:41 WET [2025/01/06 15:42:41 ET]
Table 'Fragaria II' 6-max Seat #4 is the button
Seat 1: NISIY ($115.22 in chips) 
Seat 2: Unipoker11 ($100 in chips) 
Seat 3: joaquin612 ($109.10 in chips) 
Seat 4: lianos54 ($41.33 in chips) 
Seat 5: InteRRio ($100 in chips) 
Seat 6: Manifestorr ($100 in chips) 
InteRRio: posts small blind $0.50
Manifestorr: posts big blind $1
*** HOLE CARDS ***
NISIY: folds 
Unipoker11: raises $1 to $2
joaquin612: folds 
lianos54: folds 
InteRRio: folds 
Manifestorr: folds 
Uncalled bet ($1) returned to Unipoker11
Unipoker11 collected $2.50 from pot
Unipoker11: doesn't show hand 
*** SUMMARY ***
Total pot $2.50 | Rake $0 
Seat 1: NISIY folded before Flop (didn't bet)
Seat 2: Unipoker11 collected ($2.50)
Seat 3: joaquin612 folded before Flop (didn't bet)
Seat 4: lianos54 (button) folded before Flop (didn't bet)
Seat 5: InteRRio (small blind) folded before Flop
Seat 6: Manifestorr (big blind) folded before Flop



PokerStars Hand #254234187775:  Hold'em No Limit ($0.50/$1.00 USD) - 2025/01/06 20:42:56 WET [2025/01/06 15:42:56 ET]
Table 'Fragaria II' 6-max Seat #5 is the button
Seat 1: NISIY ($115.22 in chips) 
Seat 2: Unipoker11 ($101.50 in chips) 
Seat 3: joaquin612 ($109.10 in chips) 
Seat 4: lianos54 ($41.33 in chips) 
Seat 5: InteRRio ($100 in chips) 
Seat 6: Manifestorr ($100 in chips) 
Manifestorr: posts small blind $0.50
NISIY: posts big blind $1
*** HOLE CARDS ***
Unipoker11: raises $1 to $2
joaquin612: folds 
lianos54: folds 
InteRRio: folds 
Manifestorr: calls $1.50
NISIY: calls $1
*** FLOP *** [Tc Th 4h]
Manifestorr: bets $1.88
NISIY: folds 
Unipoker11: calls $1.88
*** TURN *** [Tc Th 4h] [Jc]
Manifestorr: checks 
Unipoker11: checks 
*** RIVER *** [Tc Th 4h Jc] [2s]
Manifestorr: bets $3.06
Unipoker11: raises $11.54 to $14.60
Manifestorr: calls $11.54
*** SHOW DOWN ***
Unipoker11: shows [Kh Jh] (two pair, Jacks and Tens)
Manifestorr: mucks hand 
Unipoker11 collected $37.01 from pot
*** SUMMARY ***
Total pot $38.96 | Rake $1.95 
Board [Tc Th 4h Jc 2s]
Seat 1: NISIY (big blind) folded on the Flop
Seat 2: Unipoker11 showed [Kh Jh] and won ($37.01) with two pair, Jacks and Tens
Seat 3: joaquin612 folded before Flop (didn't bet)
Seat 4: lianos54 folded before Flop (didn't bet)
Seat 5: InteRRio (button) folded before Flop (didn't bet)
Seat 6: Manifestorr (small blind) mucked



PokerStars Hand #254234213991:  Hold'em No Limit ($0.50/$1.00 USD) - 2025/01/06 20:44:09 WET [2025/01/06 15:44:09 ET]
Table 'Fragaria II' 6-max Seat #6 is the button
Seat 1: NISIY ($113.22 in chips) 
Seat 2: Unipoker11 ($120.03 in chips) 
Seat 3: joaquin612 ($109.10 in chips) 
Seat 4: lianos54 ($41.33 in chips) 
Seat 5: InteRRio ($100 in chips) 
Seat 6: Manifestorr ($100 in chips) 
NISIY: posts small blind $0.50
Unipoker11: posts big blind $1
*** HOLE CARDS ***
joaquin612: folds 
lianos54: raises $2 to $3
InteRRio: folds 
Manifestorr: folds 
NISIY: folds 
Unipoker11: calls $2
*** FLOP *** [8h 6d 2d]
Unipoker11: checks 
lianos54: bets $4
Unipoker11: raises $7.09 to $11.09
lianos54: folds 
Uncalled bet ($7.09) returned to Unipoker11
Unipoker11 collected $13.78 from pot
Unipoker11: doesn't show hand 
*** SUMMARY ***
Total pot $14.50 | Rake $0.72 
Board [8h 6d 2d]
Seat 1: NISIY (small blind) folded before Flop
Seat 2: Unipoker11 (big blind) collected ($13.78)
Seat 3: joaquin612 folded before Flop (didn't bet)
Seat 4: lianos54 folded on the Flop
Seat 5: InteRRio folded before Flop (didn't bet)
Seat 6: Manifestorr (button) folded before Flop (didn't bet)



PokerStars Hand #254234240439:  Hold'em No Limit ($0.50/$1.00 USD) - 2025/01/06 20:45:22 WET [2025/01/06 15:45:22 ET]
Table 'Fragaria II' 6-max Seat #1 is the button
Seat 1: NISIY ($112.72 in chips) 
Seat 2: Unipoker11 ($126.81 in chips) 
Seat 3: joaquin612 ($109.10 in chips) 
Seat 4: lianos54 ($34.33 in chips) 
Seat 5: InteRRio ($100 in chips) 
Seat 6: Manifestorr ($100 in chips) 
Unipoker11: posts small blind $0.50
joaquin612: posts big blind $1
*** HOLE CARDS ***
lianos54: folds 
InteRRio: raises $1.50 to $2.50
Manifestorr: folds 
NISIY: folds 
Unipoker11: folds 
joaquin612: folds 
Uncalled bet ($1.50) returned to InteRRio
InteRRio collected $2.50 from pot
InteRRio: doesn't show hand 
*** SUMMARY ***
Total pot $2.50 | Rake $0 
Seat 1: NISIY (button) folded before Flop (didn't bet)
Seat 2: Unipoker11 (small blind) folded before Flop
Seat 3: joaquin612 (big blind) folded before Flop
Seat 4: lianos54 folded before Flop (didn't bet)
Seat 5: InteRRio collected ($2.50)
Seat 6: Manifestorr folded before Flop (didn't bet)



PokerStars Hand #254234248592:  Hold'em No Limit ($0.50/$1.00 USD) - 2025/01/06 20:45:45 WET [2025/01/06 15:45:45 ET]
Table 'Fragaria II' 6-max Seat #2 is the button
Seat 1: NISIY ($112.72 in chips) 
Seat 2: Unipoker11 ($126.31 in chips) 
Seat 3: joaquin612 ($108.10 in chips) 
Seat 4: lianos54 ($34.33 in chips) 
Seat 5: InteRRio ($101.50 in chips) 
Seat 6: Manifestorr ($100 in chips) 
joaquin612: posts small blind $0.50
lianos54: posts big blind $1
*** HOLE CARDS ***
InteRRio: folds 
Manifestorr: folds 
NISIY: folds 
Unipoker11: raises $1.50 to $2.50
joaquin612: folds 
lianos54: calls $1.50
*** FLOP *** [9c 8s 7c]
lianos54: checks 
Unipoker11: bets $3.91
lianos54: raises $13.04 to $16.95
Unipoker11: raises $106.86 to $123.81 and is all-in
lianos54: calls $14.88 and is all-in
Uncalled bet ($91.98) returned to Unipoker11
*** TURN *** [9c 8s 7c] [4c]
*** RIVER *** [9c 8s 7c 4c] [Qh]
*** SHOW DOWN ***
lianos54: shows [Jd 9s] (a pair of Nines)
Unipoker11: shows [6s 5s] (a straight, Five to Nine)
Unipoker11 collected $66.66 from pot
lianos54 cashed out the hand for $12.48 | Cash Out Fee $0.25
*** SUMMARY ***
Total pot $69.16 | Rake $2.50 
Board [9c 8s 7c 4c Qh]
Seat 1: NISIY folded before Flop (didn't bet)
Seat 2: Unipoker11 (button) showed [6s 5s] and won ($66.66) with a straight, Five to Nine
Seat 3: joaquin612 (small blind) folded before Flop
Seat 4: lianos54 (big blind) showed [Jd 9s] and lost with a pair of Nines (cashed out).
Seat 5: InteRRio folded before Flop (didn't bet)
Seat 6: Manifestorr folded before Flop (didn't bet)



PokerStars Hand #254234271521:  Hold'em No Limit ($0.50/$1.00 USD) - 2025/01/06 20:46:50 WET [2025/01/06 15:46:50 ET]
Table 'Fragaria II' 6-max Seat #3 is the button
Seat 1: NISIY ($112.72 in chips) 
Seat 2: Unipoker11 ($158.64 in chips) 
Seat 3: joaquin612 ($107.60 in chips) 
Seat 4: lianos54 ($12.48 in chips) 
Seat 5: InteRRio ($101.50 in chips) 
Seat 6: Manifestorr ($100 in chips) 
lianos54: posts small blind $0.50
InteRRio: posts big blind $1
*** HOLE CARDS ***
Manifestorr: folds 
NISIY: folds 
Unipoker11 has timed out
Unipoker11: folds 
joaquin612: raises $1.50 to $2.50
lianos54: raises $9.98 to $12.48 and is all-in
InteRRio: folds 
joaquin612: calls $9.98
*** FLOP *** [6h As 3d]
*** TURN *** [6h As 3d] [2c]
*** RIVER *** [6h As 3d 2c] [4s]
*** SHOW DOWN ***
lianos54: shows [9s 7s] (high card Ace)
joaquin612: shows [4h Ah] (two pair, Aces and Fours)
joaquin612 collected $24.66 from pot
*** SUMMARY ***
Total pot $25.96 | Rake $1.30 
Board [6h As 3d 2c 4s]
Seat 1: NISIY folded before Flop (didn't bet)
Seat 2: Unipoker11 folded before Flop (didn't bet)
Seat 3: joaquin612 (button) showed [4h Ah] and won ($24.66) with two pair, Aces and Fours
Seat 4: lianos54 (small blind) showed [9s 7s] and lost with high card Ace
Seat 5: InteRRio (big blind) folded before Flop
Seat 6: Manifestorr folded before Flop (didn't bet)



PokerStars Hand #254234289358:  Hold'em No Limit ($0.50/$1.00 USD) - 2025/01/06 20:47:40 WET [2025/01/06 15:47:40 ET]
Table 'Fragaria II' 6-max Seat #5 is the button
Seat 4: lianos54 ($0 in chips) is sitting out
Seat 1: NISIY ($112.72 in chips) 
Seat 2: Unipoker11 ($158.64 in chips) 
Seat 3: joaquin612 ($119.78 in chips) 
Seat 5: InteRRio ($100.50 in chips) 
Seat 6: Manifestorr ($100 in chips) 
Manifestorr: posts small blind $0.50
NISIY: posts big blind $1
*** HOLE CARDS ***
Unipoker11: folds 
joaquin612: raises $1.50 to $2.50
InteRRio: raises $5 to $7.50
Manifestorr: folds 
lianos54 leaves the table
NISIY: folds 
joaquin612: folds 
Uncalled bet ($5) returned to InteRRio
InteRRio collected $6.50 from pot
InteRRio: doesn't show hand 
*** SUMMARY ***
Total pot $6.50 | Rake $0 
Seat 4: lianos54
Seat 1: NISIY (big blind) folded before Flop
Seat 2: Unipoker11 folded before Flop (didn't bet)
Seat 3: joaquin612 folded before Flop
Seat 5: InteRRio (button) collected ($6.50)
Seat 6: Manifestorr (small blind) folded before Flop



PokerStars Hand #254234295403:  Hold'em No Limit ($0.50/$1.00 USD) - 2025/01/06 20:47:57 WET [2025/01/06 15:47:57 ET]
Table 'Fragaria II' 6-max Seat #6 is the button
Seat 1: NISIY ($111.72 in chips) 
Seat 2: Unipoker11 ($158.64 in chips) 
Seat 3: joaquin612 ($117.28 in chips) 
Seat 5: InteRRio ($104.50 in chips) 
Seat 6: Manifestorr ($100 in chips) 
NISIY: posts small blind $0.50
Unipoker11: posts big blind $1
*** HOLE CARDS ***
joaquin612: folds 
InteRRio: raises $1.50 to $2.50
joaquin612 leaves the table
Manifestorr: folds 
NISIY: folds 
Unipoker11: folds 
Uncalled bet ($1.50) returned to InteRRio
InteRRio collected $2.50 from pot
InteRRio: doesn't show hand 
*** SUMMARY ***
Total pot $2.50 | Rake $0 
Seat 1: NISIY (small blind) folded before Flop
Seat 2: Unipoker11 (big blind) folded before Flop
Seat 3: joaquin612 folded before Flop (didn't bet)
Seat 5: InteRRio collected ($2.50)
Seat 6: Manifestorr (button) folded before Flop (didn't bet)



PokerStars Hand #254234300363:  Hold'em No Limit ($0.50/$1.00 USD) - 2025/01/06 20:48:11 WET [2025/01/06 15:48:11 ET]
Table 'Fragaria II' 6-max Seat #2 is the button
Seat 5: InteRRio ($106 in chips) is sitting out
Seat 6: Manifestorr ($100 in chips) is sitting out
Seat 1: NISIY ($111.22 in chips) 
Seat 2: Unipoker11 ($157.64 in chips) 
Unipoker11: posts small blind $0.50
InteRRio: is sitting out 
Manifestorr: is sitting out 
NISIY: posts big blind $1
*** HOLE CARDS ***
InteRRio leaves the table
Manifestorr leaves the table
Unipoker11: raises $1.50 to $2.50
NISIY: calls $1.50
*** FLOP *** [9s Qd 5h]
NISIY: checks 
Unipoker11: checks 
*** TURN *** [9s Qd 5h] [Js]
NISIY: bets $7.13
Unipoker11: calls $7.13
*** RIVER *** [9s Qd 5h Js] [Tc]
NISIY: checks 
Unipoker11: checks 
*** SHOW DOWN ***
NISIY: shows [Qh 3h] (a pair of Queens)
Unipoker11: mucks hand 
NISIY collected $18.30 from pot
*** SUMMARY ***
Total pot $19.26 | Rake $0.96 
Board [9s Qd 5h Js Tc]
Seat 5: InteRRio
Seat 6: Manifestorr
Seat 1: NISIY (big blind) showed [Qh 3h] and won ($18.30) with a pair of Queens
Seat 2: Unipoker11 (button) (small blind) mucked



