PokerStars Hand #254231005524:  Hold'em No Limit ($0.50/$1.00 USD) - 2025/01/06 18:02:32 WET [2025/01/06 13:02:32 ET]
Table 'Bethgea II' 6-max Seat #3 is the button
Seat 1: Supermegopro ($100 in chips) 
Seat 2: whlzor ($100 in chips) 
Seat 3: steelNike ($46.11 in chips) 
Seat 4: Manifestorr ($100.25 in chips) 
Seat 5: SorinS28 ($100 in chips) 
Seat 6: M1st3rG4mb13 ($70.91 in chips) 
Manifestorr: posts small blind $0.50
SorinS28: posts big blind $1
*** HOLE CARDS ***
M1st3rG4mb13: folds 
Supermegopro: folds 
whlzor: folds 
steelNike: folds 
Manifestorr: folds 
Uncalled bet ($0.50) returned to SorinS28
SorinS28 collected $1 from pot
SorinS28: doesn't show hand 
*** SUMMARY ***
Total pot $1 | Rake $0 
Seat 1: Supermegopro folded before Flop (didn't bet)
Seat 2: whlzor folded before Flop (didn't bet)
Seat 3: steelNike (button) folded before Flop (didn't bet)
Seat 4: Manifestorr (small blind) folded before Flop
Seat 5: SorinS28 (big blind) collected ($1)
Seat 6: M1st3rG4mb13 folded before Flop (didn't bet)



PokerStars Hand #254231010045:  Hold'em No Limit ($0.50/$1.00 USD) - 2025/01/06 18:02:47 WET [2025/01/06 13:02:47 ET]
Table 'Bethgea II' 6-max Seat #4 is the button
Seat 1: Supermegopro ($100 in chips) 
Seat 2: whlzor ($100 in chips) 
Seat 3: steelNike ($46.11 in chips) 
Seat 4: Manifestorr ($100 in chips) 
Seat 5: SorinS28 ($100.50 in chips) 
Seat 6: M1st3rG4mb13 ($70.91 in chips) 
SorinS28: posts small blind $0.50
M1st3rG4mb13: posts big blind $1
*** HOLE CARDS ***
Supermegopro: folds 
whlzor: folds 
steelNike: folds 
Manifestorr: folds 
SorinS28: raises $2 to $3
M1st3rG4mb13: calls $2
*** FLOP *** [Ts 9d 6c]
SorinS28: bets $1.60
M1st3rG4mb13: folds 
Uncalled bet ($1.60) returned to SorinS28
SorinS28 collected $5.70 from pot
SorinS28: doesn't show hand 
*** SUMMARY ***
Total pot $6 | Rake $0.30 
Board [Ts 9d 6c]
Seat 1: Supermegopro folded before Flop (didn't bet)
Seat 2: whlzor folded before Flop (didn't bet)
Seat 3: steelNike folded before Flop (didn't bet)
Seat 4: Manifestorr (button) folded before Flop (didn't bet)
Seat 5: SorinS28 (small blind) collected ($5.70)
Seat 6: M1st3rG4mb13 (big blind) folded on the Flop



PokerStars Hand #254231017575:  Hold'em No Limit ($0.50/$1.00 USD) - 2025/01/06 18:03:12 WET [2025/01/06 13:03:12 ET]
Table 'Bethgea II' 6-max Seat #5 is the button
Seat 1: Supermegopro ($100 in chips) 
Seat 2: whlzor ($100 in chips) 
Seat 3: steelNike ($46.11 in chips) 
Seat 4: Manifestorr ($100 in chips) 
Seat 5: SorinS28 ($103.20 in chips) 
Seat 6: M1st3rG4mb13 ($67.91 in chips) 
M1st3rG4mb13: posts small blind $0.50
Supermegopro: posts big blind $1
*** HOLE CARDS ***
whlzor: folds 
steelNike: folds 
Manifestorr: raises $1.20 to $2.20
SorinS28: folds 
M1st3rG4mb13: folds 
Supermegopro: calls $1.20
*** FLOP *** [Jh 8h 9h]
Supermegopro: checks 
Manifestorr: checks 
*** TURN *** [Jh 8h 9h] [Qs]
Supermegopro: bets $3.11
Manifestorr: folds 
Uncalled bet ($3.11) returned to Supermegopro
Supermegopro collected $4.66 from pot
Supermegopro: doesn't show hand 
*** SUMMARY ***
Total pot $4.90 | Rake $0.24 
Board [Jh 8h 9h Qs]
Seat 1: Supermegopro (big blind) collected ($4.66)
Seat 2: whlzor folded before Flop (didn't bet)
Seat 3: steelNike folded before Flop (didn't bet)
Seat 4: Manifestorr folded on the Turn
Seat 5: SorinS28 (button) folded before Flop (didn't bet)
Seat 6: M1st3rG4mb13 (small blind) folded before Flop



PokerStars Hand #254231029087:  Hold'em No Limit ($0.50/$1.00 USD) - 2025/01/06 18:03:48 WET [2025/01/06 13:03:48 ET]
Table 'Bethgea II' 6-max Seat #6 is the button
Seat 1: Supermegopro ($102.46 in chips) 
Seat 2: whlzor ($100 in chips) 
Seat 3: steelNike ($46.11 in chips) 
Seat 4: Manifestorr ($100 in chips) 
Seat 5: SorinS28 ($103.20 in chips) 
Seat 6: M1st3rG4mb13 ($67.41 in chips) 
Supermegopro: posts small blind $0.50
whlzor: posts big blind $1
*** HOLE CARDS ***
steelNike: folds 
Manifestorr: folds 
SorinS28: folds 
M1st3rG4mb13: raises $2 to $3
Supermegopro: folds 
whlzor: folds 
Uncalled bet ($2) returned to M1st3rG4mb13
M1st3rG4mb13 collected $2.50 from pot
*** SUMMARY ***
Total pot $2.50 | Rake $0 
Seat 1: Supermegopro (small blind) folded before Flop
Seat 2: whlzor (big blind) folded before Flop
Seat 3: steelNike folded before Flop (didn't bet)
Seat 4: Manifestorr folded before Flop (didn't bet)
Seat 5: SorinS28 folded before Flop (didn't bet)
Seat 6: M1st3rG4mb13 (button) collected ($2.50)



PokerStars Hand #254231033166:  Hold'em No Limit ($0.50/$1.00 USD) - 2025/01/06 18:04:02 WET [2025/01/06 13:04:02 ET]
Table 'Bethgea II' 6-max Seat #1 is the button
Seat 1: Supermegopro ($101.96 in chips) 
Seat 2: whlzor ($100 in chips) 
Seat 3: steelNike ($46.11 in chips) 
Seat 4: Manifestorr ($100 in chips) 
Seat 5: SorinS28 ($103.20 in chips) 
Seat 6: M1st3rG4mb13 ($68.91 in chips) 
whlzor: posts small blind $0.50
steelNike: posts big blind $1
*** HOLE CARDS ***
Manifestorr: raises $1.20 to $2.20
SorinS28: folds 
M1st3rG4mb13: calls $2.20
Supermegopro: raises $7.80 to $10
whlzor: raises $90 to $100 and is all-in
steelNike: folds 
Manifestorr: folds 
M1st3rG4mb13: folds 
Supermegopro: folds 
Uncalled bet ($90) returned to whlzor
whlzor collected $25.40 from pot
whlzor: doesn't show hand 
*** SUMMARY ***
Total pot $25.40 | Rake $0 
Seat 1: Supermegopro (button) folded before Flop
Seat 2: whlzor (small blind) collected ($25.40)
Seat 3: steelNike (big blind) folded before Flop
Seat 4: Manifestorr folded before Flop
Seat 5: SorinS28 folded before Flop (didn't bet)
Seat 6: M1st3rG4mb13 folded before Flop



PokerStars Hand #254231045770:  Hold'em No Limit ($0.50/$1.00 USD) - 2025/01/06 18:04:42 WET [2025/01/06 13:04:42 ET]
Table 'Bethgea II' 6-max Seat #2 is the button
Seat 1: Supermegopro ($100 in chips) 
Seat 2: whlzor ($115.40 in chips) 
Seat 3: steelNike ($45.11 in chips) 
Seat 4: Manifestorr ($100 in chips) 
Seat 5: SorinS28 ($103.20 in chips) 
Seat 6: M1st3rG4mb13 ($66.71 in chips) 
steelNike: posts small blind $0.50
Manifestorr: posts big blind $1
*** HOLE CARDS ***
SorinS28: raises $1.02 to $2.02
M1st3rG4mb13: folds 
Supermegopro: folds 
whlzor: folds 
steelNike: folds 
Manifestorr: folds 
Uncalled bet ($1.02) returned to SorinS28
SorinS28 collected $2.50 from pot
SorinS28: doesn't show hand 
*** SUMMARY ***
Total pot $2.50 | Rake $0 
Seat 1: Supermegopro folded before Flop (didn't bet)
Seat 2: whlzor (button) folded before Flop (didn't bet)
Seat 3: steelNike (small blind) folded before Flop
Seat 4: Manifestorr (big blind) folded before Flop
Seat 5: SorinS28 collected ($2.50)
Seat 6: M1st3rG4mb13 folded before Flop (didn't bet)



PokerStars Hand #254231051674:  Hold'em No Limit ($0.50/$1.00 USD) - 2025/01/06 18:05:00 WET [2025/01/06 13:05:00 ET]
Table 'Bethgea II' 6-max Seat #3 is the button
Seat 1: Supermegopro ($100 in chips) 
Seat 2: whlzor ($115.40 in chips) 
Seat 3: steelNike ($44.61 in chips) 
Seat 4: Manifestorr ($100 in chips) 
Seat 5: SorinS28 ($104.70 in chips) 
Seat 6: M1st3rG4mb13 ($66.71 in chips) 
Manifestorr: posts small blind $0.50
SorinS28: posts big blind $1
*** HOLE CARDS ***
M1st3rG4mb13: folds 
Supermegopro: folds 
whlzor: folds 
steelNike: raises $1.30 to $2.30
Manifestorr: folds 
SorinS28: calls $1.30
*** FLOP *** [6h 2d Qs]
SorinS28: checks 
steelNike: bets $1.21
SorinS28: folds 
Uncalled bet ($1.21) returned to steelNike
steelNike collected $4.84 from pot
*** SUMMARY ***
Total pot $5.10 | Rake $0.26 
Board [6h 2d Qs]
Seat 1: Supermegopro folded before Flop (didn't bet)
Seat 2: whlzor folded before Flop (didn't bet)
Seat 3: steelNike (button) collected ($4.84)
Seat 4: Manifestorr (small blind) folded before Flop
Seat 5: SorinS28 (big blind) folded on the Flop
Seat 6: M1st3rG4mb13 folded before Flop (didn't bet)



PokerStars Hand #254231063441:  Hold'em No Limit ($0.50/$1.00 USD) - 2025/01/06 18:05:38 WET [2025/01/06 13:05:38 ET]
Table 'Bethgea II' 6-max Seat #4 is the button
Seat 1: Supermegopro ($100 in chips) 
Seat 2: whlzor ($115.40 in chips) 
Seat 3: steelNike ($47.15 in chips) 
Seat 4: Manifestorr ($100 in chips) 
Seat 5: SorinS28 ($102.40 in chips) 
Seat 6: M1st3rG4mb13 ($66.71 in chips) 
SorinS28: posts small blind $0.50
M1st3rG4mb13: posts big blind $1
*** HOLE CARDS ***
Supermegopro: folds 
whlzor: raises $1.50 to $2.50
steelNike: folds 
Manifestorr: folds 
SorinS28: raises $9 to $11.50
M1st3rG4mb13: folds 
whlzor: folds 
Uncalled bet ($9) returned to SorinS28
SorinS28 collected $6 from pot
SorinS28: doesn't show hand 
*** SUMMARY ***
Total pot $6 | Rake $0 
Seat 1: Supermegopro folded before Flop (didn't bet)
Seat 2: whlzor folded before Flop
Seat 3: steelNike folded before Flop (didn't bet)
Seat 4: Manifestorr (button) folded before Flop (didn't bet)
Seat 5: SorinS28 (small blind) collected ($6)
Seat 6: M1st3rG4mb13 (big blind) folded before Flop



PokerStars Hand #254231074571:  Hold'em No Limit ($0.50/$1.00 USD) - 2025/01/06 18:06:13 WET [2025/01/06 13:06:13 ET]
Table 'Bethgea II' 6-max Seat #5 is the button
Seat 1: Supermegopro ($100 in chips) 
Seat 2: whlzor ($112.90 in chips) 
Seat 3: steelNike ($47.15 in chips) 
Seat 4: Manifestorr ($100 in chips) 
Seat 5: SorinS28 ($105.90 in chips) 
Seat 6: M1st3rG4mb13 ($65.71 in chips) 
M1st3rG4mb13: posts small blind $0.50
Supermegopro: posts big blind $1
*** HOLE CARDS ***
whlzor: folds 
steelNike: folds 
Manifestorr: folds 
SorinS28: folds 
M1st3rG4mb13: raises $2 to $3
Supermegopro: calls $2
*** FLOP *** [8d 5s 2d]
M1st3rG4mb13: checks 
Supermegopro: checks 
*** TURN *** [8d 5s 2d] [5c]
M1st3rG4mb13: bets $5.70
Supermegopro: folds 
Uncalled bet ($5.70) returned to M1st3rG4mb13
M1st3rG4mb13 collected $5.70 from pot
*** SUMMARY ***
Total pot $6 | Rake $0.30 
Board [8d 5s 2d 5c]
Seat 1: Supermegopro (big blind) folded on the Turn
Seat 2: whlzor folded before Flop (didn't bet)
Seat 3: steelNike folded before Flop (didn't bet)
Seat 4: Manifestorr folded before Flop (didn't bet)
Seat 5: SorinS28 (button) folded before Flop (didn't bet)
Seat 6: M1st3rG4mb13 (small blind) collected ($5.70)



PokerStars Hand #254231084014:  Hold'em No Limit ($0.50/$1.00 USD) - 2025/01/06 18:06:42 WET [2025/01/06 13:06:42 ET]
Table 'Bethgea II' 6-max Seat #6 is the button
Seat 1: Supermegopro ($100 in chips) 
Seat 2: whlzor ($112.90 in chips) 
Seat 3: steelNike ($47.15 in chips) 
Seat 4: Manifestorr ($100 in chips) 
Seat 5: SorinS28 ($105.90 in chips) 
Seat 6: M1st3rG4mb13 ($68.41 in chips) 
Supermegopro: posts small blind $0.50
whlzor: posts big blind $1
*** HOLE CARDS ***
steelNike: folds 
Manifestorr: folds 
SorinS28: raises $1.30 to $2.30
M1st3rG4mb13: raises $2.30 to $4.60
Supermegopro: folds 
whlzor: folds 
SorinS28: calls $2.30
*** FLOP *** [7c 3h Ad]
SorinS28: checks 
M1st3rG4mb13: bets $5.08
SorinS28: folds 
Uncalled bet ($5.08) returned to M1st3rG4mb13
M1st3rG4mb13 collected $10.16 from pot
*** SUMMARY ***
Total pot $10.70 | Rake $0.54 
Board [7c 3h Ad]
Seat 1: Supermegopro (small blind) folded before Flop
Seat 2: whlzor (big blind) folded before Flop
Seat 3: steelNike folded before Flop (didn't bet)
Seat 4: Manifestorr folded before Flop (didn't bet)
Seat 5: SorinS28 folded on the Flop
Seat 6: M1st3rG4mb13 (button) collected ($10.16)



PokerStars Hand #254231103298:  Hold'em No Limit ($0.50/$1.00 USD) - 2025/01/06 18:07:43 WET [2025/01/06 13:07:43 ET]
Table 'Bethgea II' 6-max Seat #1 is the button
Seat 1: Supermegopro ($100 in chips) 
Seat 2: whlzor ($111.90 in chips) 
Seat 3: steelNike ($47.15 in chips) 
Seat 4: Manifestorr ($100 in chips) 
Seat 5: SorinS28 ($101.30 in chips) 
Seat 6: M1st3rG4mb13 ($73.97 in chips) 
whlzor: posts small blind $0.50
steelNike: posts big blind $1
*** HOLE CARDS ***
Manifestorr: folds 
SorinS28: folds 
M1st3rG4mb13: raises $2 to $3
Supermegopro: folds 
whlzor: raises $6 to $9
steelNike: raises $38.15 to $47.15 and is all-in
M1st3rG4mb13: folds 
whlzor: calls $38.15
*** FLOP *** [Kc 2h 9c]
*** TURN *** [Kc 2h 9c] [6h]
*** RIVER *** [Kc 2h 9c 6h] [6d]
*** SHOW DOWN ***
whlzor: shows [Qc Ac] (a pair of Sixes)
steelNike: shows [Ad Qh] (a pair of Sixes)
whlzor collected $47.40 from pot
steelNike collected $47.40 from pot
*** SUMMARY ***
Total pot $97.30 | Rake $2.50 
Board [Kc 2h 9c 6h 6d]
Seat 1: Supermegopro (button) folded before Flop (didn't bet)
Seat 2: whlzor (small blind) showed [Qc Ac] and won ($47.40) with a pair of Sixes
Seat 3: steelNike (big blind) showed [Ad Qh] and won ($47.40) with a pair of Sixes
Seat 4: Manifestorr folded before Flop (didn't bet)
Seat 5: SorinS28 folded before Flop (didn't bet)
Seat 6: M1st3rG4mb13 folded before Flop



PokerStars Hand #254231121153:  Hold'em No Limit ($0.50/$1.00 USD) - 2025/01/06 18:08:40 WET [2025/01/06 13:08:40 ET]
Table 'Bethgea II' 6-max Seat #2 is the button
Seat 1: Supermegopro ($100 in chips) 
Seat 2: whlzor ($112.15 in chips) 
Seat 3: steelNike ($47.40 in chips) 
Seat 4: Manifestorr ($100 in chips) 
Seat 5: SorinS28 ($101.30 in chips) 
Seat 6: M1st3rG4mb13 ($70.97 in chips) 
steelNike: posts small blind $0.50
Manifestorr: posts big blind $1
*** HOLE CARDS ***
SorinS28: folds 
M1st3rG4mb13: folds 
Supermegopro: raises $1.50 to $2.50
whlzor: folds 
steelNike: folds 
Manifestorr: folds 
Uncalled bet ($1.50) returned to Supermegopro
Supermegopro collected $2.50 from pot
Supermegopro: doesn't show hand 
*** SUMMARY ***
Total pot $2.50 | Rake $0 
Seat 1: Supermegopro collected ($2.50)
Seat 2: whlzor (button) folded before Flop (didn't bet)
Seat 3: steelNike (small blind) folded before Flop
Seat 4: Manifestorr (big blind) folded before Flop
Seat 5: SorinS28 folded before Flop (didn't bet)
Seat 6: M1st3rG4mb13 folded before Flop (didn't bet)



PokerStars Hand #254231127658:  Hold'em No Limit ($0.50/$1.00 USD) - 2025/01/06 18:09:00 WET [2025/01/06 13:09:00 ET]
Table 'Bethgea II' 6-max Seat #3 is the button
Seat 1: Supermegopro ($101.50 in chips) 
Seat 2: whlzor ($112.15 in chips) 
Seat 3: steelNike ($46.90 in chips) 
Seat 4: Manifestorr ($100 in chips) 
Seat 5: SorinS28 ($101.30 in chips) 
Seat 6: M1st3rG4mb13 ($70.97 in chips) 
Manifestorr: posts small blind $0.50
SorinS28: posts big blind $1
*** HOLE CARDS ***
M1st3rG4mb13: folds 
Supermegopro: folds 
whlzor: raises $1.50 to $2.50
steelNike: folds 
Manifestorr: folds 
SorinS28: folds 
Uncalled bet ($1.50) returned to whlzor
whlzor collected $2.50 from pot
whlzor: doesn't show hand 
*** SUMMARY ***
Total pot $2.50 | Rake $0 
Seat 1: Supermegopro folded before Flop (didn't bet)
Seat 2: whlzor collected ($2.50)
Seat 3: steelNike (button) folded before Flop (didn't bet)
Seat 4: Manifestorr (small blind) folded before Flop
Seat 5: SorinS28 (big blind) folded before Flop
Seat 6: M1st3rG4mb13 folded before Flop (didn't bet)



PokerStars Hand #254231134823:  Hold'em No Limit ($0.50/$1.00 USD) - 2025/01/06 18:09:23 WET [2025/01/06 13:09:23 ET]
Table 'Bethgea II' 6-max Seat #4 is the button
Seat 1: Supermegopro ($101.50 in chips) 
Seat 2: whlzor ($113.65 in chips) 
Seat 3: steelNike ($46.90 in chips) 
Seat 4: Manifestorr ($100 in chips) 
Seat 5: SorinS28 ($100.30 in chips) 
Seat 6: M1st3rG4mb13 ($70.97 in chips) 
SorinS28: posts small blind $0.50
M1st3rG4mb13: posts big blind $1
*** HOLE CARDS ***
Supermegopro: folds 
whlzor: folds 
steelNike: folds 
Manifestorr: raises $1.20 to $2.20
SorinS28: raises $8.10 to $10.30
M1st3rG4mb13: calls $9.30
Manifestorr: folds 
*** FLOP *** [7c Jh Td]
SorinS28: bets $5.42
M1st3rG4mb13: raises $5.42 to $10.84
SorinS28: folds 
Uncalled bet ($5.42) returned to M1st3rG4mb13
M1st3rG4mb13 collected $31.96 from pot
*** SUMMARY ***
Total pot $33.64 | Rake $1.68 
Board [7c Jh Td]
Seat 1: Supermegopro folded before Flop (didn't bet)
Seat 2: whlzor folded before Flop (didn't bet)
Seat 3: steelNike folded before Flop (didn't bet)
Seat 4: Manifestorr (button) folded before Flop
Seat 5: SorinS28 (small blind) folded on the Flop
Seat 6: M1st3rG4mb13 (big blind) collected ($31.96)



PokerStars Hand #254231152648:  Hold'em No Limit ($0.50/$1.00 USD) - 2025/01/06 18:10:19 WET [2025/01/06 13:10:19 ET]
Table 'Bethgea II' 6-max Seat #5 is the button
Seat 1: Supermegopro ($101.50 in chips) 
Seat 2: whlzor ($113.65 in chips) 
Seat 3: steelNike ($46.90 in chips) 
Seat 4: Manifestorr ($100 in chips) 
Seat 5: SorinS28 ($100 in chips) 
Seat 6: M1st3rG4mb13 ($87.21 in chips) 
M1st3rG4mb13: posts small blind $0.50
Supermegopro: posts big blind $1
*** HOLE CARDS ***
whlzor: folds 
steelNike: folds 
Manifestorr: folds 
SorinS28: folds 
M1st3rG4mb13: calls $0.50
Supermegopro: checks 
*** FLOP *** [Ah 2d Ac]
M1st3rG4mb13: checks 
Supermegopro: checks 
*** TURN *** [Ah 2d Ac] [7d]
M1st3rG4mb13: checks 
Supermegopro: checks 
*** RIVER *** [Ah 2d Ac 7d] [Th]
M1st3rG4mb13: checks 
Supermegopro: checks 
*** SHOW DOWN ***
M1st3rG4mb13: shows [4c Qc] (a pair of Aces)
Supermegopro: mucks hand 
M1st3rG4mb13 collected $1.90 from pot
*** SUMMARY ***
Total pot $2 | Rake $0.10 
Board [Ah 2d Ac 7d Th]
Seat 1: Supermegopro (big blind) mucked
Seat 2: whlzor folded before Flop (didn't bet)
Seat 3: steelNike folded before Flop (didn't bet)
Seat 4: Manifestorr folded before Flop (didn't bet)
Seat 5: SorinS28 (button) folded before Flop (didn't bet)
Seat 6: M1st3rG4mb13 (small blind) showed [4c Qc] and won ($1.90) with a pair of Aces



PokerStars Hand #254231168077:  Hold'em No Limit ($0.50/$1.00 USD) - 2025/01/06 18:11:07 WET [2025/01/06 13:11:07 ET]
Table 'Bethgea II' 6-max Seat #6 is the button
Seat 1: Supermegopro ($100.50 in chips) 
Seat 2: whlzor ($113.65 in chips) 
Seat 3: steelNike ($46.90 in chips) 
Seat 4: Manifestorr ($100 in chips) 
Seat 5: SorinS28 ($100 in chips) 
Seat 6: M1st3rG4mb13 ($88.11 in chips) 
Supermegopro: posts small blind $0.50
whlzor: posts big blind $1
*** HOLE CARDS ***
steelNike: folds 
Manifestorr: folds 
SorinS28: folds 
M1st3rG4mb13: raises $2 to $3
Supermegopro: folds 
whlzor: folds 
Uncalled bet ($2) returned to M1st3rG4mb13
M1st3rG4mb13 collected $2.50 from pot
*** SUMMARY ***
Total pot $2.50 | Rake $0 
Seat 1: Supermegopro (small blind) folded before Flop
Seat 2: whlzor (big blind) folded before Flop
Seat 3: steelNike folded before Flop (didn't bet)
Seat 4: Manifestorr folded before Flop (didn't bet)
Seat 5: SorinS28 folded before Flop (didn't bet)
Seat 6: M1st3rG4mb13 (button) collected ($2.50)



PokerStars Hand #254231172409:  Hold'em No Limit ($0.50/$1.00 USD) - 2025/01/06 18:11:21 WET [2025/01/06 13:11:21 ET]
Table 'Bethgea II' 6-max Seat #1 is the button
Seat 1: Supermegopro ($100 in chips) 
Seat 2: whlzor ($112.65 in chips) 
Seat 3: steelNike ($46.90 in chips) 
Seat 4: Manifestorr ($100 in chips) 
Seat 5: SorinS28 ($100 in chips) 
Seat 6: M1st3rG4mb13 ($89.61 in chips) 
whlzor: posts small blind $0.50
steelNike: posts big blind $1
*** HOLE CARDS ***
Manifestorr: folds 
SorinS28: folds 
M1st3rG4mb13: calls $1
Supermegopro: folds 
whlzor: raises $4 to $5
steelNike: folds 
M1st3rG4mb13: folds 
Uncalled bet ($4) returned to whlzor
whlzor collected $3 from pot
whlzor: doesn't show hand 
*** SUMMARY ***
Total pot $3 | Rake $0 
Seat 1: Supermegopro (button) folded before Flop (didn't bet)
Seat 2: whlzor (small blind) collected ($3)
Seat 3: steelNike (big blind) folded before Flop
Seat 4: Manifestorr folded before Flop (didn't bet)
Seat 5: SorinS28 folded before Flop (didn't bet)
Seat 6: M1st3rG4mb13 folded before Flop



PokerStars Hand #254231181022:  Hold'em No Limit ($0.50/$1.00 USD) - 2025/01/06 18:11:48 WET [2025/01/06 13:11:48 ET]
Table 'Bethgea II' 6-max Seat #2 is the button
Seat 1: Supermegopro ($100 in chips) 
Seat 2: whlzor ($114.65 in chips) 
Seat 3: steelNike ($45.90 in chips) 
Seat 4: Manifestorr ($100 in chips) 
Seat 5: SorinS28 ($100 in chips) 
Seat 6: M1st3rG4mb13 ($88.61 in chips) 
steelNike: posts small blind $0.50
Manifestorr: posts big blind $1
*** HOLE CARDS ***
SorinS28: folds 
M1st3rG4mb13: folds 
Supermegopro: folds 
whlzor: raises $2 to $3
steelNike: folds 
Manifestorr: folds 
Uncalled bet ($2) returned to whlzor
whlzor collected $2.50 from pot
whlzor: doesn't show hand 
*** SUMMARY ***
Total pot $2.50 | Rake $0 
Seat 1: Supermegopro folded before Flop (didn't bet)
Seat 2: whlzor (button) collected ($2.50)
Seat 3: steelNike (small blind) folded before Flop
Seat 4: Manifestorr (big blind) folded before Flop
Seat 5: SorinS28 folded before Flop (didn't bet)
Seat 6: M1st3rG4mb13 folded before Flop (didn't bet)



PokerStars Hand #254231187178:  Hold'em No Limit ($0.50/$1.00 USD) - 2025/01/06 18:12:07 WET [2025/01/06 13:12:07 ET]
Table 'Bethgea II' 6-max Seat #3 is the button
Seat 1: Supermegopro ($100 in chips) 
Seat 2: whlzor ($116.15 in chips) 
Seat 3: steelNike ($45.40 in chips) 
Seat 4: Manifestorr ($100 in chips) 
Seat 5: SorinS28 ($100 in chips) 
Seat 6: M1st3rG4mb13 ($88.61 in chips) 
Manifestorr: posts small blind $0.50
SorinS28: posts big blind $1
*** HOLE CARDS ***
M1st3rG4mb13: folds 
Supermegopro: folds 
whlzor: folds 
steelNike: folds 
Manifestorr: raises $2 to $3
SorinS28: folds 
Uncalled bet ($2) returned to Manifestorr
Manifestorr collected $2 from pot
*** SUMMARY ***
Total pot $2 | Rake $0 
Seat 1: Supermegopro folded before Flop (didn't bet)
Seat 2: whlzor folded before Flop (didn't bet)
Seat 3: steelNike (button) folded before Flop (didn't bet)
Seat 4: Manifestorr (small blind) collected ($2)
Seat 5: SorinS28 (big blind) folded before Flop
Seat 6: M1st3rG4mb13 folded before Flop (didn't bet)



PokerStars Hand #254231192036:  Hold'em No Limit ($0.50/$1.00 USD) - 2025/01/06 18:12:22 WET [2025/01/06 13:12:22 ET]
Table 'Bethgea II' 6-max Seat #4 is the button
Seat 1: Supermegopro ($100 in chips) 
Seat 2: whlzor ($116.15 in chips) 
Seat 3: steelNike ($45.40 in chips) 
Seat 4: Manifestorr ($101 in chips) 
Seat 5: SorinS28 ($100 in chips) 
Seat 6: M1st3rG4mb13 ($88.61 in chips) 
SorinS28: posts small blind $0.50
M1st3rG4mb13: posts big blind $1
*** HOLE CARDS ***
Supermegopro: folds 
whlzor: raises $1.50 to $2.50
steelNike: folds 
Manifestorr: folds 
SorinS28: folds 
M1st3rG4mb13: calls $1.50
*** FLOP *** [6c 3s 2d]
M1st3rG4mb13: checks 
whlzor: bets $1.72
M1st3rG4mb13: calls $1.72
*** TURN *** [6c 3s 2d] [3c]
M1st3rG4mb13: checks 
whlzor: checks 
*** RIVER *** [6c 3s 2d 3c] [9s]
M1st3rG4mb13: bets $4.25
whlzor: calls $4.25
*** SHOW DOWN ***
M1st3rG4mb13: shows [5h Jh] (a pair of Threes)
whlzor: shows [Ah 7h] (a pair of Threes - Ace kicker)
whlzor collected $16.57 from pot
*** SUMMARY ***
Total pot $17.44 | Rake $0.87 
Board [6c 3s 2d 3c 9s]
Seat 1: Supermegopro folded before Flop (didn't bet)
Seat 2: whlzor showed [Ah 7h] and won ($16.57) with a pair of Threes
Seat 3: steelNike folded before Flop (didn't bet)
Seat 4: Manifestorr (button) folded before Flop (didn't bet)
Seat 5: SorinS28 (small blind) folded before Flop
Seat 6: M1st3rG4mb13 (big blind) showed [5h Jh] and lost with a pair of Threes



PokerStars Hand #254231206949:  Hold'em No Limit ($0.50/$1.00 USD) - 2025/01/06 18:13:09 WET [2025/01/06 13:13:09 ET]
Table 'Bethgea II' 6-max Seat #5 is the button
Seat 1: Supermegopro ($100 in chips) 
Seat 2: whlzor ($124.25 in chips) 
Seat 3: steelNike ($45.40 in chips) 
Seat 4: Manifestorr ($101 in chips) 
Seat 5: SorinS28 ($100 in chips) 
Seat 6: M1st3rG4mb13 ($80.14 in chips) 
M1st3rG4mb13: posts small blind $0.50
Supermegopro: posts big blind $1
*** HOLE CARDS ***
whlzor: folds 
steelNike: raises $1 to $2
Manifestorr: folds 
SorinS28: folds 
M1st3rG4mb13: calls $1.50
Supermegopro: folds 
*** FLOP *** [4s 9h Kh]
M1st3rG4mb13: checks 
steelNike: checks 
*** TURN *** [4s 9h Kh] [Ah]
M1st3rG4mb13: checks 
steelNike: bets $3.56
M1st3rG4mb13: folds 
Uncalled bet ($3.56) returned to steelNike
steelNike collected $4.75 from pot
*** SUMMARY ***
Total pot $5 | Rake $0.25 
Board [4s 9h Kh Ah]
Seat 1: Supermegopro (big blind) folded before Flop
Seat 2: whlzor folded before Flop (didn't bet)
Seat 3: steelNike collected ($4.75)
Seat 4: Manifestorr folded before Flop (didn't bet)
Seat 5: SorinS28 (button) folded before Flop (didn't bet)
Seat 6: M1st3rG4mb13 (small blind) folded on the Turn



PokerStars Hand #254231222196:  Hold'em No Limit ($0.50/$1.00 USD) - 2025/01/06 18:13:57 WET [2025/01/06 13:13:57 ET]
Table 'Bethgea II' 6-max Seat #6 is the button
Seat 1: Supermegopro ($100 in chips) 
Seat 2: whlzor ($124.25 in chips) 
Seat 3: steelNike ($48.15 in chips) 
Seat 4: Manifestorr ($101 in chips) 
Seat 5: SorinS28 ($100 in chips) 
Seat 6: M1st3rG4mb13 ($78.14 in chips) 
Supermegopro: posts small blind $0.50
whlzor: posts big blind $1
*** HOLE CARDS ***
steelNike: raises $1 to $2
Manifestorr: raises $4.50 to $6.50
SorinS28: folds 
M1st3rG4mb13: folds 
Supermegopro: folds 
whlzor: folds 
steelNike: folds 
Uncalled bet ($4.50) returned to Manifestorr
Manifestorr collected $5.50 from pot
*** SUMMARY ***
Total pot $5.50 | Rake $0 
Seat 1: Supermegopro (small blind) folded before Flop
Seat 2: whlzor (big blind) folded before Flop
Seat 3: steelNike folded before Flop
Seat 4: Manifestorr collected ($5.50)
Seat 5: SorinS28 folded before Flop (didn't bet)
Seat 6: M1st3rG4mb13 (button) folded before Flop (didn't bet)



PokerStars Hand #254231228394:  Hold'em No Limit ($0.50/$1.00 USD) - 2025/01/06 18:14:17 WET [2025/01/06 13:14:17 ET]
Table 'Bethgea II' 6-max Seat #1 is the button
Seat 1: Supermegopro ($100 in chips) 
Seat 2: whlzor ($123.25 in chips) 
Seat 3: steelNike ($46.15 in chips) 
Seat 4: Manifestorr ($104.50 in chips) 
Seat 5: SorinS28 ($100 in chips) 
Seat 6: M1st3rG4mb13 ($78.14 in chips) 
whlzor: posts small blind $0.50
steelNike: posts big blind $1
*** HOLE CARDS ***
Manifestorr: folds 
SorinS28: raises $1.02 to $2.02
M1st3rG4mb13: calls $2.02
Supermegopro: folds 
whlzor: folds 
steelNike: folds 
*** FLOP *** [Kc Qc Td]
SorinS28: checks 
M1st3rG4mb13: checks 
*** TURN *** [Kc Qc Td] [6s]
SorinS28: checks 
M1st3rG4mb13: bets $5.26
SorinS28: calls $5.26
*** RIVER *** [Kc Qc Td 6s] [8d]
SorinS28: checks 
M1st3rG4mb13: checks 
*** SHOW DOWN ***
SorinS28: shows [Js Kh] (a pair of Kings)
M1st3rG4mb13: mucks hand 
SorinS28 collected $15.26 from pot
*** SUMMARY ***
Total pot $16.06 | Rake $0.80 
Board [Kc Qc Td 6s 8d]
Seat 1: Supermegopro (button) folded before Flop (didn't bet)
Seat 2: whlzor (small blind) folded before Flop
Seat 3: steelNike (big blind) folded before Flop
Seat 4: Manifestorr folded before Flop (didn't bet)
Seat 5: SorinS28 showed [Js Kh] and won ($15.26) with a pair of Kings
Seat 6: M1st3rG4mb13 mucked



PokerStars Hand #254231246219:  Hold'em No Limit ($0.50/$1.00 USD) - 2025/01/06 18:15:13 WET [2025/01/06 13:15:13 ET]
Table 'Bethgea II' 6-max Seat #2 is the button
Seat 1: Supermegopro ($100 in chips) 
Seat 2: whlzor ($122.75 in chips) 
Seat 3: steelNike ($45.15 in chips) 
Seat 4: Manifestorr ($104.50 in chips) 
Seat 5: SorinS28 ($107.98 in chips) 
Seat 6: M1st3rG4mb13 ($70.86 in chips) 
steelNike: posts small blind $0.50
Manifestorr: posts big blind $1
*** HOLE CARDS ***
SorinS28: folds 
M1st3rG4mb13: raises $2 to $3
Supermegopro: folds 
whlzor: folds 
steelNike: folds 
Manifestorr: folds 
Uncalled bet ($2) returned to M1st3rG4mb13
M1st3rG4mb13 collected $2.50 from pot
*** SUMMARY ***
Total pot $2.50 | Rake $0 
Seat 1: Supermegopro folded before Flop (didn't bet)
Seat 2: whlzor (button) folded before Flop (didn't bet)
Seat 3: steelNike (small blind) folded before Flop
Seat 4: Manifestorr (big blind) folded before Flop
Seat 5: SorinS28 folded before Flop (didn't bet)
Seat 6: M1st3rG4mb13 collected ($2.50)



PokerStars Hand #254231250688:  Hold'em No Limit ($0.50/$1.00 USD) - 2025/01/06 18:15:27 WET [2025/01/06 13:15:27 ET]
Table 'Bethgea II' 6-max Seat #3 is the button
Seat 1: Supermegopro ($100 in chips) 
Seat 2: whlzor ($122.75 in chips) 
Seat 3: steelNike ($44.65 in chips) 
Seat 4: Manifestorr ($103.50 in chips) 
Seat 5: SorinS28 ($107.98 in chips) 
Seat 6: M1st3rG4mb13 ($72.36 in chips) 
Manifestorr: posts small blind $0.50
SorinS28: posts big blind $1
*** HOLE CARDS ***
M1st3rG4mb13: folds 
Supermegopro: raises $1.50 to $2.50
whlzor: raises $6 to $8.50
steelNike: folds 
Manifestorr: folds 
SorinS28: folds 
Supermegopro: calls $6
*** FLOP *** [Ah 3d Qs]
Supermegopro: checks 
whlzor: bets $5.80
Supermegopro: calls $5.80
*** TURN *** [Ah 3d Qs] [4d]
Supermegopro: checks 
whlzor: checks 
*** RIVER *** [Ah 3d Qs 4d] [9h]
Supermegopro: bets $9.44
whlzor: folds 
Uncalled bet ($9.44) returned to Supermegopro
Supermegopro collected $28.60 from pot
Supermegopro: doesn't show hand 
*** SUMMARY ***
Total pot $30.10 | Rake $1.50 
Board [Ah 3d Qs 4d 9h]
Seat 1: Supermegopro collected ($28.60)
Seat 2: whlzor folded on the River
Seat 3: steelNike (button) folded before Flop (didn't bet)
Seat 4: Manifestorr (small blind) folded before Flop
Seat 5: SorinS28 (big blind) folded before Flop
Seat 6: M1st3rG4mb13 folded before Flop (didn't bet)



PokerStars Hand #254231270556:  Hold'em No Limit ($0.50/$1.00 USD) - 2025/01/06 18:16:29 WET [2025/01/06 13:16:29 ET]
Table 'Bethgea II' 6-max Seat #4 is the button
Seat 1: Supermegopro ($114.30 in chips) 
Seat 2: whlzor ($108.45 in chips) 
Seat 3: steelNike ($44.65 in chips) 
Seat 4: Manifestorr ($103 in chips) 
Seat 5: SorinS28 ($106.98 in chips) 
Seat 6: M1st3rG4mb13 ($72.36 in chips) 
SorinS28: posts small blind $0.50
M1st3rG4mb13: posts big blind $1
*** HOLE CARDS ***
Supermegopro: folds 
whlzor: folds 
steelNike: folds 
Manifestorr: folds 
SorinS28: folds 
Uncalled bet ($0.50) returned to M1st3rG4mb13
M1st3rG4mb13 collected $1 from pot
*** SUMMARY ***
Total pot $1 | Rake $0 
Seat 1: Supermegopro folded before Flop (didn't bet)
Seat 2: whlzor folded before Flop (didn't bet)
Seat 3: steelNike folded before Flop (didn't bet)
Seat 4: Manifestorr (button) folded before Flop (didn't bet)
Seat 5: SorinS28 (small blind) folded before Flop
Seat 6: M1st3rG4mb13 (big blind) collected ($1)



PokerStars Hand #254231275142:  Hold'em No Limit ($0.50/$1.00 USD) - 2025/01/06 18:16:44 WET [2025/01/06 13:16:44 ET]
Table 'Bethgea II' 6-max Seat #5 is the button
Seat 1: Supermegopro ($114.30 in chips) 
Seat 2: whlzor ($108.45 in chips) 
Seat 3: steelNike ($44.65 in chips) 
Seat 4: Manifestorr ($103 in chips) 
Seat 5: SorinS28 ($106.48 in chips) 
Seat 6: M1st3rG4mb13 ($72.86 in chips) 
M1st3rG4mb13: posts small blind $0.50
Supermegopro: posts big blind $1
*** HOLE CARDS ***
whlzor: folds 
steelNike: folds 
Manifestorr: folds 
SorinS28: raises $1.50 to $2.50
M1st3rG4mb13: calls $2
Supermegopro: calls $1.50
*** FLOP *** [4c 8c Kh]
M1st3rG4mb13: checks 
Supermegopro: checks 
SorinS28: bets $1.99
M1st3rG4mb13: calls $1.99
Supermegopro: folds 
*** TURN *** [4c 8c Kh] [Ks]
M1st3rG4mb13: checks 
SorinS28: checks 
*** RIVER *** [4c 8c Kh Ks] [8s]
M1st3rG4mb13: bets $5.46
SorinS28: folds 
Uncalled bet ($5.46) returned to M1st3rG4mb13
M1st3rG4mb13 collected $10.91 from pot
*** SUMMARY ***
Total pot $11.48 | Rake $0.57 
Board [4c 8c Kh Ks 8s]
Seat 1: Supermegopro (big blind) folded on the Flop
Seat 2: whlzor folded before Flop (didn't bet)
Seat 3: steelNike folded before Flop (didn't bet)
Seat 4: Manifestorr folded before Flop (didn't bet)
Seat 5: SorinS28 (button) folded on the River
Seat 6: M1st3rG4mb13 (small blind) collected ($10.91)



PokerStars Hand #254231295770:  Hold'em No Limit ($0.50/$1.00 USD) - 2025/01/06 18:17:48 WET [2025/01/06 13:17:48 ET]
Table 'Bethgea II' 6-max Seat #6 is the button
Seat 1: Supermegopro ($111.80 in chips) 
Seat 2: whlzor ($108.45 in chips) 
Seat 3: steelNike ($44.65 in chips) 
Seat 4: Manifestorr ($103 in chips) 
Seat 5: SorinS28 ($101.99 in chips) 
Seat 6: M1st3rG4mb13 ($79.28 in chips) 
Supermegopro: posts small blind $0.50
whlzor: posts big blind $1
*** HOLE CARDS ***
steelNike: folds 
Manifestorr: raises $1.20 to $2.20
SorinS28: folds 
M1st3rG4mb13: folds 
Supermegopro: folds 
whlzor: folds 
Uncalled bet ($1.20) returned to Manifestorr
Manifestorr collected $2.50 from pot
*** SUMMARY ***
Total pot $2.50 | Rake $0 
Seat 1: Supermegopro (small blind) folded before Flop
Seat 2: whlzor (big blind) folded before Flop
Seat 3: steelNike folded before Flop (didn't bet)
Seat 4: Manifestorr collected ($2.50)
Seat 5: SorinS28 folded before Flop (didn't bet)
Seat 6: M1st3rG4mb13 (button) folded before Flop (didn't bet)



PokerStars Hand #254231302882:  Hold'em No Limit ($0.50/$1.00 USD) - 2025/01/06 18:18:10 WET [2025/01/06 13:18:10 ET]
Table 'Bethgea II' 6-max Seat #1 is the button
Seat 1: Supermegopro ($111.30 in chips) 
Seat 2: whlzor ($107.45 in chips) 
Seat 3: steelNike ($44.65 in chips) 
Seat 4: Manifestorr ($104.50 in chips) 
Seat 5: SorinS28 ($101.99 in chips) 
Seat 6: M1st3rG4mb13 ($79.28 in chips) 
whlzor: posts small blind $0.50
steelNike: posts big blind $1
*** HOLE CARDS ***
Manifestorr: folds 
SorinS28: folds 
M1st3rG4mb13: raises $2 to $3
Supermegopro: folds 
whlzor: folds 
steelNike: folds 
Uncalled bet ($2) returned to M1st3rG4mb13
M1st3rG4mb13 collected $2.50 from pot
*** SUMMARY ***
Total pot $2.50 | Rake $0 
Seat 1: Supermegopro (button) folded before Flop (didn't bet)
Seat 2: whlzor (small blind) folded before Flop
Seat 3: steelNike (big blind) folded before Flop
Seat 4: Manifestorr folded before Flop (didn't bet)
Seat 5: SorinS28 folded before Flop (didn't bet)
Seat 6: M1st3rG4mb13 collected ($2.50)



PokerStars Hand #254231310465:  Hold'em No Limit ($0.50/$1.00 USD) - 2025/01/06 18:18:33 WET [2025/01/06 13:18:33 ET]
Table 'Bethgea II' 6-max Seat #2 is the button
Seat 1: Supermegopro ($111.30 in chips) 
Seat 2: whlzor ($106.95 in chips) 
Seat 3: steelNike ($100 in chips) 
Seat 4: Manifestorr ($104.50 in chips) 
Seat 5: SorinS28 ($101.99 in chips) 
Seat 6: M1st3rG4mb13 ($80.78 in chips) 
steelNike: posts small blind $0.50
Manifestorr: posts big blind $1
*** HOLE CARDS ***
SorinS28: folds 
M1st3rG4mb13: raises $2 to $3
Supermegopro: folds 
whlzor: folds 
steelNike: folds 
Manifestorr: folds 
Uncalled bet ($2) returned to M1st3rG4mb13
M1st3rG4mb13 collected $2.50 from pot
*** SUMMARY ***
Total pot $2.50 | Rake $0 
Seat 1: Supermegopro folded before Flop (didn't bet)
Seat 2: whlzor (button) folded before Flop (didn't bet)
Seat 3: steelNike (small blind) folded before Flop
Seat 4: Manifestorr (big blind) folded before Flop
Seat 5: SorinS28 folded before Flop (didn't bet)
Seat 6: M1st3rG4mb13 collected ($2.50)



PokerStars Hand #254231318388:  Hold'em No Limit ($0.50/$1.00 USD) - 2025/01/06 18:18:58 WET [2025/01/06 13:18:58 ET]
Table 'Bethgea II' 6-max Seat #3 is the button
Seat 1: Supermegopro ($111.30 in chips) 
Seat 2: whlzor ($106.95 in chips) 
Seat 3: steelNike ($99.50 in chips) 
Seat 4: Manifestorr ($103.50 in chips) 
Seat 5: SorinS28 ($101.99 in chips) 
Seat 6: M1st3rG4mb13 ($82.28 in chips) 
Manifestorr: posts small blind $0.50
SorinS28: posts big blind $1
*** HOLE CARDS ***
M1st3rG4mb13: folds 
Supermegopro: folds 
whlzor: folds 
steelNike: folds 
Manifestorr: folds 
Uncalled bet ($0.50) returned to SorinS28
SorinS28 collected $1 from pot
SorinS28: doesn't show hand 
*** SUMMARY ***
Total pot $1 | Rake $0 
Seat 1: Supermegopro folded before Flop (didn't bet)
Seat 2: whlzor folded before Flop (didn't bet)
Seat 3: steelNike (button) folded before Flop (didn't bet)
Seat 4: Manifestorr (small blind) folded before Flop
Seat 5: SorinS28 (big blind) collected ($1)
Seat 6: M1st3rG4mb13 folded before Flop (didn't bet)



PokerStars Hand #254231322630:  Hold'em No Limit ($0.50/$1.00 USD) - 2025/01/06 18:19:11 WET [2025/01/06 13:19:11 ET]
Table 'Bethgea II' 6-max Seat #4 is the button
Seat 1: Supermegopro ($111.30 in chips) 
Seat 2: whlzor ($106.95 in chips) 
Seat 3: steelNike ($99.50 in chips) 
Seat 4: Manifestorr ($103 in chips) 
Seat 5: SorinS28 ($102.49 in chips) 
Seat 6: M1st3rG4mb13 ($82.28 in chips) 
SorinS28: posts small blind $0.50
M1st3rG4mb13: posts big blind $1
*** HOLE CARDS ***
Supermegopro: folds 
whlzor: folds 
steelNike: folds 
Manifestorr: raises $1.20 to $2.20
SorinS28: folds 
M1st3rG4mb13: calls $1.20
*** FLOP *** [6c 9c As]
M1st3rG4mb13: checks 
Manifestorr: checks 
*** TURN *** [6c 9c As] [9h]
M1st3rG4mb13: bets $2.33
Manifestorr: folds 
Uncalled bet ($2.33) returned to M1st3rG4mb13
M1st3rG4mb13 collected $4.66 from pot
*** SUMMARY ***
Total pot $4.90 | Rake $0.24 
Board [6c 9c As 9h]
Seat 1: Supermegopro folded before Flop (didn't bet)
Seat 2: whlzor folded before Flop (didn't bet)
Seat 3: steelNike folded before Flop (didn't bet)
Seat 4: Manifestorr (button) folded on the Turn
Seat 5: SorinS28 (small blind) folded before Flop
Seat 6: M1st3rG4mb13 (big blind) collected ($4.66)



PokerStars Hand #254231335442:  Hold'em No Limit ($0.50/$1.00 USD) - 2025/01/06 18:19:51 WET [2025/01/06 13:19:51 ET]
Table 'Bethgea II' 6-max Seat #5 is the button
Seat 1: Supermegopro ($111.30 in chips) 
Seat 2: whlzor ($106.95 in chips) 
Seat 3: steelNike ($99.50 in chips) 
Seat 4: Manifestorr ($100.80 in chips) 
Seat 5: SorinS28 ($101.99 in chips) 
Seat 6: M1st3rG4mb13 ($84.74 in chips) 
M1st3rG4mb13: posts small blind $0.50
Supermegopro: posts big blind $1
*** HOLE CARDS ***
whlzor: folds 
steelNike: folds 
Manifestorr: folds 
SorinS28: folds 
M1st3rG4mb13: raises $2 to $3
Supermegopro: folds 
Uncalled bet ($2) returned to M1st3rG4mb13
M1st3rG4mb13 collected $2 from pot
*** SUMMARY ***
Total pot $2 | Rake $0 
Seat 1: Supermegopro (big blind) folded before Flop
Seat 2: whlzor folded before Flop (didn't bet)
Seat 3: steelNike folded before Flop (didn't bet)
Seat 4: Manifestorr folded before Flop (didn't bet)
Seat 5: SorinS28 (button) folded before Flop (didn't bet)
Seat 6: M1st3rG4mb13 (small blind) collected ($2)



PokerStars Hand #254231342461:  Hold'em No Limit ($0.50/$1.00 USD) - 2025/01/06 18:20:13 WET [2025/01/06 13:20:13 ET]
Table 'Bethgea II' 6-max Seat #6 is the button
Seat 1: Supermegopro ($110.30 in chips) 
Seat 2: whlzor ($106.95 in chips) 
Seat 3: steelNike ($99.50 in chips) 
Seat 4: Manifestorr ($100.80 in chips) 
Seat 5: SorinS28 ($101.99 in chips) 
Seat 6: M1st3rG4mb13 ($85.74 in chips) 
Supermegopro: posts small blind $0.50
whlzor: posts big blind $1
*** HOLE CARDS ***
steelNike: raises $1 to $2
Manifestorr: raises $4.50 to $6.50
SorinS28: folds 
M1st3rG4mb13: folds 
Supermegopro: folds 
whlzor: folds 
steelNike: folds 
Uncalled bet ($4.50) returned to Manifestorr
Manifestorr collected $5.50 from pot
*** SUMMARY ***
Total pot $5.50 | Rake $0 
Seat 1: Supermegopro (small blind) folded before Flop
Seat 2: whlzor (big blind) folded before Flop
Seat 3: steelNike folded before Flop
Seat 4: Manifestorr collected ($5.50)
Seat 5: SorinS28 folded before Flop (didn't bet)
Seat 6: M1st3rG4mb13 (button) folded before Flop (didn't bet)



PokerStars Hand #254231349580:  Hold'em No Limit ($0.50/$1.00 USD) - 2025/01/06 18:20:34 WET [2025/01/06 13:20:34 ET]
Table 'Bethgea II' 6-max Seat #1 is the button
Seat 1: Supermegopro ($109.80 in chips) 
Seat 2: whlzor ($105.95 in chips) 
Seat 3: steelNike ($97.50 in chips) 
Seat 4: Manifestorr ($104.30 in chips) 
Seat 5: SorinS28 ($101.99 in chips) 
Seat 6: M1st3rG4mb13 ($85.74 in chips) 
whlzor: posts small blind $0.50
steelNike: posts big blind $1
*** HOLE CARDS ***
Manifestorr: raises $1.20 to $2.20
SorinS28: folds 
M1st3rG4mb13: raises $2.20 to $4.40
Supermegopro: folds 
whlzor: folds 
steelNike: folds 
Manifestorr: calls $2.20
*** FLOP *** [4s 3c Qs]
Manifestorr: checks 
M1st3rG4mb13: bets $4.89
Manifestorr: folds 
Uncalled bet ($4.89) returned to M1st3rG4mb13
M1st3rG4mb13 collected $9.78 from pot
*** SUMMARY ***
Total pot $10.30 | Rake $0.52 
Board [4s 3c Qs]
Seat 1: Supermegopro (button) folded before Flop (didn't bet)
Seat 2: whlzor (small blind) folded before Flop
Seat 3: steelNike (big blind) folded before Flop
Seat 4: Manifestorr folded on the Flop
Seat 5: SorinS28 folded before Flop (didn't bet)
Seat 6: M1st3rG4mb13 collected ($9.78)



PokerStars Hand #254231360781:  Hold'em No Limit ($0.50/$1.00 USD) - 2025/01/06 18:21:09 WET [2025/01/06 13:21:09 ET]
Table 'Bethgea II' 6-max Seat #2 is the button
Seat 1: Supermegopro ($109.80 in chips) 
Seat 2: whlzor ($105.45 in chips) 
Seat 3: steelNike ($96.50 in chips) 
Seat 4: Manifestorr ($100 in chips) 
Seat 5: SorinS28 ($101.99 in chips) 
Seat 6: M1st3rG4mb13 ($91.12 in chips) 
steelNike: posts small blind $0.50
Manifestorr: posts big blind $1
*** HOLE CARDS ***
SorinS28: folds 
M1st3rG4mb13: folds 
Supermegopro: folds 
whlzor: folds 
steelNike: folds 
Uncalled bet ($0.50) returned to Manifestorr
Manifestorr collected $1 from pot
*** SUMMARY ***
Total pot $1 | Rake $0 
Seat 1: Supermegopro folded before Flop (didn't bet)
Seat 2: whlzor (button) folded before Flop (didn't bet)
Seat 3: steelNike (small blind) folded before Flop
Seat 4: Manifestorr (big blind) collected ($1)
Seat 5: SorinS28 folded before Flop (didn't bet)
Seat 6: M1st3rG4mb13 folded before Flop (didn't bet)



PokerStars Hand #254231365468:  Hold'em No Limit ($0.50/$1.00 USD) - 2025/01/06 18:21:23 WET [2025/01/06 13:21:23 ET]
Table 'Bethgea II' 6-max Seat #3 is the button
Seat 1: Supermegopro ($109.80 in chips) 
Seat 2: whlzor ($105.45 in chips) 
Seat 3: steelNike ($100 in chips) 
Seat 4: Manifestorr ($100.50 in chips) 
Seat 5: SorinS28 ($101.99 in chips) 
Seat 6: M1st3rG4mb13 ($91.12 in chips) 
Manifestorr: posts small blind $0.50
SorinS28: posts big blind $1
*** HOLE CARDS ***
M1st3rG4mb13: folds 
Supermegopro: folds 
whlzor: raises $2 to $3
steelNike: folds 
Manifestorr: raises $9 to $12
SorinS28: folds 
whlzor: folds 
Uncalled bet ($9) returned to Manifestorr
Manifestorr collected $7 from pot
*** SUMMARY ***
Total pot $7 | Rake $0 
Seat 1: Supermegopro folded before Flop (didn't bet)
Seat 2: whlzor folded before Flop
Seat 3: steelNike (button) folded before Flop (didn't bet)
Seat 4: Manifestorr (small blind) collected ($7)
Seat 5: SorinS28 (big blind) folded before Flop
Seat 6: M1st3rG4mb13 folded before Flop (didn't bet)



PokerStars Hand #254231373967:  Hold'em No Limit ($0.50/$1.00 USD) - 2025/01/06 18:21:49 WET [2025/01/06 13:21:49 ET]
Table 'Bethgea II' 6-max Seat #4 is the button
Seat 1: Supermegopro ($109.80 in chips) 
Seat 2: whlzor ($102.45 in chips) 
Seat 3: steelNike ($100 in chips) 
Seat 4: Manifestorr ($104.50 in chips) 
Seat 5: SorinS28 ($100.99 in chips) 
Seat 6: M1st3rG4mb13 ($91.12 in chips) 
SorinS28: posts small blind $0.50
M1st3rG4mb13: posts big blind $1
*** HOLE CARDS ***
Supermegopro: raises $1.50 to $2.50
whlzor: folds 
steelNike: folds 
Manifestorr: folds 
SorinS28: folds 
M1st3rG4mb13: calls $1.50
*** FLOP *** [4c 7s 8d]
M1st3rG4mb13: checks 
Supermegopro: checks 
*** TURN *** [4c 7s 8d] [5h]
M1st3rG4mb13: bets $3.61
Supermegopro: folds 
Uncalled bet ($3.61) returned to M1st3rG4mb13
M1st3rG4mb13 collected $5.22 from pot
*** SUMMARY ***
Total pot $5.50 | Rake $0.28 
Board [4c 7s 8d 5h]
Seat 1: Supermegopro folded on the Turn
Seat 2: whlzor folded before Flop (didn't bet)
Seat 3: steelNike folded before Flop (didn't bet)
Seat 4: Manifestorr (button) folded before Flop (didn't bet)
Seat 5: SorinS28 (small blind) folded before Flop
Seat 6: M1st3rG4mb13 (big blind) collected ($5.22)



PokerStars Hand #254231384095:  Hold'em No Limit ($0.50/$1.00 USD) - 2025/01/06 18:22:21 WET [2025/01/06 13:22:21 ET]
Table 'Bethgea II' 6-max Seat #5 is the button
Seat 1: Supermegopro ($107.30 in chips) 
Seat 2: whlzor ($102.45 in chips) 
Seat 3: steelNike ($100 in chips) 
Seat 4: Manifestorr ($104.50 in chips) 
Seat 5: SorinS28 ($100.49 in chips) 
Seat 6: M1st3rG4mb13 ($93.84 in chips) 
M1st3rG4mb13: posts small blind $0.50
Supermegopro: posts big blind $1
*** HOLE CARDS ***
whlzor: folds 
steelNike: folds 
Manifestorr: folds 
SorinS28: raises $1.50 to $2.50
M1st3rG4mb13: folds 
Supermegopro: calls $1.50
*** FLOP *** [Kh Ac 7d]
Supermegopro: checks 
SorinS28: checks 
*** TURN *** [Kh Ac 7d] [2h]
Supermegopro: checks 
SorinS28: bets $2.61
Supermegopro: folds 
Uncalled bet ($2.61) returned to SorinS28
SorinS28 collected $5.22 from pot
SorinS28: doesn't show hand 
*** SUMMARY ***
Total pot $5.50 | Rake $0.28 
Board [Kh Ac 7d 2h]
Seat 1: Supermegopro (big blind) folded on the Turn
Seat 2: whlzor folded before Flop (didn't bet)
Seat 3: steelNike folded before Flop (didn't bet)
Seat 4: Manifestorr folded before Flop (didn't bet)
Seat 5: SorinS28 (button) collected ($5.22)
Seat 6: M1st3rG4mb13 (small blind) folded before Flop



PokerStars Hand #254231397854:  Hold'em No Limit ($0.50/$1.00 USD) - 2025/01/06 18:23:03 WET [2025/01/06 13:23:03 ET]
Table 'Bethgea II' 6-max Seat #6 is the button
Seat 1: Supermegopro ($104.80 in chips) 
Seat 2: whlzor ($102.45 in chips) 
Seat 3: steelNike ($100 in chips) 
Seat 4: Manifestorr ($104.50 in chips) 
Seat 5: SorinS28 ($103.21 in chips) 
Seat 6: M1st3rG4mb13 ($93.34 in chips) 
Supermegopro: posts small blind $0.50
whlzor: posts big blind $1
*** HOLE CARDS ***
steelNike: folds 
Manifestorr: folds 
SorinS28: raises $1.30 to $2.30
M1st3rG4mb13: folds 
Supermegopro: folds 
whlzor: folds 
Uncalled bet ($1.30) returned to SorinS28
SorinS28 collected $2.50 from pot
SorinS28: doesn't show hand 
*** SUMMARY ***
Total pot $2.50 | Rake $0 
Seat 1: Supermegopro (small blind) folded before Flop
Seat 2: whlzor (big blind) folded before Flop
Seat 3: steelNike folded before Flop (didn't bet)
Seat 4: Manifestorr folded before Flop (didn't bet)
Seat 5: SorinS28 collected ($2.50)
Seat 6: M1st3rG4mb13 (button) folded before Flop (didn't bet)



PokerStars Hand #254231402417:  Hold'em No Limit ($0.50/$1.00 USD) - 2025/01/06 18:23:17 WET [2025/01/06 13:23:17 ET]
Table 'Bethgea II' 6-max Seat #1 is the button
Seat 1: Supermegopro ($104.30 in chips) 
Seat 2: whlzor ($101.45 in chips) 
Seat 3: steelNike ($100 in chips) 
Seat 4: Manifestorr ($104.50 in chips) 
Seat 5: SorinS28 ($104.71 in chips) 
Seat 6: M1st3rG4mb13 ($93.34 in chips) 
whlzor: posts small blind $0.50
steelNike: posts big blind $1
*** HOLE CARDS ***
Manifestorr: raises $1.20 to $2.20
SorinS28: folds 
M1st3rG4mb13: raises $2.20 to $4.40
Supermegopro: folds 
whlzor: folds 
steelNike: folds 
Manifestorr: calls $2.20
*** FLOP *** [5c 2h 2c]
Manifestorr: bets $4.89
M1st3rG4mb13: calls $4.89
*** TURN *** [5c 2h 2c] [4s]
Manifestorr: bets $9.54
M1st3rG4mb13: calls $9.54
*** RIVER *** [5c 2h 2c 4s] [2s]
Manifestorr: checks 
M1st3rG4mb13: bets $18.60
Manifestorr: calls $18.60
*** SHOW DOWN ***
M1st3rG4mb13: shows [7c 7d] (a full house, Deuces full of Sevens)
Manifestorr: shows [9h 9s] (a full house, Deuces full of Nines)
Manifestorr collected $73.86 from pot
*** SUMMARY ***
Total pot $76.36 | Rake $2.50 
Board [5c 2h 2c 4s 2s]
Seat 1: Supermegopro (button) folded before Flop (didn't bet)
Seat 2: whlzor (small blind) folded before Flop
Seat 3: steelNike (big blind) folded before Flop
Seat 4: Manifestorr showed [9h 9s] and won ($73.86) with a full house, Deuces full of Nines
Seat 5: SorinS28 folded before Flop (didn't bet)
Seat 6: M1st3rG4mb13 showed [7c 7d] and lost with a full house, Deuces full of Sevens



PokerStars Hand #254231427730:  Hold'em No Limit ($0.50/$1.00 USD) - 2025/01/06 18:24:35 WET [2025/01/06 13:24:35 ET]
Table 'Bethgea II' 6-max Seat #2 is the button
Seat 1: Supermegopro ($104.30 in chips) 
Seat 2: whlzor ($100.95 in chips) 
Seat 3: steelNike ($99 in chips) 
Seat 4: Manifestorr ($140.93 in chips) 
Seat 5: SorinS28 ($104.71 in chips) 
Seat 6: M1st3rG4mb13 ($55.91 in chips) 
steelNike: posts small blind $0.50
Manifestorr: posts big blind $1
*** HOLE CARDS ***
SorinS28: folds 
M1st3rG4mb13: folds 
Supermegopro: folds 
whlzor: raises $2 to $3
steelNike: folds 
Manifestorr: folds 
Uncalled bet ($2) returned to whlzor
whlzor collected $2.50 from pot
whlzor: doesn't show hand 
*** SUMMARY ***
Total pot $2.50 | Rake $0 
Seat 1: Supermegopro folded before Flop (didn't bet)
Seat 2: whlzor (button) collected ($2.50)
Seat 3: steelNike (small blind) folded before Flop
Seat 4: Manifestorr (big blind) folded before Flop
Seat 5: SorinS28 folded before Flop (didn't bet)
Seat 6: M1st3rG4mb13 folded before Flop (didn't bet)



PokerStars Hand #254231433532:  Hold'em No Limit ($0.50/$1.00 USD) - 2025/01/06 18:24:52 WET [2025/01/06 13:24:52 ET]
Table 'Bethgea II' 6-max Seat #3 is the button
Seat 1: Supermegopro ($104.30 in chips) 
Seat 2: whlzor ($102.45 in chips) 
Seat 3: steelNike ($98.50 in chips) 
Seat 4: Manifestorr ($139.93 in chips) 
Seat 5: SorinS28 ($104.71 in chips) 
Seat 6: M1st3rG4mb13 ($55.91 in chips) 
Manifestorr: posts small blind $0.50
SorinS28: posts big blind $1
*** HOLE CARDS ***
M1st3rG4mb13: folds 
Supermegopro: folds 
whlzor: folds 
steelNike: raises $1.50 to $2.50
Manifestorr: folds 
SorinS28: folds 
Uncalled bet ($1.50) returned to steelNike
steelNike collected $2.50 from pot
*** SUMMARY ***
Total pot $2.50 | Rake $0 
Seat 1: Supermegopro folded before Flop (didn't bet)
Seat 2: whlzor folded before Flop (didn't bet)
Seat 3: steelNike (button) collected ($2.50)
Seat 4: Manifestorr (small blind) folded before Flop
Seat 5: SorinS28 (big blind) folded before Flop
Seat 6: M1st3rG4mb13 folded before Flop (didn't bet)



PokerStars Hand #254231440265:  Hold'em No Limit ($0.50/$1.00 USD) - 2025/01/06 18:25:13 WET [2025/01/06 13:25:13 ET]
Table 'Bethgea II' 6-max Seat #4 is the button
Seat 1: Supermegopro ($104.30 in chips) 
Seat 2: whlzor ($102.45 in chips) 
Seat 3: steelNike ($100 in chips) 
Seat 4: Manifestorr ($139.43 in chips) 
Seat 5: SorinS28 ($103.71 in chips) 
Seat 6: M1st3rG4mb13 ($55.91 in chips) 
SorinS28: posts small blind $0.50
M1st3rG4mb13: posts big blind $1
*** HOLE CARDS ***
Supermegopro: folds 
whlzor: raises $1.50 to $2.50
steelNike: folds 
Manifestorr: folds 
SorinS28: folds 
M1st3rG4mb13: calls $1.50
*** FLOP *** [6c 3h Ah]
M1st3rG4mb13: checks 
whlzor: checks 
*** TURN *** [6c 3h Ah] [Ad]
M1st3rG4mb13: checks 
whlzor: bets $2.61
M1st3rG4mb13: folds 
Uncalled bet ($2.61) returned to whlzor
whlzor collected $5.22 from pot
whlzor: doesn't show hand 
*** SUMMARY ***
Total pot $5.50 | Rake $0.28 
Board [6c 3h Ah Ad]
Seat 1: Supermegopro folded before Flop (didn't bet)
Seat 2: whlzor collected ($5.22)
Seat 3: steelNike folded before Flop (didn't bet)
Seat 4: Manifestorr (button) folded before Flop (didn't bet)
Seat 5: SorinS28 (small blind) folded before Flop
Seat 6: M1st3rG4mb13 (big blind) folded on the Turn



PokerStars Hand #254231452437:  Hold'em No Limit ($0.50/$1.00 USD) - 2025/01/06 18:25:50 WET [2025/01/06 13:25:50 ET]
Table 'Bethgea II' 6-max Seat #5 is the button
Seat 1: Supermegopro ($104.30 in chips) 
Seat 2: whlzor ($105.17 in chips) 
Seat 3: steelNike ($100 in chips) 
Seat 4: Manifestorr ($139.43 in chips) 
Seat 5: SorinS28 ($103.21 in chips) 
Seat 6: M1st3rG4mb13 ($53.41 in chips) 
M1st3rG4mb13: posts small blind $0.50
Supermegopro: posts big blind $1
*** HOLE CARDS ***
whlzor: folds 
steelNike: folds 
Manifestorr: folds 
SorinS28: folds 
M1st3rG4mb13: raises $1 to $2
Supermegopro: calls $1
*** FLOP *** [Qd Kd 9c]
M1st3rG4mb13: checks 
Supermegopro: checks 
*** TURN *** [Qd Kd 9c] [Kc]
M1st3rG4mb13: bets $3.80
Supermegopro: folds 
Uncalled bet ($3.80) returned to M1st3rG4mb13
M1st3rG4mb13 collected $3.80 from pot
*** SUMMARY ***
Total pot $4 | Rake $0.20 
Board [Qd Kd 9c Kc]
Seat 1: Supermegopro (big blind) folded on the Turn
Seat 2: whlzor folded before Flop (didn't bet)
Seat 3: steelNike folded before Flop (didn't bet)
Seat 4: Manifestorr folded before Flop (didn't bet)
Seat 5: SorinS28 (button) folded before Flop (didn't bet)
Seat 6: M1st3rG4mb13 (small blind) collected ($3.80)



PokerStars Hand #254231463285:  Hold'em No Limit ($0.50/$1.00 USD) - 2025/01/06 18:26:23 WET [2025/01/06 13:26:23 ET]
Table 'Bethgea II' 6-max Seat #6 is the button
Seat 1: Supermegopro ($102.30 in chips) 
Seat 2: whlzor ($105.17 in chips) 
Seat 3: steelNike ($100 in chips) 
Seat 4: Manifestorr ($139.43 in chips) 
Seat 5: SorinS28 ($103.21 in chips) 
Seat 6: M1st3rG4mb13 ($55.21 in chips) 
Supermegopro: posts small blind $0.50
whlzor: posts big blind $1
*** HOLE CARDS ***
steelNike: folds 
Manifestorr: raises $1.20 to $2.20
SorinS28: folds 
M1st3rG4mb13: folds 
Supermegopro: calls $1.70
whlzor: folds 
*** FLOP *** [7h 9d 2c]
Supermegopro: bets $3.42
Manifestorr: folds 
Uncalled bet ($3.42) returned to Supermegopro
Supermegopro collected $5.13 from pot
Supermegopro: doesn't show hand 
*** SUMMARY ***
Total pot $5.40 | Rake $0.27 
Board [7h 9d 2c]
Seat 1: Supermegopro (small blind) collected ($5.13)
Seat 2: whlzor (big blind) folded before Flop
Seat 3: steelNike folded before Flop (didn't bet)
Seat 4: Manifestorr folded on the Flop
Seat 5: SorinS28 folded before Flop (didn't bet)
Seat 6: M1st3rG4mb13 (button) folded before Flop (didn't bet)



PokerStars Hand #254231474441:  Hold'em No Limit ($0.50/$1.00 USD) - 2025/01/06 18:26:57 WET [2025/01/06 13:26:57 ET]
Table 'Bethgea II' 6-max Seat #1 is the button
Seat 1: Supermegopro ($105.23 in chips) 
Seat 2: whlzor ($104.17 in chips) 
Seat 3: steelNike ($100 in chips) 
Seat 4: Manifestorr ($137.23 in chips) 
Seat 5: SorinS28 ($103.21 in chips) 
Seat 6: M1st3rG4mb13 ($55.21 in chips) 
whlzor: posts small blind $0.50
steelNike: posts big blind $1
*** HOLE CARDS ***
Manifestorr: folds 
SorinS28: raises $1.02 to $2.02
M1st3rG4mb13: folds 
Supermegopro: folds 
whlzor: folds 
steelNike: raises $9.98 to $12
SorinS28: calls $9.98
*** FLOP *** [9c Kh Th]
steelNike: bets $7.68
SorinS28: folds 
Uncalled bet ($7.68) returned to steelNike
steelNike collected $23.28 from pot
*** SUMMARY ***
Total pot $24.50 | Rake $1.22 
Board [9c Kh Th]
Seat 1: Supermegopro (button) folded before Flop (didn't bet)
Seat 2: whlzor (small blind) folded before Flop
Seat 3: steelNike (big blind) collected ($23.28)
Seat 4: Manifestorr folded before Flop (didn't bet)
Seat 5: SorinS28 folded on the Flop
Seat 6: M1st3rG4mb13 folded before Flop (didn't bet)



PokerStars Hand #254231495026:  Hold'em No Limit ($0.50/$1.00 USD) - 2025/01/06 18:27:59 WET [2025/01/06 13:27:59 ET]
Table 'Bethgea II' 6-max Seat #2 is the button
Seat 1: Supermegopro ($105.23 in chips) 
Seat 2: whlzor ($103.67 in chips) 
Seat 3: steelNike ($111.28 in chips) 
Seat 4: Manifestorr ($137.23 in chips) 
Seat 5: SorinS28 ($100 in chips) 
Seat 6: M1st3rG4mb13 ($55.21 in chips) 
steelNike: posts small blind $0.50
Manifestorr: posts big blind $1
*** HOLE CARDS ***
SorinS28: folds 
M1st3rG4mb13: folds 
Supermegopro: raises $1.50 to $2.50
whlzor: folds 
steelNike: folds 
Manifestorr: folds 
Uncalled bet ($1.50) returned to Supermegopro
Supermegopro collected $2.50 from pot
Supermegopro: doesn't show hand 
*** SUMMARY ***
Total pot $2.50 | Rake $0 
Seat 1: Supermegopro collected ($2.50)
Seat 2: whlzor (button) folded before Flop (didn't bet)
Seat 3: steelNike (small blind) folded before Flop
Seat 4: Manifestorr (big blind) folded before Flop
Seat 5: SorinS28 folded before Flop (didn't bet)
Seat 6: M1st3rG4mb13 folded before Flop (didn't bet)



PokerStars Hand #254231501207:  Hold'em No Limit ($0.50/$1.00 USD) - 2025/01/06 18:28:18 WET [2025/01/06 13:28:18 ET]
Table 'Bethgea II' 6-max Seat #3 is the button
Seat 1: Supermegopro ($106.73 in chips) 
Seat 2: whlzor ($103.67 in chips) 
Seat 3: steelNike ($110.78 in chips) 
Seat 4: Manifestorr ($136.23 in chips) 
Seat 5: SorinS28 ($100 in chips) 
Seat 6: M1st3rG4mb13 ($55.21 in chips) 
Manifestorr: posts small blind $0.50
SorinS28: posts big blind $1
*** HOLE CARDS ***
M1st3rG4mb13: folds 
Supermegopro: folds 
whlzor: folds 
steelNike: raises $1.50 to $2.50
Manifestorr: raises $8.50 to $11
SorinS28: folds 
steelNike: folds 
Uncalled bet ($8.50) returned to Manifestorr
Manifestorr collected $6 from pot
*** SUMMARY ***
Total pot $6 | Rake $0 
Seat 1: Supermegopro folded before Flop (didn't bet)
Seat 2: whlzor folded before Flop (didn't bet)
Seat 3: steelNike (button) folded before Flop
Seat 4: Manifestorr (small blind) collected ($6)
Seat 5: SorinS28 (big blind) folded before Flop
Seat 6: M1st3rG4mb13 folded before Flop (didn't bet)



PokerStars Hand #254231509748:  Hold'em No Limit ($0.50/$1.00 USD) - 2025/01/06 18:28:44 WET [2025/01/06 13:28:44 ET]
Table 'Bethgea II' 6-max Seat #4 is the button
Seat 1: Supermegopro ($106.73 in chips) 
Seat 2: whlzor ($103.67 in chips) 
Seat 3: steelNike ($108.28 in chips) 
Seat 4: Manifestorr ($139.73 in chips) 
Seat 5: SorinS28 ($100 in chips) 
Seat 6: M1st3rG4mb13 ($55.21 in chips) 
SorinS28: posts small blind $0.50
M1st3rG4mb13: posts big blind $1
*** HOLE CARDS ***
Supermegopro: folds 
whlzor: folds 
steelNike: folds 
Manifestorr: folds 
SorinS28: folds 
Uncalled bet ($0.50) returned to M1st3rG4mb13
M1st3rG4mb13 collected $1 from pot
*** SUMMARY ***
Total pot $1 | Rake $0 
Seat 1: Supermegopro folded before Flop (didn't bet)
Seat 2: whlzor folded before Flop (didn't bet)
Seat 3: steelNike folded before Flop (didn't bet)
Seat 4: Manifestorr (button) folded before Flop (didn't bet)
Seat 5: SorinS28 (small blind) folded before Flop
Seat 6: M1st3rG4mb13 (big blind) collected ($1)



PokerStars Hand #254231513645:  Hold'em No Limit ($0.50/$1.00 USD) - 2025/01/06 18:28:56 WET [2025/01/06 13:28:56 ET]
Table 'Bethgea II' 6-max Seat #5 is the button
Seat 1: Supermegopro ($106.73 in chips) 
Seat 2: whlzor ($103.67 in chips) 
Seat 3: steelNike ($108.28 in chips) 
Seat 4: Manifestorr ($139.73 in chips) 
Seat 5: SorinS28 ($100 in chips) 
Seat 6: M1st3rG4mb13 ($55.71 in chips) 
M1st3rG4mb13: posts small blind $0.50
Supermegopro: posts big blind $1
*** HOLE CARDS ***
whlzor: folds 
steelNike: raises $1 to $2
Manifestorr: folds 
SorinS28: folds 
M1st3rG4mb13: folds 
Supermegopro: folds 
Uncalled bet ($1) returned to steelNike
steelNike collected $2.50 from pot
*** SUMMARY ***
Total pot $2.50 | Rake $0 
Seat 1: Supermegopro (big blind) folded before Flop
Seat 2: whlzor folded before Flop (didn't bet)
Seat 3: steelNike collected ($2.50)
Seat 4: Manifestorr folded before Flop (didn't bet)
Seat 5: SorinS28 (button) folded before Flop (didn't bet)
Seat 6: M1st3rG4mb13 (small blind) folded before Flop



PokerStars Hand #254231520488:  Hold'em No Limit ($0.50/$1.00 USD) - 2025/01/06 18:29:17 WET [2025/01/06 13:29:17 ET]
Table 'Bethgea II' 6-max Seat #6 is the button
Seat 1: Supermegopro ($105.73 in chips) 
Seat 2: whlzor ($103.67 in chips) 
Seat 3: steelNike ($109.78 in chips) 
Seat 4: Manifestorr ($139.73 in chips) 
Seat 5: SorinS28 ($100 in chips) 
Seat 6: M1st3rG4mb13 ($55.21 in chips) 
Supermegopro: posts small blind $0.50
whlzor: posts big blind $1
*** HOLE CARDS ***
steelNike: folds 
Manifestorr: folds 
SorinS28: folds 
M1st3rG4mb13: raises $2 to $3
Supermegopro: folds 
whlzor: folds 
Uncalled bet ($2) returned to M1st3rG4mb13
M1st3rG4mb13 collected $2.50 from pot
*** SUMMARY ***
Total pot $2.50 | Rake $0 
Seat 1: Supermegopro (small blind) folded before Flop
Seat 2: whlzor (big blind) folded before Flop
Seat 3: steelNike folded before Flop (didn't bet)
Seat 4: Manifestorr folded before Flop (didn't bet)
Seat 5: SorinS28 folded before Flop (didn't bet)
Seat 6: M1st3rG4mb13 (button) collected ($2.50)



PokerStars Hand #254231529152:  Hold'em No Limit ($0.50/$1.00 USD) - 2025/01/06 18:29:44 WET [2025/01/06 13:29:44 ET]
Table 'Bethgea II' 6-max Seat #1 is the button
Seat 1: Supermegopro ($105.23 in chips) 
Seat 2: whlzor ($102.67 in chips) 
Seat 3: steelNike ($109.78 in chips) 
Seat 4: Manifestorr ($139.73 in chips) 
Seat 5: SorinS28 ($100 in chips) 
Seat 6: M1st3rG4mb13 ($56.71 in chips) 
whlzor: posts small blind $0.50
steelNike: posts big blind $1
*** HOLE CARDS ***
Manifestorr: folds 
SorinS28: folds 
M1st3rG4mb13: raises $2 to $3
Supermegopro: folds 
whlzor: folds 
steelNike: folds 
Uncalled bet ($2) returned to M1st3rG4mb13
M1st3rG4mb13 collected $2.50 from pot
*** SUMMARY ***
Total pot $2.50 | Rake $0 
Seat 1: Supermegopro (button) folded before Flop (didn't bet)
Seat 2: whlzor (small blind) folded before Flop
Seat 3: steelNike (big blind) folded before Flop
Seat 4: Manifestorr folded before Flop (didn't bet)
Seat 5: SorinS28 folded before Flop (didn't bet)
Seat 6: M1st3rG4mb13 collected ($2.50)



PokerStars Hand #254231532721:  Hold'em No Limit ($0.50/$1.00 USD) - 2025/01/06 18:29:55 WET [2025/01/06 13:29:55 ET]
Table 'Bethgea II' 6-max Seat #2 is the button
Seat 1: Supermegopro ($105.23 in chips) 
Seat 2: whlzor ($102.17 in chips) 
Seat 3: steelNike ($108.78 in chips) 
Seat 4: Manifestorr ($139.73 in chips) 
Seat 5: SorinS28 ($100 in chips) 
Seat 6: M1st3rG4mb13 ($58.21 in chips) 
steelNike: posts small blind $0.50
Manifestorr: posts big blind $1
*** HOLE CARDS ***
SorinS28: raises $1.02 to $2.02
M1st3rG4mb13: calls $2.02
Supermegopro: calls $2.02
whlzor: folds 
steelNike: folds 
Manifestorr: folds 
*** FLOP *** [Kh 9d 5d]
SorinS28: checks 
M1st3rG4mb13: bets $3.59
Supermegopro: folds 
SorinS28: calls $3.59
*** TURN *** [Kh 9d 5d] [6s]
SorinS28: checks 
M1st3rG4mb13: checks 
*** RIVER *** [Kh 9d 5d 6s] [6h]
SorinS28: checks 
M1st3rG4mb13: bets $7
SorinS28: calls $7
*** SHOW DOWN ***
M1st3rG4mb13: shows [Ad 8d] (a pair of Sixes)
SorinS28: shows [Ts Tc] (two pair, Tens and Sixes)
SorinS28 collected $27.30 from pot
*** SUMMARY ***
Total pot $28.74 | Rake $1.44 
Board [Kh 9d 5d 6s 6h]
Seat 1: Supermegopro folded on the Flop
Seat 2: whlzor (button) folded before Flop (didn't bet)
Seat 3: steelNike (small blind) folded before Flop
Seat 4: Manifestorr (big blind) folded before Flop
Seat 5: SorinS28 showed [Ts Tc] and won ($27.30) with two pair, Tens and Sixes
Seat 6: M1st3rG4mb13 showed [Ad 8d] and lost with a pair of Sixes



PokerStars Hand #254231553961:  Hold'em No Limit ($0.50/$1.00 USD) - 2025/01/06 18:30:57 WET [2025/01/06 13:30:57 ET]
Table 'Bethgea II' 6-max Seat #3 is the button
Seat 1: Supermegopro ($103.21 in chips) 
Seat 2: whlzor ($102.17 in chips) 
Seat 3: steelNike ($108.28 in chips) 
Seat 4: Manifestorr ($138.73 in chips) 
Seat 5: SorinS28 ($114.69 in chips) 
Seat 6: M1st3rG4mb13 ($45.60 in chips) 
Manifestorr: posts small blind $0.50
SorinS28: posts big blind $1
*** HOLE CARDS ***
M1st3rG4mb13: folds 
Supermegopro: folds 
whlzor: raises $2 to $3
steelNike: folds 
Manifestorr: folds 
SorinS28: folds 
Uncalled bet ($2) returned to whlzor
whlzor collected $2.50 from pot
whlzor: doesn't show hand 
*** SUMMARY ***
Total pot $2.50 | Rake $0 
Seat 1: Supermegopro folded before Flop (didn't bet)
Seat 2: whlzor collected ($2.50)
Seat 3: steelNike (button) folded before Flop (didn't bet)
Seat 4: Manifestorr (small blind) folded before Flop
Seat 5: SorinS28 (big blind) folded before Flop
Seat 6: M1st3rG4mb13 folded before Flop (didn't bet)



PokerStars Hand #254231565299:  Hold'em No Limit ($0.50/$1.00 USD) - 2025/01/06 18:31:31 WET [2025/01/06 13:31:31 ET]
Table 'Bethgea II' 6-max Seat #4 is the button
Seat 1: Supermegopro ($103.21 in chips) 
Seat 2: whlzor ($103.67 in chips) 
Seat 3: steelNike ($108.28 in chips) 
Seat 4: Manifestorr ($138.23 in chips) 
Seat 5: SorinS28 ($113.69 in chips) 
Seat 6: M1st3rG4mb13 ($45.60 in chips) 
SorinS28: posts small blind $0.50
M1st3rG4mb13: posts big blind $1
*** HOLE CARDS ***
Supermegopro: folds 
whlzor: folds 
steelNike: folds 
Manifestorr: folds 
SorinS28: folds 
Uncalled bet ($0.50) returned to M1st3rG4mb13
M1st3rG4mb13 collected $1 from pot
*** SUMMARY ***
Total pot $1 | Rake $0 
Seat 1: Supermegopro folded before Flop (didn't bet)
Seat 2: whlzor folded before Flop (didn't bet)
Seat 3: steelNike folded before Flop (didn't bet)
Seat 4: Manifestorr (button) folded before Flop (didn't bet)
Seat 5: SorinS28 (small blind) folded before Flop
Seat 6: M1st3rG4mb13 (big blind) collected ($1)



PokerStars Hand #254231570344:  Hold'em No Limit ($0.50/$1.00 USD) - 2025/01/06 18:31:46 WET [2025/01/06 13:31:46 ET]
Table 'Bethgea II' 6-max Seat #5 is the button
Seat 1: Supermegopro ($103.21 in chips) 
Seat 2: whlzor ($103.67 in chips) 
Seat 3: steelNike ($108.28 in chips) 
Seat 4: Manifestorr ($138.23 in chips) 
Seat 5: SorinS28 ($113.19 in chips) 
Seat 6: M1st3rG4mb13 ($46.10 in chips) 
M1st3rG4mb13: posts small blind $0.50
Supermegopro: posts big blind $1
*** HOLE CARDS ***
whlzor: folds 
steelNike: folds 
Manifestorr: raises $1.20 to $2.20
SorinS28: folds 
M1st3rG4mb13: raises $1.20 to $3.40
Supermegopro: folds 
Manifestorr: calls $1.20
*** FLOP *** [8h 9h Js]
M1st3rG4mb13: bets $3.71
Manifestorr: raises $11.29 to $15
M1st3rG4mb13: calls $11.29
*** TURN *** [8h 9h Js] [Qh]
M1st3rG4mb13: bets $27.70 and is all-in
Manifestorr: calls $27.70
*** RIVER *** [8h 9h Js Qh] [5d]
*** SHOW DOWN ***
M1st3rG4mb13: shows [Tc Th] (a straight, Eight to Queen)
Manifestorr: shows [7d Td] (a straight, Eight to Queen)
Manifestorr collected $45.35 from pot
M1st3rG4mb13 cashed out the hand for $53.54 | Cash Out Fee $1.09
*** SUMMARY ***
Total pot $93.20 | Rake $2.50 
Board [8h 9h Js Qh 5d]
Seat 1: Supermegopro (big blind) folded before Flop
Seat 2: whlzor folded before Flop (didn't bet)
Seat 3: steelNike folded before Flop (didn't bet)
Seat 4: Manifestorr showed [7d Td] and won ($45.35) with a straight, Eight to Queen
Seat 5: SorinS28 (button) folded before Flop (didn't bet)
Seat 6: M1st3rG4mb13 (small blind) showed [Tc Th] and won ($45.35) with a straight, Eight to Queen (pot not awarded as player cashed out)



PokerStars Hand #254231589314:  Hold'em No Limit ($0.50/$1.00 USD) - 2025/01/06 18:32:43 WET [2025/01/06 13:32:43 ET]
Table 'Bethgea II' 6-max Seat #6 is the button
Seat 1: Supermegopro ($102.21 in chips) 
Seat 2: whlzor ($103.67 in chips) 
Seat 3: steelNike ($108.28 in chips) 
Seat 4: Manifestorr ($137.48 in chips) 
Seat 5: SorinS28 ($113.19 in chips) 
Seat 6: M1st3rG4mb13 ($53.54 in chips) 
Supermegopro: posts small blind $0.50
whlzor: posts big blind $1
*** HOLE CARDS ***
steelNike: raises $1 to $2
Manifestorr: folds 
SorinS28: folds 
M1st3rG4mb13: folds 
Supermegopro: folds 
whlzor: folds 
Uncalled bet ($1) returned to steelNike
steelNike collected $2.50 from pot
*** SUMMARY ***
Total pot $2.50 | Rake $0 
Seat 1: Supermegopro (small blind) folded before Flop
Seat 2: whlzor (big blind) folded before Flop
Seat 3: steelNike collected ($2.50)
Seat 4: Manifestorr folded before Flop (didn't bet)
Seat 5: SorinS28 folded before Flop (didn't bet)
Seat 6: M1st3rG4mb13 (button) folded before Flop (didn't bet)



PokerStars Hand #254231596448:  Hold'em No Limit ($0.50/$1.00 USD) - 2025/01/06 18:33:04 WET [2025/01/06 13:33:04 ET]
Table 'Bethgea II' 6-max Seat #1 is the button
Seat 1: Supermegopro ($101.71 in chips) 
Seat 2: whlzor ($102.67 in chips) 
Seat 3: steelNike ($109.78 in chips) 
Seat 4: Manifestorr ($137.48 in chips) 
Seat 5: SorinS28 ($113.19 in chips) 
Seat 6: M1st3rG4mb13 ($53.54 in chips) 
whlzor: posts small blind $0.50
steelNike: posts big blind $1
*** HOLE CARDS ***
Manifestorr: folds 
SorinS28: folds 
M1st3rG4mb13: folds 
Supermegopro: folds 
whlzor: folds 
Uncalled bet ($0.50) returned to steelNike
steelNike collected $1 from pot
*** SUMMARY ***
Total pot $1 | Rake $0 
Seat 1: Supermegopro (button) folded before Flop (didn't bet)
Seat 2: whlzor (small blind) folded before Flop
Seat 3: steelNike (big blind) collected ($1)
Seat 4: Manifestorr folded before Flop (didn't bet)
Seat 5: SorinS28 folded before Flop (didn't bet)
Seat 6: M1st3rG4mb13 folded before Flop (didn't bet)



PokerStars Hand #254231600623:  Hold'em No Limit ($0.50/$1.00 USD) - 2025/01/06 18:33:17 WET [2025/01/06 13:33:17 ET]
Table 'Bethgea II' 6-max Seat #2 is the button
Seat 1: Supermegopro ($101.71 in chips) 
Seat 2: whlzor ($102.17 in chips) 
Seat 3: steelNike ($110.28 in chips) 
Seat 4: Manifestorr ($137.48 in chips) 
Seat 5: SorinS28 ($113.19 in chips) 
Seat 6: M1st3rG4mb13 ($53.54 in chips) 
steelNike: posts small blind $0.50
Manifestorr: posts big blind $1
*** HOLE CARDS ***
SorinS28: folds 
M1st3rG4mb13: folds 
Supermegopro: raises $1.50 to $2.50
whlzor: folds 
steelNike: folds 
Manifestorr: calls $1.50
*** FLOP *** [6d 9h 3h]
Manifestorr: checks 
Supermegopro: checks 
*** TURN *** [6d 9h 3h] [Ad]
Manifestorr: checks 
Supermegopro: bets $3.48
Manifestorr: raises $9.52 to $13
Supermegopro: calls $9.52
*** RIVER *** [6d 9h 3h Ad] [Tc]
Manifestorr: bets $22.50
Supermegopro: raises $45 to $67.50
Manifestorr: calls $45
*** SHOW DOWN ***
Supermegopro: shows [7h 8d] (a straight, Six to Ten)
Manifestorr: mucks hand 
Supermegopro collected $164 from pot
*** SUMMARY ***
Total pot $166.50 | Rake $2.50 
Board [6d 9h 3h Ad Tc]
Seat 1: Supermegopro showed [7h 8d] and won ($164) with a straight, Six to Ten
Seat 2: whlzor (button) folded before Flop (didn't bet)
Seat 3: steelNike (small blind) folded before Flop
Seat 4: Manifestorr (big blind) mucked
Seat 5: SorinS28 folded before Flop (didn't bet)
Seat 6: M1st3rG4mb13 folded before Flop (didn't bet)



PokerStars Hand #254231616999:  Hold'em No Limit ($0.50/$1.00 USD) - 2025/01/06 18:34:06 WET [2025/01/06 13:34:06 ET]
Table 'Bethgea II' 6-max Seat #3 is the button
Seat 1: Supermegopro ($182.71 in chips) 
Seat 2: whlzor ($102.17 in chips) 
Seat 3: steelNike ($109.78 in chips) 
Seat 4: Manifestorr ($100 in chips) 
Seat 5: SorinS28 ($113.19 in chips) 
Seat 6: M1st3rG4mb13 ($53.54 in chips) 
Manifestorr: posts small blind $0.50
SorinS28: posts big blind $1
*** HOLE CARDS ***
M1st3rG4mb13: calls $1
Supermegopro: folds 
whlzor: folds 
steelNike: calls $1
Manifestorr: folds 
SorinS28: checks 
*** FLOP *** [9d Ad 2d]
SorinS28: checks 
M1st3rG4mb13: bets $3.32
steelNike: calls $3.32
SorinS28: folds 
*** TURN *** [9d Ad 2d] [2c]
M1st3rG4mb13: checks 
steelNike: bets $7.22
M1st3rG4mb13: raises $42 to $49.22 and is all-in
steelNike: folds 
Uncalled bet ($42) returned to M1st3rG4mb13
M1st3rG4mb13 collected $23.35 from pot
*** SUMMARY ***
Total pot $24.58 | Rake $1.23 
Board [9d Ad 2d 2c]
Seat 1: Supermegopro folded before Flop (didn't bet)
Seat 2: whlzor folded before Flop (didn't bet)
Seat 3: steelNike (button) folded on the Turn
Seat 4: Manifestorr (small blind) folded before Flop
Seat 5: SorinS28 (big blind) folded on the Flop
Seat 6: M1st3rG4mb13 collected ($23.35)



PokerStars Hand #254231641435:  Hold'em No Limit ($0.50/$1.00 USD) - 2025/01/06 18:35:20 WET [2025/01/06 13:35:20 ET]
Table 'Bethgea II' 6-max Seat #4 is the button
Seat 1: Supermegopro ($182.71 in chips) 
Seat 2: whlzor ($102.17 in chips) 
Seat 3: steelNike ($98.24 in chips) 
Seat 4: Manifestorr ($100 in chips) 
Seat 5: SorinS28 ($112.19 in chips) 
Seat 6: M1st3rG4mb13 ($65.35 in chips) 
SorinS28: posts small blind $0.50
M1st3rG4mb13: posts big blind $1
*** HOLE CARDS ***
Supermegopro: folds 
whlzor: raises $1.50 to $2.50
steelNike: folds 
Manifestorr: folds 
SorinS28: folds 
M1st3rG4mb13: folds 
Uncalled bet ($1.50) returned to whlzor
whlzor collected $2.50 from pot
whlzor: doesn't show hand 
*** SUMMARY ***
Total pot $2.50 | Rake $0 
Seat 1: Supermegopro folded before Flop (didn't bet)
Seat 2: whlzor collected ($2.50)
Seat 3: steelNike folded before Flop (didn't bet)
Seat 4: Manifestorr (button) folded before Flop (didn't bet)
Seat 5: SorinS28 (small blind) folded before Flop
Seat 6: M1st3rG4mb13 (big blind) folded before Flop



PokerStars Hand #254231645996:  Hold'em No Limit ($0.50/$1.00 USD) - 2025/01/06 18:35:33 WET [2025/01/06 13:35:33 ET]
Table 'Bethgea II' 6-max Seat #5 is the button
Seat 1: Supermegopro ($182.71 in chips) 
Seat 2: whlzor ($103.67 in chips) 
Seat 3: steelNike ($98.24 in chips) 
Seat 4: Manifestorr ($100 in chips) 
Seat 5: SorinS28 ($111.69 in chips) 
Seat 6: M1st3rG4mb13 ($64.35 in chips) 
M1st3rG4mb13: posts small blind $0.50
Supermegopro: posts big blind $1
*** HOLE CARDS ***
whlzor: folds 
steelNike: folds 
Manifestorr: raises $1.20 to $2.20
SorinS28: folds 
M1st3rG4mb13: calls $1.70
Supermegopro: calls $1.20
*** FLOP *** [2h 9h Ad]
M1st3rG4mb13: checks 
Supermegopro: checks 
Manifestorr: bets $2.07
M1st3rG4mb13: folds 
Supermegopro: folds 
Uncalled bet ($2.07) returned to Manifestorr
Manifestorr collected $6.27 from pot
*** SUMMARY ***
Total pot $6.60 | Rake $0.33 
Board [2h 9h Ad]
Seat 1: Supermegopro (big blind) folded on the Flop
Seat 2: whlzor folded before Flop (didn't bet)
Seat 3: steelNike folded before Flop (didn't bet)
Seat 4: Manifestorr collected ($6.27)
Seat 5: SorinS28 (button) folded before Flop (didn't bet)
Seat 6: M1st3rG4mb13 (small blind) folded on the Flop



PokerStars Hand #254231656047:  Hold'em No Limit ($0.50/$1.00 USD) - 2025/01/06 18:36:03 WET [2025/01/06 13:36:03 ET]
Table 'Bethgea II' 6-max Seat #6 is the button
Seat 1: Supermegopro ($180.51 in chips) 
Seat 2: whlzor ($103.67 in chips) 
Seat 3: steelNike ($98.24 in chips) 
Seat 4: Manifestorr ($104.07 in chips) 
Seat 5: SorinS28 ($111.69 in chips) 
Seat 6: M1st3rG4mb13 ($62.15 in chips) 
Supermegopro: posts small blind $0.50
whlzor: posts big blind $1
*** HOLE CARDS ***
steelNike: raises $1 to $2
Manifestorr: folds 
SorinS28: folds 
M1st3rG4mb13: calls $2
Supermegopro: folds 
whlzor: calls $1
*** FLOP *** [Qd 8h 6c]
whlzor: checks 
steelNike: checks 
M1st3rG4mb13: bets $3.09
whlzor: raises $9.81 to $12.90
steelNike: folds 
M1st3rG4mb13: raises $47.25 to $60.15 and is all-in
whlzor: calls $47.25
*** TURN *** [Qd 8h 6c] [3h]
*** RIVER *** [Qd 8h 6c 3h] [8s]
*** SHOW DOWN ***
whlzor: shows [Qc Kh] (two pair, Queens and Eights)
M1st3rG4mb13: shows [6s Qs] (two pair, Queens and Eights - lower kicker)
whlzor collected $124.30 from pot
*** SUMMARY ***
Total pot $126.80 | Rake $2.50 
Board [Qd 8h 6c 3h 8s]
Seat 1: Supermegopro (small blind) folded before Flop
Seat 2: whlzor (big blind) showed [Qc Kh] and won ($124.30) with two pair, Queens and Eights
Seat 3: steelNike folded on the Flop
Seat 4: Manifestorr folded before Flop (didn't bet)
Seat 5: SorinS28 folded before Flop (didn't bet)
Seat 6: M1st3rG4mb13 (button) showed [6s Qs] and lost with two pair, Queens and Eights



PokerStars Hand #254231672940:  Hold'em No Limit ($0.50/$1.00 USD) - 2025/01/06 18:36:54 WET [2025/01/06 13:36:54 ET]
Table 'Bethgea II' 6-max Seat #1 is the button
Seat 6: M1st3rG4mb13 ($0 in chips) is sitting out
Seat 1: Supermegopro ($180.01 in chips) 
Seat 2: whlzor ($165.82 in chips) 
Seat 3: steelNike ($96.24 in chips) 
Seat 4: Manifestorr ($104.07 in chips) 
Seat 5: SorinS28 ($111.69 in chips) 
whlzor: posts small blind $0.50
steelNike: posts big blind $1
*** HOLE CARDS ***
Manifestorr: folds 
SorinS28: folds 
M1st3rG4mb13 leaves the table
Supermegopro: folds 
whlzor: folds 
Uncalled bet ($0.50) returned to steelNike
steelNike collected $1 from pot
*** SUMMARY ***
Total pot $1 | Rake $0 
Seat 6: M1st3rG4mb13
Seat 1: Supermegopro (button) folded before Flop (didn't bet)
Seat 2: whlzor (small blind) folded before Flop
Seat 3: steelNike (big blind) collected ($1)
Seat 4: Manifestorr folded before Flop (didn't bet)
Seat 5: SorinS28 folded before Flop (didn't bet)



PokerStars Hand #254231677702:  Hold'em No Limit ($0.50/$1.00 USD) - 2025/01/06 18:37:08 WET [2025/01/06 13:37:08 ET]
Table 'Bethgea II' 6-max Seat #2 is the button
Seat 3: steelNike ($96.74 in chips) is sitting out
Seat 1: Supermegopro ($180.01 in chips) 
Seat 2: whlzor ($165.32 in chips) 
Seat 4: Manifestorr ($104.07 in chips) 
Seat 5: SorinS28 ($111.69 in chips) 
Manifestorr: posts small blind $0.50
SorinS28: posts big blind $1
*** HOLE CARDS ***
steelNike leaves the table
Supermegopro: raises $1.50 to $2.50
whlzor: folds 
Manifestorr: folds 
SorinS28: folds 
Uncalled bet ($1.50) returned to Supermegopro
Supermegopro collected $2.50 from pot
Supermegopro: doesn't show hand 
*** SUMMARY ***
Total pot $2.50 | Rake $0 
Seat 3: steelNike
Seat 1: Supermegopro collected ($2.50)
Seat 2: whlzor (button) folded before Flop (didn't bet)
Seat 4: Manifestorr (small blind) folded before Flop
Seat 5: SorinS28 (big blind) folded before Flop



PokerStars Hand #254231680222:  Hold'em No Limit ($0.50/$1.00 USD) - 2025/01/06 18:37:15 WET [2025/01/06 13:37:15 ET]
Table 'Bethgea II' 6-max Seat #4 is the button
Seat 1: Supermegopro ($181.51 in chips) 
Seat 2: whlzor ($165.32 in chips) 
Seat 4: Manifestorr ($103.57 in chips) 
Seat 5: SorinS28 ($110.69 in chips) 
SorinS28: posts small blind $0.50
Supermegopro: posts big blind $1
*** HOLE CARDS ***
Alpha$tunZ joins the table at seat #3 
whlzor: folds 
Manifestorr: folds 
whlzor leaves the table
SorinS28: folds 
Uncalled bet ($0.50) returned to Supermegopro
Supermegopro collected $1 from pot
Supermegopro: doesn't show hand 
*** SUMMARY ***
Total pot $1 | Rake $0 
Seat 1: Supermegopro (big blind) collected ($1)
Seat 2: whlzor folded before Flop (didn't bet)
Seat 4: Manifestorr (button) folded before Flop (didn't bet)
Seat 5: SorinS28 (small blind) folded before Flop



PokerStars Hand #254231684493:  Hold'em No Limit ($0.50/$1.00 USD) - 2025/01/06 18:37:28 WET [2025/01/06 13:37:28 ET]
Table 'Bethgea II' 6-max Seat #5 is the button
Seat 1: Supermegopro ($182.01 in chips) 
Seat 3: Alpha$tunZ ($100 in chips) 
Seat 4: Manifestorr ($103.57 in chips) 
Seat 5: SorinS28 ($110.19 in chips) 
Supermegopro: posts small blind $0.50
Alpha$tunZ: posts big blind $1
*** HOLE CARDS ***
Manifestorr: folds 
SorinS28: folds 
tintin641 joins the table at seat #2 
Supermegopro: folds 
Uncalled bet ($0.50) returned to Alpha$tunZ
Alpha$tunZ collected $1 from pot
Alpha$tunZ: doesn't show hand 
*** SUMMARY ***
Total pot $1 | Rake $0 
Seat 1: Supermegopro (small blind) folded before Flop
Seat 3: Alpha$tunZ (big blind) collected ($1)
Seat 4: Manifestorr folded before Flop (didn't bet)
Seat 5: SorinS28 (button) folded before Flop (didn't bet)



PokerStars Hand #254231688725:  Hold'em No Limit ($0.50/$1.00 USD) - 2025/01/06 18:37:40 WET [2025/01/06 13:37:40 ET]
Table 'Bethgea II' 6-max Seat #3 is the button
Seat 2: tintin641 ($100 in chips) is sitting out
Seat 4: Manifestorr ($103.57 in chips) is sitting out
Seat 5: SorinS28 ($110.19 in chips) is sitting out
Seat 1: Supermegopro ($181.51 in chips) 
Seat 3: Alpha$tunZ ($100.50 in chips) 
Alpha$tunZ: posts small blind $0.50
Manifestorr: is sitting out 
SorinS28: is sitting out 
Supermegopro: posts big blind $1
*** HOLE CARDS ***
Manifestorr leaves the table
Alpha$tunZ: folds 
Uncalled bet ($0.50) returned to Supermegopro
Supermegopro collected $1 from pot
Supermegopro: doesn't show hand 
SorinS28 leaves the table
*** SUMMARY ***
Total pot $1 | Rake $0 
Seat 2: tintin641
Seat 4: Manifestorr
Seat 5: SorinS28
Seat 1: Supermegopro (big blind) collected ($1)
Seat 3: Alpha$tunZ (button) (small blind) folded before Flop



PokerStars Hand #254231690873:  Hold'em No Limit ($0.50/$1.00 USD) - 2025/01/06 18:37:47 WET [2025/01/06 13:37:47 ET]
Table 'Bethgea II' 6-max Seat #3 is the button
Seat 1: Supermegopro ($182.01 in chips) 
Seat 2: tintin641 ($100 in chips) 
Seat 3: Alpha$tunZ ($100 in chips) 
Supermegopro: posts small blind $0.50
tintin641: posts big blind $1
*** HOLE CARDS ***
Alpha$tunZ: folds 
Supermegopro: raises $2 to $3
tintin641: raises $7 to $10
Supermegopro: folds 
Uncalled bet ($7) returned to tintin641
tintin641 collected $6 from pot
tintin641: doesn't show hand 
*** SUMMARY ***
Total pot $6 | Rake $0 
Seat 1: Supermegopro (small blind) folded before Flop
Seat 2: tintin641 (big blind) collected ($6)
Seat 3: Alpha$tunZ (button) folded before Flop (didn't bet)



PokerStars Hand #254231697831:  Hold'em No Limit ($0.50/$1.00 USD) - 2025/01/06 18:38:07 WET [2025/01/06 13:38:07 ET]
Table 'Bethgea II' 6-max Seat #1 is the button
Seat 1: Supermegopro ($179.01 in chips) 
Seat 2: tintin641 ($103 in chips) 
Seat 3: Alpha$tunZ ($100 in chips) 
tintin641: posts small blind $0.50
Alpha$tunZ: posts big blind $1
*** HOLE CARDS ***
Supermegopro: folds 
tintin641: folds 
Uncalled bet ($0.50) returned to Alpha$tunZ
Maximysss85 joins the table at seat #4 
Alpha$tunZ collected $1 from pot
Alpha$tunZ: doesn't show hand 
*** SUMMARY ***
Total pot $1 | Rake $0 
Seat 1: Supermegopro (button) folded before Flop (didn't bet)
Seat 2: tintin641 (small blind) folded before Flop
Seat 3: Alpha$tunZ (big blind) collected ($1)



PokerStars Hand #254231700305:  Hold'em No Limit ($0.50/$1.00 USD) - 2025/01/06 18:38:15 WET [2025/01/06 13:38:15 ET]
Table 'Bethgea II' 6-max Seat #2 is the button
Seat 1: Supermegopro ($179.01 in chips) 
Seat 2: tintin641 ($102.50 in chips) 
Seat 3: Alpha$tunZ ($100.50 in chips) 
Seat 4: Maximysss85 ($100 in chips) 
Alpha$tunZ: posts small blind $0.50
Maximysss85: posts big blind $1
*** HOLE CARDS ***
Supermegopro: folds 
tintin641: folds 
Alpha$tunZ: folds 
Uncalled bet ($0.50) returned to Maximysss85
Maximysss85 collected $1 from pot
Maximysss85: doesn't show hand 
*** SUMMARY ***
Total pot $1 | Rake $0 
Seat 1: Supermegopro folded before Flop (didn't bet)
Seat 2: tintin641 (button) folded before Flop (didn't bet)
Seat 3: Alpha$tunZ (small blind) folded before Flop
Seat 4: Maximysss85 (big blind) collected ($1)



PokerStars Hand #254231703528:  Hold'em No Limit ($0.50/$1.00 USD) - 2025/01/06 18:38:24 WET [2025/01/06 13:38:24 ET]
Table 'Bethgea II' 6-max Seat #3 is the button
Seat 1: Supermegopro ($179.01 in chips) 
Seat 2: tintin641 ($102.50 in chips) 
Seat 3: Alpha$tunZ ($100 in chips) 
Seat 4: Maximysss85 ($100.50 in chips) 
Maximysss85: posts small blind $0.50
Supermegopro: posts big blind $1
*** HOLE CARDS ***
tintin641: raises $1.50 to $2.50
Alpha$tunZ: folds 
Maximysss85: folds 
Supermegopro: raises $9.50 to $12
tintin641: calls $9.50
*** FLOP *** [9d 4d 2s]
Supermegopro: bets $11.75
tintin641: calls $11.75
*** TURN *** [9d 4d 2s] [9c]
Supermegopro: checks 
tintin641: checks 
*** RIVER *** [9d 4d 2s 9c] [3h]
Supermegopro: checks 
tintin641: checks 
*** SHOW DOWN ***
Supermegopro: shows [Kc Ac] (a pair of Nines)
tintin641: shows [Kd As] (a pair of Nines)
Supermegopro collected $23.50 from pot
tintin641 collected $23.50 from pot
*** SUMMARY ***
Total pot $48 | Rake $1 
Board [9d 4d 2s 9c 3h]
Seat 1: Supermegopro (big blind) showed [Kc Ac] and won ($23.50) with a pair of Nines
Seat 2: tintin641 showed [Kd As] and won ($23.50) with a pair of Nines
Seat 3: Alpha$tunZ (button) folded before Flop (didn't bet)
Seat 4: Maximysss85 (small blind) folded before Flop



PokerStars Hand #254231728938:  Hold'em No Limit ($0.50/$1.00 USD) - 2025/01/06 18:39:40 WET [2025/01/06 13:39:40 ET]
Table 'Bethgea II' 6-max Seat #4 is the button
Seat 1: Supermegopro ($178.76 in chips) 
Seat 2: tintin641 ($102.25 in chips) 
Seat 3: Alpha$tunZ ($100 in chips) 
Seat 4: Maximysss85 ($100 in chips) 
Supermegopro: posts small blind $0.50
tintin641: posts big blind $1
*** HOLE CARDS ***
Alpha$tunZ: folds 
Maximysss85: raises $1.50 to $2.50
Supermegopro: folds 
tintin641: folds 
Uncalled bet ($1.50) returned to Maximysss85
Maximysss85 collected $2.50 from pot
Maximysss85: doesn't show hand 
*** SUMMARY ***
Total pot $2.50 | Rake $0 
Seat 1: Supermegopro (small blind) folded before Flop
Seat 2: tintin641 (big blind) folded before Flop
Seat 3: Alpha$tunZ folded before Flop (didn't bet)
Seat 4: Maximysss85 (button) collected ($2.50)



PokerStars Hand #254231733592:  Hold'em No Limit ($0.50/$1.00 USD) - 2025/01/06 18:39:54 WET [2025/01/06 13:39:54 ET]
Table 'Bethgea II' 6-max Seat #1 is the button
Seat 1: Supermegopro ($178.26 in chips) 
Seat 2: tintin641 ($101.25 in chips) 
Seat 3: Alpha$tunZ ($100 in chips) 
Seat 4: Maximysss85 ($101.50 in chips) 
tintin641: posts small blind $0.50
Alpha$tunZ: posts big blind $1
*** HOLE CARDS ***
Maximysss85: folds 
Maximysss85 leaves the table
Supermegopro: folds 
tintin641: folds 
Uncalled bet ($0.50) returned to Alpha$tunZ
Alpha$tunZ collected $1 from pot
Alpha$tunZ: doesn't show hand 
*** SUMMARY ***
Total pot $1 | Rake $0 
Seat 1: Supermegopro (button) folded before Flop (didn't bet)
Seat 2: tintin641 (small blind) folded before Flop
Seat 3: Alpha$tunZ (big blind) collected ($1)
Seat 4: Maximysss85 folded before Flop (didn't bet)



PokerStars Hand #254231736786:  Hold'em No Limit ($0.50/$1.00 USD) - 2025/01/06 18:40:03 WET [2025/01/06 13:40:03 ET]
Table 'Bethgea II' 6-max Seat #2 is the button
Seat 1: Supermegopro ($178.26 in chips) 
Seat 2: tintin641 ($100.75 in chips) 
Seat 3: Alpha$tunZ ($100.50 in chips) 
Alpha$tunZ: posts small blind $0.50
Supermegopro: posts big blind $1
*** HOLE CARDS ***
tintin641: folds 
Alpha$tunZ: folds 
Uncalled bet ($0.50) returned to Supermegopro
Supermegopro collected $1 from pot
Supermegopro: doesn't show hand 
*** SUMMARY ***
Total pot $1 | Rake $0 
Seat 1: Supermegopro (big blind) collected ($1)
Seat 2: tintin641 (button) folded before Flop (didn't bet)
Seat 3: Alpha$tunZ (small blind) folded before Flop



PokerStars Hand #254231739366:  Hold'em No Limit ($0.50/$1.00 USD) - 2025/01/06 18:40:11 WET [2025/01/06 13:40:11 ET]
Table 'Bethgea II' 6-max Seat #1 is the button
Seat 2: tintin641 ($100.75 in chips) is sitting out
Seat 1: Supermegopro ($178.76 in chips) 
Seat 3: Alpha$tunZ ($100 in chips) 
Supermegopro: posts small blind $0.50
tintin641: is sitting out 
Alpha$tunZ: posts big blind $1
*** HOLE CARDS ***
tintin641 leaves the table
Supermegopro: raises $2 to $3
Alpha$tunZ: calls $2
*** FLOP *** [Jd Ts 3s]
Alpha$tunZ: checks 
Supermegopro: checks 
*** TURN *** [Jd Ts 3s] [Kc]
Alpha$tunZ: checks 
Supermegopro: checks 
*** RIVER *** [Jd Ts 3s Kc] [8h]
Alpha$tunZ: checks 
Supermegopro: checks 
*** SHOW DOWN ***
Alpha$tunZ: shows [Ac Jh] (a pair of Jacks)
Supermegopro: mucks hand 
Alpha$tunZ collected $5.70 from pot
*** SUMMARY ***
Total pot $6 | Rake $0.30 
Board [Jd Ts 3s Kc 8h]
Seat 2: tintin641
Seat 1: Supermegopro (button) (small blind) mucked
Seat 3: Alpha$tunZ (big blind) showed [Ac Jh] and won ($5.70) with a pair of Jacks



PokerStars Hand #254231749424:  Hold'em No Limit ($0.50/$1.00 USD) - 2025/01/06 18:40:41 WET [2025/01/06 13:40:41 ET]
Table 'Bethgea II' 6-max Seat #3 is the button
Seat 1: Supermegopro ($175.76 in chips) 
Seat 3: Alpha$tunZ ($102.70 in chips) 
Alpha$tunZ: posts small blind $0.50
Supermegopro: posts big blind $1
*** HOLE CARDS ***
Alpha$tunZ: raises $1.50 to $2.50
Supermegopro: folds 
Uncalled bet ($1.50) returned to Alpha$tunZ
Alpha$tunZ collected $2 from pot
Alpha$tunZ: doesn't show hand 
*** SUMMARY ***
Total pot $2 | Rake $0 
Seat 1: Supermegopro (big blind) folded before Flop
Seat 3: Alpha$tunZ (button) (small blind) collected ($2)



