PokerStars Hand #254240076781:  Hold'em No Limit ($0.50/$1.00 USD) - 2025/01/06 2:37:12 WET [2025/01/06 21:37:12 ET]
Table 'Gotho II' 6-max Seat #2 is the button
Seat 2: G.HANSEN333 ($100 in chips) 
Seat 4: Manifestorr ($100 in chips) 
Seat 6: Melenya ($100 in chips) 
Manifestorr: posts small blind $0.50
Melenya: posts big blind $1
*** HOLE CARDS ***
G.HANSEN333: raises $1.50 to $2.50
Manifestorr: folds 
Melenya: calls $1.50
*** FLOP *** [Kd 8h Tc]
Melenya: checks 
G.HANSEN333: bets $3.39
Melenya: folds 
Uncalled bet ($3.39) returned to G.HANSEN333
G.HANSEN333 collected $5.22 from pot
G.HANSEN333: doesn't show hand 
*** SUMMARY ***
Total pot $5.50 | Rake $0.28 
Board [Kd 8h Tc]
Seat 2: G.HANSEN333 (button) collected ($5.22)
Seat 4: Manifestorr (small blind) folded before Flop
Seat 6: Melenya (big blind) folded on the Flop



PokerStars Hand #254240080723:  Hold'em No Limit ($0.50/$1.00 USD) - 2025/01/06 2:37:37 WET [2025/01/06 21:37:37 ET]
Table 'Gotho II' 6-max Seat #4 is the button
Seat 2: G.HANSEN333 ($102.72 in chips) 
Seat 4: Manifestorr ($100 in chips) 
Seat 6: Melenya ($100 in chips) 
Melenya: posts small blind $0.50
G.HANSEN333: posts big blind $1
*** HOLE CARDS ***
Manifestorr: folds 
Melenya: folds 
Uncalled bet ($0.50) returned to G.HANSEN333
G.HANSEN333 collected $1 from pot
G.HANSEN333: doesn't show hand 
*** SUMMARY ***
Total pot $1 | Rake $0 
Seat 2: G.HANSEN333 (big blind) collected ($1)
Seat 4: Manifestorr (button) folded before Flop (didn't bet)
Seat 6: Melenya (small blind) folded before Flop



PokerStars Hand #254240082590:  Hold'em No Limit ($0.50/$1.00 USD) - 2025/01/06 2:37:49 WET [2025/01/06 21:37:49 ET]
Table 'Gotho II' 6-max Seat #6 is the button
Seat 2: G.HANSEN333 ($103.22 in chips) 
Seat 4: Manifestorr ($100 in chips) 
Seat 6: Melenya ($100 in chips) 
G.HANSEN333: posts small blind $0.50
Manifestorr: posts big blind $1
*** HOLE CARDS ***
Melenya: folds 
G.HANSEN333: raises $2 to $3
Manifestorr: calls $2
*** FLOP *** [Jd 9s Kc]
G.HANSEN333: checks 
Manifestorr: bets $4.28
G.HANSEN333: calls $4.28
*** TURN *** [Jd 9s Kc] [2c]
G.HANSEN333: checks 
Manifestorr: bets $17.29
G.HANSEN333: folds 
Uncalled bet ($17.29) returned to Manifestorr
Manifestorr collected $13.83 from pot
*** SUMMARY ***
Total pot $14.56 | Rake $0.73 
Board [Jd 9s Kc 2c]
Seat 2: G.HANSEN333 (small blind) folded on the Turn
Seat 4: Manifestorr (big blind) collected ($13.83)
Seat 6: Melenya (button) folded before Flop (didn't bet)



PokerStars Hand #254240089486:  Hold'em No Limit ($0.50/$1.00 USD) - 2025/01/06 2:38:34 WET [2025/01/06 21:38:34 ET]
Table 'Gotho II' 6-max Seat #2 is the button
Seat 2: G.HANSEN333 ($100 in chips) 
Seat 4: Manifestorr ($106.55 in chips) 
Seat 6: Melenya ($100 in chips) 
Manifestorr: posts small blind $0.50
Melenya: posts big blind $1
*** HOLE CARDS ***
G.HANSEN333: folds 
Manifestorr: folds 
Uncalled bet ($0.50) returned to Melenya
Melenya collected $1 from pot
Melenya: doesn't show hand 
*** SUMMARY ***
Total pot $1 | Rake $0 
Seat 2: G.HANSEN333 (button) folded before Flop (didn't bet)
Seat 4: Manifestorr (small blind) folded before Flop
Seat 6: Melenya (big blind) collected ($1)



PokerStars Hand #254240091281:  Hold'em No Limit ($0.50/$1.00 USD) - 2025/01/06 2:38:45 WET [2025/01/06 21:38:45 ET]
Table 'Gotho II' 6-max Seat #4 is the button
Seat 2: G.HANSEN333 ($100 in chips) 
Seat 4: Manifestorr ($106.05 in chips) 
Seat 6: Melenya ($100.50 in chips) 
Melenya: posts small blind $0.50
G.HANSEN333: posts big blind $1
*** HOLE CARDS ***
Manifestorr: raises $1.20 to $2.20
Melenya: folds 
G.HANSEN333: calls $1.20
*** FLOP *** [Ks 9h Ah]
G.HANSEN333: checks 
Manifestorr: bets $6.29
G.HANSEN333: folds 
Uncalled bet ($6.29) returned to Manifestorr
Manifestorr collected $4.66 from pot
*** SUMMARY ***
Total pot $4.90 | Rake $0.24 
Board [Ks 9h Ah]
Seat 2: G.HANSEN333 (big blind) folded on the Flop
Seat 4: Manifestorr (button) collected ($4.66)
Seat 6: Melenya (small blind) folded before Flop



PokerStars Hand #254240095300:  Hold'em No Limit ($0.50/$1.00 USD) - 2025/01/06 2:39:11 WET [2025/01/06 21:39:11 ET]
Table 'Gotho II' 6-max Seat #2 is the button
Seat 4: Manifestorr ($108.51 in chips) is sitting out
Seat 2: G.HANSEN333 ($100 in chips) 
Seat 6: Melenya ($100 in chips) 
G.HANSEN333: posts small blind $0.50
Manifestorr: is sitting out 
Melenya: posts big blind $1
*** HOLE CARDS ***
Manifestorr leaves the table
G.HANSEN333: raises $2 to $3
Melenya: folds 
Uncalled bet ($2) returned to G.HANSEN333
G.HANSEN333 collected $2 from pot
G.HANSEN333: doesn't show hand 
*** SUMMARY ***
Total pot $2 | Rake $0 
Seat 4: Manifestorr
Seat 2: G.HANSEN333 (button) (small blind) collected ($2)
Seat 6: Melenya (big blind) folded before Flop



PokerStars Hand #254240096720:  Hold'em No Limit ($0.50/$1.00 USD) - 2025/01/06 2:39:21 WET [2025/01/06 21:39:21 ET]
Table 'Gotho II' 6-max Seat #6 is the button
Seat 2: G.HANSEN333 ($101 in chips) 
Seat 6: Melenya ($100 in chips) 
Melenya: posts small blind $0.50
G.HANSEN333: posts big blind $1
*** HOLE CARDS ***
Melenya: folds 
Uncalled bet ($0.50) returned to G.HANSEN333
G.HANSEN333 collected $1 from pot
G.HANSEN333: doesn't show hand 
*** SUMMARY ***
Total pot $1 | Rake $0 
Seat 2: G.HANSEN333 (big blind) collected ($1)
Seat 6: Melenya (button) (small blind) folded before Flop



PokerStars Hand #254240398237:  Hold'em No Limit ($0.50/$1.00 USD) - 2025/01/06 3:15:16 WET [2025/01/06 22:15:16 ET]
Table 'Gotho II' 6-max Seat #1 is the button
Seat 3: Manifestorr ($108.51 in chips) is sitting out
Seat 1: abramovich87 ($100 in chips) 
Seat 4: Melenya ($100 in chips) 
Seat 5: m0nTTu ($10 in chips) 
Melenya: posts small blind $0.50
m0nTTu: posts big blind $1
*** HOLE CARDS ***
abramovich87: raises $1 to $2
Manifestorr leaves the table
Melenya: folds 
m0nTTu: folds 
Uncalled bet ($1) returned to abramovich87
abramovich87 collected $2.50 from pot
abramovich87: doesn't show hand 
*** SUMMARY ***
Total pot $2.50 | Rake $0 
Seat 3: Manifestorr
Seat 1: abramovich87 (button) collected ($2.50)
Seat 4: Melenya (small blind) folded before Flop
Seat 5: m0nTTu (big blind) folded before Flop



PokerStars Hand #254240405963:  Hold'em No Limit ($0.50/$1.00 USD) - 2025/01/06 3:16:13 WET [2025/01/06 22:16:13 ET]
Table 'Gotho II' 6-max Seat #4 is the button
Seat 1: abramovich87 ($101.50 in chips) 
Seat 4: Melenya ($100 in chips) 
Seat 5: m0nTTu ($10 in chips) 
m0nTTu: posts small blind $0.50
abramovich87: posts big blind $1
*** HOLE CARDS ***
Melenya: folds 
m0nTTu: raises $9 to $10 and is all-in
abramovich87: folds 
Uncalled bet ($9) returned to m0nTTu
m0nTTu collected $2 from pot
m0nTTu: doesn't show hand 
*** SUMMARY ***
Total pot $2 | Rake $0 
Seat 1: abramovich87 (big blind) folded before Flop
Seat 4: Melenya (button) folded before Flop (didn't bet)
Seat 5: m0nTTu (small blind) collected ($2)



PokerStars Hand #254240410800:  Hold'em No Limit ($0.50/$1.00 USD) - 2025/01/06 3:16:50 WET [2025/01/06 22:16:50 ET]
Table 'Gotho II' 6-max Seat #5 is the button
Seat 1: abramovich87 ($100.50 in chips) 
Seat 4: Melenya ($100 in chips) 
Seat 5: m0nTTu ($11 in chips) 
abramovich87: posts small blind $0.50
Melenya: posts big blind $1
*** HOLE CARDS ***
m0nTTu: folds 
abramovich87: folds 
Uncalled bet ($0.50) returned to Melenya
Melenya collected $1 from pot
Melenya: doesn't show hand 
*** SUMMARY ***
Total pot $1 | Rake $0 
Seat 1: abramovich87 (small blind) folded before Flop
Seat 4: Melenya (big blind) collected ($1)
Seat 5: m0nTTu (button) folded before Flop (didn't bet)



PokerStars Hand #254240414060:  Hold'em No Limit ($0.50/$1.00 USD) - 2025/01/06 3:17:14 WET [2025/01/06 22:17:14 ET]
Table 'Gotho II' 6-max Seat #4 is the button
Seat 5: m0nTTu ($11 in chips) is sitting out
Seat 1: abramovich87 ($100 in chips) 
Seat 4: Melenya ($100.50 in chips) 
Melenya: posts small blind $0.50
m0nTTu: is sitting out 
abramovich87: posts big blind $1
*** HOLE CARDS ***
Melenya: raises $1.50 to $2.50
m0nTTu leaves the table
abramovich87: calls $1.50
*** FLOP *** [Tc 2s Qc]
abramovich87: checks 
Melenya: checks 
*** TURN *** [Tc 2s Qc] [3s]
abramovich87: bets $1.57
Melenya: folds 
Uncalled bet ($1.57) returned to abramovich87
abramovich87 collected $4.75 from pot
abramovich87: doesn't show hand 
*** SUMMARY ***
Total pot $5 | Rake $0.25 
Board [Tc 2s Qc 3s]
Seat 5: m0nTTu
Seat 1: abramovich87 (big blind) collected ($4.75)
Seat 4: Melenya (button) (small blind) folded on the Turn



