PokerStars Hand #254236154523:  Hold'em No Limit ($0.50/$1.00 USD) - 2025/01/06 22:20:47 WET [2025/01/06 17:20:47 ET]
Table 'Mirphak II' 6-max Seat #6 is the button
Seat 4: Manifestorr ($100 in chips) is sitting out
Seat 1: easy_sarcasm ($100 in chips) 
Seat 2: mr.Jckpot ($100 in chips) 
Seat 3: NikoPale ($101.50 in chips) 
Seat 5: [FB]Voodoo ($100 in chips) 
Seat 6: CapoDiTutti17 ($27.13 in chips) 
easy_sarcasm: posts small blind $0.50
mr.Jckpot: posts big blind $1
Manifestorr: sits out 
*** HOLE CARDS ***
NikoPale: folds 
[FB]Voodoo: folds 
CapoDiTutti17: calls $1
easy_sarcasm: raises $4.50 to $5.50
mr.Jckpot: folds 
CapoDiTutti17: calls $4.50
*** FLOP *** [Ah 6c 9d]
easy_sarcasm: bets $3.50
CapoDiTutti17: calls $3.50
*** TURN *** [Ah 6c 9d] [Tc]
easy_sarcasm: bets $18.05
CapoDiTutti17: raises $0.08 to $18.13 and is all-in
easy_sarcasm: calls $0.08
*** RIVER *** [Ah 6c 9d Tc] [3d]
*** SHOW DOWN ***
easy_sarcasm: shows [Jc Ad] (a pair of Aces)
CapoDiTutti17: shows [Qh 9c] (a pair of Nines)
easy_sarcasm collected $52.76 from pot
CapoDiTutti17 cashed out the hand for $5.87 | Cash Out Fee $0.12
*** SUMMARY ***
Total pot $55.26 | Rake $2.50 
Board [Ah 6c 9d Tc 3d]
Seat 4: Manifestorr
Seat 1: easy_sarcasm (small blind) showed [Jc Ad] and won ($52.76) with a pair of Aces
Seat 2: mr.Jckpot (big blind) folded before Flop
Seat 3: NikoPale folded before Flop (didn't bet)
Seat 5: [FB]Voodoo folded before Flop (didn't bet)
Seat 6: CapoDiTutti17 (button) showed [Qh 9c] and lost with a pair of Nines (cashed out).



PokerStars Hand #254236179569:  Hold'em No Limit ($0.50/$1.00 USD) - 2025/01/06 22:22:03 WET [2025/01/06 17:22:03 ET]
Table 'Mirphak II' 6-max Seat #1 is the button
Seat 4: Manifestorr ($100 in chips) is sitting out
Seat 1: easy_sarcasm ($125.63 in chips) 
Seat 2: mr.Jckpot ($100 in chips) 
Seat 3: NikoPale ($101.50 in chips) 
Seat 5: [FB]Voodoo ($100 in chips) 
Seat 6: CapoDiTutti17 ($5.87 in chips) 
mr.Jckpot: posts small blind $0.50
NikoPale: posts big blind $1
Manifestorr: sits out 
*** HOLE CARDS ***
[FB]Voodoo: folds 
CapoDiTutti17: raises $1 to $2
easy_sarcasm: folds 
mr.Jckpot: folds 
NikoPale: folds 
Uncalled bet ($1) returned to CapoDiTutti17
CapoDiTutti17 collected $2.50 from pot
*** SUMMARY ***
Total pot $2.50 | Rake $0 
Seat 4: Manifestorr
Seat 1: easy_sarcasm (button) folded before Flop (didn't bet)
Seat 2: mr.Jckpot (small blind) folded before Flop
Seat 3: NikoPale (big blind) folded before Flop
Seat 5: [FB]Voodoo folded before Flop (didn't bet)
Seat 6: CapoDiTutti17 collected ($2.50)



PokerStars Hand #254236183445:  Hold'em No Limit ($0.50/$1.00 USD) - 2025/01/06 22:22:15 WET [2025/01/06 17:22:15 ET]
Table 'Mirphak II' 6-max Seat #2 is the button
Seat 1: easy_sarcasm ($125.63 in chips) 
Seat 2: mr.Jckpot ($100 in chips) 
Seat 3: NikoPale ($100.50 in chips) 
Seat 4: Manifestorr ($100 in chips) 
Seat 5: [FB]Voodoo ($100 in chips) 
Seat 6: CapoDiTutti17 ($7.37 in chips) 
NikoPale: posts small blind $0.50
Manifestorr: posts big blind $1
*** HOLE CARDS ***
[FB]Voodoo: folds 
[FB]Voodoo leaves the table
CapoDiTutti17: folds 
easy_sarcasm: folds 
mr.Jckpot: folds 
NikoPale: folds 
Uncalled bet ($0.50) returned to Manifestorr
Manifestorr collected $1 from pot
*** SUMMARY ***
Total pot $1 | Rake $0 
Seat 1: easy_sarcasm folded before Flop (didn't bet)
Seat 2: mr.Jckpot (button) folded before Flop (didn't bet)
Seat 3: NikoPale (small blind) folded before Flop
Seat 4: Manifestorr (big blind) collected ($1)
Seat 5: [FB]Voodoo folded before Flop (didn't bet)
Seat 6: CapoDiTutti17 folded before Flop (didn't bet)



PokerStars Hand #254236187205:  Hold'em No Limit ($0.50/$1.00 USD) - 2025/01/06 22:22:27 WET [2025/01/06 17:22:27 ET]
Table 'Mirphak II' 6-max Seat #3 is the button
Seat 1: easy_sarcasm ($125.63 in chips) 
Seat 2: mr.Jckpot ($100 in chips) 
Seat 3: NikoPale ($100 in chips) 
Seat 4: Manifestorr ($100.50 in chips) 
Seat 6: CapoDiTutti17 ($7.37 in chips) 
Manifestorr: posts small blind $0.50
CapoDiTutti17: posts big blind $1
*** HOLE CARDS ***
easy_sarcasm: folds 
mr.Jckpot: folds 
NikoPale: raises $2 to $3
BMG198585 joins the table at seat #5 
BMG198585 is disconnected 
Manifestorr: folds 
CapoDiTutti17: calls $2
*** FLOP *** [4h 6c 4d]
CapoDiTutti17: checks 
NikoPale: checks 
*** TURN *** [4h 6c 4d] [7s]
CapoDiTutti17: checks 
NikoPale: checks 
*** RIVER *** [4h 6c 4d 7s] [2c]
CapoDiTutti17: checks 
NikoPale: checks 
*** SHOW DOWN ***
CapoDiTutti17: shows [Jh 3c] (a pair of Fours)
NikoPale: shows [Ac 5s] (a pair of Fours - Ace kicker)
NikoPale collected $6.18 from pot
*** SUMMARY ***
Total pot $6.50 | Rake $0.32 
Board [4h 6c 4d 7s 2c]
Seat 1: easy_sarcasm folded before Flop (didn't bet)
Seat 2: mr.Jckpot folded before Flop (didn't bet)
Seat 3: NikoPale (button) showed [Ac 5s] and won ($6.18) with a pair of Fours
Seat 4: Manifestorr (small blind) folded before Flop
Seat 6: CapoDiTutti17 (big blind) showed [Jh 3c] and lost with a pair of Fours



PokerStars Hand #254236200400:  Hold'em No Limit ($0.50/$1.00 USD) - 2025/01/06 22:23:08 WET [2025/01/06 17:23:08 ET]
Table 'Mirphak II' 6-max Seat #4 is the button
Seat 5: BMG198585 ($21.21 in chips) is sitting out
Seat 1: easy_sarcasm ($125.63 in chips) 
Seat 2: mr.Jckpot ($100 in chips) 
Seat 3: NikoPale ($103.18 in chips) 
Seat 4: Manifestorr ($100 in chips) 
Seat 6: CapoDiTutti17 ($4.37 in chips) 
CapoDiTutti17: posts small blind $0.50
easy_sarcasm: posts big blind $1
*** HOLE CARDS ***
mr.Jckpot: raises $1.50 to $2.50
NikoPale: folds 
Manifestorr: folds 
CapoDiTutti17: raises $1.87 to $4.37 and is all-in
easy_sarcasm: folds 
mr.Jckpot: calls $1.87
*** FLOP *** [9s 2d 7d]
*** TURN *** [9s 2d 7d] [7c]
*** RIVER *** [9s 2d 7d 7c] [Jc]
*** SHOW DOWN ***
CapoDiTutti17: shows [6h 8s] (a pair of Sevens)
mr.Jckpot: shows [Ah Kc] (a pair of Sevens - Ace kicker)
mr.Jckpot collected $9.25 from pot
CapoDiTutti17 cashed out the hand for $3.33 | Cash Out Fee $0.07
*** SUMMARY ***
Total pot $9.74 | Rake $0.49 
Board [9s 2d 7d 7c Jc]
Seat 5: BMG198585
Seat 1: easy_sarcasm (big blind) folded before Flop
Seat 2: mr.Jckpot showed [Ah Kc] and won ($9.25) with a pair of Sevens
Seat 3: NikoPale folded before Flop (didn't bet)
Seat 4: Manifestorr (button) folded before Flop (didn't bet)
Seat 6: CapoDiTutti17 (small blind) showed [6h 8s] and lost with a pair of Sevens (cashed out).



PokerStars Hand #254236210130:  Hold'em No Limit ($0.50/$1.00 USD) - 2025/01/06 22:23:38 WET [2025/01/06 17:23:38 ET]
Table 'Mirphak II' 6-max Seat #6 is the button
Seat 1: easy_sarcasm ($124.63 in chips) 
Seat 2: mr.Jckpot ($104.88 in chips) 
Seat 3: NikoPale ($103.18 in chips) 
Seat 4: Manifestorr ($100 in chips) 
Seat 5: BMG198585 ($21.21 in chips) 
Seat 6: CapoDiTutti17 ($3.33 in chips) 
easy_sarcasm: posts small blind $0.50
mr.Jckpot: posts big blind $1
BMG198585: posts big blind $1
*** HOLE CARDS ***
NikoPale: folds 
Manifestorr: folds 
BMG198585: checks 
CapoDiTutti17: raises $2.33 to $3.33 and is all-in
easy_sarcasm: folds 
mr.Jckpot: folds 
BMG198585: folds 
Uncalled bet ($2.33) returned to CapoDiTutti17
CapoDiTutti17 collected $3.50 from pot
*** SUMMARY ***
Total pot $3.50 | Rake $0 
Seat 1: easy_sarcasm (small blind) folded before Flop
Seat 2: mr.Jckpot (big blind) folded before Flop
Seat 3: NikoPale folded before Flop (didn't bet)
Seat 4: Manifestorr folded before Flop (didn't bet)
Seat 5: BMG198585 folded before Flop (didn't bet)
Seat 6: CapoDiTutti17 (button) collected ($3.50)



PokerStars Hand #254236219292:  Hold'em No Limit ($0.50/$1.00 USD) - 2025/01/06 22:24:07 WET [2025/01/06 17:24:07 ET]
Table 'Mirphak II' 6-max Seat #1 is the button
Seat 1: easy_sarcasm ($124.13 in chips) 
Seat 2: mr.Jckpot ($103.88 in chips) 
Seat 3: NikoPale ($103.18 in chips) 
Seat 4: Manifestorr ($100 in chips) 
Seat 5: BMG198585 ($20.21 in chips) 
Seat 6: CapoDiTutti17 ($5.83 in chips) 
mr.Jckpot: posts small blind $0.50
NikoPale: posts big blind $1
*** HOLE CARDS ***
Manifestorr: folds 
BMG198585: raises $1 to $2
CapoDiTutti17: folds 
easy_sarcasm: folds 
mr.Jckpot: folds 
NikoPale: folds 
Uncalled bet ($1) returned to BMG198585
BMG198585 collected $2.50 from pot
*** SUMMARY ***
Total pot $2.50 | Rake $0 
Seat 1: easy_sarcasm (button) folded before Flop (didn't bet)
Seat 2: mr.Jckpot (small blind) folded before Flop
Seat 3: NikoPale (big blind) folded before Flop
Seat 4: Manifestorr folded before Flop (didn't bet)
Seat 5: BMG198585 collected ($2.50)
Seat 6: CapoDiTutti17 folded before Flop (didn't bet)



PokerStars Hand #254236224365:  Hold'em No Limit ($0.50/$1.00 USD) - 2025/01/06 22:24:22 WET [2025/01/06 17:24:22 ET]
Table 'Mirphak II' 6-max Seat #2 is the button
Seat 1: easy_sarcasm ($124.13 in chips) 
Seat 2: mr.Jckpot ($103.38 in chips) 
Seat 3: NikoPale ($102.18 in chips) 
Seat 4: Manifestorr ($100 in chips) 
Seat 5: BMG198585 ($21.71 in chips) 
Seat 6: CapoDiTutti17 ($5.83 in chips) 
NikoPale: posts small blind $0.50
Manifestorr: posts big blind $1
*** HOLE CARDS ***
BMG198585: raises $1 to $2
CapoDiTutti17: calls $2
easy_sarcasm: folds 
mr.Jckpot: folds 
NikoPale: calls $1.50
Manifestorr: calls $1
*** FLOP *** [6c Jc Ts]
NikoPale: checks 
Manifestorr: checks 
BMG198585: checks 
CapoDiTutti17: checks 
*** TURN *** [6c Jc Ts] [9h]
NikoPale: checks 
Manifestorr: bets $3.80
BMG198585: folds 
CapoDiTutti17: folds 
NikoPale: folds 
Uncalled bet ($3.80) returned to Manifestorr
Manifestorr collected $7.60 from pot
*** SUMMARY ***
Total pot $8 | Rake $0.40 
Board [6c Jc Ts 9h]
Seat 1: easy_sarcasm folded before Flop (didn't bet)
Seat 2: mr.Jckpot (button) folded before Flop (didn't bet)
Seat 3: NikoPale (small blind) folded on the Turn
Seat 4: Manifestorr (big blind) collected ($7.60)
Seat 5: BMG198585 folded on the Turn
Seat 6: CapoDiTutti17 folded on the Turn



PokerStars Hand #254236247602:  Hold'em No Limit ($0.50/$1.00 USD) - 2025/01/06 22:25:36 WET [2025/01/06 17:25:36 ET]
Table 'Mirphak II' 6-max Seat #3 is the button
Seat 1: easy_sarcasm ($124.13 in chips) 
Seat 2: mr.Jckpot ($103.38 in chips) 
Seat 3: NikoPale ($100.18 in chips) 
Seat 4: Manifestorr ($105.60 in chips) 
Seat 5: BMG198585 ($19.71 in chips) 
Seat 6: CapoDiTutti17 ($3.83 in chips) 
Manifestorr: posts small blind $0.50
BMG198585: posts big blind $1
*** HOLE CARDS ***
CapoDiTutti17: raises $2.83 to $3.83 and is all-in
easy_sarcasm: folds 
mr.Jckpot: folds 
NikoPale: calls $3.83
Manifestorr: folds 
BMG198585: folds 
*** FLOP *** [Ks 8c 2s]
*** TURN *** [Ks 8c 2s] [9c]
*** RIVER *** [Ks 8c 2s 9c] [9h]
*** SHOW DOWN ***
CapoDiTutti17: shows [Td Qh] (a pair of Nines)
NikoPale: shows [Ad 3d] (a pair of Nines - Ace kicker)
NikoPale collected $8.70 from pot
*** SUMMARY ***
Total pot $9.16 | Rake $0.46 
Board [Ks 8c 2s 9c 9h]
Seat 1: easy_sarcasm folded before Flop (didn't bet)
Seat 2: mr.Jckpot folded before Flop (didn't bet)
Seat 3: NikoPale (button) showed [Ad 3d] and won ($8.70) with a pair of Nines
Seat 4: Manifestorr (small blind) folded before Flop
Seat 5: BMG198585 (big blind) folded before Flop
Seat 6: CapoDiTutti17 showed [Td Qh] and lost with a pair of Nines



PokerStars Hand #254236254293:  Hold'em No Limit ($0.50/$1.00 USD) - 2025/01/06 22:25:57 WET [2025/01/06 17:25:57 ET]
Table 'Mirphak II' 6-max Seat #4 is the button
Seat 6: CapoDiTutti17 ($0 in chips) is sitting out
Seat 1: easy_sarcasm ($124.13 in chips) 
Seat 2: mr.Jckpot ($103.38 in chips) 
Seat 3: NikoPale ($105.05 in chips) 
Seat 4: Manifestorr ($105.10 in chips) 
Seat 5: BMG198585 ($18.71 in chips) 
BMG198585: posts small blind $0.50
easy_sarcasm: posts big blind $1
*** HOLE CARDS ***
mr.Jckpot: folds 
NikoPale: folds 
Manifestorr: raises $1.20 to $2.20
BMG198585: folds 
easy_sarcasm: folds 
Uncalled bet ($1.20) returned to Manifestorr
Manifestorr collected $2.50 from pot
*** SUMMARY ***
Total pot $2.50 | Rake $0 
Seat 6: CapoDiTutti17
Seat 1: easy_sarcasm (big blind) folded before Flop
Seat 2: mr.Jckpot folded before Flop (didn't bet)
Seat 3: NikoPale folded before Flop (didn't bet)
Seat 4: Manifestorr (button) collected ($2.50)
Seat 5: BMG198585 (small blind) folded before Flop



PokerStars Hand #254236257672:  Hold'em No Limit ($0.50/$1.00 USD) - 2025/01/06 22:26:07 WET [2025/01/06 17:26:07 ET]
Table 'Mirphak II' 6-max Seat #5 is the button
Seat 6: CapoDiTutti17 ($0 in chips) is sitting out
Seat 1: easy_sarcasm ($123.13 in chips) 
Seat 2: mr.Jckpot ($103.38 in chips) 
Seat 3: NikoPale ($105.05 in chips) 
Seat 4: Manifestorr ($106.60 in chips) 
Seat 5: BMG198585 ($18.21 in chips) 
easy_sarcasm: posts small blind $0.50
mr.Jckpot: posts big blind $1
*** HOLE CARDS ***
CapoDiTutti17 leaves the table
NikoPale: folds 
Manifestorr: raises $1.20 to $2.20
BMG198585: raises $5.90 to $8.10
easy_sarcasm: raises $13.40 to $21.50
mr.Jckpot: folds 
Manifestorr: folds 
BMG198585: calls $10.11 and is all-in
Uncalled bet ($3.29) returned to easy_sarcasm
*** FLOP *** [Jd Ks 4s]
*** TURN *** [Jd Ks 4s] [Kc]
*** RIVER *** [Jd Ks 4s Kc] [Ac]
*** SHOW DOWN ***
easy_sarcasm: shows [Kh Ah] (a full house, Kings full of Aces)
BMG198585: shows [Jc Qc] (two pair, Kings and Jacks)
easy_sarcasm collected $37.64 from pot
*** SUMMARY ***
Total pot $39.62 | Rake $1.98 
Board [Jd Ks 4s Kc Ac]
Seat 6: CapoDiTutti17
Seat 1: easy_sarcasm (small blind) showed [Kh Ah] and won ($37.64) with a full house, Kings full of Aces
Seat 2: mr.Jckpot (big blind) folded before Flop
Seat 3: NikoPale folded before Flop (didn't bet)
Seat 4: Manifestorr folded before Flop
Seat 5: BMG198585 (button) showed [Jc Qc] and lost with two pair, Kings and Jacks



PokerStars Hand #254236275705:  Hold'em No Limit ($0.50/$1.00 USD) - 2025/01/06 22:27:03 WET [2025/01/06 17:27:03 ET]
Table 'Mirphak II' 6-max Seat #2 is the button
Seat 2: mr.Jckpot ($102.38 in chips) 
Seat 3: Solo-BBB ($12.14 in chips) 
Seat 4: blistein ($100 in chips) 
Solo-BBB: posts small blind $0.50
blistein: posts big blind $1
*** HOLE CARDS ***
mr.Jckpot: folds 
Solo-BBB: raises $11.14 to $12.14 and is all-in
blistein: folds 
Uncalled bet ($11.14) returned to Solo-BBB
Solo-BBB collected $2 from pot
*** SUMMARY ***
Total pot $2 | Rake $0 
Seat 2: mr.Jckpot (button) folded before Flop (didn't bet)
Seat 3: Solo-BBB (small blind) collected ($2)
Seat 4: blistein (big blind) folded before Flop



PokerStars Hand #254236279645:  Hold'em No Limit ($0.50/$1.00 USD) - 2025/01/06 22:27:16 WET [2025/01/06 17:27:16 ET]
Table 'Mirphak II' 6-max Seat #3 is the button
Seat 2: mr.Jckpot ($102.38 in chips) 
Seat 3: Solo-BBB ($13.14 in chips) 
Seat 4: blistein ($100 in chips) 
blistein: posts small blind $0.50
mr.Jckpot: posts big blind $1
*** HOLE CARDS ***
Solo-BBB: folds 
blistein: folds 
Uncalled bet ($0.50) returned to mr.Jckpot
mr.Jckpot collected $1 from pot
mr.Jckpot: doesn't show hand 
*** SUMMARY ***
Total pot $1 | Rake $0 
Seat 2: mr.Jckpot (big blind) collected ($1)
Seat 3: Solo-BBB (button) folded before Flop (didn't bet)
Seat 4: blistein (small blind) folded before Flop



PokerStars Hand #254236281623:  Hold'em No Limit ($0.50/$1.00 USD) - 2025/01/06 22:27:22 WET [2025/01/06 17:27:22 ET]
Table 'Mirphak II' 6-max Seat #4 is the button
Seat 2: mr.Jckpot ($102.88 in chips) 
Seat 3: Solo-BBB ($13.14 in chips) 
Seat 4: blistein ($100 in chips) 
mr.Jckpot: posts small blind $0.50
Solo-BBB: posts big blind $1
*** HOLE CARDS ***
blistein: folds 
mr.Jckpot: folds 
Uncalled bet ($0.50) returned to Solo-BBB
blistein leaves the table
Solo-BBB collected $1 from pot
*** SUMMARY ***
Total pot $1 | Rake $0 
Seat 2: mr.Jckpot (small blind) folded before Flop
Seat 3: Solo-BBB (big blind) collected ($1)
Seat 4: blistein (button) folded before Flop (didn't bet)



PokerStars Hand #254236284547:  Hold'em No Limit ($0.50/$1.00 USD) - 2025/01/06 22:27:31 WET [2025/01/06 17:27:31 ET]
Table 'Mirphak II' 6-max Seat #3 is the button
Seat 2: mr.Jckpot ($102.38 in chips) 
Seat 3: Solo-BBB ($13.64 in chips) 
Solo-BBB: posts small blind $0.50
mr.Jckpot: posts big blind $1
*** HOLE CARDS ***
Solo-BBB: calls $0.50
mr.Jckpot: raises $2 to $3
Solo-BBB: raises $10.64 to $13.64 and is all-in
mr.Jckpot: folds 
Uncalled bet ($10.64) returned to Solo-BBB
Solo-BBB collected $6 from pot
*** SUMMARY ***
Total pot $6 | Rake $0 
Seat 2: mr.Jckpot (big blind) folded before Flop
Seat 3: Solo-BBB (button) (small blind) collected ($6)



PokerStars Hand #254236289368:  Hold'em No Limit ($0.50/$1.00 USD) - 2025/01/06 22:27:46 WET [2025/01/06 17:27:46 ET]
Table 'Mirphak II' 6-max Seat #2 is the button
Seat 2: mr.Jckpot ($100 in chips) 
Seat 3: Solo-BBB ($16.64 in chips) 
mr.Jckpot: posts small blind $0.50
Solo-BBB: posts big blind $1
*** HOLE CARDS ***
mr.Jckpot: raises $1 to $2
Solo-BBB: folds 
Uncalled bet ($1) returned to mr.Jckpot
mr.Jckpot collected $2 from pot
mr.Jckpot: doesn't show hand 
*** SUMMARY ***
Total pot $2 | Rake $0 
Seat 2: mr.Jckpot (button) (small blind) collected ($2)
Seat 3: Solo-BBB (big blind) folded before Flop



PokerStars Hand #254236292148:  Hold'em No Limit ($0.50/$1.00 USD) - 2025/01/06 22:27:54 WET [2025/01/06 17:27:54 ET]
Table 'Mirphak II' 6-max Seat #3 is the button
Seat 2: mr.Jckpot ($101 in chips) 
Seat 3: Solo-BBB ($15.64 in chips) 
Solo-BBB: posts small blind $0.50
mr.Jckpot: posts big blind $1
*** HOLE CARDS ***
Solo-BBB: raises $14.64 to $15.64 and is all-in
mr.Jckpot: calls $14.64
*** FLOP *** [6d 8d Ah]
*** TURN *** [6d 8d Ah] [Qs]
*** RIVER *** [6d 8d Ah Qs] [7d]
*** SHOW DOWN ***
mr.Jckpot: shows [Th Ks] (high card Ace)
Solo-BBB: shows [9h Kh] (high card Ace - lower kicker)
mr.Jckpot collected $30.28 from pot
*** SUMMARY ***
Total pot $31.28 | Rake $1 
Board [6d 8d Ah Qs 7d]
Seat 2: mr.Jckpot (big blind) showed [Th Ks] and won ($30.28) with high card Ace
Seat 3: Solo-BBB (button) (small blind) showed [9h Kh] and lost with high card Ace



PokerStars Hand #254237090860:  Hold'em No Limit ($0.50/$1.00 USD) - 2025/01/06 23:14:14 WET [2025/01/06 18:14:14 ET]
Table 'Mirphak II' 6-max Seat #4 is the button
Seat 1: Manifestorr ($104.40 in chips) 
Seat 2: andutu34 ($100 in chips) 
Seat 3: KeR888 ($100 in chips) 
Seat 4: Mr_Dick666 ($100 in chips) 
Seat 5: teddybear945 ($61.87 in chips) 
Seat 6: steepfell ($100 in chips) 
teddybear945: posts small blind $0.50
steepfell: posts big blind $1
*** HOLE CARDS ***
Manifestorr: folds 
andutu34: folds 
KeR888: folds 
Mr_Dick666: folds 
teddybear945: folds 
Uncalled bet ($0.50) returned to steepfell
steepfell collected $1 from pot
steepfell: doesn't show hand 
*** SUMMARY ***
Total pot $1 | Rake $0 
Seat 1: Manifestorr folded before Flop (didn't bet)
Seat 2: andutu34 folded before Flop (didn't bet)
Seat 3: KeR888 folded before Flop (didn't bet)
Seat 4: Mr_Dick666 (button) folded before Flop (didn't bet)
Seat 5: teddybear945 (small blind) folded before Flop
Seat 6: steepfell (big blind) collected ($1)



PokerStars Hand #254237096947:  Hold'em No Limit ($0.50/$1.00 USD) - 2025/01/06 23:14:36 WET [2025/01/06 18:14:36 ET]
Table 'Mirphak II' 6-max Seat #5 is the button
Seat 1: Manifestorr ($104.40 in chips) 
Seat 2: andutu34 ($100 in chips) 
Seat 3: KeR888 ($100 in chips) 
Seat 4: Mr_Dick666 ($100 in chips) 
Seat 5: teddybear945 ($61.37 in chips) 
Seat 6: steepfell ($100.50 in chips) 
steepfell: posts small blind $0.50
Manifestorr: posts big blind $1
*** HOLE CARDS ***
andutu34: raises $1 to $2
KeR888: folds 
Mr_Dick666: folds 
teddybear945: calls $2
steepfell: folds 
Manifestorr: folds 
*** FLOP *** [3s 3h Qh]
andutu34: bets $1.31
teddybear945: calls $1.31
*** TURN *** [3s 3h Qh] [8d]
andutu34: bets $5.78
teddybear945: folds 
Uncalled bet ($5.78) returned to andutu34
andutu34 collected $7.71 from pot
andutu34: doesn't show hand 
*** SUMMARY ***
Total pot $8.12 | Rake $0.41 
Board [3s 3h Qh 8d]
Seat 1: Manifestorr (big blind) folded before Flop
Seat 2: andutu34 collected ($7.71)
Seat 3: KeR888 folded before Flop (didn't bet)
Seat 4: Mr_Dick666 folded before Flop (didn't bet)
Seat 5: teddybear945 (button) folded on the Turn
Seat 6: steepfell (small blind) folded before Flop



PokerStars Hand #254237107929:  Hold'em No Limit ($0.50/$1.00 USD) - 2025/01/06 23:15:16 WET [2025/01/06 18:15:16 ET]
Table 'Mirphak II' 6-max Seat #6 is the button
Seat 1: Manifestorr ($103.40 in chips) 
Seat 2: andutu34 ($104.40 in chips) 
Seat 3: KeR888 ($100 in chips) 
Seat 4: Mr_Dick666 ($100 in chips) 
Seat 5: teddybear945 ($58.06 in chips) 
Seat 6: steepfell ($100 in chips) 
Manifestorr: posts small blind $0.50
andutu34: posts big blind $1
*** HOLE CARDS ***
KeR888: folds 
Mr_Dick666: folds 
teddybear945: calls $1
steepfell: folds 
Manifestorr: folds 
andutu34: checks 
*** FLOP *** [Ac 8h 9d]
andutu34: checks 
teddybear945: checks 
*** TURN *** [Ac 8h 9d] [4c]
andutu34: checks 
teddybear945: checks 
*** RIVER *** [Ac 8h 9d 4c] [Qd]
andutu34: checks 
teddybear945: checks 
*** SHOW DOWN ***
andutu34: shows [Jh 4d] (a pair of Fours)
teddybear945: shows [8d 2d] (a pair of Eights)
teddybear945 collected $2.38 from pot
*** SUMMARY ***
Total pot $2.50 | Rake $0.12 
Board [Ac 8h 9d 4c Qd]
Seat 1: Manifestorr (small blind) folded before Flop
Seat 2: andutu34 (big blind) showed [Jh 4d] and lost with a pair of Fours
Seat 3: KeR888 folded before Flop (didn't bet)
Seat 4: Mr_Dick666 folded before Flop (didn't bet)
Seat 5: teddybear945 showed [8d 2d] and won ($2.38) with a pair of Eights
Seat 6: steepfell (button) folded before Flop (didn't bet)



PokerStars Hand #254237119276:  Hold'em No Limit ($0.50/$1.00 USD) - 2025/01/06 23:15:57 WET [2025/01/06 18:15:57 ET]
Table 'Mirphak II' 6-max Seat #1 is the button
Seat 1: Manifestorr ($102.90 in chips) 
Seat 2: andutu34 ($103.40 in chips) 
Seat 3: KeR888 ($100 in chips) 
Seat 4: Mr_Dick666 ($100 in chips) 
Seat 5: teddybear945 ($59.44 in chips) 
Seat 6: steepfell ($100 in chips) 
andutu34: posts small blind $0.50
KeR888: posts big blind $1
*** HOLE CARDS ***
Mr_Dick666: raises $1 to $2
teddybear945: raises $1 to $3
steepfell: folds 
Manifestorr: folds 
andutu34: folds 
KeR888: folds 
Mr_Dick666: calls $1
*** FLOP *** [Kc 9s 4h]
Mr_Dick666: checks 
teddybear945: bets $3.56
Mr_Dick666: raises $5.44 to $9
teddybear945: calls $5.44
*** TURN *** [Kc 9s 4h] [5h]
Mr_Dick666: checks 
teddybear945: checks 
*** RIVER *** [Kc 9s 4h 5h] [Kh]
Mr_Dick666: bets $88 and is all-in
teddybear945: folds 
Uncalled bet ($88) returned to Mr_Dick666
Mr_Dick666 collected $24.22 from pot
Mr_Dick666: doesn't show hand 
*** SUMMARY ***
Total pot $25.50 | Rake $1.28 
Board [Kc 9s 4h 5h Kh]
Seat 1: Manifestorr (button) folded before Flop (didn't bet)
Seat 2: andutu34 (small blind) folded before Flop
Seat 3: KeR888 (big blind) folded before Flop
Seat 4: Mr_Dick666 collected ($24.22)
Seat 5: teddybear945 folded on the River
Seat 6: steepfell folded before Flop (didn't bet)



PokerStars Hand #254237129917:  Hold'em No Limit ($0.50/$1.00 USD) - 2025/01/06 23:16:35 WET [2025/01/06 18:16:35 ET]
Table 'Mirphak II' 6-max Seat #2 is the button
Seat 1: Manifestorr ($102.90 in chips) 
Seat 2: andutu34 ($102.90 in chips) 
Seat 3: KeR888 ($100 in chips) 
Seat 4: Mr_Dick666 ($112.22 in chips) 
Seat 5: teddybear945 ($47.44 in chips) 
Seat 6: steepfell ($100 in chips) 
KeR888: posts small blind $0.50
Mr_Dick666: posts big blind $1
*** HOLE CARDS ***
teddybear945: calls $1
steepfell: folds 
Manifestorr: raises $4 to $5
andutu34: folds 
KeR888: folds 
Mr_Dick666: folds 
teddybear945: calls $4
*** FLOP *** [4h 6c 9d]
teddybear945: checks 
Manifestorr: bets $5.46
teddybear945: calls $5.46
*** TURN *** [4h 6c 9d] [8s]
teddybear945: checks 
Manifestorr: checks 
*** RIVER *** [4h 6c 9d 8s] [5c]
teddybear945: checks 
Manifestorr: checks 
*** SHOW DOWN ***
teddybear945: shows [8h Ah] (a pair of Eights)
Manifestorr: mucks hand 
teddybear945 collected $21.30 from pot
*** SUMMARY ***
Total pot $22.42 | Rake $1.12 
Board [4h 6c 9d 8s 5c]
Seat 1: Manifestorr mucked
Seat 2: andutu34 (button) folded before Flop (didn't bet)
Seat 3: KeR888 (small blind) folded before Flop
Seat 4: Mr_Dick666 (big blind) folded before Flop
Seat 5: teddybear945 showed [8h Ah] and won ($21.30) with a pair of Eights
Seat 6: steepfell folded before Flop (didn't bet)



PokerStars Hand #254237143865:  Hold'em No Limit ($0.50/$1.00 USD) - 2025/01/06 23:17:26 WET [2025/01/06 18:17:26 ET]
Table 'Mirphak II' 6-max Seat #3 is the button
Seat 1: Manifestorr ($100 in chips) 
Seat 2: andutu34 ($102.90 in chips) 
Seat 3: KeR888 ($100 in chips) 
Seat 4: Mr_Dick666 ($111.22 in chips) 
Seat 5: teddybear945 ($58.28 in chips) 
Seat 6: steepfell ($100 in chips) 
Mr_Dick666: posts small blind $0.50
teddybear945: posts big blind $1
*** HOLE CARDS ***
steepfell: folds 
Manifestorr: folds 
andutu34: folds 
KeR888: folds 
Mr_Dick666: raises $2 to $3
teddybear945: calls $2
*** FLOP *** [2d 4d Ts]
Mr_Dick666: bets $3.82
teddybear945: calls $3.82
*** TURN *** [2d 4d Ts] [Th]
Mr_Dick666: checks 
teddybear945: checks 
*** RIVER *** [2d 4d Ts Th] [7h]
Mr_Dick666: bets $4.28
teddybear945: folds 
Uncalled bet ($4.28) returned to Mr_Dick666
Mr_Dick666 collected $12.96 from pot
Mr_Dick666: doesn't show hand 
*** SUMMARY ***
Total pot $13.64 | Rake $0.68 
Board [2d 4d Ts Th 7h]
Seat 1: Manifestorr folded before Flop (didn't bet)
Seat 2: andutu34 folded before Flop (didn't bet)
Seat 3: KeR888 (button) folded before Flop (didn't bet)
Seat 4: Mr_Dick666 (small blind) collected ($12.96)
Seat 5: teddybear945 (big blind) folded on the River
Seat 6: steepfell folded before Flop (didn't bet)



PokerStars Hand #254237157635:  Hold'em No Limit ($0.50/$1.00 USD) - 2025/01/06 23:18:17 WET [2025/01/06 18:18:17 ET]
Table 'Mirphak II' 6-max Seat #4 is the button
Seat 1: Manifestorr ($100 in chips) 
Seat 2: andutu34 ($102.90 in chips) 
Seat 3: KeR888 ($100 in chips) 
Seat 4: Mr_Dick666 ($117.36 in chips) 
Seat 5: teddybear945 ($51.46 in chips) 
Seat 6: steepfell ($100 in chips) 
teddybear945: posts small blind $0.50
steepfell: posts big blind $1
*** HOLE CARDS ***
Manifestorr: raises $1.20 to $2.20
andutu34: folds 
KeR888: folds 
Mr_Dick666: folds 
teddybear945: calls $1.70
steepfell: folds 
*** FLOP *** [2d 8d 4s]
teddybear945: checks 
Manifestorr: bets $3.85
teddybear945: folds 
Uncalled bet ($3.85) returned to Manifestorr
Manifestorr collected $5.13 from pot
*** SUMMARY ***
Total pot $5.40 | Rake $0.27 
Board [2d 8d 4s]
Seat 1: Manifestorr collected ($5.13)
Seat 2: andutu34 folded before Flop (didn't bet)
Seat 3: KeR888 folded before Flop (didn't bet)
Seat 4: Mr_Dick666 (button) folded before Flop (didn't bet)
Seat 5: teddybear945 (small blind) folded on the Flop
Seat 6: steepfell (big blind) folded before Flop



PokerStars Hand #254237164250:  Hold'em No Limit ($0.50/$1.00 USD) - 2025/01/06 23:18:41 WET [2025/01/06 18:18:41 ET]
Table 'Mirphak II' 6-max Seat #5 is the button
Seat 1: Manifestorr ($102.93 in chips) 
Seat 2: andutu34 ($102.90 in chips) 
Seat 3: KeR888 ($100 in chips) 
Seat 4: Mr_Dick666 ($117.36 in chips) 
Seat 5: teddybear945 ($49.26 in chips) 
Seat 6: steepfell ($100 in chips) 
steepfell: posts small blind $0.50
Manifestorr: posts big blind $1
*** HOLE CARDS ***
andutu34: raises $1 to $2
KeR888: folds 
Mr_Dick666: folds 
teddybear945: calls $2
steepfell: folds 
Manifestorr: calls $1
*** FLOP *** [7d 2d 2s]
Manifestorr: checks 
andutu34: checks 
teddybear945: checks 
*** TURN *** [7d 2d 2s] [3s]
Manifestorr: checks 
andutu34: bets $3.09
teddybear945: calls $3.09
Manifestorr: folds 
*** RIVER *** [7d 2d 2s 3s] [4d]
andutu34: bets $9.04
teddybear945: folds 
Uncalled bet ($9.04) returned to andutu34
andutu34 collected $12.05 from pot
andutu34: doesn't show hand 
*** SUMMARY ***
Total pot $12.68 | Rake $0.63 
Board [7d 2d 2s 3s 4d]
Seat 1: Manifestorr (big blind) folded on the Turn
Seat 2: andutu34 collected ($12.05)
Seat 3: KeR888 folded before Flop (didn't bet)
Seat 4: Mr_Dick666 folded before Flop (didn't bet)
Seat 5: teddybear945 (button) folded on the River
Seat 6: steepfell (small blind) folded before Flop



PokerStars Hand #254237179580:  Hold'em No Limit ($0.50/$1.00 USD) - 2025/01/06 23:19:36 WET [2025/01/06 18:19:36 ET]
Table 'Mirphak II' 6-max Seat #6 is the button
Seat 1: Manifestorr ($100.93 in chips) 
Seat 2: andutu34 ($109.86 in chips) 
Seat 3: KeR888 ($100 in chips) 
Seat 4: Mr_Dick666 ($117.36 in chips) 
Seat 5: teddybear945 ($44.17 in chips) 
Seat 6: steepfell ($100 in chips) 
Manifestorr: posts small blind $0.50
andutu34: posts big blind $1
*** HOLE CARDS ***
KeR888: folds 
Mr_Dick666: folds 
teddybear945: calls $1
steepfell: raises $3 to $4
Manifestorr: folds 
andutu34: folds 
teddybear945: calls $3
*** FLOP *** [Qc 8h 4h]
teddybear945: checks 
steepfell: bets $6.77
teddybear945: folds 
Uncalled bet ($6.77) returned to steepfell
steepfell collected $9.02 from pot
steepfell: doesn't show hand 
*** SUMMARY ***
Total pot $9.50 | Rake $0.48 
Board [Qc 8h 4h]
Seat 1: Manifestorr (small blind) folded before Flop
Seat 2: andutu34 (big blind) folded before Flop
Seat 3: KeR888 folded before Flop (didn't bet)
Seat 4: Mr_Dick666 folded before Flop (didn't bet)
Seat 5: teddybear945 folded on the Flop
Seat 6: steepfell (button) collected ($9.02)



PokerStars Hand #254237186947:  Hold'em No Limit ($0.50/$1.00 USD) - 2025/01/06 23:20:03 WET [2025/01/06 18:20:03 ET]
Table 'Mirphak II' 6-max Seat #1 is the button
Seat 1: Manifestorr ($100.43 in chips) 
Seat 2: andutu34 ($108.86 in chips) 
Seat 3: KeR888 ($100 in chips) 
Seat 4: Mr_Dick666 ($117.36 in chips) 
Seat 5: teddybear945 ($40.17 in chips) 
Seat 6: steepfell ($105.02 in chips) 
andutu34: posts small blind $0.50
KeR888: posts big blind $1
*** HOLE CARDS ***
Mr_Dick666: folds 
teddybear945: calls $1
steepfell: folds 
Manifestorr: folds 
andutu34: folds 
KeR888: checks 
*** FLOP *** [As Jh 6c]
KeR888: checks 
teddybear945: checks 
*** TURN *** [As Jh 6c] [3c]
KeR888: checks 
teddybear945: checks 
*** RIVER *** [As Jh 6c 3c] [Qc]
KeR888: checks 
teddybear945: bets $8
KeR888: folds 
Uncalled bet ($8) returned to teddybear945
teddybear945 collected $2.38 from pot
*** SUMMARY ***
Total pot $2.50 | Rake $0.12 
Board [As Jh 6c 3c Qc]
Seat 1: Manifestorr (button) folded before Flop (didn't bet)
Seat 2: andutu34 (small blind) folded before Flop
Seat 3: KeR888 (big blind) folded on the River
Seat 4: Mr_Dick666 folded before Flop (didn't bet)
Seat 5: teddybear945 collected ($2.38)
Seat 6: steepfell folded before Flop (didn't bet)



PokerStars Hand #254237199680:  Hold'em No Limit ($0.50/$1.00 USD) - 2025/01/06 23:20:49 WET [2025/01/06 18:20:49 ET]
Table 'Mirphak II' 6-max Seat #2 is the button
Seat 1: Manifestorr ($100.43 in chips) 
Seat 2: andutu34 ($108.36 in chips) 
Seat 3: KeR888 ($100 in chips) 
Seat 4: Mr_Dick666 ($117.36 in chips) 
Seat 5: teddybear945 ($41.55 in chips) 
Seat 6: steepfell ($105.02 in chips) 
KeR888: posts small blind $0.50
Mr_Dick666: posts big blind $1
*** HOLE CARDS ***
teddybear945: folds 
steepfell: folds 
Manifestorr: folds 
andutu34: folds 
KeR888: raises $2 to $3
Mr_Dick666: folds 
Uncalled bet ($2) returned to KeR888
KeR888 collected $2 from pot
KeR888: doesn't show hand 
*** SUMMARY ***
Total pot $2 | Rake $0 
Seat 1: Manifestorr folded before Flop (didn't bet)
Seat 2: andutu34 (button) folded before Flop (didn't bet)
Seat 3: KeR888 (small blind) collected ($2)
Seat 4: Mr_Dick666 (big blind) folded before Flop
Seat 5: teddybear945 folded before Flop (didn't bet)
Seat 6: steepfell folded before Flop (didn't bet)



PokerStars Hand #254237203782:  Hold'em No Limit ($0.50/$1.00 USD) - 2025/01/06 23:21:03 WET [2025/01/06 18:21:03 ET]
Table 'Mirphak II' 6-max Seat #3 is the button
Seat 1: Manifestorr ($100.43 in chips) 
Seat 2: andutu34 ($108.36 in chips) 
Seat 3: KeR888 ($101 in chips) 
Seat 4: Mr_Dick666 ($116.36 in chips) 
Seat 5: teddybear945 ($41.55 in chips) 
Seat 6: steepfell ($105.02 in chips) 
Mr_Dick666: posts small blind $0.50
teddybear945: posts big blind $1
*** HOLE CARDS ***
steepfell: folds 
Manifestorr: folds 
andutu34: raises $1.30 to $2.30
KeR888: folds 
Mr_Dick666: folds 
teddybear945: raises $5.10 to $7.40
andutu34: raises $100.96 to $108.36 and is all-in
teddybear945: calls $34.15 and is all-in
Uncalled bet ($66.81) returned to andutu34
*** FLOP *** [4c 2h 7c]
*** TURN *** [4c 2h 7c] [Kd]
*** RIVER *** [4c 2h 7c Kd] [9h]
*** SHOW DOWN ***
teddybear945: shows [Th Jd] (high card King)
andutu34: shows [Ad Qh] (high card Ace)
andutu34 collected $81.10 from pot
*** SUMMARY ***
Total pot $83.60 | Rake $2.50 
Board [4c 2h 7c Kd 9h]
Seat 1: Manifestorr folded before Flop (didn't bet)
Seat 2: andutu34 showed [Ad Qh] and won ($81.10) with high card Ace
Seat 3: KeR888 (button) folded before Flop (didn't bet)
Seat 4: Mr_Dick666 (small blind) folded before Flop
Seat 5: teddybear945 (big blind) showed [Th Jd] and lost with high card King
Seat 6: steepfell folded before Flop (didn't bet)



PokerStars Hand #254237215612:  Hold'em No Limit ($0.50/$1.00 USD) - 2025/01/06 23:21:46 WET [2025/01/06 18:21:46 ET]
Table 'Mirphak II' 6-max Seat #4 is the button
Seat 5: teddybear945 ($0 in chips) is sitting out
Seat 1: Manifestorr ($100.43 in chips) 
Seat 2: andutu34 ($147.91 in chips) 
Seat 3: KeR888 ($101 in chips) 
Seat 4: Mr_Dick666 ($115.86 in chips) 
Seat 6: steepfell ($105.02 in chips) 
steepfell: posts small blind $0.50
Manifestorr: posts big blind $1
*** HOLE CARDS ***
andutu34: folds 
KeR888: folds 
Mr_Dick666: raises $1.50 to $2.50
steepfell: folds 
Manifestorr: folds 
Uncalled bet ($1.50) returned to Mr_Dick666
Mr_Dick666 collected $2.50 from pot
Mr_Dick666: doesn't show hand 
*** SUMMARY ***
Total pot $2.50 | Rake $0 
Seat 5: teddybear945
Seat 1: Manifestorr (big blind) folded before Flop
Seat 2: andutu34 folded before Flop (didn't bet)
Seat 3: KeR888 folded before Flop (didn't bet)
Seat 4: Mr_Dick666 (button) collected ($2.50)
Seat 6: steepfell (small blind) folded before Flop



PokerStars Hand #254237221861:  Hold'em No Limit ($0.50/$1.00 USD) - 2025/01/06 23:22:08 WET [2025/01/06 18:22:08 ET]
Table 'Mirphak II' 6-max Seat #6 is the button
Seat 1: Manifestorr ($100 in chips) 
Seat 2: andutu34 ($147.91 in chips) 
Seat 3: KeR888 ($101 in chips) 
Seat 4: Mr_Dick666 ($117.36 in chips) 
Seat 5: teddybear945 ($59.56 in chips) 
Seat 6: steepfell ($104.52 in chips) 
Manifestorr: posts small blind $0.50
andutu34: posts big blind $1
teddybear945: posts small blind $0.50
*** HOLE CARDS ***
KeR888: folds 
Mr_Dick666: folds 
teddybear945: calls $1
steepfell: folds 
Manifestorr: folds 
andutu34: checks 
*** FLOP *** [Jc Ac 8d]
andutu34: checks 
teddybear945: checks 
*** TURN *** [Jc Ac 8d] [3d]
andutu34: checks 
teddybear945: checks 
*** RIVER *** [Jc Ac 8d 3d] [4h]
andutu34: checks 
teddybear945: checks 
*** SHOW DOWN ***
andutu34: shows [7h 8c] (a pair of Eights)
teddybear945: shows [Kh Kc] (a pair of Kings)
teddybear945 collected $2.85 from pot
*** SUMMARY ***
Total pot $3 | Rake $0.15 
Board [Jc Ac 8d 3d 4h]
Seat 1: Manifestorr (small blind) folded before Flop
Seat 2: andutu34 (big blind) showed [7h 8c] and lost with a pair of Eights
Seat 3: KeR888 folded before Flop (didn't bet)
Seat 4: Mr_Dick666 folded before Flop (didn't bet)
Seat 5: teddybear945 showed [Kh Kc] and won ($2.85) with a pair of Kings
Seat 6: steepfell (button) folded before Flop (didn't bet)



PokerStars Hand #254237229282:  Hold'em No Limit ($0.50/$1.00 USD) - 2025/01/06 23:22:35 WET [2025/01/06 18:22:35 ET]
Table 'Mirphak II' 6-max Seat #1 is the button
Seat 1: Manifestorr ($100 in chips) 
Seat 2: andutu34 ($146.91 in chips) 
Seat 3: KeR888 ($101 in chips) 
Seat 4: Mr_Dick666 ($117.36 in chips) 
Seat 5: teddybear945 ($60.91 in chips) 
Seat 6: steepfell ($104.52 in chips) 
andutu34: posts small blind $0.50
KeR888: posts big blind $1
*** HOLE CARDS ***
Mr_Dick666: folds 
teddybear945: calls $1
steepfell: raises $3 to $4
Manifestorr: folds 
andutu34: folds 
KeR888: folds 
teddybear945: calls $3
*** FLOP *** [3s Jc 8s]
teddybear945: checks 
steepfell: checks 
*** TURN *** [3s Jc 8s] [5d]
teddybear945: checks 
steepfell: checks 
*** RIVER *** [3s Jc 8s 5d] [As]
teddybear945: checks 
steepfell: bets $4.51
teddybear945: folds 
Uncalled bet ($4.51) returned to steepfell
steepfell collected $9.02 from pot
steepfell: doesn't show hand 
*** SUMMARY ***
Total pot $9.50 | Rake $0.48 
Board [3s Jc 8s 5d As]
Seat 1: Manifestorr (button) folded before Flop (didn't bet)
Seat 2: andutu34 (small blind) folded before Flop
Seat 3: KeR888 (big blind) folded before Flop
Seat 4: Mr_Dick666 folded before Flop (didn't bet)
Seat 5: teddybear945 folded on the River
Seat 6: steepfell collected ($9.02)



PokerStars Hand #254237238522:  Hold'em No Limit ($0.50/$1.00 USD) - 2025/01/06 23:23:08 WET [2025/01/06 18:23:08 ET]
Table 'Mirphak II' 6-max Seat #2 is the button
Seat 1: Manifestorr ($100 in chips) 
Seat 2: andutu34 ($146.41 in chips) 
Seat 3: KeR888 ($100 in chips) 
Seat 4: Mr_Dick666 ($117.36 in chips) 
Seat 5: teddybear945 ($56.91 in chips) 
Seat 6: steepfell ($109.54 in chips) 
KeR888: posts small blind $0.50
Mr_Dick666: posts big blind $1
*** HOLE CARDS ***
teddybear945: folds 
steepfell: folds 
Manifestorr: folds 
andutu34: folds 
KeR888: raises $2 to $3
Mr_Dick666: folds 
Uncalled bet ($2) returned to KeR888
KeR888 collected $2 from pot
KeR888: doesn't show hand 
*** SUMMARY ***
Total pot $2 | Rake $0 
Seat 1: Manifestorr folded before Flop (didn't bet)
Seat 2: andutu34 (button) folded before Flop (didn't bet)
Seat 3: KeR888 (small blind) collected ($2)
Seat 4: Mr_Dick666 (big blind) folded before Flop
Seat 5: teddybear945 folded before Flop (didn't bet)
Seat 6: steepfell folded before Flop (didn't bet)



PokerStars Hand #254237242894:  Hold'em No Limit ($0.50/$1.00 USD) - 2025/01/06 23:23:24 WET [2025/01/06 18:23:24 ET]
Table 'Mirphak II' 6-max Seat #3 is the button
Seat 1: Manifestorr ($100 in chips) 
Seat 2: andutu34 ($146.41 in chips) 
Seat 3: KeR888 ($101 in chips) 
Seat 4: Mr_Dick666 ($116.36 in chips) 
Seat 5: teddybear945 ($56.91 in chips) 
Seat 6: steepfell ($109.54 in chips) 
Mr_Dick666: posts small blind $0.50
teddybear945: posts big blind $1
*** HOLE CARDS ***
steepfell: folds 
Manifestorr: folds 
andutu34: folds 
KeR888: raises $1.50 to $2.50
Mr_Dick666: folds 
teddybear945: raises $1.50 to $4
KeR888: calls $1.50
*** FLOP *** [2s 9h Kh]
teddybear945: checks 
KeR888: checks 
*** TURN *** [2s 9h Kh] [Js]
teddybear945: checks 
KeR888: bets $4.04
teddybear945: folds 
Uncalled bet ($4.04) returned to KeR888
KeR888 collected $8.08 from pot
KeR888: doesn't show hand 
*** SUMMARY ***
Total pot $8.50 | Rake $0.42 
Board [2s 9h Kh Js]
Seat 1: Manifestorr folded before Flop (didn't bet)
Seat 2: andutu34 folded before Flop (didn't bet)
Seat 3: KeR888 (button) collected ($8.08)
Seat 4: Mr_Dick666 (small blind) folded before Flop
Seat 5: teddybear945 (big blind) folded on the Turn
Seat 6: steepfell folded before Flop (didn't bet)



PokerStars Hand #254237256381:  Hold'em No Limit ($0.50/$1.00 USD) - 2025/01/06 23:24:14 WET [2025/01/06 18:24:14 ET]
Table 'Mirphak II' 6-max Seat #4 is the button
Seat 1: Manifestorr ($100 in chips) 
Seat 2: andutu34 ($146.41 in chips) 
Seat 3: KeR888 ($105.08 in chips) 
Seat 4: Mr_Dick666 ($115.86 in chips) 
Seat 5: teddybear945 ($52.91 in chips) 
Seat 6: steepfell ($109.54 in chips) 
teddybear945: posts small blind $0.50
steepfell: posts big blind $1
*** HOLE CARDS ***
Manifestorr: folds 
andutu34: folds 
KeR888: folds 
Mr_Dick666: folds 
teddybear945: calls $0.50
steepfell: checks 
*** FLOP *** [8s Kd Ad]
teddybear945: checks 
steepfell: checks 
*** TURN *** [8s Kd Ad] [9c]
teddybear945: checks 
steepfell: checks 
*** RIVER *** [8s Kd Ad 9c] [6c]
teddybear945: checks 
steepfell: checks 
*** SHOW DOWN ***
teddybear945: shows [Jd 7h] (high card Ace)
steepfell: shows [Jc 6s] (a pair of Sixes)
steepfell collected $1.90 from pot
*** SUMMARY ***
Total pot $2 | Rake $0.10 
Board [8s Kd Ad 9c 6c]
Seat 1: Manifestorr folded before Flop (didn't bet)
Seat 2: andutu34 folded before Flop (didn't bet)
Seat 3: KeR888 folded before Flop (didn't bet)
Seat 4: Mr_Dick666 (button) folded before Flop (didn't bet)
Seat 5: teddybear945 (small blind) showed [Jd 7h] and lost with high card Ace
Seat 6: steepfell (big blind) showed [Jc 6s] and won ($1.90) with a pair of Sixes



PokerStars Hand #254237269995:  Hold'em No Limit ($0.50/$1.00 USD) - 2025/01/06 23:25:04 WET [2025/01/06 18:25:04 ET]
Table 'Mirphak II' 6-max Seat #5 is the button
Seat 1: Manifestorr ($100 in chips) 
Seat 2: andutu34 ($146.41 in chips) 
Seat 3: KeR888 ($105.08 in chips) 
Seat 4: Mr_Dick666 ($115.86 in chips) 
Seat 5: teddybear945 ($51.91 in chips) 
Seat 6: steepfell ($110.44 in chips) 
steepfell: posts small blind $0.50
Manifestorr: posts big blind $1
*** HOLE CARDS ***
andutu34: folds 
KeR888: raises $1.50 to $2.50
Mr_Dick666: folds 
teddybear945: folds 
steepfell: folds 
Manifestorr: calls $1.50
*** FLOP *** [5d Ac 7d]
Manifestorr: checks 
KeR888: bets $1.31
Manifestorr: folds 
Uncalled bet ($1.31) returned to KeR888
KeR888 collected $5.22 from pot
KeR888: doesn't show hand 
*** SUMMARY ***
Total pot $5.50 | Rake $0.28 
Board [5d Ac 7d]
Seat 1: Manifestorr (big blind) folded on the Flop
Seat 2: andutu34 folded before Flop (didn't bet)
Seat 3: KeR888 collected ($5.22)
Seat 4: Mr_Dick666 folded before Flop (didn't bet)
Seat 5: teddybear945 (button) folded before Flop (didn't bet)
Seat 6: steepfell (small blind) folded before Flop



PokerStars Hand #254237276451:  Hold'em No Limit ($0.50/$1.00 USD) - 2025/01/06 23:25:28 WET [2025/01/06 18:25:28 ET]
Table 'Mirphak II' 6-max Seat #6 is the button
Seat 2: andutu34 ($146.41 in chips) is sitting out
Seat 1: Manifestorr ($100 in chips) 
Seat 3: KeR888 ($107.80 in chips) 
Seat 4: Mr_Dick666 ($115.86 in chips) 
Seat 5: teddybear945 ($51.91 in chips) 
Seat 6: steepfell ($109.94 in chips) 
Manifestorr: posts small blind $0.50
andutu34: is sitting out 
KeR888: posts big blind $1
*** HOLE CARDS ***
Mr_Dick666: folds 
teddybear945: folds 
steepfell: folds 
Manifestorr: folds 
Uncalled bet ($0.50) returned to KeR888
KeR888 collected $1 from pot
KeR888: doesn't show hand 
*** SUMMARY ***
Total pot $1 | Rake $0 
Seat 2: andutu34
Seat 1: Manifestorr (small blind) folded before Flop
Seat 3: KeR888 (big blind) collected ($1)
Seat 4: Mr_Dick666 folded before Flop (didn't bet)
Seat 5: teddybear945 folded before Flop (didn't bet)
Seat 6: steepfell (button) folded before Flop (didn't bet)



PokerStars Hand #254237281822:  Hold'em No Limit ($0.50/$1.00 USD) - 2025/01/06 23:25:47 WET [2025/01/06 18:25:47 ET]
Table 'Mirphak II' 6-max Seat #1 is the button
Seat 2: andutu34 ($146.41 in chips) is sitting out
Seat 1: Manifestorr ($100 in chips) 
Seat 3: KeR888 ($108.30 in chips) 
Seat 4: Mr_Dick666 ($115.86 in chips) 
Seat 5: teddybear945 ($51.91 in chips) 
Seat 6: steepfell ($109.94 in chips) 
KeR888: posts small blind $0.50
Mr_Dick666: posts big blind $1
*** HOLE CARDS ***
teddybear945: calls $1
steepfell: folds 
Manifestorr: folds 
KeR888: calls $0.50
Mr_Dick666: checks 
*** FLOP *** [Ac Td Ah]
KeR888: checks 
Mr_Dick666: checks 
teddybear945: checks 
*** TURN *** [Ac Td Ah] [3c]
KeR888: checks 
Mr_Dick666: checks 
teddybear945: bets $1
KeR888: folds 
Mr_Dick666: folds 
Uncalled bet ($1) returned to teddybear945
teddybear945 collected $2.85 from pot
*** SUMMARY ***
Total pot $3 | Rake $0.15 
Board [Ac Td Ah 3c]
Seat 2: andutu34
Seat 1: Manifestorr (button) folded before Flop (didn't bet)
Seat 3: KeR888 (small blind) folded on the Turn
Seat 4: Mr_Dick666 (big blind) folded on the Turn
Seat 5: teddybear945 collected ($2.85)
Seat 6: steepfell folded before Flop (didn't bet)



PokerStars Hand #254237296535:  Hold'em No Limit ($0.50/$1.00 USD) - 2025/01/06 23:26:41 WET [2025/01/06 18:26:41 ET]
Table 'Mirphak II' 6-max Seat #3 is the button
Seat 2: andutu34 ($146.41 in chips) is sitting out
Seat 1: Manifestorr ($100 in chips) 
Seat 3: KeR888 ($107.30 in chips) 
Seat 4: Mr_Dick666 ($114.86 in chips) 
Seat 5: teddybear945 ($53.76 in chips) 
Seat 6: steepfell ($109.94 in chips) 
Mr_Dick666: posts small blind $0.50
teddybear945: posts big blind $1
*** HOLE CARDS ***
steepfell: folds 
Manifestorr: folds 
KeR888: raises $1.50 to $2.50
Mr_Dick666: folds 
teddybear945: calls $1.50
*** FLOP *** [6d Jd Td]
teddybear945: checks 
KeR888: bets $1.31
teddybear945: calls $1.31
*** TURN *** [6d Jd Td] [Jh]
teddybear945: checks 
KeR888: checks 
*** RIVER *** [6d Jd Td Jh] [7s]
teddybear945: bets $1
KeR888: folds 
Uncalled bet ($1) returned to teddybear945
teddybear945 collected $7.71 from pot
*** SUMMARY ***
Total pot $8.12 | Rake $0.41 
Board [6d Jd Td Jh 7s]
Seat 2: andutu34
Seat 1: Manifestorr folded before Flop (didn't bet)
Seat 3: KeR888 (button) folded on the River
Seat 4: Mr_Dick666 (small blind) folded before Flop
Seat 5: teddybear945 (big blind) collected ($7.71)
Seat 6: steepfell folded before Flop (didn't bet)



PokerStars Hand #254237307452:  Hold'em No Limit ($0.50/$1.00 USD) - 2025/01/06 23:27:21 WET [2025/01/06 18:27:21 ET]
Table 'Mirphak II' 6-max Seat #4 is the button
Seat 2: andutu34 ($146.41 in chips) is sitting out
Seat 1: Manifestorr ($100 in chips) 
Seat 3: KeR888 ($103.49 in chips) 
Seat 4: Mr_Dick666 ($114.36 in chips) 
Seat 5: teddybear945 ($57.66 in chips) 
Seat 6: steepfell ($109.94 in chips) 
teddybear945: posts small blind $0.50
steepfell: posts big blind $1
andutu34: sits out 
*** HOLE CARDS ***
Manifestorr: raises $1.20 to $2.20
KeR888: folds 
Mr_Dick666: calls $2.20
teddybear945: calls $1.70
steepfell: calls $1.20
*** FLOP *** [4s Kc 2h]
teddybear945: bets $4.18
steepfell: folds 
Manifestorr: calls $4.18
Mr_Dick666: folds 
*** TURN *** [4s Kc 2h] [8d]
teddybear945: checks 
Manifestorr: bets $12.23
teddybear945: folds 
Uncalled bet ($12.23) returned to Manifestorr
Manifestorr collected $16.30 from pot
*** SUMMARY ***
Total pot $17.16 | Rake $0.86 
Board [4s Kc 2h 8d]
Seat 2: andutu34
Seat 1: Manifestorr collected ($16.30)
Seat 3: KeR888 folded before Flop (didn't bet)
Seat 4: Mr_Dick666 (button) folded on the Flop
Seat 5: teddybear945 (small blind) folded on the Turn
Seat 6: steepfell (big blind) folded on the Flop



PokerStars Hand #254237324569:  Hold'em No Limit ($0.50/$1.00 USD) - 2025/01/06 23:28:24 WET [2025/01/06 18:28:24 ET]
Table 'Mirphak II' 6-max Seat #5 is the button
Seat 2: andutu34 ($146.41 in chips) is sitting out
Seat 1: Manifestorr ($109.92 in chips) 
Seat 3: KeR888 ($103.49 in chips) 
Seat 4: Mr_Dick666 ($112.16 in chips) 
Seat 5: teddybear945 ($51.28 in chips) 
Seat 6: steepfell ($107.74 in chips) 
steepfell: posts small blind $0.50
Manifestorr: posts big blind $1
andutu34: sits out 
*** HOLE CARDS ***
KeR888: folds 
Mr_Dick666: raises $1.50 to $2.50
teddybear945: calls $2.50
steepfell: folds 
Manifestorr: folds 
*** FLOP *** [2c Qs Jh]
Mr_Dick666: checks 
teddybear945: checks 
*** TURN *** [2c Qs Jh] [Jc]
Mr_Dick666: bets $3.09
teddybear945: folds 
Uncalled bet ($3.09) returned to Mr_Dick666
Mr_Dick666 collected $6.18 from pot
Mr_Dick666: doesn't show hand 
*** SUMMARY ***
Total pot $6.50 | Rake $0.32 
Board [2c Qs Jh Jc]
Seat 2: andutu34
Seat 1: Manifestorr (big blind) folded before Flop
Seat 3: KeR888 folded before Flop (didn't bet)
Seat 4: Mr_Dick666 collected ($6.18)
Seat 5: teddybear945 (button) folded on the Turn
Seat 6: steepfell (small blind) folded before Flop



PokerStars Hand #254237330466:  Hold'em No Limit ($0.50/$1.00 USD) - 2025/01/06 23:28:46 WET [2025/01/06 18:28:46 ET]
Table 'Mirphak II' 6-max Seat #6 is the button
Seat 1: Manifestorr ($108.92 in chips) 
Seat 2: andutu34 ($146.41 in chips) 
Seat 3: KeR888 ($103.49 in chips) 
Seat 4: Mr_Dick666 ($115.84 in chips) 
Seat 5: teddybear945 ($48.78 in chips) 
Seat 6: steepfell ($107.24 in chips) 
Manifestorr: posts small blind $0.50
andutu34: posts big blind $1
*** HOLE CARDS ***
KeR888: folds 
Mr_Dick666: folds 
teddybear945: folds 
steepfell: raises $1.50 to $2.50
Manifestorr: folds 
andutu34: folds 
Uncalled bet ($1.50) returned to steepfell
steepfell collected $2.50 from pot
steepfell: doesn't show hand 
*** SUMMARY ***
Total pot $2.50 | Rake $0 
Seat 1: Manifestorr (small blind) folded before Flop
Seat 2: andutu34 (big blind) folded before Flop
Seat 3: KeR888 folded before Flop (didn't bet)
Seat 4: Mr_Dick666 folded before Flop (didn't bet)
Seat 5: teddybear945 folded before Flop (didn't bet)
Seat 6: steepfell (button) collected ($2.50)



PokerStars Hand #254237334274:  Hold'em No Limit ($0.50/$1.00 USD) - 2025/01/06 23:29:01 WET [2025/01/06 18:29:01 ET]
Table 'Mirphak II' 6-max Seat #1 is the button
Seat 1: Manifestorr ($108.42 in chips) 
Seat 2: andutu34 ($145.41 in chips) 
Seat 3: KeR888 ($103.49 in chips) 
Seat 4: Mr_Dick666 ($115.84 in chips) 
Seat 5: teddybear945 ($48.78 in chips) 
Seat 6: steepfell ($108.74 in chips) 
andutu34: posts small blind $0.50
KeR888: posts big blind $1
*** HOLE CARDS ***
Mr_Dick666: folds 
teddybear945: folds 
steepfell: folds 
Manifestorr: raises $1.20 to $2.20
andutu34: folds 
KeR888: folds 
Uncalled bet ($1.20) returned to Manifestorr
Manifestorr collected $2.50 from pot
*** SUMMARY ***
Total pot $2.50 | Rake $0 
Seat 1: Manifestorr (button) collected ($2.50)
Seat 2: andutu34 (small blind) folded before Flop
Seat 3: KeR888 (big blind) folded before Flop
Seat 4: Mr_Dick666 folded before Flop (didn't bet)
Seat 5: teddybear945 folded before Flop (didn't bet)
Seat 6: steepfell folded before Flop (didn't bet)



PokerStars Hand #254237337733:  Hold'em No Limit ($0.50/$1.00 USD) - 2025/01/06 23:29:14 WET [2025/01/06 18:29:14 ET]
Table 'Mirphak II' 6-max Seat #2 is the button
Seat 1: Manifestorr ($109.92 in chips) 
Seat 2: andutu34 ($144.91 in chips) 
Seat 3: KeR888 ($102.49 in chips) 
Seat 4: Mr_Dick666 ($115.84 in chips) 
Seat 5: teddybear945 ($48.78 in chips) 
Seat 6: steepfell ($108.74 in chips) 
KeR888: posts small blind $0.50
Mr_Dick666: posts big blind $1
*** HOLE CARDS ***
teddybear945: folds 
steepfell: folds 
Manifestorr: folds 
andutu34: folds 
KeR888: folds 
Uncalled bet ($0.50) returned to Mr_Dick666
Mr_Dick666 collected $1 from pot
Mr_Dick666: doesn't show hand 
*** SUMMARY ***
Total pot $1 | Rake $0 
Seat 1: Manifestorr folded before Flop (didn't bet)
Seat 2: andutu34 (button) folded before Flop (didn't bet)
Seat 3: KeR888 (small blind) folded before Flop
Seat 4: Mr_Dick666 (big blind) collected ($1)
Seat 5: teddybear945 folded before Flop (didn't bet)
Seat 6: steepfell folded before Flop (didn't bet)



PokerStars Hand #254237341000:  Hold'em No Limit ($0.50/$1.00 USD) - 2025/01/06 23:29:26 WET [2025/01/06 18:29:26 ET]
Table 'Mirphak II' 6-max Seat #3 is the button
Seat 1: Manifestorr ($109.92 in chips) 
Seat 2: andutu34 ($144.91 in chips) 
Seat 3: KeR888 ($101.99 in chips) 
Seat 4: Mr_Dick666 ($116.34 in chips) 
Seat 5: teddybear945 ($48.78 in chips) 
Seat 6: steepfell ($108.74 in chips) 
Mr_Dick666: posts small blind $0.50
teddybear945: posts big blind $1
*** HOLE CARDS ***
steepfell: folds 
Manifestorr: raises $1.20 to $2.20
andutu34: raises $5.02 to $7.22
KeR888: folds 
Mr_Dick666: folds 
teddybear945: calls $6.22
Manifestorr: calls $5.02
*** FLOP *** [Tc Kc 7s]
teddybear945: bets $10.53
Manifestorr: calls $10.53
andutu34: folds 
*** TURN *** [Tc Kc 7s] [7h]
teddybear945: checks 
Manifestorr: checks 
*** RIVER *** [Tc Kc 7s 7h] [As]
teddybear945: checks 
Manifestorr: bets $20.53
teddybear945: folds 
Uncalled bet ($20.53) returned to Manifestorr
Manifestorr collected $41.06 from pot
*** SUMMARY ***
Total pot $43.22 | Rake $2.16 
Board [Tc Kc 7s 7h As]
Seat 1: Manifestorr collected ($41.06)
Seat 2: andutu34 folded on the Flop
Seat 3: KeR888 (button) folded before Flop (didn't bet)
Seat 4: Mr_Dick666 (small blind) folded before Flop
Seat 5: teddybear945 (big blind) folded on the River
Seat 6: steepfell folded before Flop (didn't bet)



PokerStars Hand #254237364519:  Hold'em No Limit ($0.50/$1.00 USD) - 2025/01/06 23:30:53 WET [2025/01/06 18:30:53 ET]
Table 'Mirphak II' 6-max Seat #4 is the button
Seat 1: Manifestorr ($133.23 in chips) 
Seat 2: andutu34 ($137.69 in chips) 
Seat 3: KeR888 ($101.99 in chips) 
Seat 4: Mr_Dick666 ($115.84 in chips) 
Seat 5: teddybear945 ($31.03 in chips) 
Seat 6: steepfell ($108.74 in chips) 
teddybear945: posts small blind $0.50
steepfell: posts big blind $1
*** HOLE CARDS ***
Manifestorr: folds 
andutu34: raises $1 to $2
KeR888: folds 
Mr_Dick666: folds 
teddybear945: folds 
steepfell: folds 
Uncalled bet ($1) returned to andutu34
andutu34 collected $2.50 from pot
*** SUMMARY ***
Total pot $2.50 | Rake $0 
Seat 1: Manifestorr folded before Flop (didn't bet)
Seat 2: andutu34 collected ($2.50)
Seat 3: KeR888 folded before Flop (didn't bet)
Seat 4: Mr_Dick666 (button) folded before Flop (didn't bet)
Seat 5: teddybear945 (small blind) folded before Flop
Seat 6: steepfell (big blind) folded before Flop



PokerStars Hand #254237367719:  Hold'em No Limit ($0.50/$1.00 USD) - 2025/01/06 23:31:05 WET [2025/01/06 18:31:05 ET]
Table 'Mirphak II' 6-max Seat #5 is the button
Seat 1: Manifestorr ($133.23 in chips) 
Seat 2: andutu34 ($139.19 in chips) 
Seat 3: KeR888 ($101.99 in chips) 
Seat 4: Mr_Dick666 ($115.84 in chips) 
Seat 5: teddybear945 ($30.53 in chips) 
Seat 6: steepfell ($107.74 in chips) 
steepfell: posts small blind $0.50
Manifestorr: posts big blind $1
*** HOLE CARDS ***
andutu34: folds 
KeR888: folds 
Mr_Dick666: folds 
teddybear945: calls $1
steepfell: folds 
Manifestorr: checks 
*** FLOP *** [Th 2c 3h]
Manifestorr: checks 
teddybear945: checks 
*** TURN *** [Th 2c 3h] [9h]
Manifestorr: checks 
teddybear945: checks 
*** RIVER *** [Th 2c 3h 9h] [7d]
Manifestorr: bets $1
teddybear945: folds 
Uncalled bet ($1) returned to Manifestorr
Manifestorr collected $2.38 from pot
*** SUMMARY ***
Total pot $2.50 | Rake $0.12 
Board [Th 2c 3h 9h 7d]
Seat 1: Manifestorr (big blind) collected ($2.38)
Seat 2: andutu34 folded before Flop (didn't bet)
Seat 3: KeR888 folded before Flop (didn't bet)
Seat 4: Mr_Dick666 folded before Flop (didn't bet)
Seat 5: teddybear945 (button) folded on the River
Seat 6: steepfell (small blind) folded before Flop



PokerStars Hand #254237377730:  Hold'em No Limit ($0.50/$1.00 USD) - 2025/01/06 23:31:43 WET [2025/01/06 18:31:43 ET]
Table 'Mirphak II' 6-max Seat #6 is the button
Seat 1: Manifestorr ($134.61 in chips) 
Seat 2: andutu34 ($139.19 in chips) 
Seat 3: KeR888 ($101.99 in chips) 
Seat 4: Mr_Dick666 ($115.84 in chips) 
Seat 5: teddybear945 ($29.53 in chips) 
Seat 6: steepfell ($107.24 in chips) 
Manifestorr: posts small blind $0.50
andutu34: posts big blind $1
*** HOLE CARDS ***
KeR888: folds 
Mr_Dick666: raises $1 to $2
teddybear945: calls $2
steepfell: folds 
Manifestorr: folds 
andutu34: folds 
*** FLOP *** [Kh Jh Jd]
Mr_Dick666: checks 
teddybear945: checks 
*** TURN *** [Kh Jh Jd] [3c]
Mr_Dick666: checks 
teddybear945: checks 
*** RIVER *** [Kh Jh Jd 3c] [6s]
Mr_Dick666: bets $1.72
teddybear945: calls $1.72
*** SHOW DOWN ***
Mr_Dick666: shows [Kc Kd] (a full house, Kings full of Jacks)
teddybear945: mucks hand 
Mr_Dick666 collected $8.49 from pot
*** SUMMARY ***
Total pot $8.94 | Rake $0.45 
Board [Kh Jh Jd 3c 6s]
Seat 1: Manifestorr (small blind) folded before Flop
Seat 2: andutu34 (big blind) folded before Flop
Seat 3: KeR888 folded before Flop (didn't bet)
Seat 4: Mr_Dick666 showed [Kc Kd] and won ($8.49) with a full house, Kings full of Jacks
Seat 5: teddybear945 mucked
Seat 6: steepfell (button) folded before Flop (didn't bet)



PokerStars Hand #254237388083:  Hold'em No Limit ($0.50/$1.00 USD) - 2025/01/06 23:32:22 WET [2025/01/06 18:32:22 ET]
Table 'Mirphak II' 6-max Seat #1 is the button
Seat 1: Manifestorr ($134.11 in chips) 
Seat 2: andutu34 ($138.19 in chips) 
Seat 3: KeR888 ($101.99 in chips) 
Seat 4: Mr_Dick666 ($120.61 in chips) 
Seat 5: teddybear945 ($25.81 in chips) 
Seat 6: steepfell ($107.24 in chips) 
andutu34: posts small blind $0.50
KeR888: posts big blind $1
*** HOLE CARDS ***
Mr_Dick666: raises $1 to $2
teddybear945: folds 
steepfell: folds 
Manifestorr: folds 
andutu34: folds 
KeR888: folds 
Uncalled bet ($1) returned to Mr_Dick666
Mr_Dick666 collected $2.50 from pot
Mr_Dick666: doesn't show hand 
*** SUMMARY ***
Total pot $2.50 | Rake $0 
Seat 1: Manifestorr (button) folded before Flop (didn't bet)
Seat 2: andutu34 (small blind) folded before Flop
Seat 3: KeR888 (big blind) folded before Flop
Seat 4: Mr_Dick666 collected ($2.50)
Seat 5: teddybear945 folded before Flop (didn't bet)
Seat 6: steepfell folded before Flop (didn't bet)



PokerStars Hand #254237393010:  Hold'em No Limit ($0.50/$1.00 USD) - 2025/01/06 23:32:40 WET [2025/01/06 18:32:40 ET]
Table 'Mirphak II' 6-max Seat #2 is the button
Seat 1: Manifestorr ($134.11 in chips) 
Seat 2: andutu34 ($137.69 in chips) 
Seat 3: KeR888 ($100.99 in chips) 
Seat 4: Mr_Dick666 ($122.11 in chips) 
Seat 5: teddybear945 ($25.81 in chips) 
Seat 6: steepfell ($107.24 in chips) 
KeR888: posts small blind $0.50
Mr_Dick666: posts big blind $1
*** HOLE CARDS ***
teddybear945: calls $1
steepfell: folds 
Manifestorr: folds 
andutu34: folds 
KeR888: folds 
Mr_Dick666: checks 
*** FLOP *** [3s Ac 6s]
Mr_Dick666: checks 
teddybear945: checks 
*** TURN *** [3s Ac 6s] [9c]
Mr_Dick666: bets $1.19
teddybear945: raises $1.19 to $2.38
Mr_Dick666: folds 
Uncalled bet ($1.19) returned to teddybear945
teddybear945 collected $4.64 from pot
*** SUMMARY ***
Total pot $4.88 | Rake $0.24 
Board [3s Ac 6s 9c]
Seat 1: Manifestorr folded before Flop (didn't bet)
Seat 2: andutu34 (button) folded before Flop (didn't bet)
Seat 3: KeR888 (small blind) folded before Flop
Seat 4: Mr_Dick666 (big blind) folded on the Turn
Seat 5: teddybear945 collected ($4.64)
Seat 6: steepfell folded before Flop (didn't bet)



PokerStars Hand #254237400361:  Hold'em No Limit ($0.50/$1.00 USD) - 2025/01/06 23:33:07 WET [2025/01/06 18:33:07 ET]
Table 'Mirphak II' 6-max Seat #3 is the button
Seat 1: Manifestorr ($134.11 in chips) 
Seat 2: andutu34 ($137.69 in chips) 
Seat 3: KeR888 ($100.49 in chips) 
Seat 4: Mr_Dick666 ($119.92 in chips) 
Seat 5: teddybear945 ($28.26 in chips) 
Seat 6: steepfell ($107.24 in chips) 
Mr_Dick666: posts small blind $0.50
teddybear945: posts big blind $1
*** HOLE CARDS ***
steepfell: folds 
Manifestorr: folds 
andutu34: raises $1.30 to $2.30
KeR888: raises $5.20 to $7.50
Mr_Dick666: folds 
teddybear945: calls $6.50
andutu34: folds 
*** FLOP *** [Kd 3h 3d]
teddybear945: checks 
KeR888: checks 
*** TURN *** [Kd 3h 3d] [2d]
teddybear945: checks 
KeR888: checks 
*** RIVER *** [Kd 3h 3d 2d] [6c]
teddybear945: checks 
KeR888: checks 
*** SHOW DOWN ***
teddybear945: shows [3s Ks] (a full house, Threes full of Kings)
KeR888: mucks hand 
teddybear945 collected $16.91 from pot
*** SUMMARY ***
Total pot $17.80 | Rake $0.89 
Board [Kd 3h 3d 2d 6c]
Seat 1: Manifestorr folded before Flop (didn't bet)
Seat 2: andutu34 folded before Flop
Seat 3: KeR888 (button) mucked
Seat 4: Mr_Dick666 (small blind) folded before Flop
Seat 5: teddybear945 (big blind) showed [3s Ks] and won ($16.91) with a full house, Threes full of Kings
Seat 6: steepfell folded before Flop (didn't bet)



PokerStars Hand #254237414991:  Hold'em No Limit ($0.50/$1.00 USD) - 2025/01/06 23:34:02 WET [2025/01/06 18:34:02 ET]
Table 'Mirphak II' 6-max Seat #4 is the button
Seat 1: Manifestorr ($134.11 in chips) 
Seat 2: andutu34 ($135.39 in chips) 
Seat 3: KeR888 ($100 in chips) 
Seat 4: Mr_Dick666 ($119.42 in chips) 
Seat 5: teddybear945 ($37.67 in chips) 
Seat 6: steepfell ($107.24 in chips) 
teddybear945: posts small blind $0.50
steepfell: posts big blind $1
*** HOLE CARDS ***
Manifestorr: folds 
andutu34: folds 
KeR888: raises $1.50 to $2.50
Mr_Dick666: folds 
teddybear945: calls $2
steepfell: folds 
*** FLOP *** [Qh Ad 7h]
teddybear945: checks 
KeR888: bets $1.43
teddybear945: raises $1.43 to $2.86
KeR888: calls $1.43
*** TURN *** [Qh Ad 7h] [3h]
teddybear945: checks 
KeR888: bets $8.35
teddybear945: calls $8.35
*** RIVER *** [Qh Ad 7h 3h] [2s]
teddybear945: checks 
KeR888: checks 
*** SHOW DOWN ***
teddybear945: shows [4h 9s] (high card Ace)
KeR888: shows [Kh Td] (high card Ace - King kicker)
KeR888 collected $27 from pot
*** SUMMARY ***
Total pot $28.42 | Rake $1.42 
Board [Qh Ad 7h 3h 2s]
Seat 1: Manifestorr folded before Flop (didn't bet)
Seat 2: andutu34 folded before Flop (didn't bet)
Seat 3: KeR888 showed [Kh Td] and won ($27) with high card Ace
Seat 4: Mr_Dick666 (button) folded before Flop (didn't bet)
Seat 5: teddybear945 (small blind) showed [4h 9s] and lost with high card Ace
Seat 6: steepfell (big blind) folded before Flop



PokerStars Hand #254237428631:  Hold'em No Limit ($0.50/$1.00 USD) - 2025/01/06 23:34:54 WET [2025/01/06 18:34:54 ET]
Table 'Mirphak II' 6-max Seat #5 is the button
Seat 1: Manifestorr ($134.11 in chips) 
Seat 2: andutu34 ($135.39 in chips) 
Seat 3: KeR888 ($113.29 in chips) 
Seat 4: Mr_Dick666 ($119.42 in chips) 
Seat 5: teddybear945 ($23.96 in chips) 
Seat 6: steepfell ($106.24 in chips) 
steepfell: posts small blind $0.50
Manifestorr: posts big blind $1
*** HOLE CARDS ***
andutu34: folds 
KeR888: folds 
Mr_Dick666: raises $1.50 to $2.50
teddybear945: folds 
steepfell: folds 
Manifestorr: folds 
Uncalled bet ($1.50) returned to Mr_Dick666
Mr_Dick666 collected $2.50 from pot
Mr_Dick666: doesn't show hand 
*** SUMMARY ***
Total pot $2.50 | Rake $0 
Seat 1: Manifestorr (big blind) folded before Flop
Seat 2: andutu34 folded before Flop (didn't bet)
Seat 3: KeR888 folded before Flop (didn't bet)
Seat 4: Mr_Dick666 collected ($2.50)
Seat 5: teddybear945 (button) folded before Flop (didn't bet)
Seat 6: steepfell (small blind) folded before Flop



PokerStars Hand #254237431834:  Hold'em No Limit ($0.50/$1.00 USD) - 2025/01/06 23:35:06 WET [2025/01/06 18:35:06 ET]
Table 'Mirphak II' 6-max Seat #6 is the button
Seat 1: Manifestorr ($133.11 in chips) 
Seat 2: andutu34 ($135.39 in chips) 
Seat 3: KeR888 ($113.29 in chips) 
Seat 4: Mr_Dick666 ($120.92 in chips) 
Seat 5: teddybear945 ($23.96 in chips) 
Seat 6: steepfell ($105.74 in chips) 
Manifestorr: posts small blind $0.50
andutu34: posts big blind $1
*** HOLE CARDS ***
KeR888: raises $1.20 to $2.20
Mr_Dick666: folds 
teddybear945: folds 
steepfell: folds 
Manifestorr: folds 
andutu34: folds 
Uncalled bet ($1.20) returned to KeR888
KeR888 collected $2.50 from pot
KeR888: doesn't show hand 
*** SUMMARY ***
Total pot $2.50 | Rake $0 
Seat 1: Manifestorr (small blind) folded before Flop
Seat 2: andutu34 (big blind) folded before Flop
Seat 3: KeR888 collected ($2.50)
Seat 4: Mr_Dick666 folded before Flop (didn't bet)
Seat 5: teddybear945 folded before Flop (didn't bet)
Seat 6: steepfell (button) folded before Flop (didn't bet)



PokerStars Hand #254237435998:  Hold'em No Limit ($0.50/$1.00 USD) - 2025/01/06 23:35:22 WET [2025/01/06 18:35:22 ET]
Table 'Mirphak II' 6-max Seat #1 is the button
Seat 1: Manifestorr ($132.61 in chips) 
Seat 2: andutu34 ($134.39 in chips) 
Seat 3: KeR888 ($114.79 in chips) 
Seat 4: Mr_Dick666 ($120.92 in chips) 
Seat 5: teddybear945 ($23.96 in chips) 
Seat 6: steepfell ($105.74 in chips) 
andutu34: posts small blind $0.50
KeR888: posts big blind $1
*** HOLE CARDS ***
Mr_Dick666: folds 
teddybear945: calls $1
steepfell: folds 
Manifestorr: folds 
andutu34: folds 
KeR888: checks 
*** FLOP *** [Qc 3s Qh]
KeR888: bets $1.19
teddybear945: raises $1.19 to $2.38
KeR888: calls $1.19
*** TURN *** [Qc 3s Qh] [8h]
KeR888: checks 
teddybear945: checks 
*** RIVER *** [Qc 3s Qh 8h] [Ac]
KeR888: checks 
teddybear945: bets $6.90
KeR888: folds 
Uncalled bet ($6.90) returned to teddybear945
teddybear945 collected $6.90 from pot
*** SUMMARY ***
Total pot $7.26 | Rake $0.36 
Board [Qc 3s Qh 8h Ac]
Seat 1: Manifestorr (button) folded before Flop (didn't bet)
Seat 2: andutu34 (small blind) folded before Flop
Seat 3: KeR888 (big blind) folded on the River
Seat 4: Mr_Dick666 folded before Flop (didn't bet)
Seat 5: teddybear945 collected ($6.90)
Seat 6: steepfell folded before Flop (didn't bet)



PokerStars Hand #254237445366:  Hold'em No Limit ($0.50/$1.00 USD) - 2025/01/06 23:35:57 WET [2025/01/06 18:35:57 ET]
Table 'Mirphak II' 6-max Seat #2 is the button
Seat 4: Mr_Dick666 ($120.92 in chips) is sitting out
Seat 1: Manifestorr ($132.61 in chips) 
Seat 2: andutu34 ($133.89 in chips) 
Seat 3: KeR888 ($111.41 in chips) 
Seat 5: teddybear945 ($27.48 in chips) 
Seat 6: steepfell ($105.74 in chips) 
KeR888: posts small blind $0.50
Mr_Dick666: is sitting out 
teddybear945: posts big blind $1
*** HOLE CARDS ***
steepfell: folds 
Mr_Dick666 leaves the table
Manifestorr: folds 
andutu34: folds 
KeR888: folds 
Uncalled bet ($0.50) returned to teddybear945
teddybear945 collected $1 from pot
*** SUMMARY ***
Total pot $1 | Rake $0 
Seat 4: Mr_Dick666
Seat 1: Manifestorr folded before Flop (didn't bet)
Seat 2: andutu34 (button) folded before Flop (didn't bet)
Seat 3: KeR888 (small blind) folded before Flop
Seat 5: teddybear945 (big blind) collected ($1)
Seat 6: steepfell folded before Flop (didn't bet)



PokerStars Hand #254237448360:  Hold'em No Limit ($0.50/$1.00 USD) - 2025/01/06 23:36:09 WET [2025/01/06 18:36:09 ET]
Table 'Mirphak II' 6-max Seat #3 is the button
Seat 1: Manifestorr ($132.61 in chips) 
Seat 2: andutu34 ($133.89 in chips) 
Seat 3: KeR888 ($110.91 in chips) 
Seat 5: teddybear945 ($27.98 in chips) 
Seat 6: steepfell ($105.74 in chips) 
teddybear945: posts small blind $0.50
steepfell: posts big blind $1
*** HOLE CARDS ***
Manifestorr: folds 
andutu34: folds 
KeR888: raises $1.50 to $2.50
teddybear945: calls $2
steepfell: calls $1.50
*** FLOP *** [8s Td Ks]
teddybear945: checks 
steepfell: checks 
KeR888: checks 
*** TURN *** [8s Td Ks] [Ah]
teddybear945: bets $1
steepfell: folds 
KeR888: calls $1
*** RIVER *** [8s Td Ks Ah] [9s]
teddybear945: bets $4.51
KeR888: calls $4.51
*** SHOW DOWN ***
teddybear945: shows [Js 2s] (a flush, King high)
KeR888: mucks hand 
teddybear945 collected $17.59 from pot
*** SUMMARY ***
Total pot $18.52 | Rake $0.93 
Board [8s Td Ks Ah 9s]
Seat 1: Manifestorr folded before Flop (didn't bet)
Seat 2: andutu34 folded before Flop (didn't bet)
Seat 3: KeR888 (button) mucked
Seat 5: teddybear945 (small blind) showed [Js 2s] and won ($17.59) with a flush, King high
Seat 6: steepfell (big blind) folded on the Turn



PokerStars Hand #254237458699:  Hold'em No Limit ($0.50/$1.00 USD) - 2025/01/06 23:36:47 WET [2025/01/06 18:36:47 ET]
Table 'Mirphak II' 6-max Seat #5 is the button
Seat 1: Manifestorr ($132.61 in chips) 
Seat 2: andutu34 ($133.89 in chips) 
Seat 3: KeR888 ($102.90 in chips) 
Seat 5: teddybear945 ($37.56 in chips) 
Seat 6: steepfell ($103.24 in chips) 
steepfell: posts small blind $0.50
Manifestorr: posts big blind $1
*** HOLE CARDS ***
andutu34: folds 
KeR888: folds 
teddybear945: folds 
steepfell: raises $2 to $3
Manifestorr: raises $6 to $9
steepfell: folds 
Uncalled bet ($6) returned to Manifestorr
Manifestorr collected $6 from pot
*** SUMMARY ***
Total pot $6 | Rake $0 
Seat 1: Manifestorr (big blind) collected ($6)
Seat 2: andutu34 folded before Flop (didn't bet)
Seat 3: KeR888 folded before Flop (didn't bet)
Seat 5: teddybear945 (button) folded before Flop (didn't bet)
Seat 6: steepfell (small blind) folded before Flop



PokerStars Hand #254237465915:  Hold'em No Limit ($0.50/$1.00 USD) - 2025/01/06 23:37:15 WET [2025/01/06 18:37:15 ET]
Table 'Mirphak II' 6-max Seat #6 is the button
Seat 1: Manifestorr ($135.61 in chips) 
Seat 2: andutu34 ($133.89 in chips) 
Seat 3: KeR888 ($102.90 in chips) 
Seat 5: teddybear945 ($37.56 in chips) 
Seat 6: steepfell ($100.24 in chips) 
Manifestorr: posts small blind $0.50
andutu34: posts big blind $1
*** HOLE CARDS ***
Mr_Dick666 joins the table at seat #4 
KeR888: folds 
teddybear945: calls $1
steepfell: folds 
Manifestorr: folds 
andutu34: checks 
*** FLOP *** [Td Ad 3h]
andutu34: checks 
teddybear945: checks 
*** TURN *** [Td Ad 3h] [Qs]
andutu34: checks 
teddybear945: bets $2.38
andutu34: folds 
Uncalled bet ($2.38) returned to teddybear945
teddybear945 collected $2.38 from pot
*** SUMMARY ***
Total pot $2.50 | Rake $0.12 
Board [Td Ad 3h Qs]
Seat 1: Manifestorr (small blind) folded before Flop
Seat 2: andutu34 (big blind) folded on the Turn
Seat 3: KeR888 folded before Flop (didn't bet)
Seat 5: teddybear945 collected ($2.38)
Seat 6: steepfell (button) folded before Flop (didn't bet)



PokerStars Hand #254237476466:  Hold'em No Limit ($0.50/$1.00 USD) - 2025/01/06 23:37:55 WET [2025/01/06 18:37:55 ET]
Table 'Mirphak II' 6-max Seat #1 is the button
Seat 4: Mr_Dick666 ($120.92 in chips) is sitting out
Seat 1: Manifestorr ($135.11 in chips) 
Seat 2: andutu34 ($132.89 in chips) 
Seat 3: KeR888 ($102.90 in chips) 
Seat 5: teddybear945 ($38.94 in chips) 
Seat 6: steepfell ($100.24 in chips) 
andutu34: posts small blind $0.50
KeR888: posts big blind $1
Mr_Dick666: sits out 
*** HOLE CARDS ***
teddybear945: folds 
steepfell: raises $1.50 to $2.50
Manifestorr: raises $5.50 to $8
andutu34: raises $124.89 to $132.89 and is all-in
KeR888: folds 
steepfell: folds 
Manifestorr: folds 
Uncalled bet ($124.89) returned to andutu34
andutu34 collected $19.50 from pot
andutu34: doesn't show hand 
*** SUMMARY ***
Total pot $19.50 | Rake $0 
Seat 4: Mr_Dick666
Seat 1: Manifestorr (button) folded before Flop
Seat 2: andutu34 (small blind) collected ($19.50)
Seat 3: KeR888 (big blind) folded before Flop
Seat 5: teddybear945 folded before Flop (didn't bet)
Seat 6: steepfell folded before Flop



PokerStars Hand #254237484479:  Hold'em No Limit ($0.50/$1.00 USD) - 2025/01/06 23:38:26 WET [2025/01/06 18:38:26 ET]
Table 'Mirphak II' 6-max Seat #2 is the button
Seat 1: Manifestorr ($127.11 in chips) 
Seat 2: andutu34 ($144.39 in chips) 
Seat 3: KeR888 ($101.90 in chips) 
Seat 4: Mr_Dick666 ($120.92 in chips) 
Seat 5: teddybear945 ($38.94 in chips) 
Seat 6: steepfell ($100 in chips) 
KeR888: posts small blind $0.50
Mr_Dick666: posts big blind $1
*** HOLE CARDS ***
teddybear945: folds 
steepfell: folds 
Manifestorr: folds 
andutu34: folds 
KeR888: raises $2 to $3
Mr_Dick666: raises $7 to $10
KeR888: calls $7
*** FLOP *** [As 4d Js]
KeR888: checks 
Mr_Dick666: checks 
*** TURN *** [As 4d Js] [3h]
KeR888: checks 
Mr_Dick666: bets $6.27
KeR888: raises $9.46 to $15.73
Mr_Dick666: calls $9.46
*** RIVER *** [As 4d Js 3h] [Tc]
KeR888: checks 
Mr_Dick666: checks 
*** SHOW DOWN ***
KeR888: shows [Ac 6c] (a pair of Aces)
Mr_Dick666: mucks hand 
KeR888 collected $48.96 from pot
*** SUMMARY ***
Total pot $51.46 | Rake $2.50 
Board [As 4d Js 3h Tc]
Seat 1: Manifestorr folded before Flop (didn't bet)
Seat 2: andutu34 (button) folded before Flop (didn't bet)
Seat 3: KeR888 (small blind) showed [Ac 6c] and won ($48.96) with a pair of Aces
Seat 4: Mr_Dick666 (big blind) mucked
Seat 5: teddybear945 folded before Flop (didn't bet)
Seat 6: steepfell folded before Flop (didn't bet)



PokerStars Hand #254237508038:  Hold'em No Limit ($0.50/$1.00 USD) - 2025/01/06 23:39:57 WET [2025/01/06 18:39:57 ET]
Table 'Mirphak II' 6-max Seat #3 is the button
Seat 1: Manifestorr ($127.11 in chips) 
Seat 2: andutu34 ($144.39 in chips) 
Seat 3: KeR888 ($125.13 in chips) 
Seat 4: Mr_Dick666 ($100 in chips) 
Seat 5: teddybear945 ($38.94 in chips) 
Seat 6: steepfell ($100 in chips) 
Mr_Dick666: posts small blind $0.50
teddybear945: posts big blind $1
*** HOLE CARDS ***
steepfell: folds 
Manifestorr: folds 
andutu34: folds 
KeR888: folds 
Mr_Dick666: folds 
Uncalled bet ($0.50) returned to teddybear945
teddybear945 collected $1 from pot
*** SUMMARY ***
Total pot $1 | Rake $0 
Seat 1: Manifestorr folded before Flop (didn't bet)
Seat 2: andutu34 folded before Flop (didn't bet)
Seat 3: KeR888 (button) folded before Flop (didn't bet)
Seat 4: Mr_Dick666 (small blind) folded before Flop
Seat 5: teddybear945 (big blind) collected ($1)
Seat 6: steepfell folded before Flop (didn't bet)



PokerStars Hand #254237511053:  Hold'em No Limit ($0.50/$1.00 USD) - 2025/01/06 23:40:09 WET [2025/01/06 18:40:09 ET]
Table 'Mirphak II' 6-max Seat #4 is the button
Seat 1: Manifestorr ($127.11 in chips) 
Seat 2: andutu34 ($144.39 in chips) 
Seat 3: KeR888 ($125.13 in chips) 
Seat 4: Mr_Dick666 ($100 in chips) 
Seat 5: teddybear945 ($39.44 in chips) 
Seat 6: steepfell ($100 in chips) 
teddybear945: posts small blind $0.50
steepfell: posts big blind $1
*** HOLE CARDS ***
Manifestorr: folds 
andutu34: raises $1 to $2
KeR888: folds 
Mr_Dick666: folds 
teddybear945: calls $1.50
steepfell: calls $1
*** FLOP *** [9h 5c 2c]
teddybear945: bets $2.85
steepfell: folds 
andutu34: folds 
Uncalled bet ($2.85) returned to teddybear945
teddybear945 collected $5.70 from pot
*** SUMMARY ***
Total pot $6 | Rake $0.30 
Board [9h 5c 2c]
Seat 1: Manifestorr folded before Flop (didn't bet)
Seat 2: andutu34 folded on the Flop
Seat 3: KeR888 folded before Flop (didn't bet)
Seat 4: Mr_Dick666 (button) folded before Flop (didn't bet)
Seat 5: teddybear945 (small blind) collected ($5.70)
Seat 6: steepfell (big blind) folded on the Flop



PokerStars Hand #254237517149:  Hold'em No Limit ($0.50/$1.00 USD) - 2025/01/06 23:40:32 WET [2025/01/06 18:40:32 ET]
Table 'Mirphak II' 6-max Seat #5 is the button
Seat 1: Manifestorr ($127.11 in chips) 
Seat 2: andutu34 ($142.39 in chips) 
Seat 3: KeR888 ($125.13 in chips) 
Seat 4: Mr_Dick666 ($100 in chips) 
Seat 5: teddybear945 ($43.14 in chips) 
Seat 6: steepfell ($100 in chips) 
steepfell: posts small blind $0.50
Manifestorr: posts big blind $1
*** HOLE CARDS ***
andutu34: folds 
KeR888: folds 
Mr_Dick666: folds 
teddybear945: folds 
steepfell: raises $2 to $3
Manifestorr: calls $2
*** FLOP *** [4s 8d Ac]
steepfell: checks 
Manifestorr: bets $4.28
steepfell: folds 
Uncalled bet ($4.28) returned to Manifestorr
Manifestorr collected $5.70 from pot
*** SUMMARY ***
Total pot $6 | Rake $0.30 
Board [4s 8d Ac]
Seat 1: Manifestorr (big blind) collected ($5.70)
Seat 2: andutu34 folded before Flop (didn't bet)
Seat 3: KeR888 folded before Flop (didn't bet)
Seat 4: Mr_Dick666 folded before Flop (didn't bet)
Seat 5: teddybear945 (button) folded before Flop (didn't bet)
Seat 6: steepfell (small blind) folded on the Flop



PokerStars Hand #254237525063:  Hold'em No Limit ($0.50/$1.00 USD) - 2025/01/06 23:41:03 WET [2025/01/06 18:41:03 ET]
Table 'Mirphak II' 6-max Seat #6 is the button
Seat 1: Manifestorr ($129.81 in chips) 
Seat 2: andutu34 ($142.39 in chips) 
Seat 3: KeR888 ($125.13 in chips) 
Seat 4: Mr_Dick666 ($100 in chips) 
Seat 5: teddybear945 ($43.14 in chips) 
Seat 6: steepfell ($100 in chips) 
Manifestorr: posts small blind $0.50
andutu34: posts big blind $1
*** HOLE CARDS ***
KeR888: raises $1.20 to $2.20
Mr_Dick666: folds 
teddybear945: folds 
steepfell: folds 
Manifestorr: folds 
andutu34: folds 
Uncalled bet ($1.20) returned to KeR888
KeR888 collected $2.50 from pot
KeR888: doesn't show hand 
*** SUMMARY ***
Total pot $2.50 | Rake $0 
Seat 1: Manifestorr (small blind) folded before Flop
Seat 2: andutu34 (big blind) folded before Flop
Seat 3: KeR888 collected ($2.50)
Seat 4: Mr_Dick666 folded before Flop (didn't bet)
Seat 5: teddybear945 folded before Flop (didn't bet)
Seat 6: steepfell (button) folded before Flop (didn't bet)



PokerStars Hand #254237529662:  Hold'em No Limit ($0.50/$1.00 USD) - 2025/01/06 23:41:21 WET [2025/01/06 18:41:21 ET]
Table 'Mirphak II' 6-max Seat #1 is the button
Seat 3: KeR888 ($126.63 in chips) is sitting out
Seat 1: Manifestorr ($129.31 in chips) 
Seat 2: andutu34 ($141.39 in chips) 
Seat 4: Mr_Dick666 ($100 in chips) 
Seat 5: teddybear945 ($43.14 in chips) 
Seat 6: steepfell ($100 in chips) 
andutu34: posts small blind $0.50
KeR888: is sitting out 
Mr_Dick666: posts big blind $1
*** HOLE CARDS ***
teddybear945: folds 
steepfell: folds 
Manifestorr: raises $1.20 to $2.20
andutu34: folds 
Mr_Dick666: raises $6.80 to $9
Manifestorr: folds 
Uncalled bet ($6.80) returned to Mr_Dick666
Mr_Dick666 collected $4.90 from pot
Mr_Dick666: doesn't show hand 
*** SUMMARY ***
Total pot $4.90 | Rake $0 
Seat 3: KeR888
Seat 1: Manifestorr (button) folded before Flop
Seat 2: andutu34 (small blind) folded before Flop
Seat 4: Mr_Dick666 (big blind) collected ($4.90)
Seat 5: teddybear945 folded before Flop (didn't bet)
Seat 6: steepfell folded before Flop (didn't bet)



PokerStars Hand #254237537000:  Hold'em No Limit ($0.50/$1.00 USD) - 2025/01/06 23:41:49 WET [2025/01/06 18:41:49 ET]
Table 'Mirphak II' 6-max Seat #2 is the button
Seat 3: KeR888 ($126.63 in chips) is sitting out
Seat 1: Manifestorr ($127.11 in chips) 
Seat 2: andutu34 ($140.89 in chips) 
Seat 4: Mr_Dick666 ($102.70 in chips) 
Seat 5: teddybear945 ($43.14 in chips) 
Seat 6: steepfell ($100 in chips) 
Mr_Dick666: posts small blind $0.50
teddybear945: posts big blind $1
*** HOLE CARDS ***
steepfell: folds 
Manifestorr: raises $1.20 to $2.20
andutu34: folds 
Mr_Dick666: folds 
teddybear945: calls $1.20
*** FLOP *** [5d 2c 8s]
teddybear945: checks 
Manifestorr: bets $4.19
teddybear945: calls $4.19
*** TURN *** [5d 2c 8s] [6d]
teddybear945: checks 
Manifestorr: bets $11.36
teddybear945: folds 
Uncalled bet ($11.36) returned to Manifestorr
Manifestorr collected $12.62 from pot
*** SUMMARY ***
Total pot $13.28 | Rake $0.66 
Board [5d 2c 8s 6d]
Seat 3: KeR888
Seat 1: Manifestorr collected ($12.62)
Seat 2: andutu34 (button) folded before Flop (didn't bet)
Seat 4: Mr_Dick666 (small blind) folded before Flop
Seat 5: teddybear945 (big blind) folded on the Turn
Seat 6: steepfell folded before Flop (didn't bet)



PokerStars Hand #254237548406:  Hold'em No Limit ($0.50/$1.00 USD) - 2025/01/06 23:42:34 WET [2025/01/06 18:42:34 ET]
Table 'Mirphak II' 6-max Seat #4 is the button
Seat 3: KeR888 ($126.63 in chips) is sitting out
Seat 1: Manifestorr ($133.34 in chips) 
Seat 2: andutu34 ($140.89 in chips) 
Seat 4: Mr_Dick666 ($102.20 in chips) 
Seat 5: teddybear945 ($36.75 in chips) 
Seat 6: steepfell ($100 in chips) 
teddybear945: posts small blind $0.50
steepfell: posts big blind $1
*** HOLE CARDS ***
Manifestorr: folds 
andutu34: folds 
Mr_Dick666: folds 
teddybear945: folds 
Uncalled bet ($0.50) returned to steepfell
steepfell collected $1 from pot
steepfell: doesn't show hand 
*** SUMMARY ***
Total pot $1 | Rake $0 
Seat 3: KeR888
Seat 1: Manifestorr folded before Flop (didn't bet)
Seat 2: andutu34 folded before Flop (didn't bet)
Seat 4: Mr_Dick666 (button) folded before Flop (didn't bet)
Seat 5: teddybear945 (small blind) folded before Flop
Seat 6: steepfell (big blind) collected ($1)



PokerStars Hand #254237551221:  Hold'em No Limit ($0.50/$1.00 USD) - 2025/01/06 23:42:45 WET [2025/01/06 18:42:45 ET]
Table 'Mirphak II' 6-max Seat #5 is the button
Seat 3: KeR888 ($126.63 in chips) is sitting out
Seat 1: Manifestorr ($133.34 in chips) 
Seat 2: andutu34 ($140.89 in chips) 
Seat 4: Mr_Dick666 ($102.20 in chips) 
Seat 5: teddybear945 ($36.25 in chips) 
Seat 6: steepfell ($100.50 in chips) 
steepfell: posts small blind $0.50
Manifestorr: posts big blind $1
*** HOLE CARDS ***
andutu34: folds 
Mr_Dick666: folds 
teddybear945: calls $1
steepfell: folds 
Manifestorr: checks 
*** FLOP *** [Ks Ad 3s]
Manifestorr: checks 
teddybear945: checks 
*** TURN *** [Ks Ad 3s] [2h]
Manifestorr: bets $1.79
teddybear945: calls $1.79
*** RIVER *** [Ks Ad 3s 2h] [4c]
Manifestorr: bets $8.50
teddybear945: folds 
Uncalled bet ($8.50) returned to Manifestorr
Manifestorr collected $5.78 from pot
*** SUMMARY ***
Total pot $6.08 | Rake $0.30 
Board [Ks Ad 3s 2h 4c]
Seat 3: KeR888
Seat 1: Manifestorr (big blind) collected ($5.78)
Seat 2: andutu34 folded before Flop (didn't bet)
Seat 4: Mr_Dick666 folded before Flop (didn't bet)
Seat 5: teddybear945 (button) folded on the River
Seat 6: steepfell (small blind) folded before Flop



PokerStars Hand #254237564721:  Hold'em No Limit ($0.50/$1.00 USD) - 2025/01/06 23:43:38 WET [2025/01/06 18:43:38 ET]
Table 'Mirphak II' 6-max Seat #6 is the button
Seat 3: KeR888 ($126.63 in chips) is sitting out
Seat 1: Manifestorr ($136.33 in chips) 
Seat 2: andutu34 ($140.89 in chips) 
Seat 4: Mr_Dick666 ($102.20 in chips) 
Seat 5: teddybear945 ($33.46 in chips) 
Seat 6: steepfell ($100 in chips) 
Manifestorr: posts small blind $0.50
andutu34: posts big blind $1
KeR888: sits out 
*** HOLE CARDS ***
Mr_Dick666: folds 
teddybear945: calls $1
steepfell: folds 
Manifestorr: raises $4 to $5
andutu34: folds 
teddybear945: raises $4 to $9
Manifestorr: folds 
Uncalled bet ($4) returned to teddybear945
teddybear945 collected $11 from pot
*** SUMMARY ***
Total pot $11 | Rake $0 
Seat 3: KeR888
Seat 1: Manifestorr (small blind) folded before Flop
Seat 2: andutu34 (big blind) folded before Flop
Seat 4: Mr_Dick666 folded before Flop (didn't bet)
Seat 5: teddybear945 collected ($11)
Seat 6: steepfell (button) folded before Flop (didn't bet)



PokerStars Hand #254237569972:  Hold'em No Limit ($0.50/$1.00 USD) - 2025/01/06 23:43:58 WET [2025/01/06 18:43:58 ET]
Table 'Mirphak II' 6-max Seat #1 is the button
Seat 1: Manifestorr ($131.33 in chips) 
Seat 2: andutu34 ($139.89 in chips) 
Seat 3: KeR888 ($126.63 in chips) 
Seat 4: Mr_Dick666 ($102.20 in chips) 
Seat 5: teddybear945 ($39.46 in chips) 
Seat 6: steepfell ($100 in chips) 
andutu34: posts small blind $0.50
KeR888: posts big blind $1
*** HOLE CARDS ***
Mr_Dick666: folds 
teddybear945: folds 
steepfell: raises $1.50 to $2.50
Manifestorr: folds 
andutu34: folds 
KeR888: calls $1.50
*** FLOP *** [Js 4d 7h]
KeR888: checks 
steepfell: bets $2.61
KeR888: folds 
Uncalled bet ($2.61) returned to steepfell
steepfell collected $5.22 from pot
steepfell: doesn't show hand 
*** SUMMARY ***
Total pot $5.50 | Rake $0.28 
Board [Js 4d 7h]
Seat 1: Manifestorr (button) folded before Flop (didn't bet)
Seat 2: andutu34 (small blind) folded before Flop
Seat 3: KeR888 (big blind) folded on the Flop
Seat 4: Mr_Dick666 folded before Flop (didn't bet)
Seat 5: teddybear945 folded before Flop (didn't bet)
Seat 6: steepfell collected ($5.22)



PokerStars Hand #254237577128:  Hold'em No Limit ($0.50/$1.00 USD) - 2025/01/06 23:44:26 WET [2025/01/06 18:44:26 ET]
Table 'Mirphak II' 6-max Seat #2 is the button
Seat 1: Manifestorr ($131.33 in chips) 
Seat 2: andutu34 ($139.39 in chips) 
Seat 3: KeR888 ($124.13 in chips) 
Seat 4: Mr_Dick666 ($102.20 in chips) 
Seat 5: teddybear945 ($39.46 in chips) 
Seat 6: steepfell ($102.72 in chips) 
KeR888: posts small blind $0.50
Mr_Dick666: posts big blind $1
*** HOLE CARDS ***
teddybear945: calls $1
steepfell: raises $3 to $4
Manifestorr: folds 
andutu34: folds 
KeR888: folds 
Mr_Dick666: folds 
teddybear945: raises $3 to $7
steepfell: calls $3
*** FLOP *** [8h 3d 9h]
teddybear945: checks 
steepfell: checks 
*** TURN *** [8h 3d 9h] [Ac]
teddybear945: checks 
steepfell: checks 
*** RIVER *** [8h 3d 9h Ac] [7d]
teddybear945: checks 
steepfell: checks 
*** SHOW DOWN ***
teddybear945: shows [Kh Qd] (high card Ace)
steepfell: mucks hand 
teddybear945 collected $14.72 from pot
*** SUMMARY ***
Total pot $15.50 | Rake $0.78 
Board [8h 3d 9h Ac 7d]
Seat 1: Manifestorr folded before Flop (didn't bet)
Seat 2: andutu34 (button) folded before Flop (didn't bet)
Seat 3: KeR888 (small blind) folded before Flop
Seat 4: Mr_Dick666 (big blind) folded before Flop
Seat 5: teddybear945 showed [Kh Qd] and won ($14.72) with high card Ace
Seat 6: steepfell mucked



PokerStars Hand #254237587763:  Hold'em No Limit ($0.50/$1.00 USD) - 2025/01/06 23:45:08 WET [2025/01/06 18:45:08 ET]
Table 'Mirphak II' 6-max Seat #3 is the button
Seat 1: Manifestorr ($131.33 in chips) 
Seat 2: andutu34 ($139.39 in chips) 
Seat 3: KeR888 ($123.63 in chips) 
Seat 4: Mr_Dick666 ($101.20 in chips) 
Seat 5: teddybear945 ($47.18 in chips) 
Seat 6: steepfell ($100 in chips) 
Mr_Dick666: posts small blind $0.50
teddybear945: posts big blind $1
*** HOLE CARDS ***
steepfell: folds 
Manifestorr: folds 
andutu34: folds 
KeR888: raises $1.50 to $2.50
Mr_Dick666: folds 
teddybear945: folds 
Uncalled bet ($1.50) returned to KeR888
KeR888 collected $2.50 from pot
KeR888: doesn't show hand 
*** SUMMARY ***
Total pot $2.50 | Rake $0 
Seat 1: Manifestorr folded before Flop (didn't bet)
Seat 2: andutu34 folded before Flop (didn't bet)
Seat 3: KeR888 (button) collected ($2.50)
Seat 4: Mr_Dick666 (small blind) folded before Flop
Seat 5: teddybear945 (big blind) folded before Flop
Seat 6: steepfell folded before Flop (didn't bet)



PokerStars Hand #254237593048:  Hold'em No Limit ($0.50/$1.00 USD) - 2025/01/06 23:45:29 WET [2025/01/06 18:45:29 ET]
Table 'Mirphak II' 6-max Seat #4 is the button
Seat 1: Manifestorr ($131.33 in chips) 
Seat 2: andutu34 ($139.39 in chips) 
Seat 3: KeR888 ($125.13 in chips) 
Seat 4: Mr_Dick666 ($100.70 in chips) 
Seat 5: teddybear945 ($46.18 in chips) 
Seat 6: steepfell ($100 in chips) 
teddybear945: posts small blind $0.50
steepfell: posts big blind $1
*** HOLE CARDS ***
Manifestorr: raises $1.20 to $2.20
andutu34: folds 
KeR888: folds 
Mr_Dick666: folds 
teddybear945: calls $1.70
steepfell: folds 
*** FLOP *** [9h 8d 4d]
teddybear945: checks 
Manifestorr: checks 
*** TURN *** [9h 8d 4d] [2s]
teddybear945: checks 
Manifestorr: checks 
*** RIVER *** [9h 8d 4d 2s] [8s]
teddybear945: bets $2.57
Manifestorr: folds 
Uncalled bet ($2.57) returned to teddybear945
teddybear945 collected $5.13 from pot
*** SUMMARY ***
Total pot $5.40 | Rake $0.27 
Board [9h 8d 4d 2s 8s]
Seat 1: Manifestorr folded on the River
Seat 2: andutu34 folded before Flop (didn't bet)
Seat 3: KeR888 folded before Flop (didn't bet)
Seat 4: Mr_Dick666 (button) folded before Flop (didn't bet)
Seat 5: teddybear945 (small blind) collected ($5.13)
Seat 6: steepfell (big blind) folded before Flop



PokerStars Hand #254237601867:  Hold'em No Limit ($0.50/$1.00 USD) - 2025/01/06 23:46:04 WET [2025/01/06 18:46:04 ET]
Table 'Mirphak II' 6-max Seat #5 is the button
Seat 1: Manifestorr ($129.13 in chips) 
Seat 2: andutu34 ($139.39 in chips) 
Seat 3: KeR888 ($125.13 in chips) 
Seat 4: Mr_Dick666 ($100.70 in chips) 
Seat 5: teddybear945 ($49.11 in chips) 
Seat 6: steepfell ($100 in chips) 
steepfell: posts small blind $0.50
Manifestorr: posts big blind $1
*** HOLE CARDS ***
andutu34: folds 
KeR888: folds 
Mr_Dick666: folds 
teddybear945: calls $1
steepfell: folds 
Manifestorr: checks 
*** FLOP *** [Tc Kd 3h]
Manifestorr: checks 
teddybear945: bets $1.19
Manifestorr: folds 
Uncalled bet ($1.19) returned to teddybear945
teddybear945 collected $2.38 from pot
*** SUMMARY ***
Total pot $2.50 | Rake $0.12 
Board [Tc Kd 3h]
Seat 1: Manifestorr (big blind) folded on the Flop
Seat 2: andutu34 folded before Flop (didn't bet)
Seat 3: KeR888 folded before Flop (didn't bet)
Seat 4: Mr_Dick666 folded before Flop (didn't bet)
Seat 5: teddybear945 (button) collected ($2.38)
Seat 6: steepfell (small blind) folded before Flop



PokerStars Hand #254237606498:  Hold'em No Limit ($0.50/$1.00 USD) - 2025/01/06 23:46:22 WET [2025/01/06 18:46:22 ET]
Table 'Mirphak II' 6-max Seat #6 is the button
Seat 1: Manifestorr ($128.13 in chips) 
Seat 2: andutu34 ($139.39 in chips) 
Seat 3: KeR888 ($125.13 in chips) 
Seat 4: Mr_Dick666 ($100.70 in chips) 
Seat 5: teddybear945 ($50.49 in chips) 
Seat 6: steepfell ($100 in chips) 
Manifestorr: posts small blind $0.50
andutu34: posts big blind $1
*** HOLE CARDS ***
KeR888: folds 
Mr_Dick666: folds 
teddybear945: raises $1 to $2
steepfell: folds 
Manifestorr: folds 
andutu34: folds 
Uncalled bet ($1) returned to teddybear945
teddybear945 collected $2.50 from pot
*** SUMMARY ***
Total pot $2.50 | Rake $0 
Seat 1: Manifestorr (small blind) folded before Flop
Seat 2: andutu34 (big blind) folded before Flop
Seat 3: KeR888 folded before Flop (didn't bet)
Seat 4: Mr_Dick666 folded before Flop (didn't bet)
Seat 5: teddybear945 collected ($2.50)
Seat 6: steepfell (button) folded before Flop (didn't bet)



PokerStars Hand #254237610654:  Hold'em No Limit ($0.50/$1.00 USD) - 2025/01/06 23:46:39 WET [2025/01/06 18:46:39 ET]
Table 'Mirphak II' 6-max Seat #1 is the button
Seat 1: Manifestorr ($127.63 in chips) 
Seat 2: andutu34 ($138.39 in chips) 
Seat 3: KeR888 ($125.13 in chips) 
Seat 4: Mr_Dick666 ($100.70 in chips) 
Seat 5: teddybear945 ($51.99 in chips) 
Seat 6: steepfell ($100 in chips) 
andutu34: posts small blind $0.50
KeR888: posts big blind $1
*** HOLE CARDS ***
Mr_Dick666: raises $1 to $2
teddybear945: raises $1 to $3
steepfell: folds 
Manifestorr: folds 
andutu34: folds 
KeR888: folds 
Mr_Dick666: calls $1
*** FLOP *** [7h Ad Qs]
Mr_Dick666: checks 
teddybear945: bets $3.56
Mr_Dick666: calls $3.56
*** TURN *** [7h Ad Qs] [9h]
Mr_Dick666: checks 
teddybear945: checks 
*** RIVER *** [7h Ad Qs 9h] [8c]
Mr_Dick666: bets $6.95
teddybear945: calls $6.95
*** SHOW DOWN ***
Mr_Dick666: shows [Ac Tc] (a pair of Aces)
teddybear945: mucks hand 
Mr_Dick666 collected $27.09 from pot
*** SUMMARY ***
Total pot $28.52 | Rake $1.43 
Board [7h Ad Qs 9h 8c]
Seat 1: Manifestorr (button) folded before Flop (didn't bet)
Seat 2: andutu34 (small blind) folded before Flop
Seat 3: KeR888 (big blind) folded before Flop
Seat 4: Mr_Dick666 showed [Ac Tc] and won ($27.09) with a pair of Aces
Seat 5: teddybear945 mucked
Seat 6: steepfell folded before Flop (didn't bet)



PokerStars Hand #254237618780:  Hold'em No Limit ($0.50/$1.00 USD) - 2025/01/06 23:47:11 WET [2025/01/06 18:47:11 ET]
Table 'Mirphak II' 6-max Seat #2 is the button
Seat 1: Manifestorr ($127.63 in chips) 
Seat 2: andutu34 ($137.89 in chips) 
Seat 3: KeR888 ($124.13 in chips) 
Seat 4: Mr_Dick666 ($114.28 in chips) 
Seat 5: teddybear945 ($38.48 in chips) 
Seat 6: steepfell ($100 in chips) 
KeR888: posts small blind $0.50
Mr_Dick666: posts big blind $1
*** HOLE CARDS ***
teddybear945: raises $1 to $2
steepfell: folds 
Manifestorr: folds 
andutu34: folds 
KeR888: folds 
Mr_Dick666: calls $1
*** FLOP *** [Kc 2s 8h]
Mr_Dick666: checks 
teddybear945: checks 
*** TURN *** [Kc 2s 8h] [4h]
Mr_Dick666: checks 
teddybear945: checks 
*** RIVER *** [Kc 2s 8h 4h] [Qc]
Mr_Dick666: bets $2.87
teddybear945: folds 
Uncalled bet ($2.87) returned to Mr_Dick666
Mr_Dick666 collected $4.28 from pot
Mr_Dick666: doesn't show hand 
*** SUMMARY ***
Total pot $4.50 | Rake $0.22 
Board [Kc 2s 8h 4h Qc]
Seat 1: Manifestorr folded before Flop (didn't bet)
Seat 2: andutu34 (button) folded before Flop (didn't bet)
Seat 3: KeR888 (small blind) folded before Flop
Seat 4: Mr_Dick666 (big blind) collected ($4.28)
Seat 5: teddybear945 folded on the River
Seat 6: steepfell folded before Flop (didn't bet)



PokerStars Hand #254237628410:  Hold'em No Limit ($0.50/$1.00 USD) - 2025/01/06 23:47:50 WET [2025/01/06 18:47:50 ET]
Table 'Mirphak II' 6-max Seat #3 is the button
Seat 1: Manifestorr ($127.63 in chips) 
Seat 2: andutu34 ($137.89 in chips) 
Seat 3: KeR888 ($123.63 in chips) 
Seat 4: Mr_Dick666 ($116.56 in chips) 
Seat 5: teddybear945 ($36.48 in chips) 
Seat 6: steepfell ($100 in chips) 
Mr_Dick666: posts small blind $0.50
teddybear945: posts big blind $1
*** HOLE CARDS ***
steepfell: folds 
Manifestorr: folds 
andutu34: raises $1.30 to $2.30
KeR888: folds 
Mr_Dick666: folds 
teddybear945: raises $1.30 to $3.60
andutu34: calls $1.30
*** FLOP *** [9s 5d 3c]
teddybear945: bets $3.66
andutu34: folds 
Uncalled bet ($3.66) returned to teddybear945
teddybear945 collected $7.32 from pot
*** SUMMARY ***
Total pot $7.70 | Rake $0.38 
Board [9s 5d 3c]
Seat 1: Manifestorr folded before Flop (didn't bet)
Seat 2: andutu34 folded on the Flop
Seat 3: KeR888 (button) folded before Flop (didn't bet)
Seat 4: Mr_Dick666 (small blind) folded before Flop
Seat 5: teddybear945 (big blind) collected ($7.32)
Seat 6: steepfell folded before Flop (didn't bet)



PokerStars Hand #254237634603:  Hold'em No Limit ($0.50/$1.00 USD) - 2025/01/06 23:48:15 WET [2025/01/06 18:48:15 ET]
Table 'Mirphak II' 6-max Seat #4 is the button
Seat 1: Manifestorr ($127.63 in chips) 
Seat 2: andutu34 ($134.29 in chips) 
Seat 3: KeR888 ($123.63 in chips) 
Seat 4: Mr_Dick666 ($116.06 in chips) 
Seat 5: teddybear945 ($40.20 in chips) 
Seat 6: steepfell ($100 in chips) 
teddybear945: posts small blind $0.50
steepfell: posts big blind $1
*** HOLE CARDS ***
Manifestorr: folds 
andutu34: raises $1 to $2
KeR888: folds 
Mr_Dick666: folds 
teddybear945: calls $1.50
steepfell: raises $11 to $13
andutu34: folds 
teddybear945: calls $11
*** FLOP *** [Kh 2s 4h]
teddybear945: checks 
steepfell: checks 
*** TURN *** [Kh 2s 4h] [2h]
teddybear945: checks 
steepfell: checks 
*** RIVER *** [Kh 2s 4h 2h] [Jd]
teddybear945: checks 
steepfell: checks 
*** SHOW DOWN ***
teddybear945: shows [8s Qc] (a pair of Deuces)
steepfell: shows [Ah Qs] (a pair of Deuces - Ace kicker)
steepfell collected $26.60 from pot
*** SUMMARY ***
Total pot $28 | Rake $1.40 
Board [Kh 2s 4h 2h Jd]
Seat 1: Manifestorr folded before Flop (didn't bet)
Seat 2: andutu34 folded before Flop
Seat 3: KeR888 folded before Flop (didn't bet)
Seat 4: Mr_Dick666 (button) folded before Flop (didn't bet)
Seat 5: teddybear945 (small blind) showed [8s Qc] and lost with a pair of Deuces
Seat 6: steepfell (big blind) showed [Ah Qs] and won ($26.60) with a pair of Deuces



PokerStars Hand #254237645545:  Hold'em No Limit ($0.50/$1.00 USD) - 2025/01/06 23:49:00 WET [2025/01/06 18:49:00 ET]
Table 'Mirphak II' 6-max Seat #5 is the button
Seat 1: Manifestorr ($127.63 in chips) 
Seat 2: andutu34 ($132.29 in chips) 
Seat 3: KeR888 ($123.63 in chips) 
Seat 4: Mr_Dick666 ($116.06 in chips) 
Seat 5: teddybear945 ($27.20 in chips) 
Seat 6: steepfell ($113.60 in chips) 
steepfell: posts small blind $0.50
Manifestorr: posts big blind $1
*** HOLE CARDS ***
andutu34: folds 
KeR888: folds 
Mr_Dick666: folds 
teddybear945: folds 
steepfell: raises $2 to $3
Manifestorr: raises $6 to $9
steepfell: folds 
Uncalled bet ($6) returned to Manifestorr
Manifestorr collected $6 from pot
*** SUMMARY ***
Total pot $6 | Rake $0 
Seat 1: Manifestorr (big blind) collected ($6)
Seat 2: andutu34 folded before Flop (didn't bet)
Seat 3: KeR888 folded before Flop (didn't bet)
Seat 4: Mr_Dick666 folded before Flop (didn't bet)
Seat 5: teddybear945 (button) folded before Flop (didn't bet)
Seat 6: steepfell (small blind) folded before Flop



PokerStars Hand #254237650183:  Hold'em No Limit ($0.50/$1.00 USD) - 2025/01/06 23:49:19 WET [2025/01/06 18:49:19 ET]
Table 'Mirphak II' 6-max Seat #6 is the button
Seat 1: Manifestorr ($130.63 in chips) 
Seat 2: andutu34 ($132.29 in chips) 
Seat 3: KeR888 ($123.63 in chips) 
Seat 4: Mr_Dick666 ($116.06 in chips) 
Seat 5: teddybear945 ($27.20 in chips) 
Seat 6: steepfell ($110.60 in chips) 
Manifestorr: posts small blind $0.50
andutu34: posts big blind $1
*** HOLE CARDS ***
KeR888: folds 
Mr_Dick666: folds 
teddybear945: folds 
KeR888 leaves the table
steepfell: folds 
Manifestorr: raises $2 to $3
andutu34: folds 
Uncalled bet ($2) returned to Manifestorr
Manifestorr collected $2 from pot
*** SUMMARY ***
Total pot $2 | Rake $0 
Seat 1: Manifestorr (small blind) collected ($2)
Seat 2: andutu34 (big blind) folded before Flop
Seat 3: KeR888 folded before Flop (didn't bet)
Seat 4: Mr_Dick666 folded before Flop (didn't bet)
Seat 5: teddybear945 folded before Flop (didn't bet)
Seat 6: steepfell (button) folded before Flop (didn't bet)



PokerStars Hand #254237653672:  Hold'em No Limit ($0.50/$1.00 USD) - 2025/01/06 23:49:33 WET [2025/01/06 18:49:33 ET]
Table 'Mirphak II' 6-max Seat #1 is the button
Seat 1: Manifestorr ($131.63 in chips) 
Seat 2: andutu34 ($131.29 in chips) 
Seat 4: Mr_Dick666 ($116.06 in chips) 
Seat 5: teddybear945 ($27.20 in chips) 
Seat 6: steepfell ($110.60 in chips) 
andutu34: posts small blind $0.50
Mr_Dick666: posts big blind $1
*** HOLE CARDS ***
teddybear945: calls $1
LuckyShikari joins the table at seat #3 
steepfell: folds 
Manifestorr: raises $3 to $4
andutu34: folds 
Mr_Dick666: folds 
teddybear945: calls $3
*** FLOP *** [7h 3s Td]
teddybear945: checks 
Manifestorr: bets $4.51
teddybear945: calls $4.51
*** TURN *** [7h 3s Td] [Qs]
teddybear945: checks 
Manifestorr: bets $15.83
teddybear945: folds 
Uncalled bet ($15.83) returned to Manifestorr
Manifestorr collected $17.59 from pot
*** SUMMARY ***
Total pot $18.52 | Rake $0.93 
Board [7h 3s Td Qs]
Seat 1: Manifestorr (button) collected ($17.59)
Seat 2: andutu34 (small blind) folded before Flop
Seat 4: Mr_Dick666 (big blind) folded before Flop
Seat 5: teddybear945 folded on the Turn
Seat 6: steepfell folded before Flop (didn't bet)



PokerStars Hand #254237660593:  Hold'em No Limit ($0.50/$1.00 USD) - 2025/01/06 23:50:01 WET [2025/01/06 18:50:01 ET]
Table 'Mirphak II' 6-max Seat #2 is the button
Seat 3: LuckyShikari ($100 in chips) is sitting out
Seat 1: Manifestorr ($140.71 in chips) 
Seat 2: andutu34 ($130.79 in chips) 
Seat 4: Mr_Dick666 ($115.06 in chips) 
Seat 5: teddybear945 ($18.69 in chips) 
Seat 6: steepfell ($110.60 in chips) 
Mr_Dick666: posts small blind $0.50
teddybear945: posts big blind $1
*** HOLE CARDS ***
steepfell: raises $1.50 to $2.50
Manifestorr: folds 
andutu34: raises $5.53 to $8.03
Mr_Dick666: folds 
teddybear945: calls $7.03
steepfell: raises $17.97 to $26
andutu34: raises $104.79 to $130.79 and is all-in
teddybear945: calls $10.66 and is all-in
steepfell: calls $84.60 and is all-in
Uncalled bet ($20.19) returned to andutu34
*** FLOP *** [Qh 9d 4c]
*** TURN *** [Qh 9d 4c] [3h]
*** RIVER *** [Qh 9d 4c 3h] [8d]
*** SHOW DOWN ***
steepfell: shows [Kh Ks] (a pair of Kings)
andutu34: shows [Kd Kc] (a pair of Kings)
steepfell collected $91.91 from side pot
andutu34 collected $91.91 from side pot
teddybear945: shows [8c 8s] (three of a kind, Eights)
teddybear945 collected $54.07 from main pot
*** SUMMARY ***
Total pot $240.39 Main pot $54.07. Side pot $183.82. | Rake $2.50 
Board [Qh 9d 4c 3h 8d]
Seat 3: LuckyShikari
Seat 1: Manifestorr folded before Flop (didn't bet)
Seat 2: andutu34 (button) showed [Kd Kc] and won ($91.91) with a pair of Kings
Seat 4: Mr_Dick666 (small blind) folded before Flop
Seat 5: teddybear945 (big blind) showed [8c 8s] and won ($54.07) with three of a kind, Eights
Seat 6: steepfell showed [Kh Ks] and won ($91.91) with a pair of Kings



PokerStars Hand #254237673543:  Hold'em No Limit ($0.50/$1.00 USD) - 2025/01/06 23:50:53 WET [2025/01/06 18:50:53 ET]
Table 'Mirphak II' 6-max Seat #4 is the button
Seat 3: LuckyShikari ($100 in chips) is sitting out
Seat 6: steepfell ($100 in chips) is sitting out
Seat 1: Manifestorr ($140.71 in chips) 
Seat 2: andutu34 ($112.10 in chips) 
Seat 4: Mr_Dick666 ($114.56 in chips) 
Seat 5: teddybear945 ($54.07 in chips) 
teddybear945: posts small blind $0.50
steepfell: is sitting out 
steepfell leaves the table
Manifestorr: posts big blind $1
LuckyShikari: sits out 
*** HOLE CARDS ***
andutu34: raises $1.30 to $2.30
PhoenixAssassin joins the table at seat #6 
Mr_Dick666: folds 
teddybear945: calls $1.80
Manifestorr: folds 
*** FLOP *** [8d 2h 6h]
teddybear945: checks 
andutu34: checks 
*** TURN *** [8d 2h 6h] [6c]
teddybear945: checks 
andutu34: checks 
*** RIVER *** [8d 2h 6h 6c] [9h]
teddybear945: bets $2.66
andutu34: folds 
Uncalled bet ($2.66) returned to teddybear945
teddybear945 collected $5.32 from pot
*** SUMMARY ***
Total pot $5.60 | Rake $0.28 
Board [8d 2h 6h 6c 9h]
Seat 3: LuckyShikari
Seat 6: steepfell
Seat 1: Manifestorr (big blind) folded before Flop
Seat 2: andutu34 folded on the River
Seat 4: Mr_Dick666 (button) folded before Flop (didn't bet)
Seat 5: teddybear945 (small blind) collected ($5.32)



PokerStars Hand #254237681271:  Hold'em No Limit ($0.50/$1.00 USD) - 2025/01/06 23:51:25 WET [2025/01/06 18:51:25 ET]
Table 'Mirphak II' 6-max Seat #5 is the button
Seat 3: LuckyShikari ($100 in chips) is sitting out
Seat 6: PhoenixAssassin ($100 in chips) is sitting out
Seat 1: Manifestorr ($139.71 in chips) 
Seat 2: andutu34 ($109.80 in chips) 
Seat 4: Mr_Dick666 ($114.56 in chips) 
Seat 5: teddybear945 ($57.09 in chips) 
Manifestorr: posts small blind $0.50
andutu34: posts big blind $1
LuckyShikari: sits out 
*** HOLE CARDS ***
Mr_Dick666: folds 
teddybear945: raises $1 to $2
Manifestorr: folds 
andutu34: folds 
Uncalled bet ($1) returned to teddybear945
teddybear945 collected $2.50 from pot
*** SUMMARY ***
Total pot $2.50 | Rake $0 
Seat 3: LuckyShikari
Seat 6: PhoenixAssassin
Seat 1: Manifestorr (small blind) folded before Flop
Seat 2: andutu34 (big blind) folded before Flop
Seat 4: Mr_Dick666 folded before Flop (didn't bet)
Seat 5: teddybear945 (button) collected ($2.50)



PokerStars Hand #254237685030:  Hold'em No Limit ($0.50/$1.00 USD) - 2025/01/06 23:51:40 WET [2025/01/06 18:51:40 ET]
Table 'Mirphak II' 6-max Seat #1 is the button
Seat 6: PhoenixAssassin ($100 in chips) is sitting out
Seat 1: Manifestorr ($139.21 in chips) 
Seat 2: andutu34 ($108.80 in chips) 
Seat 3: LuckyShikari ($100 in chips) 
Seat 4: Mr_Dick666 ($114.56 in chips) 
Seat 5: teddybear945 ($58.59 in chips) 
andutu34: posts small blind $0.50
LuckyShikari: posts big blind $1
PhoenixAssassin: sits out 
*** HOLE CARDS ***
Mr_Dick666: raises $1 to $2
teddybear945: raises $3 to $5
Manifestorr: folds 
andutu34: folds 
LuckyShikari: folds 
Mr_Dick666: calls $3
*** FLOP *** [Ts 6s 5d]
Mr_Dick666: checks 
teddybear945: bets $5.46
Mr_Dick666: folds 
Uncalled bet ($5.46) returned to teddybear945
teddybear945 collected $10.92 from pot
*** SUMMARY ***
Total pot $11.50 | Rake $0.58 
Board [Ts 6s 5d]
Seat 6: PhoenixAssassin
Seat 1: Manifestorr (button) folded before Flop (didn't bet)
Seat 2: andutu34 (small blind) folded before Flop
Seat 3: LuckyShikari (big blind) folded before Flop
Seat 4: Mr_Dick666 folded on the Flop
Seat 5: teddybear945 collected ($10.92)



PokerStars Hand #254237696100:  Hold'em No Limit ($0.50/$1.00 USD) - 2025/01/06 23:52:26 WET [2025/01/06 18:52:26 ET]
Table 'Mirphak II' 6-max Seat #2 is the button
Seat 6: PhoenixAssassin ($100 in chips) is sitting out
Seat 1: Manifestorr ($139.21 in chips) 
Seat 2: andutu34 ($108.30 in chips) 
Seat 3: LuckyShikari ($100 in chips) 
Seat 4: Mr_Dick666 ($109.56 in chips) 
Seat 5: teddybear945 ($64.51 in chips) 
LuckyShikari: posts small blind $0.50
Mr_Dick666: posts big blind $1
PhoenixAssassin: sits out 
*** HOLE CARDS ***
teddybear945: calls $1
Manifestorr: folds 
andutu34: raises $3 to $4
LuckyShikari: folds 
Mr_Dick666: folds 
teddybear945: calls $3
*** FLOP *** [3c 3d 4c]
teddybear945: bets $1
andutu34: folds 
Uncalled bet ($1) returned to teddybear945
teddybear945 collected $9.02 from pot
*** SUMMARY ***
Total pot $9.50 | Rake $0.48 
Board [3c 3d 4c]
Seat 6: PhoenixAssassin
Seat 1: Manifestorr folded before Flop (didn't bet)
Seat 2: andutu34 (button) folded on the Flop
Seat 3: LuckyShikari (small blind) folded before Flop
Seat 4: Mr_Dick666 (big blind) folded before Flop
Seat 5: teddybear945 collected ($9.02)



PokerStars Hand #254237702966:  Hold'em No Limit ($0.50/$1.00 USD) - 2025/01/06 23:52:54 WET [2025/01/06 18:52:54 ET]
Table 'Mirphak II' 6-max Seat #3 is the button
Seat 6: PhoenixAssassin ($100 in chips) is sitting out
Seat 1: Manifestorr ($139.21 in chips) 
Seat 2: andutu34 ($104.30 in chips) 
Seat 3: LuckyShikari ($100 in chips) 
Seat 4: Mr_Dick666 ($108.56 in chips) 
Seat 5: teddybear945 ($69.53 in chips) 
Mr_Dick666: posts small blind $0.50
teddybear945: posts big blind $1
PhoenixAssassin: sits out 
*** HOLE CARDS ***
Manifestorr: folds 
andutu34: folds 
LuckyShikari: folds 
Mr_Dick666: folds 
Uncalled bet ($0.50) returned to teddybear945
teddybear945 collected $1 from pot
*** SUMMARY ***
Total pot $1 | Rake $0 
Seat 6: PhoenixAssassin
Seat 1: Manifestorr folded before Flop (didn't bet)
Seat 2: andutu34 folded before Flop (didn't bet)
Seat 3: LuckyShikari (button) folded before Flop (didn't bet)
Seat 4: Mr_Dick666 (small blind) folded before Flop
Seat 5: teddybear945 (big blind) collected ($1)



PokerStars Hand #254237706557:  Hold'em No Limit ($0.50/$1.00 USD) - 2025/01/06 23:53:09 WET [2025/01/06 18:53:09 ET]
Table 'Mirphak II' 6-max Seat #4 is the button
Seat 1: Manifestorr ($139.21 in chips) 
Seat 2: andutu34 ($104.30 in chips) 
Seat 3: LuckyShikari ($100 in chips) 
Seat 4: Mr_Dick666 ($108.06 in chips) 
Seat 5: teddybear945 ($70.03 in chips) 
Seat 6: PhoenixAssassin ($100 in chips) 
teddybear945: posts small blind $0.50
PhoenixAssassin: posts big blind $1
*** HOLE CARDS ***
Manifestorr: folds 
andutu34: folds 
LuckyShikari: folds 
Mr_Dick666: folds 
teddybear945: calls $0.50
PhoenixAssassin: checks 
*** FLOP *** [6h 4c 9d]
teddybear945: checks 
PhoenixAssassin: checks 
*** TURN *** [6h 4c 9d] [9c]
teddybear945: checks 
PhoenixAssassin: checks 
*** RIVER *** [6h 4c 9d 9c] [5s]
teddybear945: checks 
PhoenixAssassin: checks 
*** SHOW DOWN ***
teddybear945: shows [Qs Th] (a pair of Nines)
PhoenixAssassin: shows [Kh 3c] (a pair of Nines - King kicker)
PhoenixAssassin collected $1.90 from pot
*** SUMMARY ***
Total pot $2 | Rake $0.10 
Board [6h 4c 9d 9c 5s]
Seat 1: Manifestorr folded before Flop (didn't bet)
Seat 2: andutu34 folded before Flop (didn't bet)
Seat 3: LuckyShikari folded before Flop (didn't bet)
Seat 4: Mr_Dick666 (button) folded before Flop (didn't bet)
Seat 5: teddybear945 (small blind) showed [Qs Th] and lost with a pair of Nines
Seat 6: PhoenixAssassin (big blind) showed [Kh 3c] and won ($1.90) with a pair of Nines



PokerStars Hand #254237714013:  Hold'em No Limit ($0.50/$1.00 USD) - 2025/01/06 23:53:39 WET [2025/01/06 18:53:39 ET]
Table 'Mirphak II' 6-max Seat #5 is the button
Seat 1: Manifestorr ($139.21 in chips) 
Seat 2: andutu34 ($104.30 in chips) 
Seat 3: LuckyShikari ($100 in chips) 
Seat 4: Mr_Dick666 ($108.06 in chips) 
Seat 5: teddybear945 ($69.03 in chips) 
Seat 6: PhoenixAssassin ($100.90 in chips) 
PhoenixAssassin: posts small blind $0.50
Manifestorr: posts big blind $1
*** HOLE CARDS ***
andutu34: raises $1 to $2
LuckyShikari: folds 
Mr_Dick666: raises $5 to $7
teddybear945: folds 
PhoenixAssassin: folds 
Manifestorr: folds 
andutu34: folds 
Uncalled bet ($5) returned to Mr_Dick666
Mr_Dick666 collected $5.50 from pot
Mr_Dick666: doesn't show hand 
*** SUMMARY ***
Total pot $5.50 | Rake $0 
Seat 1: Manifestorr (big blind) folded before Flop
Seat 2: andutu34 folded before Flop
Seat 3: LuckyShikari folded before Flop (didn't bet)
Seat 4: Mr_Dick666 collected ($5.50)
Seat 5: teddybear945 (button) folded before Flop (didn't bet)
Seat 6: PhoenixAssassin (small blind) folded before Flop



PokerStars Hand #254237718932:  Hold'em No Limit ($0.50/$1.00 USD) - 2025/01/06 23:53:59 WET [2025/01/06 18:53:59 ET]
Table 'Mirphak II' 6-max Seat #6 is the button
Seat 1: Manifestorr ($138.21 in chips) 
Seat 2: andutu34 ($102.30 in chips) 
Seat 3: LuckyShikari ($100 in chips) 
Seat 4: Mr_Dick666 ($111.56 in chips) 
Seat 5: teddybear945 ($69.03 in chips) 
Seat 6: PhoenixAssassin ($100.40 in chips) 
Manifestorr: posts small blind $0.50
andutu34: posts big blind $1
*** HOLE CARDS ***
LuckyShikari: folds 
Mr_Dick666: folds 
teddybear945: raises $1 to $2
PhoenixAssassin: folds 
Manifestorr: raises $7 to $9
andutu34: folds 
teddybear945: raises $7 to $16
Manifestorr: calls $7
*** FLOP *** [2s Ah Tc]
Manifestorr: checks 
teddybear945: bets $15.68
Manifestorr: calls $15.68
*** TURN *** [2s Ah Tc] [As]
Manifestorr: checks 
teddybear945: bets $37.35 and is all-in
Manifestorr: calls $37.35
*** RIVER *** [2s Ah Tc As] [9d]
*** SHOW DOWN ***
Manifestorr: shows [Th Ts] (a full house, Tens full of Aces)
teddybear945: shows [5s 5h] (two pair, Aces and Fives)
Manifestorr collected $136.56 from pot
*** SUMMARY ***
Total pot $139.06 | Rake $2.50 
Board [2s Ah Tc As 9d]
Seat 1: Manifestorr (small blind) showed [Th Ts] and won ($136.56) with a full house, Tens full of Aces
Seat 2: andutu34 (big blind) folded before Flop
Seat 3: LuckyShikari folded before Flop (didn't bet)
Seat 4: Mr_Dick666 folded before Flop (didn't bet)
Seat 5: teddybear945 showed [5s 5h] and lost with two pair, Aces and Fives
Seat 6: PhoenixAssassin (button) folded before Flop (didn't bet)



PokerStars Hand #254237728185:  Hold'em No Limit ($0.50/$1.00 USD) - 2025/01/06 23:54:37 WET [2025/01/06 18:54:37 ET]
Table 'Mirphak II' 6-max Seat #1 is the button
Seat 5: teddybear945 ($0 in chips) is sitting out
Seat 1: Manifestorr ($205.74 in chips) 
Seat 2: andutu34 ($101.30 in chips) 
Seat 3: LuckyShikari ($100 in chips) 
Seat 4: Mr_Dick666 ($111.56 in chips) 
Seat 6: PhoenixAssassin ($100.40 in chips) 
andutu34: posts small blind $0.50
LuckyShikari: posts big blind $1
*** HOLE CARDS ***
Mr_Dick666: folds 
PhoenixAssassin: folds 
Manifestorr: folds 
andutu34: folds 
Uncalled bet ($0.50) returned to LuckyShikari
LuckyShikari collected $1 from pot
LuckyShikari: doesn't show hand 
*** SUMMARY ***
Total pot $1 | Rake $0 
Seat 5: teddybear945
Seat 1: Manifestorr (button) folded before Flop (didn't bet)
Seat 2: andutu34 (small blind) folded before Flop
Seat 3: LuckyShikari (big blind) collected ($1)
Seat 4: Mr_Dick666 folded before Flop (didn't bet)
Seat 6: PhoenixAssassin folded before Flop (didn't bet)



PokerStars Hand #254237730635:  Hold'em No Limit ($0.50/$1.00 USD) - 2025/01/06 23:54:47 WET [2025/01/06 18:54:47 ET]
Table 'Mirphak II' 6-max Seat #2 is the button
Seat 1: Manifestorr ($205.74 in chips) 
Seat 2: andutu34 ($100.80 in chips) 
Seat 3: LuckyShikari ($100.50 in chips) 
Seat 4: Mr_Dick666 ($111.56 in chips) 
Seat 6: PhoenixAssassin ($100.40 in chips) 
LuckyShikari: posts small blind $0.50
teddybear945 leaves the table
Mr_Dick666: posts big blind $1
*** HOLE CARDS ***
PhoenixAssassin: raises $1.20 to $2.20
Manifestorr: folds 
illarins joins the table at seat #5 
andutu34: raises $5.30 to $7.50
LuckyShikari: folds 
Mr_Dick666: folds 
PhoenixAssassin: folds 
Uncalled bet ($5.30) returned to andutu34
andutu34 collected $5.90 from pot
andutu34: doesn't show hand 
*** SUMMARY ***
Total pot $5.90 | Rake $0 
Seat 1: Manifestorr folded before Flop (didn't bet)
Seat 2: andutu34 (button) collected ($5.90)
Seat 3: LuckyShikari (small blind) folded before Flop
Seat 4: Mr_Dick666 (big blind) folded before Flop
Seat 6: PhoenixAssassin folded before Flop



PokerStars Hand #254237734818:  Hold'em No Limit ($0.50/$1.00 USD) - 2025/01/06 23:55:05 WET [2025/01/06 18:55:05 ET]
Table 'Mirphak II' 6-max Seat #3 is the button
Seat 1: Manifestorr ($205.74 in chips) 
Seat 2: andutu34 ($104.50 in chips) 
Seat 3: LuckyShikari ($100 in chips) 
Seat 4: Mr_Dick666 ($110.56 in chips) 
Seat 5: illarins ($100 in chips) 
Seat 6: PhoenixAssassin ($100 in chips) 
Mr_Dick666: posts small blind $0.50
illarins: posts big blind $1
*** HOLE CARDS ***
PhoenixAssassin: folds 
Manifestorr: folds 
andutu34: folds 
LuckyShikari: folds 
Mr_Dick666: folds 
Uncalled bet ($0.50) returned to illarins
illarins collected $1 from pot
illarins: doesn't show hand 
*** SUMMARY ***
Total pot $1 | Rake $0 
Seat 1: Manifestorr folded before Flop (didn't bet)
Seat 2: andutu34 folded before Flop (didn't bet)
Seat 3: LuckyShikari (button) folded before Flop (didn't bet)
Seat 4: Mr_Dick666 (small blind) folded before Flop
Seat 5: illarins (big blind) collected ($1)
Seat 6: PhoenixAssassin folded before Flop (didn't bet)



PokerStars Hand #254237737668:  Hold'em No Limit ($0.50/$1.00 USD) - 2025/01/06 23:55:19 WET [2025/01/06 18:55:19 ET]
Table 'Mirphak II' 6-max Seat #4 is the button
Seat 6: PhoenixAssassin ($100 in chips) is sitting out
Seat 1: Manifestorr ($205.74 in chips) 
Seat 2: andutu34 ($104.50 in chips) 
Seat 3: LuckyShikari ($100 in chips) 
Seat 4: Mr_Dick666 ($110.06 in chips) 
Seat 5: illarins ($100.50 in chips) 
illarins: posts small blind $0.50
PhoenixAssassin: is sitting out 
Manifestorr: posts big blind $1
*** HOLE CARDS ***
andutu34: folds 
LuckyShikari: folds 
Mr_Dick666: folds 
PhoenixAssassin leaves the table
illarins: raises $2 to $3
Manifestorr: folds 
Uncalled bet ($2) returned to illarins
illarins collected $2 from pot
illarins: doesn't show hand 
andutu34 leaves the table
*** SUMMARY ***
Total pot $2 | Rake $0 
Seat 6: PhoenixAssassin
Seat 1: Manifestorr (big blind) folded before Flop
Seat 2: andutu34 folded before Flop (didn't bet)
Seat 3: LuckyShikari folded before Flop (didn't bet)
Seat 4: Mr_Dick666 (button) folded before Flop (didn't bet)
Seat 5: illarins (small blind) collected ($2)



PokerStars Hand #254237740208:  Hold'em No Limit ($0.50/$1.00 USD) - 2025/01/06 23:55:32 WET [2025/01/06 18:55:32 ET]
Table 'Mirphak II' 6-max Seat #5 is the button
Seat 1: Manifestorr ($204.74 in chips) 
Seat 3: LuckyShikari ($100 in chips) 
Seat 4: Mr_Dick666 ($110.06 in chips) 
Seat 5: illarins ($101.50 in chips) 
Manifestorr: posts small blind $0.50
LuckyShikari: posts big blind $1
*** HOLE CARDS ***
Mr_Dick666: raises $1.50 to $2.50
illarins: folds 
Manifestorr: folds 
LuckyShikari: folds 
Uncalled bet ($1.50) returned to Mr_Dick666
Mr_Dick666 collected $2.50 from pot
Mr_Dick666: doesn't show hand 
*** SUMMARY ***
Total pot $2.50 | Rake $0 
Seat 1: Manifestorr (small blind) folded before Flop
Seat 3: LuckyShikari (big blind) folded before Flop
Seat 4: Mr_Dick666 collected ($2.50)
Seat 5: illarins (button) folded before Flop (didn't bet)



PokerStars Hand #254237742787:  Hold'em No Limit ($0.50/$1.00 USD) - 2025/01/06 23:55:46 WET [2025/01/06 18:55:46 ET]
Table 'Mirphak II' 6-max Seat #1 is the button
Seat 4: Mr_Dick666 ($111.56 in chips) is sitting out
Seat 1: Manifestorr ($204.24 in chips) 
Seat 3: LuckyShikari ($100 in chips) 
Seat 5: illarins ($101.50 in chips) 
LuckyShikari: posts small blind $0.50
Mr_Dick666: is sitting out 
illarins: posts big blind $1
*** HOLE CARDS ***
Manifestorr: raises $1.20 to $2.20
Mr_Dick666 leaves the table
LuckyShikari: folds 
illarins: folds 
Uncalled bet ($1.20) returned to Manifestorr
Manifestorr collected $2.50 from pot
*** SUMMARY ***
Total pot $2.50 | Rake $0 
Seat 4: Mr_Dick666
Seat 1: Manifestorr (button) collected ($2.50)
Seat 3: LuckyShikari (small blind) folded before Flop
Seat 5: illarins (big blind) folded before Flop



PokerStars Hand #254237745625:  Hold'em No Limit ($0.50/$1.00 USD) - 2025/01/06 23:56:01 WET [2025/01/06 18:56:01 ET]
Table 'Mirphak II' 6-max Seat #5 is the button
Seat 1: Manifestorr ($205.74 in chips) is sitting out
Seat 3: LuckyShikari ($100 in chips) 
Seat 5: illarins ($100.50 in chips) 
illarins: posts small blind $0.50
Manifestorr: is sitting out 
LuckyShikari: posts big blind $1
*** HOLE CARDS ***
illarins: raises $1.50 to $2.50
Manifestorr leaves the table
LuckyShikari: calls $1.50
*** FLOP *** [Js 8h 2s]
LuckyShikari: checks 
illarins: checks 
*** TURN *** [Js 8h 2s] [4s]
LuckyShikari: bets $7.50
illarins: folds 
Uncalled bet ($7.50) returned to LuckyShikari
LuckyShikari collected $4.75 from pot
LuckyShikari: doesn't show hand 
*** SUMMARY ***
Total pot $5 | Rake $0.25 
Board [Js 8h 2s 4s]
Seat 1: Manifestorr
Seat 3: LuckyShikari (big blind) collected ($4.75)
Seat 5: illarins (button) (small blind) folded on the Turn



