PokerStars Hand #254235500425:  Hold'em No Limit ($0.50/$1.00 USD) - 2025/01/06 21:46:43 WET [2025/01/06 16:46:43 ET]
Table 'Thyra III' 6-max Seat #1 is the button
Seat 1: NikoPale ($100 in chips) 
Seat 2: tintin641 ($100 in chips) 
Seat 3: Desverdi ($10 in chips) 
Seat 4: Myfrat26 ($37.92 in chips) 
Seat 5: blistein ($100 in chips) 
Seat 6: Zvst ($102.72 in chips) 
tintin641: posts small blind $0.50
Desverdi: posts big blind $1
*** HOLE CARDS ***
Myfrat26: raises $2 to $3
blistein: folds 
Zvst: folds 
NikoPale: folds 
tintin641: folds 
Desverdi: raises $7 to $10 and is all-in
Myfrat26: calls $7
*** FLOP *** [Ad 8s Jh]
*** TURN *** [Ad 8s Jh] [7d]
*** RIVER *** [Ad 8s Jh 7d] [5d]
*** SHOW DOWN ***
Desverdi: shows [Jd Kc] (a pair of Jacks)
Myfrat26: shows [4s As] (a pair of Aces)
Myfrat26 cashed out the hand for $11.49 | Cash Out Fee $0.23
*** SUMMARY ***
Total pot $20.50 | Rake $1.02 
Board [Ad 8s Jh 7d 5d]
Seat 1: NikoPale (button) folded before Flop (didn't bet)
Seat 2: tintin641 (small blind) folded before Flop
Seat 3: Desverdi (big blind) showed [Jd Kc] and lost with a pair of Jacks
Seat 4: Myfrat26 showed [4s As] and won ($19.48) with a pair of Aces (pot not awarded as player cashed out)
Seat 5: blistein folded before Flop (didn't bet)
Seat 6: Zvst folded before Flop (didn't bet)



PokerStars Hand #254235511926:  Hold'em No Limit ($0.50/$1.00 USD) - 2025/01/06 21:47:16 WET [2025/01/06 16:47:16 ET]
Table 'Thyra III' 6-max Seat #2 is the button
Seat 3: Desverdi ($0 in chips) is sitting out
Seat 1: NikoPale ($100 in chips) 
Seat 2: tintin641 ($100 in chips) 
Seat 4: Myfrat26 ($39.41 in chips) 
Seat 5: blistein ($100 in chips) 
Seat 6: Zvst ($102.72 in chips) 
Myfrat26: posts small blind $0.50
blistein: posts big blind $1
*** HOLE CARDS ***
Zvst: folds 
NikoPale: folds 
tintin641: folds 
Myfrat26: calls $0.50
blistein: checks 
*** FLOP *** [4c 6c Kd]
Myfrat26: bets $2.90
blistein: folds 
Uncalled bet ($2.90) returned to Myfrat26
Myfrat26 collected $1.90 from pot
*** SUMMARY ***
Total pot $2 | Rake $0.10 
Board [4c 6c Kd]
Seat 3: Desverdi
Seat 1: NikoPale folded before Flop (didn't bet)
Seat 2: tintin641 (button) folded before Flop (didn't bet)
Seat 4: Myfrat26 (small blind) collected ($1.90)
Seat 5: blistein (big blind) folded on the Flop
Seat 6: Zvst folded before Flop (didn't bet)



PokerStars Hand #254235521695:  Hold'em No Limit ($0.50/$1.00 USD) - 2025/01/06 21:47:44 WET [2025/01/06 16:47:44 ET]
Table 'Thyra III' 6-max Seat #4 is the button
Seat 1: NikoPale ($100 in chips) 
Seat 2: tintin641 ($100 in chips) 
Seat 3: Desverdi ($10 in chips) 
Seat 4: Myfrat26 ($40.31 in chips) 
Seat 5: blistein ($100 in chips) 
Seat 6: Zvst ($102.72 in chips) 
blistein: posts small blind $0.50
Zvst: posts big blind $1
Desverdi: posts small blind $0.50
*** HOLE CARDS ***
NikoPale: folds 
tintin641: folds 
Desverdi: folds 
Myfrat26: raises $1 to $2
blistein: folds 
Zvst: calls $1
*** FLOP *** [3h 7d 8d]
Zvst: checks 
Myfrat26: bets $4.75
Zvst: folds 
Uncalled bet ($4.75) returned to Myfrat26
Myfrat26 collected $4.75 from pot
*** SUMMARY ***
Total pot $5 | Rake $0.25 
Board [3h 7d 8d]
Seat 1: NikoPale folded before Flop (didn't bet)
Seat 2: tintin641 folded before Flop (didn't bet)
Seat 3: Desverdi folded before Flop (didn't bet)
Seat 4: Myfrat26 (button) collected ($4.75)
Seat 5: blistein (small blind) folded before Flop
Seat 6: Zvst (big blind) folded on the Flop



PokerStars Hand #254235529623:  Hold'em No Limit ($0.50/$1.00 USD) - 2025/01/06 21:48:07 WET [2025/01/06 16:48:07 ET]
Table 'Thyra III' 6-max Seat #5 is the button
Seat 1: NikoPale ($100 in chips) 
Seat 2: tintin641 ($100 in chips) 
Seat 3: Desverdi ($9.50 in chips) 
Seat 4: Myfrat26 ($43.06 in chips) 
Seat 5: blistein ($100 in chips) 
Seat 6: Zvst ($100.72 in chips) 
Zvst: posts small blind $0.50
NikoPale: posts big blind $1
*** HOLE CARDS ***
tintin641: folds 
Desverdi: folds 
Myfrat26: calls $1
blistein: raises $2.50 to $3.50
Zvst: folds 
NikoPale: calls $2.50
Myfrat26: folds 
*** FLOP *** [Ac 6s 2d]
NikoPale: checks 
blistein: bets $2.75
NikoPale: folds 
Uncalled bet ($2.75) returned to blistein
blistein collected $8.08 from pot
blistein: doesn't show hand 
*** SUMMARY ***
Total pot $8.50 | Rake $0.42 
Board [Ac 6s 2d]
Seat 1: NikoPale (big blind) folded on the Flop
Seat 2: tintin641 folded before Flop (didn't bet)
Seat 3: Desverdi folded before Flop (didn't bet)
Seat 4: Myfrat26 folded before Flop
Seat 5: blistein (button) collected ($8.08)
Seat 6: Zvst (small blind) folded before Flop



PokerStars Hand #254235540931:  Hold'em No Limit ($0.50/$1.00 USD) - 2025/01/06 21:48:40 WET [2025/01/06 16:48:40 ET]
Table 'Thyra III' 6-max Seat #6 is the button
Seat 1: NikoPale ($100 in chips) 
Seat 2: tintin641 ($100 in chips) 
Seat 3: Desverdi ($9.50 in chips) 
Seat 4: Myfrat26 ($42.06 in chips) 
Seat 5: blistein ($104.58 in chips) 
Seat 6: Zvst ($100.22 in chips) 
NikoPale: posts small blind $0.50
tintin641: posts big blind $1
*** HOLE CARDS ***
Desverdi: folds 
Myfrat26: folds 
blistein: folds 
Zvst: raises $1.50 to $2.50
NikoPale: folds 
tintin641: folds 
Uncalled bet ($1.50) returned to Zvst
Zvst collected $2.50 from pot
Zvst: doesn't show hand 
*** SUMMARY ***
Total pot $2.50 | Rake $0 
Seat 1: NikoPale (small blind) folded before Flop
Seat 2: tintin641 (big blind) folded before Flop
Seat 3: Desverdi folded before Flop (didn't bet)
Seat 4: Myfrat26 folded before Flop (didn't bet)
Seat 5: blistein folded before Flop (didn't bet)
Seat 6: Zvst (button) collected ($2.50)



PokerStars Hand #254235547081:  Hold'em No Limit ($0.50/$1.00 USD) - 2025/01/06 21:48:57 WET [2025/01/06 16:48:57 ET]
Table 'Thyra III' 6-max Seat #1 is the button
Seat 1: NikoPale ($100 in chips) 
Seat 2: tintin641 ($100 in chips) 
Seat 3: Desverdi ($9.50 in chips) 
Seat 4: Myfrat26 ($42.06 in chips) 
Seat 5: blistein ($104.58 in chips) 
Seat 6: Zvst ($101.72 in chips) 
tintin641: posts small blind $0.50
Desverdi: posts big blind $1
*** HOLE CARDS ***
Myfrat26: folds 
blistein: folds 
Zvst: raises $1.50 to $2.50
NikoPale: folds 
tintin641: folds 
Desverdi: folds 
Uncalled bet ($1.50) returned to Zvst
Zvst collected $2.50 from pot
Zvst: doesn't show hand 
*** SUMMARY ***
Total pot $2.50 | Rake $0 
Seat 1: NikoPale (button) folded before Flop (didn't bet)
Seat 2: tintin641 (small blind) folded before Flop
Seat 3: Desverdi (big blind) folded before Flop
Seat 4: Myfrat26 folded before Flop (didn't bet)
Seat 5: blistein folded before Flop (didn't bet)
Seat 6: Zvst collected ($2.50)



PokerStars Hand #254235554079:  Hold'em No Limit ($0.50/$1.00 USD) - 2025/01/06 21:49:17 WET [2025/01/06 16:49:17 ET]
Table 'Thyra III' 6-max Seat #2 is the button
Seat 1: NikoPale ($100 in chips) 
Seat 2: tintin641 ($100 in chips) 
Seat 3: Desverdi ($8.50 in chips) 
Seat 4: Myfrat26 ($42.06 in chips) 
Seat 5: blistein ($104.58 in chips) 
Seat 6: Zvst ($103.22 in chips) 
Desverdi: posts small blind $0.50
Myfrat26: posts big blind $1
*** HOLE CARDS ***
blistein: folds 
Zvst: raises $1.50 to $2.50
NikoPale: raises $5.50 to $8
tintin641: folds 
Desverdi: folds 
Myfrat26: folds 
Zvst: folds 
Uncalled bet ($5.50) returned to NikoPale
NikoPale collected $6.50 from pot
NikoPale: doesn't show hand 
*** SUMMARY ***
Total pot $6.50 | Rake $0 
Seat 1: NikoPale collected ($6.50)
Seat 2: tintin641 (button) folded before Flop (didn't bet)
Seat 3: Desverdi (small blind) folded before Flop
Seat 4: Myfrat26 (big blind) folded before Flop
Seat 5: blistein folded before Flop (didn't bet)
Seat 6: Zvst folded before Flop



PokerStars Hand #254235566634:  Hold'em No Limit ($0.50/$1.00 USD) - 2025/01/06 21:49:54 WET [2025/01/06 16:49:54 ET]
Table 'Thyra III' 6-max Seat #3 is the button
Seat 1: NikoPale ($104 in chips) 
Seat 2: tintin641 ($100 in chips) 
Seat 3: Desverdi ($8 in chips) 
Seat 4: Myfrat26 ($41.06 in chips) 
Seat 5: blistein ($104.58 in chips) 
Seat 6: Zvst ($100.72 in chips) 
Myfrat26: posts small blind $0.50
blistein: posts big blind $1
*** HOLE CARDS ***
Zvst: folds 
NikoPale: folds 
tintin641: folds 
Desverdi: calls $1
Myfrat26: calls $0.50
blistein: checks 
*** FLOP *** [7h Td 9c]
Myfrat26: bets $2.85
blistein: folds 
Desverdi: calls $2.85
*** TURN *** [7h Td 9c] [As]
Myfrat26: bets $8.26
Desverdi: calls $4.15 and is all-in
Uncalled bet ($4.11) returned to Myfrat26
*** RIVER *** [7h Td 9c As] [Jc]
*** SHOW DOWN ***
Myfrat26: shows [Jd 7d] (two pair, Jacks and Sevens)
Desverdi: shows [6d 6s] (a pair of Sixes)
Myfrat26 collected $16.15 from pot
*** SUMMARY ***
Total pot $17 | Rake $0.85 
Board [7h Td 9c As Jc]
Seat 1: NikoPale folded before Flop (didn't bet)
Seat 2: tintin641 folded before Flop (didn't bet)
Seat 3: Desverdi (button) showed [6d 6s] and lost with a pair of Sixes
Seat 4: Myfrat26 (small blind) showed [Jd 7d] and won ($16.15) with two pair, Jacks and Sevens
Seat 5: blistein (big blind) folded on the Flop
Seat 6: Zvst folded before Flop (didn't bet)



PokerStars Hand #254235580617:  Hold'em No Limit ($0.50/$1.00 USD) - 2025/01/06 21:50:34 WET [2025/01/06 16:50:34 ET]
Table 'Thyra III' 6-max Seat #4 is the button
Seat 3: Desverdi ($0 in chips) is sitting out
Seat 1: NikoPale ($104 in chips) 
Seat 2: tintin641 ($100 in chips) 
Seat 4: Myfrat26 ($49.21 in chips) 
Seat 5: blistein ($103.58 in chips) 
Seat 6: Zvst ($100.72 in chips) 
blistein: posts small blind $0.50
Zvst: posts big blind $1
*** HOLE CARDS ***
NikoPale: folds 
tintin641: folds 
Myfrat26: calls $1
blistein: raises $3 to $4
Zvst: folds 
Myfrat26: folds 
Uncalled bet ($3) returned to blistein
blistein collected $3 from pot
blistein: doesn't show hand 
*** SUMMARY ***
Total pot $3 | Rake $0 
Seat 3: Desverdi
Seat 1: NikoPale folded before Flop (didn't bet)
Seat 2: tintin641 folded before Flop (didn't bet)
Seat 4: Myfrat26 (button) folded before Flop
Seat 5: blistein (small blind) collected ($3)
Seat 6: Zvst (big blind) folded before Flop



PokerStars Hand #254235586922:  Hold'em No Limit ($0.50/$1.00 USD) - 2025/01/06 21:50:52 WET [2025/01/06 16:50:52 ET]
Table 'Thyra III' 6-max Seat #5 is the button
Seat 1: NikoPale ($104 in chips) 
Seat 2: tintin641 ($100 in chips) 
Seat 3: Desverdi ($10.37 in chips) 
Seat 4: Myfrat26 ($48.21 in chips) 
Seat 5: blistein ($105.58 in chips) 
Seat 6: Zvst ($100 in chips) 
Zvst: posts small blind $0.50
NikoPale: posts big blind $1
*** HOLE CARDS ***
tintin641: folds 
Desverdi: calls $1
Myfrat26: calls $1
blistein: folds 
Zvst: calls $0.50
NikoPale: checks 
*** FLOP *** [8d Js 5d]
Zvst: checks 
NikoPale: checks 
Desverdi: bets $1
Myfrat26: raises $3 to $4
Zvst: folds 
NikoPale: folds 
Desverdi: raises $5.37 to $9.37 and is all-in
Myfrat26: calls $5.37
*** TURN *** [8d Js 5d] [3s]
*** RIVER *** [8d Js 5d 3s] [Td]
*** SHOW DOWN ***
Desverdi: shows [5c Ac] (a pair of Fives)
Myfrat26: shows [6h 6c] (a pair of Sixes)
Myfrat26 collected $21.60 from pot
*** SUMMARY ***
Total pot $22.74 | Rake $1.14 
Board [8d Js 5d 3s Td]
Seat 1: NikoPale (big blind) folded on the Flop
Seat 2: tintin641 folded before Flop (didn't bet)
Seat 3: Desverdi showed [5c Ac] and lost with a pair of Fives
Seat 4: Myfrat26 showed [6h 6c] and won ($21.60) with a pair of Sixes
Seat 5: blistein (button) folded before Flop (didn't bet)
Seat 6: Zvst (small blind) folded on the Flop



PokerStars Hand #254235608945:  Hold'em No Limit ($0.50/$1.00 USD) - 2025/01/06 21:51:56 WET [2025/01/06 16:51:56 ET]
Table 'Thyra III' 6-max Seat #6 is the button
Seat 3: Desverdi ($0 in chips) is sitting out
Seat 1: NikoPale ($103 in chips) 
Seat 2: tintin641 ($100 in chips) 
Seat 4: Myfrat26 ($59.44 in chips) 
Seat 5: blistein ($105.58 in chips) 
Seat 6: Zvst ($100 in chips) 
NikoPale: posts small blind $0.50
tintin641: posts big blind $1
*** HOLE CARDS ***
Myfrat26: calls $1
blistein: folds 
Zvst: folds 
NikoPale: calls $0.50
tintin641: raises $5 to $6
Myfrat26: calls $5
NikoPale: calls $5
*** FLOP *** [5s 9s 8c]
NikoPale: checks 
tintin641: checks 
Myfrat26: checks 
*** TURN *** [5s 9s 8c] [Qh]
NikoPale: checks 
tintin641: bets $12.83
Myfrat26: calls $12.83
NikoPale: folds 
*** RIVER *** [5s 9s 8c Qh] [Jc]
tintin641: checks 
Myfrat26: checks 
*** SHOW DOWN ***
tintin641: shows [Jh Kd] (a pair of Jacks)
Myfrat26: shows [Ad Js] (a pair of Jacks - Ace kicker)
Myfrat26 collected $41.48 from pot
*** SUMMARY ***
Total pot $43.66 | Rake $2.18 
Board [5s 9s 8c Qh Jc]
Seat 3: Desverdi
Seat 1: NikoPale (small blind) folded on the Turn
Seat 2: tintin641 (big blind) showed [Jh Kd] and lost with a pair of Jacks
Seat 4: Myfrat26 showed [Ad Js] and won ($41.48) with a pair of Jacks
Seat 5: blistein folded before Flop (didn't bet)
Seat 6: Zvst (button) folded before Flop (didn't bet)



PokerStars Hand #254235642016:  Hold'em No Limit ($0.50/$1.00 USD) - 2025/01/06 21:53:32 WET [2025/01/06 16:53:32 ET]
Table 'Thyra III' 6-max Seat #1 is the button
Seat 1: NikoPale ($100 in chips) 
Seat 2: tintin641 ($100 in chips) 
Seat 3: Desverdi ($10 in chips) 
Seat 4: Myfrat26 ($82.09 in chips) 
Seat 5: blistein ($105.58 in chips) 
Seat 6: Zvst ($100 in chips) 
tintin641: posts small blind $0.50
Desverdi: posts big blind $1
*** HOLE CARDS ***
Myfrat26: calls $1
blistein: folds 
Zvst: raises $4 to $5
NikoPale: folds 
tintin641: folds 
Desverdi: calls $4
Myfrat26: calls $4
*** FLOP *** [2s 3h 4h]
Desverdi: checks 
Myfrat26: bets $5.36
Zvst: calls $5.36
Desverdi: folds 
*** TURN *** [2s 3h 4h] [8h]
Myfrat26: bets $7
Zvst: calls $7
*** RIVER *** [2s 3h 4h 8h] [7s]
Myfrat26: bets $10
Zvst: calls $10
*** SHOW DOWN ***
Myfrat26: shows [Kd Tc] (high card King)
Zvst: shows [Ad Ks] (high card Ace)
Zvst collected $57.72 from pot
*** SUMMARY ***
Total pot $60.22 | Rake $2.50 
Board [2s 3h 4h 8h 7s]
Seat 1: NikoPale (button) folded before Flop (didn't bet)
Seat 2: tintin641 (small blind) folded before Flop
Seat 3: Desverdi (big blind) folded on the Flop
Seat 4: Myfrat26 showed [Kd Tc] and lost with high card King
Seat 5: blistein folded before Flop (didn't bet)
Seat 6: Zvst showed [Ad Ks] and won ($57.72) with high card Ace



PokerStars Hand #254235679048:  Hold'em No Limit ($0.50/$1.00 USD) - 2025/01/06 21:55:25 WET [2025/01/06 16:55:25 ET]
Table 'Thyra III' 6-max Seat #2 is the button
Seat 1: NikoPale ($100 in chips) 
Seat 2: tintin641 ($100 in chips) 
Seat 3: Desverdi ($29.87 in chips) 
Seat 4: Myfrat26 ($54.73 in chips) 
Seat 5: blistein ($105.58 in chips) 
Seat 6: Zvst ($130.36 in chips) 
Desverdi: posts small blind $0.50
Myfrat26: posts big blind $1
*** HOLE CARDS ***
blistein: folds 
Zvst: raises $2 to $3
NikoPale: folds 
tintin641: folds 
Desverdi: calls $2.50
Myfrat26: calls $2
*** FLOP *** [8c Qs 3h]
Desverdi: checks 
Myfrat26: checks 
Zvst: checks 
*** TURN *** [8c Qs 3h] [4d]
Desverdi: checks 
Myfrat26: checks 
Zvst: checks 
*** RIVER *** [8c Qs 3h 4d] [7s]
Desverdi: checks 
Myfrat26: bets $2
Zvst: calls $2
Desverdi: folds 
*** SHOW DOWN ***
Myfrat26: shows [7c Ts] (a pair of Sevens)
Zvst: mucks hand 
Myfrat26 collected $12.35 from pot
*** SUMMARY ***
Total pot $13 | Rake $0.65 
Board [8c Qs 3h 4d 7s]
Seat 1: NikoPale folded before Flop (didn't bet)
Seat 2: tintin641 (button) folded before Flop (didn't bet)
Seat 3: Desverdi (small blind) folded on the River
Seat 4: Myfrat26 (big blind) showed [7c Ts] and won ($12.35) with a pair of Sevens
Seat 5: blistein folded before Flop (didn't bet)
Seat 6: Zvst mucked



PokerStars Hand #254235699690:  Hold'em No Limit ($0.50/$1.00 USD) - 2025/01/06 21:56:54 WET [2025/01/06 16:56:54 ET]
Table 'Thyra III' 6-max Seat #3 is the button
Seat 1: NikoPale ($100 in chips) 
Seat 2: tintin641 ($100 in chips) 
Seat 3: Desverdi ($26.87 in chips) 
Seat 4: Myfrat26 ($62.08 in chips) 
Seat 5: blistein ($105.58 in chips) 
Seat 6: Zvst ($125.36 in chips) 
Myfrat26: posts small blind $0.50
blistein: posts big blind $1
*** HOLE CARDS ***
Zvst: folds 
NikoPale: raises $2 to $3
tintin641: folds 
Desverdi: folds 
Desverdi leaves the table
Myfrat26: calls $2.50
blistein: folds 
*** FLOP *** [4h 7d 9d]
Myfrat26: checks 
NikoPale: checks 
*** TURN *** [4h 7d 9d] [4d]
Myfrat26: bets $3.33
NikoPale: calls $3.33
*** RIVER *** [4h 7d 9d 4d] [6c]
Myfrat26: bets $4
NikoPale: raises $9 to $13
Myfrat26: calls $9
*** SHOW DOWN ***
NikoPale: shows [4c Ac] (three of a kind, Fours)
Myfrat26: mucks hand 
NikoPale collected $37.68 from pot
*** SUMMARY ***
Total pot $39.66 | Rake $1.98 
Board [4h 7d 9d 4d 6c]
Seat 1: NikoPale showed [4c Ac] and won ($37.68) with three of a kind, Fours
Seat 2: tintin641 folded before Flop (didn't bet)
Seat 3: Desverdi (button) folded before Flop (didn't bet)
Seat 4: Myfrat26 (small blind) mucked
Seat 5: blistein (big blind) folded before Flop
Seat 6: Zvst folded before Flop (didn't bet)



PokerStars Hand #254235713812:  Hold'em No Limit ($0.50/$1.00 USD) - 2025/01/06 21:57:55 WET [2025/01/06 16:57:55 ET]
Table 'Thyra III' 6-max Seat #4 is the button
Seat 1: NikoPale ($118.35 in chips) 
Seat 2: tintin641 ($100 in chips) 
Seat 4: Myfrat26 ($42.75 in chips) 
Seat 5: blistein ($104.58 in chips) 
Seat 6: Zvst ($125.36 in chips) 
blistein: posts small blind $0.50
Zvst: posts big blind $1
*** HOLE CARDS ***
NikoPale: folds 
Yoalfre joins the table at seat #3 
tintin641: folds 
Myfrat26: raises $1 to $2
blistein: folds 
Zvst: folds 
Uncalled bet ($1) returned to Myfrat26
Myfrat26 collected $2.50 from pot
*** SUMMARY ***
Total pot $2.50 | Rake $0 
Seat 1: NikoPale folded before Flop (didn't bet)
Seat 2: tintin641 folded before Flop (didn't bet)
Seat 4: Myfrat26 (button) collected ($2.50)
Seat 5: blistein (small blind) folded before Flop
Seat 6: Zvst (big blind) folded before Flop



PokerStars Hand #254235720494:  Hold'em No Limit ($0.50/$1.00 USD) - 2025/01/06 21:58:24 WET [2025/01/06 16:58:24 ET]
Table 'Thyra III' 6-max Seat #5 is the button
Seat 3: Yoalfre ($100 in chips) is sitting out
Seat 1: NikoPale ($118.35 in chips) 
Seat 2: tintin641 ($100 in chips) 
Seat 4: Myfrat26 ($44.25 in chips) 
Seat 5: blistein ($104.08 in chips) 
Seat 6: Zvst ($124.36 in chips) 
Zvst: posts small blind $0.50
NikoPale: posts big blind $1
Yoalfre: sits out 
*** HOLE CARDS ***
tintin641: folds 
Myfrat26: calls $1
blistein: raises $2.50 to $3.50
Zvst: folds 
NikoPale: folds 
Myfrat26: calls $2.50
*** FLOP *** [As 7c Jc]
Myfrat26: checks 
blistein: bets $2.02
Myfrat26: calls $2.02
*** TURN *** [As 7c Jc] [4d]
Myfrat26: checks 
blistein: checks 
*** RIVER *** [As 7c Jc 4d] [9d]
Myfrat26: bets $11.91
blistein: folds 
Uncalled bet ($11.91) returned to Myfrat26
Myfrat26 collected $11.91 from pot
*** SUMMARY ***
Total pot $12.54 | Rake $0.63 
Board [As 7c Jc 4d 9d]
Seat 3: Yoalfre
Seat 1: NikoPale (big blind) folded before Flop
Seat 2: tintin641 folded before Flop (didn't bet)
Seat 4: Myfrat26 collected ($11.91)
Seat 5: blistein (button) folded on the River
Seat 6: Zvst (small blind) folded before Flop



PokerStars Hand #254235735825:  Hold'em No Limit ($0.50/$1.00 USD) - 2025/01/06 21:59:28 WET [2025/01/06 16:59:28 ET]
Table 'Thyra III' 6-max Seat #6 is the button
Seat 3: Yoalfre ($100 in chips) is sitting out
Seat 1: NikoPale ($117.35 in chips) 
Seat 2: tintin641 ($100 in chips) 
Seat 4: Myfrat26 ($50.64 in chips) 
Seat 5: blistein ($100 in chips) 
Seat 6: Zvst ($123.86 in chips) 
NikoPale: posts small blind $0.50
tintin641: posts big blind $1
Yoalfre: sits out 
*** HOLE CARDS ***
Myfrat26: calls $1
blistein: folds 
Zvst: folds 
NikoPale: folds 
tintin641: raises $4 to $5
Myfrat26: folds 
Uncalled bet ($4) returned to tintin641
tintin641 collected $2.50 from pot
tintin641: doesn't show hand 
*** SUMMARY ***
Total pot $2.50 | Rake $0 
Seat 3: Yoalfre
Seat 1: NikoPale (small blind) folded before Flop
Seat 2: tintin641 (big blind) collected ($2.50)
Seat 4: Myfrat26 folded before Flop
Seat 5: blistein folded before Flop (didn't bet)
Seat 6: Zvst (button) folded before Flop (didn't bet)



PokerStars Hand #254235740582:  Hold'em No Limit ($0.50/$1.00 USD) - 2025/01/06 21:59:48 WET [2025/01/06 16:59:48 ET]
Table 'Thyra III' 6-max Seat #1 is the button
Seat 1: NikoPale ($116.85 in chips) 
Seat 2: tintin641 ($101.50 in chips) 
Seat 3: Yoalfre ($100 in chips) 
Seat 4: Myfrat26 ($49.64 in chips) 
Seat 5: blistein ($100 in chips) 
Seat 6: Zvst ($123.86 in chips) 
tintin641: posts small blind $0.50
Yoalfre: posts big blind $1
*** HOLE CARDS ***
Myfrat26: calls $1
blistein: folds 
Zvst: raises $4 to $5
NikoPale: folds 
tintin641: folds 
Yoalfre: folds 
Myfrat26: calls $4
*** FLOP *** [Th 2h 9s]
Myfrat26: checks 
Zvst: bets $3.60
Myfrat26: folds 
Uncalled bet ($3.60) returned to Zvst
Zvst collected $10.92 from pot
Zvst: doesn't show hand 
*** SUMMARY ***
Total pot $11.50 | Rake $0.58 
Board [Th 2h 9s]
Seat 1: NikoPale (button) folded before Flop (didn't bet)
Seat 2: tintin641 (small blind) folded before Flop
Seat 3: Yoalfre (big blind) folded before Flop
Seat 4: Myfrat26 folded on the Flop
Seat 5: blistein folded before Flop (didn't bet)
Seat 6: Zvst collected ($10.92)



PokerStars Hand #254235749953:  Hold'em No Limit ($0.50/$1.00 USD) - 2025/01/06 22:00:27 WET [2025/01/06 17:00:27 ET]
Table 'Thyra III' 6-max Seat #2 is the button
Seat 1: NikoPale ($116.85 in chips) 
Seat 2: tintin641 ($101 in chips) 
Seat 3: Yoalfre ($100 in chips) 
Seat 4: Myfrat26 ($44.64 in chips) 
Seat 5: blistein ($100 in chips) 
Seat 6: Zvst ($129.78 in chips) 
Yoalfre: posts small blind $0.50
Myfrat26: posts big blind $1
*** HOLE CARDS ***
blistein: folds 
Zvst: folds 
NikoPale: raises $1.50 to $2.50
tintin641: folds 
Yoalfre: raises $8.50 to $11
Myfrat26: folds 
NikoPale: raises $12.50 to $23.50
Yoalfre: folds 
Uncalled bet ($12.50) returned to NikoPale
NikoPale collected $23 from pot
NikoPale: doesn't show hand 
*** SUMMARY ***
Total pot $23 | Rake $0 
Seat 1: NikoPale collected ($23)
Seat 2: tintin641 (button) folded before Flop (didn't bet)
Seat 3: Yoalfre (small blind) folded before Flop
Seat 4: Myfrat26 (big blind) folded before Flop
Seat 5: blistein folded before Flop (didn't bet)
Seat 6: Zvst folded before Flop (didn't bet)



PokerStars Hand #254235759506:  Hold'em No Limit ($0.50/$1.00 USD) - 2025/01/06 22:01:02 WET [2025/01/06 17:01:02 ET]
Table 'Thyra III' 6-max Seat #3 is the button
Seat 1: NikoPale ($128.85 in chips) 
Seat 2: tintin641 ($101 in chips) 
Seat 3: Yoalfre ($100 in chips) 
Seat 4: Myfrat26 ($43.64 in chips) 
Seat 5: blistein ($100 in chips) 
Seat 6: Zvst ($129.78 in chips) 
Myfrat26: posts small blind $0.50
blistein: posts big blind $1
*** HOLE CARDS ***
Zvst: folds 
NikoPale: folds 
tintin641: folds 
Yoalfre: raises $1.50 to $2.50
Myfrat26: folds 
blistein: calls $1.50
*** FLOP *** [Ks 2c 4h]
blistein: checks 
Yoalfre: bets $1.72
blistein: calls $1.72
*** TURN *** [Ks 2c 4h] [7s]
blistein: checks 
Yoalfre: bets $12.73
blistein: folds 
Uncalled bet ($12.73) returned to Yoalfre
Yoalfre collected $8.49 from pot
Yoalfre: doesn't show hand 
*** SUMMARY ***
Total pot $8.94 | Rake $0.45 
Board [Ks 2c 4h 7s]
Seat 1: NikoPale folded before Flop (didn't bet)
Seat 2: tintin641 folded before Flop (didn't bet)
Seat 3: Yoalfre (button) collected ($8.49)
Seat 4: Myfrat26 (small blind) folded before Flop
Seat 5: blistein (big blind) folded on the Turn
Seat 6: Zvst folded before Flop (didn't bet)



PokerStars Hand #254235778666:  Hold'em No Limit ($0.50/$1.00 USD) - 2025/01/06 22:02:04 WET [2025/01/06 17:02:04 ET]
Table 'Thyra III' 6-max Seat #4 is the button
Seat 1: NikoPale ($128.85 in chips) 
Seat 2: tintin641 ($101 in chips) 
Seat 3: Yoalfre ($104.27 in chips) 
Seat 4: Myfrat26 ($43.14 in chips) 
Seat 5: blistein ($100 in chips) 
Seat 6: Zvst ($129.78 in chips) 
blistein: posts small blind $0.50
Zvst: posts big blind $1
*** HOLE CARDS ***
NikoPale: folds 
tintin641: folds 
Yoalfre: folds 
Myfrat26: raises $2 to $3
blistein: folds 
Zvst: folds 
Uncalled bet ($2) returned to Myfrat26
Myfrat26 collected $2.50 from pot
*** SUMMARY ***
Total pot $2.50 | Rake $0 
Seat 1: NikoPale folded before Flop (didn't bet)
Seat 2: tintin641 folded before Flop (didn't bet)
Seat 3: Yoalfre folded before Flop (didn't bet)
Seat 4: Myfrat26 (button) collected ($2.50)
Seat 5: blistein (small blind) folded before Flop
Seat 6: Zvst (big blind) folded before Flop



PokerStars Hand #254235787224:  Hold'em No Limit ($0.50/$1.00 USD) - 2025/01/06 22:02:31 WET [2025/01/06 17:02:31 ET]
Table 'Thyra III' 6-max Seat #5 is the button
Seat 1: NikoPale ($128.85 in chips) 
Seat 2: tintin641 ($101 in chips) 
Seat 3: Yoalfre ($104.27 in chips) 
Seat 4: Myfrat26 ($44.64 in chips) 
Seat 5: blistein ($100 in chips) 
Seat 6: Zvst ($128.78 in chips) 
Zvst: posts small blind $0.50
NikoPale: posts big blind $1
*** HOLE CARDS ***
tintin641: folds 
Yoalfre: folds 
Myfrat26: calls $1
blistein: folds 
Zvst: folds 
NikoPale: checks 
*** FLOP *** [7s Ts 3d]
NikoPale: checks 
Myfrat26: bets $2
NikoPale: folds 
Uncalled bet ($2) returned to Myfrat26
Myfrat26 collected $2.38 from pot
*** SUMMARY ***
Total pot $2.50 | Rake $0.12 
Board [7s Ts 3d]
Seat 1: NikoPale (big blind) folded on the Flop
Seat 2: tintin641 folded before Flop (didn't bet)
Seat 3: Yoalfre folded before Flop (didn't bet)
Seat 4: Myfrat26 collected ($2.38)
Seat 5: blistein (button) folded before Flop (didn't bet)
Seat 6: Zvst (small blind) folded before Flop



PokerStars Hand #254235796406:  Hold'em No Limit ($0.50/$1.00 USD) - 2025/01/06 22:02:59 WET [2025/01/06 17:02:59 ET]
Table 'Thyra III' 6-max Seat #6 is the button
Seat 1: NikoPale ($127.85 in chips) 
Seat 2: tintin641 ($101 in chips) 
Seat 3: Yoalfre ($104.27 in chips) 
Seat 4: Myfrat26 ($46.02 in chips) 
Seat 5: blistein ($100 in chips) 
Seat 6: Zvst ($128.28 in chips) 
NikoPale: posts small blind $0.50
tintin641: posts big blind $1
*** HOLE CARDS ***
Yoalfre: raises $1.50 to $2.50
Myfrat26: folds 
blistein: raises $5 to $7.50
Zvst: folds 
NikoPale: folds 
tintin641: folds 
Yoalfre: folds 
Uncalled bet ($5) returned to blistein
blistein collected $6.50 from pot
blistein: doesn't show hand 
*** SUMMARY ***
Total pot $6.50 | Rake $0 
Seat 1: NikoPale (small blind) folded before Flop
Seat 2: tintin641 (big blind) folded before Flop
Seat 3: Yoalfre folded before Flop
Seat 4: Myfrat26 folded before Flop (didn't bet)
Seat 5: blistein collected ($6.50)
Seat 6: Zvst (button) folded before Flop (didn't bet)



PokerStars Hand #254235803722:  Hold'em No Limit ($0.50/$1.00 USD) - 2025/01/06 22:03:20 WET [2025/01/06 17:03:20 ET]
Table 'Thyra III' 6-max Seat #1 is the button
Seat 1: NikoPale ($127.35 in chips) 
Seat 2: tintin641 ($100 in chips) 
Seat 3: Yoalfre ($101.77 in chips) 
Seat 4: Myfrat26 ($46.02 in chips) 
Seat 5: blistein ($104 in chips) 
Seat 6: Zvst ($128.28 in chips) 
tintin641: posts small blind $0.50
Yoalfre: posts big blind $1
*** HOLE CARDS ***
Myfrat26: calls $1
blistein: folds 
Zvst: folds 
NikoPale: raises $4 to $5
tintin641: folds 
Yoalfre: folds 
Myfrat26: calls $4
*** FLOP *** [2h 3d 6c]
Myfrat26: checks 
NikoPale: bets $5.46
Myfrat26: calls $5.46
*** TURN *** [2h 3d 6c] [7h]
Myfrat26: checks 
NikoPale: bets $10.65
Myfrat26: calls $10.65
*** RIVER *** [2h 3d 6c 7h] [4h]
Myfrat26: checks 
NikoPale: checks 
*** SHOW DOWN ***
Myfrat26: shows [Kc Jh] (high card King)
NikoPale: shows [Ks 7s] (a pair of Sevens)
NikoPale collected $41.53 from pot
*** SUMMARY ***
Total pot $43.72 | Rake $2.19 
Board [2h 3d 6c 7h 4h]
Seat 1: NikoPale (button) showed [Ks 7s] and won ($41.53) with a pair of Sevens
Seat 2: tintin641 (small blind) folded before Flop
Seat 3: Yoalfre (big blind) folded before Flop
Seat 4: Myfrat26 showed [Kc Jh] and lost with high card King
Seat 5: blistein folded before Flop (didn't bet)
Seat 6: Zvst folded before Flop (didn't bet)



PokerStars Hand #254235819187:  Hold'em No Limit ($0.50/$1.00 USD) - 2025/01/06 22:04:05 WET [2025/01/06 17:04:05 ET]
Table 'Thyra III' 6-max Seat #2 is the button
Seat 1: NikoPale ($147.77 in chips) 
Seat 2: tintin641 ($100 in chips) 
Seat 3: Yoalfre ($100.77 in chips) 
Seat 4: Myfrat26 ($24.91 in chips) 
Seat 5: blistein ($104 in chips) 
Seat 6: Zvst ($128.28 in chips) 
Yoalfre: posts small blind $0.50
Myfrat26: posts big blind $1
*** HOLE CARDS ***
blistein: folds 
Zvst: folds 
NikoPale: folds 
tintin641: raises $1.50 to $2.50
Yoalfre: folds 
Myfrat26: calls $1.50
*** FLOP *** [Kd Jh Kc]
Myfrat26: checks 
tintin641: bets $1.72
Myfrat26: folds 
Uncalled bet ($1.72) returned to tintin641
tintin641 collected $5.22 from pot
tintin641: doesn't show hand 
*** SUMMARY ***
Total pot $5.50 | Rake $0.28 
Board [Kd Jh Kc]
Seat 1: NikoPale folded before Flop (didn't bet)
Seat 2: tintin641 (button) collected ($5.22)
Seat 3: Yoalfre (small blind) folded before Flop
Seat 4: Myfrat26 (big blind) folded on the Flop
Seat 5: blistein folded before Flop (didn't bet)
Seat 6: Zvst folded before Flop (didn't bet)



PokerStars Hand #254235831609:  Hold'em No Limit ($0.50/$1.00 USD) - 2025/01/06 22:04:41 WET [2025/01/06 17:04:41 ET]
Table 'Thyra III' 6-max Seat #3 is the button
Seat 1: NikoPale ($147.77 in chips) 
Seat 2: tintin641 ($102.72 in chips) 
Seat 3: Yoalfre ($100.27 in chips) 
Seat 4: Myfrat26 ($22.41 in chips) 
Seat 5: blistein ($104 in chips) 
Seat 6: Zvst ($128.28 in chips) 
Myfrat26: posts small blind $0.50
blistein: posts big blind $1
*** HOLE CARDS ***
Zvst: folds 
NikoPale: folds 
tintin641: raises $1.50 to $2.50
Yoalfre: folds 
Myfrat26: raises $1.50 to $4
blistein: folds 
tintin641: raises $98.72 to $102.72 and is all-in
Myfrat26: calls $18.41 and is all-in
Uncalled bet ($80.31) returned to tintin641
*** FLOP *** [Tc 5h Ad]
*** TURN *** [Tc 5h Ad] [2s]
*** RIVER *** [Tc 5h Ad 2s] [Qs]
*** SHOW DOWN ***
Myfrat26: shows [Kd Td] (a pair of Tens)
tintin641: shows [9h 9c] (a pair of Nines)
Myfrat26 collected $43.53 from pot
*** SUMMARY ***
Total pot $45.82 | Rake $2.29 
Board [Tc 5h Ad 2s Qs]
Seat 1: NikoPale folded before Flop (didn't bet)
Seat 2: tintin641 showed [9h 9c] and lost with a pair of Nines
Seat 3: Yoalfre (button) folded before Flop (didn't bet)
Seat 4: Myfrat26 (small blind) showed [Kd Td] and won ($43.53) with a pair of Tens
Seat 5: blistein (big blind) folded before Flop
Seat 6: Zvst folded before Flop (didn't bet)



PokerStars Hand #254235842750:  Hold'em No Limit ($0.50/$1.00 USD) - 2025/01/06 22:05:14 WET [2025/01/06 17:05:14 ET]
Table 'Thyra III' 6-max Seat #4 is the button
Seat 1: NikoPale ($147.77 in chips) 
Seat 2: tintin641 ($100 in chips) 
Seat 3: Yoalfre ($100.27 in chips) 
Seat 4: Myfrat26 ($43.53 in chips) 
Seat 5: blistein ($103 in chips) 
Seat 6: Zvst ($128.28 in chips) 
blistein: posts small blind $0.50
Zvst: posts big blind $1
*** HOLE CARDS ***
NikoPale: raises $2 to $3
tintin641: folds 
Yoalfre: folds 
Myfrat26: calls $3
blistein: calls $2.50
Zvst: calls $2
*** FLOP *** [Qd 3s 9s]
blistein: checks 
Zvst: checks 
NikoPale: bets $5.70
Myfrat26: calls $5.70
blistein: folds 
Zvst: folds 
*** TURN *** [Qd 3s 9s] [6c]
NikoPale: bets $14.89
Myfrat26: calls $14.89
*** RIVER *** [Qd 3s 9s 6c] [3c]
NikoPale: bets $25.34
Myfrat26: calls $19.94 and is all-in
Uncalled bet ($5.40) returned to NikoPale
*** SHOW DOWN ***
NikoPale: shows [Ts Qs] (two pair, Queens and Threes)
Myfrat26: shows [8c 8h] (two pair, Eights and Threes)
NikoPale collected $90.56 from pot
*** SUMMARY ***
Total pot $93.06 | Rake $2.50 
Board [Qd 3s 9s 6c 3c]
Seat 1: NikoPale showed [Ts Qs] and won ($90.56) with two pair, Queens and Threes
Seat 2: tintin641 folded before Flop (didn't bet)
Seat 3: Yoalfre folded before Flop (didn't bet)
Seat 4: Myfrat26 (button) showed [8c 8h] and lost with two pair, Eights and Threes
Seat 5: blistein (small blind) folded on the Flop
Seat 6: Zvst (big blind) folded on the Flop



PokerStars Hand #254235868224:  Hold'em No Limit ($0.50/$1.00 USD) - 2025/01/06 22:06:28 WET [2025/01/06 17:06:28 ET]
Table 'Thyra III' 6-max Seat #5 is the button
Seat 4: Myfrat26 ($0 in chips) is sitting out
Seat 1: NikoPale ($194.80 in chips) 
Seat 2: tintin641 ($100 in chips) 
Seat 3: Yoalfre ($100.27 in chips) 
Seat 5: blistein ($100 in chips) 
Seat 6: Zvst ($125.28 in chips) 
Zvst: posts small blind $0.50
NikoPale: posts big blind $1
*** HOLE CARDS ***
tintin641: folds 
Yoalfre: raises $1.50 to $2.50
blistein: folds 
Zvst: folds 
NikoPale: folds 
Uncalled bet ($1.50) returned to Yoalfre
Myfrat26 is disconnected 
Yoalfre collected $2.50 from pot
Yoalfre: doesn't show hand 
*** SUMMARY ***
Total pot $2.50 | Rake $0 
Seat 4: Myfrat26
Seat 1: NikoPale (big blind) folded before Flop
Seat 2: tintin641 folded before Flop (didn't bet)
Seat 3: Yoalfre collected ($2.50)
Seat 5: blistein (button) folded before Flop (didn't bet)
Seat 6: Zvst (small blind) folded before Flop



PokerStars Hand #254235876866:  Hold'em No Limit ($0.50/$1.00 USD) - 2025/01/06 22:06:53 WET [2025/01/06 17:06:53 ET]
Table 'Thyra III' 6-max Seat #6 is the button
Seat 4: Myfrat26 ($0 in chips) is sitting out
Seat 1: NikoPale ($193.80 in chips) 
Seat 2: tintin641 ($100 in chips) 
Seat 3: Yoalfre ($101.77 in chips) 
Seat 5: blistein ($100 in chips) 
Seat 6: Zvst ($124.78 in chips) 
NikoPale: posts small blind $0.50
tintin641: posts big blind $1
*** HOLE CARDS ***
Yoalfre: folds 
blistein: folds 
Zvst: folds 
NikoPale: raises $2 to $3
tintin641: folds 
Uncalled bet ($2) returned to NikoPale
NikoPale collected $2 from pot
NikoPale: doesn't show hand 
*** SUMMARY ***
Total pot $2 | Rake $0 
Seat 4: Myfrat26
Seat 1: NikoPale (small blind) collected ($2)
Seat 2: tintin641 (big blind) folded before Flop
Seat 3: Yoalfre folded before Flop (didn't bet)
Seat 5: blistein folded before Flop (didn't bet)
Seat 6: Zvst (button) folded before Flop (didn't bet)



PokerStars Hand #254235884487:  Hold'em No Limit ($0.50/$1.00 USD) - 2025/01/06 22:07:15 WET [2025/01/06 17:07:15 ET]
Table 'Thyra III' 6-max Seat #1 is the button
Seat 4: Myfrat26 ($0 in chips) is sitting out
Seat 1: NikoPale ($194.80 in chips) 
Seat 2: tintin641 ($100 in chips) 
Seat 3: Yoalfre ($101.77 in chips) 
Seat 5: blistein ($100 in chips) 
Seat 6: Zvst ($124.78 in chips) 
tintin641: posts small blind $0.50
Yoalfre: posts big blind $1
*** HOLE CARDS ***
blistein: folds 
blistein leaves the table
Zvst: folds 
NikoPale: raises $1.50 to $2.50
tintin641: folds 
Yoalfre: folds 
Uncalled bet ($1.50) returned to NikoPale
NikoPale collected $2.50 from pot
NikoPale: doesn't show hand 
franco232315 joins the table at seat #5 
*** SUMMARY ***
Total pot $2.50 | Rake $0 
Seat 4: Myfrat26
Seat 1: NikoPale (button) collected ($2.50)
Seat 2: tintin641 (small blind) folded before Flop
Seat 3: Yoalfre (big blind) folded before Flop
Seat 5: blistein folded before Flop (didn't bet)
Seat 6: Zvst folded before Flop (didn't bet)



PokerStars Hand #254235890381:  Hold'em No Limit ($0.50/$1.00 USD) - 2025/01/06 22:07:33 WET [2025/01/06 17:07:33 ET]
Table 'Thyra III' 6-max Seat #2 is the button
Seat 4: Myfrat26 ($0 in chips) is sitting out
Seat 1: NikoPale ($196.30 in chips) 
Seat 2: tintin641 ($100 in chips) 
Seat 3: Yoalfre ($100.77 in chips) 
Seat 5: franco232315 ($100 in chips) 
Seat 6: Zvst ($124.78 in chips) 
Yoalfre: posts small blind $0.50
franco232315: posts big blind $1
*** HOLE CARDS ***
Zvst: raises $1 to $2
NikoPale: folds 
tintin641: folds 
Yoalfre: folds 
franco232315: calls $1
*** FLOP *** [8d Qs Tc]
franco232315: checks 
Zvst: checks 
*** TURN *** [8d Qs Tc] [3h]
franco232315: checks 
Zvst: bets $2.85
franco232315: calls $2.85
*** RIVER *** [8d Qs Tc 3h] [5h]
franco232315: checks 
Zvst: bets $13.46
franco232315: calls $13.46
*** SHOW DOWN ***
Zvst: shows [As Ah] (a pair of Aces)
franco232315: shows [8c 5c] (two pair, Eights and Fives)
franco232315 collected $35.26 from pot
*** SUMMARY ***
Total pot $37.12 | Rake $1.86 
Board [8d Qs Tc 3h 5h]
Seat 4: Myfrat26
Seat 1: NikoPale folded before Flop (didn't bet)
Seat 2: tintin641 (button) folded before Flop (didn't bet)
Seat 3: Yoalfre (small blind) folded before Flop
Seat 5: franco232315 (big blind) showed [8c 5c] and won ($35.26) with two pair, Eights and Fives
Seat 6: Zvst showed [As Ah] and lost with a pair of Aces



PokerStars Hand #254235922247:  Hold'em No Limit ($0.50/$1.00 USD) - 2025/01/06 22:09:07 WET [2025/01/06 17:09:07 ET]
Table 'Thyra III' 6-max Seat #3 is the button
Seat 4: Myfrat26 ($0 in chips) is sitting out
Seat 1: NikoPale ($196.30 in chips) 
Seat 2: tintin641 ($100 in chips) 
Seat 3: Yoalfre ($100.27 in chips) 
Seat 5: franco232315 ($116.95 in chips) 
Seat 6: Zvst ($106.47 in chips) 
franco232315: posts small blind $0.50
Zvst: posts big blind $1
*** HOLE CARDS ***
NikoPale: folds 
tintin641: folds 
Yoalfre: raises $1.50 to $2.50
franco232315: folds 
Zvst: folds 
Uncalled bet ($1.50) returned to Yoalfre
Yoalfre collected $2.50 from pot
Yoalfre: doesn't show hand 
*** SUMMARY ***
Total pot $2.50 | Rake $0 
Seat 4: Myfrat26
Seat 1: NikoPale folded before Flop (didn't bet)
Seat 2: tintin641 folded before Flop (didn't bet)
Seat 3: Yoalfre (button) collected ($2.50)
Seat 5: franco232315 (small blind) folded before Flop
Seat 6: Zvst (big blind) folded before Flop



PokerStars Hand #254235930510:  Hold'em No Limit ($0.50/$1.00 USD) - 2025/01/06 22:09:32 WET [2025/01/06 17:09:32 ET]
Table 'Thyra III' 6-max Seat #5 is the button
Seat 1: NikoPale ($196.30 in chips) is sitting out
Seat 2: tintin641 ($100 in chips) is sitting out
Seat 4: Myfrat26 ($0 in chips) is sitting out
Seat 3: Yoalfre ($101.77 in chips) 
Seat 5: franco232315 ($116.45 in chips) 
Seat 6: Zvst ($105.47 in chips) 
Zvst: posts small blind $0.50
NikoPale: is sitting out 
tintin641: is sitting out 
Yoalfre: posts big blind $1
*** HOLE CARDS ***
NikoPale leaves the table
tintin641 leaves the table
franco232315: folds 
Zvst: folds 
Uncalled bet ($0.50) returned to Yoalfre
Yoalfre collected $1 from pot
Yoalfre: doesn't show hand 
*** SUMMARY ***
Total pot $1 | Rake $0 
Seat 1: NikoPale
Seat 2: tintin641
Seat 4: Myfrat26
Seat 3: Yoalfre (big blind) collected ($1)
Seat 5: franco232315 (button) folded before Flop (didn't bet)
Seat 6: Zvst (small blind) folded before Flop



