PokerStars Hand #254234973321:  Hold'em No Limit ($0.50/$1.00 USD) - 2025/01/06 21:22:05 WET [2025/01/06 16:22:05 ET]
Table 'Glaukos III' 6-max Seat #3 is the button
Seat 5: Aescul@pius ($100 in chips) is sitting out
Seat 1: socito ($100 in chips) 
Seat 3: npAaL ($100 in chips) 
npAaL: posts small blind $0.50
socito: posts big blind $1
*** HOLE CARDS ***
npAaL: raises $1 to $2
socito: calls $1
*** FLOP *** [Th Js Ac]
socito: checks 
npAaL: checks 
*** TURN *** [Th Js Ac] [Jc]
socito: bets $2.85
npAaL: calls $2.85
*** RIVER *** [Th Js Ac Jc] [2h]
socito: checks 
npAaL: checks 
*** SHOW DOWN ***
socito: shows [Qc 8c] (a pair of Jacks)
npAaL: shows [Ah 2d] (two pair, Aces and Jacks)
npAaL collected $9.22 from pot
*** SUMMARY ***
Total pot $9.70 | Rake $0.48 
Board [Th Js Ac Jc 2h]
Seat 5: Aescul@pius
Seat 1: socito (big blind) showed [Qc 8c] and lost with a pair of Jacks
Seat 3: npAaL (button) (small blind) showed [Ah 2d] and won ($9.22) with two pair, Aces and Jacks



PokerStars Hand #254234992718:  Hold'em No Limit ($0.50/$1.00 USD) - 2025/01/06 21:23:01 WET [2025/01/06 16:23:01 ET]
Table 'Glaukos III' 6-max Seat #1 is the button
Seat 1: socito ($100 in chips) 
Seat 3: npAaL ($104.37 in chips) 
Seat 5: Aescul@pius ($100 in chips) 
npAaL: posts small blind $0.50
Aescul@pius: posts big blind $1
*** HOLE CARDS ***
socito: raises $1.50 to $2.50
npAaL: folds 
Aescul@pius: calls $1.50
*** FLOP *** [7c 6c Qh]
Aescul@pius: checks 
socito: bets $1.72
Aescul@pius: folds 
Uncalled bet ($1.72) returned to socito
socito collected $5.22 from pot
socito: doesn't show hand 
*** SUMMARY ***
Total pot $5.50 | Rake $0.28 
Board [7c 6c Qh]
Seat 1: socito (button) collected ($5.22)
Seat 3: npAaL (small blind) folded before Flop
Seat 5: Aescul@pius (big blind) folded on the Flop



PokerStars Hand #254235004397:  Hold'em No Limit ($0.50/$1.00 USD) - 2025/01/06 21:23:35 WET [2025/01/06 16:23:35 ET]
Table 'Glaukos III' 6-max Seat #5 is the button
Seat 1: socito ($102.72 in chips) is sitting out
Seat 3: npAaL ($103.87 in chips) 
Seat 5: Aescul@pius ($100 in chips) 
Aescul@pius: posts small blind $0.50
socito: is sitting out 
npAaL: posts big blind $1
*** HOLE CARDS ***
Aescul@pius: raises $1.20 to $2.20
npAaL: raises $101.67 to $103.87 and is all-in
Aescul@pius: folds 
Uncalled bet ($101.67) returned to npAaL
npAaL collected $4.40 from pot
npAaL: doesn't show hand 
*** SUMMARY ***
Total pot $4.40 | Rake $0 
Seat 1: socito
Seat 3: npAaL (big blind) collected ($4.40)
Seat 5: Aescul@pius (button) (small blind) folded before Flop



PokerStars Hand #254235010400:  Hold'em No Limit ($0.50/$1.00 USD) - 2025/01/06 21:23:52 WET [2025/01/06 16:23:52 ET]
Table 'Glaukos III' 6-max Seat #5 is the button
Seat 1: socito ($102.72 in chips) 
Seat 5: Aescul@pius ($100 in chips) 
Aescul@pius: posts small blind $0.50
npAaL leaves the table
socito: posts big blind $1
*** HOLE CARDS ***
Aescul@pius: raises $1.20 to $2.20
socito: raises $7.80 to $10
Aescul@pius: calls $7.80
*** FLOP *** [9d 2d 2c]
socito: bets $6.27
Aescul@pius: calls $6.27
*** TURN *** [9d 2d 2c] [7h]
socito: bets $10.41
Aescul@pius: calls $10.41
*** RIVER *** [9d 2d 2c 7h] [4s]
socito: bets $76.04 and is all-in
Aescul@pius: folds 
Uncalled bet ($76.04) returned to socito
socito collected $52.36 from pot
socito: doesn't show hand 
*** SUMMARY ***
Total pot $53.36 | Rake $1 
Board [9d 2d 2c 7h 4s]
Seat 1: socito (big blind) collected ($52.36)
Seat 5: Aescul@pius (button) (small blind) folded on the River



PokerStars Hand #254235040647:  Hold'em No Limit ($0.50/$1.00 USD) - 2025/01/06 21:25:20 WET [2025/01/06 16:25:20 ET]
Table 'Glaukos III' 6-max Seat #1 is the button
Seat 1: socito ($128.40 in chips) 
Seat 5: Aescul@pius ($100 in chips) 
socito: posts small blind $0.50
Aescul@pius: posts big blind $1
*** HOLE CARDS ***
socito: folds 
Uncalled bet ($0.50) returned to Aescul@pius
Aescul@pius collected $1 from pot
Aescul@pius: doesn't show hand 
*** SUMMARY ***
Total pot $1 | Rake $0 
Seat 1: socito (button) (small blind) folded before Flop
Seat 5: Aescul@pius (big blind) collected ($1)



PokerStars Hand #254235042548:  Hold'em No Limit ($0.50/$1.00 USD) - 2025/01/06 21:25:25 WET [2025/01/06 16:25:25 ET]
Table 'Glaukos III' 6-max Seat #5 is the button
Seat 1: socito ($127.90 in chips) 
Seat 5: Aescul@pius ($100.50 in chips) 
Aescul@pius: posts small blind $0.50
socito: posts big blind $1
*** HOLE CARDS ***
Aescul@pius: folds 
Uncalled bet ($0.50) returned to socito
socito collected $1 from pot
*** SUMMARY ***
Total pot $1 | Rake $0 
Seat 1: socito (big blind) collected ($1)
Seat 5: Aescul@pius (button) (small blind) folded before Flop



PokerStars Hand #254235045005:  Hold'em No Limit ($0.50/$1.00 USD) - 2025/01/06 21:25:32 WET [2025/01/06 16:25:32 ET]
Table 'Glaukos III' 6-max Seat #1 is the button
Seat 1: socito ($128.40 in chips) 
Seat 5: Aescul@pius ($100 in chips) 
socito: posts small blind $0.50
Aescul@pius: posts big blind $1
*** HOLE CARDS ***
socito: folds 
Uncalled bet ($0.50) returned to Aescul@pius
Aescul@pius collected $1 from pot
Aescul@pius: doesn't show hand 
*** SUMMARY ***
Total pot $1 | Rake $0 
Seat 1: socito (button) (small blind) folded before Flop
Seat 5: Aescul@pius (big blind) collected ($1)



PokerStars Hand #254235046987:  Hold'em No Limit ($0.50/$1.00 USD) - 2025/01/06 21:25:38 WET [2025/01/06 16:25:38 ET]
Table 'Glaukos III' 6-max Seat #5 is the button
Seat 1: socito ($127.90 in chips) 
Seat 5: Aescul@pius ($100.50 in chips) 
Aescul@pius: posts small blind $0.50
socito: posts big blind $1
*** HOLE CARDS ***
Aescul@pius: raises $1.20 to $2.20
socito: raises $7.80 to $10
Aescul@pius: folds 
Uncalled bet ($7.80) returned to socito
socito collected $4.40 from pot
socito: doesn't show hand 
*** SUMMARY ***
Total pot $4.40 | Rake $0 
Seat 1: socito (big blind) collected ($4.40)
Seat 5: Aescul@pius (button) (small blind) folded before Flop



PokerStars Hand #254235053343:  Hold'em No Limit ($0.50/$1.00 USD) - 2025/01/06 21:25:56 WET [2025/01/06 16:25:56 ET]
Table 'Glaukos III' 6-max Seat #1 is the button
Seat 1: socito ($130.10 in chips) 
Seat 5: Aescul@pius ($100 in chips) 
socito: posts small blind $0.50
Aescul@pius: posts big blind $1
*** HOLE CARDS ***
socito: raises $1.50 to $2.50
Aescul@pius: calls $1.50
*** FLOP *** [Kd 2s 6s]
Aescul@pius: checks 
socito: checks 
*** TURN *** [Kd 2s 6s] [9c]
Aescul@pius: checks 
socito: bets $3.56
Aescul@pius: calls $3.56
*** RIVER *** [Kd 2s 6s 9c] [5s]
Aescul@pius: bets $8.52
socito: folds 
Uncalled bet ($8.52) returned to Aescul@pius
Aescul@pius collected $11.51 from pot
Aescul@pius: doesn't show hand 
*** SUMMARY ***
Total pot $12.12 | Rake $0.61 
Board [Kd 2s 6s 9c 5s]
Seat 1: socito (button) (small blind) folded on the River
Seat 5: Aescul@pius (big blind) collected ($11.51)



PokerStars Hand #254235074886:  Hold'em No Limit ($0.50/$1.00 USD) - 2025/01/06 21:26:58 WET [2025/01/06 16:26:58 ET]
Table 'Glaukos III' 6-max Seat #5 is the button
Seat 1: socito ($124.04 in chips) 
Seat 5: Aescul@pius ($105.45 in chips) 
Aescul@pius: posts small blind $0.50
socito: posts big blind $1
*** HOLE CARDS ***
Aescul@pius: folds 
Uncalled bet ($0.50) returned to socito
socito collected $1 from pot
socito: doesn't show hand 
*** SUMMARY ***
Total pot $1 | Rake $0 
Seat 1: socito (big blind) collected ($1)
Seat 5: Aescul@pius (button) (small blind) folded before Flop



PokerStars Hand #254235077670:  Hold'em No Limit ($0.50/$1.00 USD) - 2025/01/06 21:27:05 WET [2025/01/06 16:27:05 ET]
Table 'Glaukos III' 6-max Seat #1 is the button
Seat 1: socito ($124.54 in chips) 
Seat 5: Aescul@pius ($104.95 in chips) 
socito: posts small blind $0.50
Aescul@pius: posts big blind $1
*** HOLE CARDS ***
socito: raises $1.50 to $2.50
Aescul@pius: calls $1.50
*** FLOP *** [8c 6c 9s]
Aescul@pius: checks 
socito: checks 
*** TURN *** [8c 6c 9s] [Th]
Aescul@pius: checks 
socito: bets $3.56
Aescul@pius: folds 
Uncalled bet ($3.56) returned to socito
socito collected $4.75 from pot
socito: doesn't show hand 
*** SUMMARY ***
Total pot $5 | Rake $0.25 
Board [8c 6c 9s Th]
Seat 1: socito (button) (small blind) collected ($4.75)
Seat 5: Aescul@pius (big blind) folded on the Turn



PokerStars Hand #254235090693:  Hold'em No Limit ($0.50/$1.00 USD) - 2025/01/06 21:27:42 WET [2025/01/06 16:27:42 ET]
Table 'Glaukos III' 6-max Seat #5 is the button
Seat 1: socito ($126.79 in chips) 
Seat 5: Aescul@pius ($102.45 in chips) 
Aescul@pius: posts small blind $0.50
socito: posts big blind $1
*** HOLE CARDS ***
Aescul@pius: raises $1.20 to $2.20
socito: calls $1.20
*** FLOP *** [9s 9h 6h]
socito: checks 
Aescul@pius: checks 
*** TURN *** [9s 9h 6h] [2s]
socito: bets $3.14
Aescul@pius: raises $9.14 to $12.28
socito: calls $9.14
*** RIVER *** [9s 9h 6h 2s] [4c]
socito: checks 
Aescul@pius: checks 
*** SHOW DOWN ***
socito: shows [6d Ad] (two pair, Nines and Sixes)
Aescul@pius: mucks hand 
socito collected $27.96 from pot
*** SUMMARY ***
Total pot $28.96 | Rake $1 
Board [9s 9h 6h 2s 4c]
Seat 1: socito (big blind) showed [6d Ad] and won ($27.96) with two pair, Nines and Sixes
Seat 5: Aescul@pius (button) (small blind) mucked



PokerStars Hand #254235123851:  Hold'em No Limit ($0.50/$1.00 USD) - 2025/01/06 21:29:17 WET [2025/01/06 16:29:17 ET]
Table 'Glaukos III' 6-max Seat #1 is the button
Seat 1: socito ($140.27 in chips) 
Seat 5: Aescul@pius ($100 in chips) 
socito: posts small blind $0.50
Aescul@pius: posts big blind $1
*** HOLE CARDS ***
socito: folds 
Uncalled bet ($0.50) returned to Aescul@pius
Aescul@pius collected $1 from pot
Aescul@pius: doesn't show hand 
*** SUMMARY ***
Total pot $1 | Rake $0 
Seat 1: socito (button) (small blind) folded before Flop
Seat 5: Aescul@pius (big blind) collected ($1)



PokerStars Hand #254235126415:  Hold'em No Limit ($0.50/$1.00 USD) - 2025/01/06 21:29:24 WET [2025/01/06 16:29:24 ET]
Table 'Glaukos III' 6-max Seat #5 is the button
Seat 1: socito ($139.77 in chips) 
Seat 5: Aescul@pius ($100.50 in chips) 
Aescul@pius: posts small blind $0.50
socito: posts big blind $1
*** HOLE CARDS ***
Aescul@pius: raises $1.20 to $2.20
socito: folds 
Uncalled bet ($1.20) returned to Aescul@pius
Aescul@pius collected $2 from pot
Aescul@pius: doesn't show hand 
*** SUMMARY ***
Total pot $2 | Rake $0 
Seat 1: socito (big blind) folded before Flop
Seat 5: Aescul@pius (button) (small blind) collected ($2)



PokerStars Hand #254235129482:  Hold'em No Limit ($0.50/$1.00 USD) - 2025/01/06 21:29:32 WET [2025/01/06 16:29:32 ET]
Table 'Glaukos III' 6-max Seat #1 is the button
Seat 1: socito ($138.77 in chips) 
Seat 5: Aescul@pius ($101.50 in chips) 
socito: posts small blind $0.50
Aescul@pius: posts big blind $1
*** HOLE CARDS ***
socito: raises $1.50 to $2.50
Aescul@pius: calls $1.50
*** FLOP *** [As 5h Tc]
Aescul@pius: checks 
socito: bets $1.57
Aescul@pius: folds 
Uncalled bet ($1.57) returned to socito
socito collected $4.75 from pot
socito: doesn't show hand 
*** SUMMARY ***
Total pot $5 | Rake $0.25 
Board [As 5h Tc]
Seat 1: socito (button) (small blind) collected ($4.75)
Seat 5: Aescul@pius (big blind) folded on the Flop



PokerStars Hand #254235136853:  Hold'em No Limit ($0.50/$1.00 USD) - 2025/01/06 21:29:53 WET [2025/01/06 16:29:53 ET]
Table 'Glaukos III' 6-max Seat #5 is the button
Seat 1: socito ($141.02 in chips) 
Seat 5: Aescul@pius ($100 in chips) 
Aescul@pius: posts small blind $0.50
socito: posts big blind $1
*** HOLE CARDS ***
Aescul@pius: folds 
Uncalled bet ($0.50) returned to socito
socito collected $1 from pot
socito: doesn't show hand 
*** SUMMARY ***
Total pot $1 | Rake $0 
Seat 1: socito (big blind) collected ($1)
Seat 5: Aescul@pius (button) (small blind) folded before Flop



PokerStars Hand #254235139362:  Hold'em No Limit ($0.50/$1.00 USD) - 2025/01/06 21:30:00 WET [2025/01/06 16:30:00 ET]
Table 'Glaukos III' 6-max Seat #1 is the button
Seat 1: socito ($141.52 in chips) 
Seat 5: Aescul@pius ($100 in chips) 
socito: posts small blind $0.50
Aescul@pius: posts big blind $1
*** HOLE CARDS ***
socito: raises $1.50 to $2.50
Aescul@pius: raises $9.50 to $12
socito: folds 
Uncalled bet ($9.50) returned to Aescul@pius
Aescul@pius collected $5 from pot
Aescul@pius: doesn't show hand 
*** SUMMARY ***
Total pot $5 | Rake $0 
Seat 1: socito (button) (small blind) folded before Flop
Seat 5: Aescul@pius (big blind) collected ($5)



PokerStars Hand #254235145235:  Hold'em No Limit ($0.50/$1.00 USD) - 2025/01/06 21:30:16 WET [2025/01/06 16:30:16 ET]
Table 'Glaukos III' 6-max Seat #5 is the button
Seat 1: socito ($139.02 in chips) 
Seat 5: Aescul@pius ($102.50 in chips) 
Aescul@pius: posts small blind $0.50
socito: posts big blind $1
*** HOLE CARDS ***
Aescul@pius: folds 
Uncalled bet ($0.50) returned to socito
socito collected $1 from pot
socito: doesn't show hand 
*** SUMMARY ***
Total pot $1 | Rake $0 
Seat 1: socito (big blind) collected ($1)
Seat 5: Aescul@pius (button) (small blind) folded before Flop



PokerStars Hand #254235147990:  Hold'em No Limit ($0.50/$1.00 USD) - 2025/01/06 21:30:24 WET [2025/01/06 16:30:24 ET]
Table 'Glaukos III' 6-max Seat #1 is the button
Seat 1: socito ($139.52 in chips) 
Seat 5: Aescul@pius ($102 in chips) 
socito: posts small blind $0.50
Aescul@pius: posts big blind $1
*** HOLE CARDS ***
socito: folds 
Uncalled bet ($0.50) returned to Aescul@pius
Aescul@pius collected $1 from pot
Aescul@pius: doesn't show hand 
*** SUMMARY ***
Total pot $1 | Rake $0 
Seat 1: socito (button) (small blind) folded before Flop
Seat 5: Aescul@pius (big blind) collected ($1)



PokerStars Hand #254235150083:  Hold'em No Limit ($0.50/$1.00 USD) - 2025/01/06 21:30:30 WET [2025/01/06 16:30:30 ET]
Table 'Glaukos III' 6-max Seat #5 is the button
Seat 1: socito ($139.02 in chips) 
Seat 5: Aescul@pius ($102.50 in chips) 
Aescul@pius: posts small blind $0.50
socito: posts big blind $1
*** HOLE CARDS ***
Aescul@pius: raises $1.20 to $2.20
socito: calls $1.20
*** FLOP *** [Ks Kh Ts]
socito: checks 
Aescul@pius: bets $3.09
socito: folds 
Uncalled bet ($3.09) returned to Aescul@pius
Aescul@pius collected $4.18 from pot
Aescul@pius: doesn't show hand 
*** SUMMARY ***
Total pot $4.40 | Rake $0.22 
Board [Ks Kh Ts]
Seat 1: socito (big blind) folded on the Flop
Seat 5: Aescul@pius (button) (small blind) collected ($4.18)



PokerStars Hand #254235159673:  Hold'em No Limit ($0.50/$1.00 USD) - 2025/01/06 21:30:56 WET [2025/01/06 16:30:56 ET]
Table 'Glaukos III' 6-max Seat #1 is the button
Seat 1: socito ($136.82 in chips) 
Seat 5: Aescul@pius ($104.48 in chips) 
socito: posts small blind $0.50
Aescul@pius: posts big blind $1
*** HOLE CARDS ***
socito: folds 
Uncalled bet ($0.50) returned to Aescul@pius
Aescul@pius collected $1 from pot
Aescul@pius: doesn't show hand 
*** SUMMARY ***
Total pot $1 | Rake $0 
Seat 1: socito (button) (small blind) folded before Flop
Seat 5: Aescul@pius (big blind) collected ($1)



PokerStars Hand #254235162029:  Hold'em No Limit ($0.50/$1.00 USD) - 2025/01/06 21:31:02 WET [2025/01/06 16:31:02 ET]
Table 'Glaukos III' 6-max Seat #5 is the button
Seat 1: socito ($136.32 in chips) 
Seat 5: Aescul@pius ($104.98 in chips) 
Aescul@pius: posts small blind $0.50
socito: posts big blind $1
*** HOLE CARDS ***
Aescul@pius: raises $1.20 to $2.20
socito: folds 
Uncalled bet ($1.20) returned to Aescul@pius
Aescul@pius collected $2 from pot
Aescul@pius: doesn't show hand 
*** SUMMARY ***
Total pot $2 | Rake $0 
Seat 1: socito (big blind) folded before Flop
Seat 5: Aescul@pius (button) (small blind) collected ($2)



PokerStars Hand #254235166979:  Hold'em No Limit ($0.50/$1.00 USD) - 2025/01/06 21:31:16 WET [2025/01/06 16:31:16 ET]
Table 'Glaukos III' 6-max Seat #1 is the button
Seat 1: socito ($135.32 in chips) 
Seat 5: Aescul@pius ($105.98 in chips) 
socito: posts small blind $0.50
Aescul@pius: posts big blind $1
*** HOLE CARDS ***
socito: raises $1.50 to $2.50
Aescul@pius: calls $1.50
*** FLOP *** [Qc 4c Tc]
Aescul@pius: checks 
socito: bets $1.19
Aescul@pius: calls $1.19
*** TURN *** [Qc 4c Tc] [3h]
Aescul@pius: checks 
socito: checks 
*** RIVER *** [Qc 4c Tc 3h] [Ac]
Aescul@pius: checks 
socito: checks 
*** SHOW DOWN ***
Aescul@pius: shows [5c Jc] (a flush, Ace high)
socito: mucks hand 
Aescul@pius collected $7.01 from pot
*** SUMMARY ***
Total pot $7.38 | Rake $0.37 
Board [Qc 4c Tc 3h Ac]
Seat 1: socito (button) (small blind) mucked
Seat 5: Aescul@pius (big blind) showed [5c Jc] and won ($7.01) with a flush, Ace high



PokerStars Hand #254235178616:  Hold'em No Limit ($0.50/$1.00 USD) - 2025/01/06 21:31:49 WET [2025/01/06 16:31:49 ET]
Table 'Glaukos III' 6-max Seat #5 is the button
Seat 1: socito ($131.63 in chips) 
Seat 5: Aescul@pius ($109.30 in chips) 
Aescul@pius: posts small blind $0.50
socito: posts big blind $1
*** HOLE CARDS ***
Aescul@pius: raises $1.20 to $2.20
socito: calls $1.20
*** FLOP *** [Qh 7s 6d]
socito: checks 
Aescul@pius: checks 
*** TURN *** [Qh 7s 6d] [2s]
socito: checks 
Aescul@pius: bets $1.38
socito has timed out
socito: folds 
Uncalled bet ($1.38) returned to Aescul@pius
Aescul@pius collected $4.18 from pot
Aescul@pius: doesn't show hand 
*** SUMMARY ***
Total pot $4.40 | Rake $0.22 
Board [Qh 7s 6d 2s]
Seat 1: socito (big blind) folded on the Turn
Seat 5: Aescul@pius (button) (small blind) collected ($4.18)



PokerStars Hand #254235200183:  Hold'em No Limit ($0.50/$1.00 USD) - 2025/01/06 21:32:49 WET [2025/01/06 16:32:49 ET]
Table 'Glaukos III' 6-max Seat #1 is the button
Seat 1: socito ($129.43 in chips) 
Seat 5: Aescul@pius ($111.28 in chips) 
socito: posts small blind $0.50
Aescul@pius: posts big blind $1
*** HOLE CARDS ***
socito: raises $1.50 to $2.50
Aescul@pius: folds 
Uncalled bet ($1.50) returned to socito
socito collected $2 from pot
socito: doesn't show hand 
*** SUMMARY ***
Total pot $2 | Rake $0 
Seat 1: socito (button) (small blind) collected ($2)
Seat 5: Aescul@pius (big blind) folded before Flop



PokerStars Hand #254235202989:  Hold'em No Limit ($0.50/$1.00 USD) - 2025/01/06 21:32:57 WET [2025/01/06 16:32:57 ET]
Table 'Glaukos III' 6-max Seat #5 is the button
Seat 1: socito ($130.43 in chips) 
Seat 5: Aescul@pius ($110.28 in chips) 
Aescul@pius: posts small blind $0.50
socito: posts big blind $1
*** HOLE CARDS ***
Aescul@pius: folds 
Uncalled bet ($0.50) returned to socito
socito collected $1 from pot
socito: doesn't show hand 
*** SUMMARY ***
Total pot $1 | Rake $0 
Seat 1: socito (big blind) collected ($1)
Seat 5: Aescul@pius (button) (small blind) folded before Flop



PokerStars Hand #254235205515:  Hold'em No Limit ($0.50/$1.00 USD) - 2025/01/06 21:33:04 WET [2025/01/06 16:33:04 ET]
Table 'Glaukos III' 6-max Seat #1 is the button
Seat 1: socito ($130.93 in chips) 
Seat 5: Aescul@pius ($109.78 in chips) 
socito: posts small blind $0.50
Aescul@pius: posts big blind $1
*** HOLE CARDS ***
socito: raises $1.50 to $2.50
Aescul@pius: calls $1.50
*** FLOP *** [As Ad 5d]
Aescul@pius: checks 
socito: bets $1.57
Aescul@pius: calls $1.57
*** TURN *** [As Ad 5d] [8s]
Aescul@pius: bets $5.72
NISIY joins the table at seat #3 
socito: folds 
Uncalled bet ($5.72) returned to Aescul@pius
Aescul@pius collected $7.73 from pot
Aescul@pius: doesn't show hand 
*** SUMMARY ***
Total pot $8.14 | Rake $0.41 
Board [As Ad 5d 8s]
Seat 1: socito (button) (small blind) folded on the Turn
Seat 5: Aescul@pius (big blind) collected ($7.73)



PokerStars Hand #254235221343:  Hold'em No Limit ($0.50/$1.00 USD) - 2025/01/06 21:33:48 WET [2025/01/06 16:33:48 ET]
Table 'Glaukos III' 6-max Seat #5 is the button
Seat 1: socito ($126.86 in chips) 
Seat 3: NISIY ($100 in chips) 
Seat 5: Aescul@pius ($113.44 in chips) 
socito: posts small blind $0.50
NISIY: posts big blind $1
*** HOLE CARDS ***
Aescul@pius: folds 
socito: folds 
Uncalled bet ($0.50) returned to NISIY
NISIY collected $1 from pot
NISIY: doesn't show hand 
*** SUMMARY ***
Total pot $1 | Rake $0 
Seat 1: socito (small blind) folded before Flop
Seat 3: NISIY (big blind) collected ($1)
Seat 5: Aescul@pius (button) folded before Flop (didn't bet)



PokerStars Hand #254235224309:  Hold'em No Limit ($0.50/$1.00 USD) - 2025/01/06 21:33:56 WET [2025/01/06 16:33:56 ET]
Table 'Glaukos III' 6-max Seat #1 is the button
Seat 1: socito ($126.36 in chips) 
Seat 3: NISIY ($100.50 in chips) 
Seat 5: Aescul@pius ($113.44 in chips) 
NISIY: posts small blind $0.50
Aescul@pius: posts big blind $1
*** HOLE CARDS ***
socito: folds 
NISIY: raises $2 to $3
Aescul@pius: folds 
Uncalled bet ($2) returned to NISIY
NISIY collected $2 from pot
NISIY: doesn't show hand 
*** SUMMARY ***
Total pot $2 | Rake $0 
Seat 1: socito (button) folded before Flop (didn't bet)
Seat 3: NISIY (small blind) collected ($2)
Seat 5: Aescul@pius (big blind) folded before Flop



PokerStars Hand #254235229027:  Hold'em No Limit ($0.50/$1.00 USD) - 2025/01/06 21:34:09 WET [2025/01/06 16:34:09 ET]
Table 'Glaukos III' 6-max Seat #5 is the button
Seat 1: socito ($126.36 in chips) is sitting out
Seat 3: NISIY ($101.50 in chips) 
Seat 5: Aescul@pius ($112.44 in chips) 
Aescul@pius: posts small blind $0.50
socito: is sitting out 
NISIY: posts big blind $1
*** HOLE CARDS ***
Aescul@pius: folds 
Uncalled bet ($0.50) returned to NISIY
NISIY collected $1 from pot
NISIY: doesn't show hand 
*** SUMMARY ***
Total pot $1 | Rake $0 
Seat 1: socito
Seat 3: NISIY (big blind) collected ($1)
Seat 5: Aescul@pius (button) (small blind) folded before Flop



